3902 6278
292 353 1010 412 ﬂ

1010 563 1014 568 ·
1125 455 2711 680 PROLEGOMENA“

2711 352 3041 362 ---κ-...ο
3049 353 3108 361 -

2711 394 3046 402 —-———————
3059 395 3141 402 ———
3153 349 3526 404 Li-.$

539 795 698 945 ΑΙ)
795 771 1551 949 ἘἾΑΝΕΕΒΙΠΜ
1654 793 1850 946 EUS

1953 795 2104 942 BII
2160 824 2164 825 ί
2212 792 3032 946 VERCELLENSIS
3138 765 3173 817 ¹’

1569 1041 2255 1124 ﬁgam

1179 1137 1737 1278 EPISTOLA
1809 1193 2621 1278 DEDICATORIA

967 1356 1090 1415 AD
1156 1354 1624 1414 JOANNEM
1689 1354 1778 1426 V,
1847 1353 2430 1415 LUSITANI/E
2507 1355 2876 1416 REGEM.

337 1567 517 1617 Sistunt
539 1577 590 1615 se
611 1565 712 1628 tibi,
734 1573 937 1616 Joannes
962 1578 1148 1629 magne,
1192 1572 1392 1630 quatuor
1415 1570 1718 1615 sacrosancta
1733 1563 1766 1610 J
1771 1575 1853 1612 esu
1881 1573 1926 1628 Α
1955 1562 2247 1622 paupertatis
2272 1569 2432 1611 tenax.
2457 1566 2587 1612 Pace
2611 1565 2803 1613 reddita
2827 1565 2910 1615 sub
2947 1567 3270 1629 Constantino,
3295 1572 3534 1637 auctisque

276 1647 454 1698 Christi
480 1647 736 1712 Evangelia
778 1645 970 1699 totidem
1000 1646 1242 1698 laterculis
1266 1647 1518 1713 distributa
1550 1646 1612 1695 ad
1636 1659 1852 1696 normam

273 1731 588 1794 mirificarum
644 1728 865 1794 Origenis
911 1732 1188 1782 Atlamantii
1248 1729 1596 1792 Tetraplorum.
1655 1730 1852 1793 Regium

273 1813 442 1863 solium
473 1826 559 1877 per
597 1812 842 1875 epistolam
875 1813 1114 1870 aditurus,
1155 1813 1268 1862 rudi
1291 1811 1532 1862 scribendi
1565 1824 1738 1875 genere
1761 1825 1852 1861 non

270 1903 490 1955 terreor;
532 1892 774 1956 quoniam,
808 1895 929 1945 sicut
959 1897 1040 1956 qui
1070 1896 1201 1958 apud
1225 1903 1268 1944 te
1305 1909 1394 1956 pro
1419 1893 1645 1955 dignitate
1677 1892 1853 1942 malent

268 1975 452 2034 dicere,
477 1974 850 2038 magnitudinem
872 1982 1001 2024 tuam
1022 1975 1277 2039 ignorant;
1302 1973 1367 2024 ita
1391 1973 1472 2036 qui
1503 1986 1687 2036 quoquo
1715 1974 1854 2023 modo

267 2069 362 2106 non
385 2058 580 2118 audent,
609 2057 829 2120 igrwrant
849 2057 1206 2114 humanitatem.
1234 2056 1306 2107 Ab
1331 2055 1671 2118 antiquissimis
1705 2068 1854 2118 usque

268 2137 560 2202 temporibus
580 2152 680 2189 mos
702 2138 790 2202 fuit
821 2153 983 2190 rerum
1002 2137 1380 2189 memorabilium
1402 2144 1700 2187 monumenta
1722 2151 1853 2186 man-

269 2223 388 2272 data
411 2221 602 2285 litteris,
627 2221 676 2272 in
716 2222 862 2272 libros
895 2220 1136 2284 redigere,
1173 2229 1314 2284 atque
1345 2222 1518 2282 offerre
1556 2218 1853 2282 principibus

267 2302 421 2362 viris;
455 2307 564 2366 quia
587 2318 749 2364 neque
777 2305 954 2364 aliquid
980 2305 1227 2351 inchoatur
1246 2339 1258 2358 ,
1285 2303 1374 2350 nisi
1393 2341 1404 2363 ,
1452 2310 1556 2362 post
1580 2300 1755 2361 Deum,
1782 2300 1852 2347 fa—

268 2388 399 2434 verit
417 2387 696 2446 imperator,
719 2392 765 2433 ut
776 2385 888 2434 olim
900 2385 1072 2444 a/Tatus
1090 2391 1156 2433 est
1178 2381 1558 2432 Valentinianmn
1585 2384 1609 2429 Ι
1618 2383 1646 2429 Ι
1666 2385 1852 2443 Augus-

268 2475 369 2516 tum
401 2467 594 2517 Flavius
635 2466 859 2529 Vegetius
893 2470 1116 2522 lienatus,
1156 2479 1266 2513 eum
1303 2479 1411 2515 suos
1433 2465 1476 2514 ei
1510 2463 1676 2513 obtulit
1713 2463 1849 2512 Com-

269 2553 545 2600 mentarios.
585 2552 642 2598 Et
682 2545 902 2613 quoniam
942 2561 1005 2598 ex
1035 2547 1177 2598 rebus
1219 2547 1439 2597 humanis
1476 2545 1595 2597 nihil
1618 2554 1685 2595 est
1723 2560 1849 2608 pra:-

269 2630 467 2690 clarius,
518 2631 659 2694 quani
704 2629 764 2680 de
798 2629 1041 2690 republica
1072 2629 1187 2678 bene
1219 2630 1414 2687 mereri,
1453 2626 1503 2678 in
1547 2641 1722 2692 nuigna
1758 2626 1851 2677 erit

267 2711 414 2762 laude
453 2713 720 2772 ponendum
757 2717 858 2772 tua,
898 2712 1021 2774 quod
1055 2709 1103 2760 in
1137 2708 1322 2774 regiam
1352 2711 1547 2759 tutelam
1586 2710 1852 2771 susceperis

268 2792 454 2842 labores
494 2806 638 2849 meos,
683 2790 898 2842 utilitatis
941 2791 1124 2855 aliquid
1166 2792 1414 2842 allaturos.
1461 2788 1695 2841 Exhibent
1727 2788 1851 2838 cnim

268 2875 510 2937 vulgatam
534 2873 667 2922 illam
707 2871 904 2923 latinam
938 2875 1116 2923 Italam
1140 2874 1417 2933 versionem,
1448 2873 1648 2922 antehac
1691 2871 1848 2920 inedi-

268 2965 384 3015 tam,
407 2969 533 3020 qua},
558 2955 795 3018 principio
818 2956 1052 3006 nascentis
1064 2955 1290 3005 Ecclesia:
1323 2970 1351 3004 a
1373 2955 1531 3005 nescio
1553 2967 1643 3016 quo
1663 2961 1849 3016 aposto-

272 3039 427 3088 lorum
467 3037 644 3100 a‘quali
668 3039 904 3098 sapienter
927 3038 1193 3098 elaborata,
1217 3037 1468 3096 obtinebat,
1510 3043 1616 3085 ante
1640 3034 1849 3085 divinant

272 3119 397 3170 beati
438 3119 720 3182 Hieronymi
765 3118 1124 3178 Ribliothecam,
1174 3119 1223 3167 in
1267 3117 1424 3166 Italia:
1467 3117 1692 3179 primum,
1736 3129 1849 3167 mox

275 3201 474 3264 Arriae,
521 3209 661 3265 atque
709 3200 876 3252 Gallia:
915 3201 1160 3250 Ecclesiis.
1203 3199 1319 3263 Eius
1357 3201 1458 3250 loca
1499 3201 1627 3261 apud
1667 3206 1850 3249 sanctos

276 3289 447 3336 Patres
464 3283 748 3336 scvculorum
768 3283 1115 3343 primitivorwn
1129 3281 1383 3344 habentur,
1409 3284 1640 3340 visuntur,
1660 3280 1849 3341 lucent;

273 3368 541 3429 prazsertim
577 3369 706 3430 apud
754 3367 1047 3429 Cyprianum
1095 3364 1560 3429 Carthaginiensem,
1605 3364 1851 3414 Hilariunt

272 3448 638 3512 Pictaviensem,
670 3448 937 3511 Luciferum
975 3447 1316 3507 Calaritanum,
1344 3450 1576 3497 Zenonem
1608 3451 1848 3496 Veronen-

271 3543 392 3589 sem,
427 3529 742 3580 Gaudentium
786 3527 1089 3589 Brixianam,
1137 3528 1371 3578 Victorem
1407 3530 1597 3589 Afrum,
1646 3524 1849 3576 Ambro-

271 3608 397 3659 sium
421 3610 839 3672 Mediolancnsem,
867 3609 1207 3674 Hieronyumrn
1233 3609 1605 3666 Stridoaensern,
1633 3611 1846 3670 Leonem,

274 3698 320 3741 et
353 3692 633 3754 Gregorium
667 3696 908 3754 Magnum.
946 3695 1148 3741 Sanctus
1188 3704 1300 3741 vero
1347 3688 1637 3754 Augustinus
1682 3690 1848 3739 italani

273 3774 392 3824 tanti
413 3774 542 3838 fecit,
577 3785 626 3824 ut
648 3790 753 3825 eam
788 3776 1053 3837 prtetulerit
1093 3775 1298 3835 caeteris,
1336 3773 1392 3824 ob
1418 3776 1673 3823 verborum
1714 3784 1848 3823 tena-

275 3858 489 3917 citatem,
518 3869 626 3905 cum
668 3858 1016 3916 perspicuitate
1055 3861 1329 3904 sentcntiae.
1369 3861 1519 3916 Quem
1557 3863 1718 3906 testem
1753 3867 1850 3904 nie-

274 3936 441 3987 liorem
478 3938 756 4000 qua’rimus,
798 3945 848 3987 ut
883 3937 1098 3986 omnibus
1131 3938 1288 3998 palam
1314 3936 1415 3998 ﬁat,
1455 3945 1629 3998 quanta
1661 3938 1708 3984 in
1746 3937 1849 3994 ejus

273 4019 473 4070 lectione
496 4018 585 4081 vis,
627 4029 764 4081 atque
792 4021 969 4071 utilitas
1005 4019 1278 4070 habeatur?
1312 4019 1463 4068 Latuit
1505 4019 1581 4067 hic
1601 4017 1849 4067 thesaurus

273 4116 423 4163 usque
446 4103 493 4152 in
525 4102 802 4152 hodiernam
827 4103 952 4151 diem
985 4103 1033 4151 in
1057 4101 1246 4152 scriniis
1265 4109 1309 4150 et
1331 4099 1582 4151 tabulariis
1603 4098 1848 4149 nonnulla-

274 4197 382 4233 rum
418 4184 670 4246 insignium
715 4184 1021 4234 ecclesiarum
1057 4183 1429 4243 cathcdralium,
1466 4195 1528 4230 ea:
1552 4181 1718 4243 quibus
1743 4193 1847 4242 ego,

273 4264 346 4314 vel
378 4265 561 4326 primus
582 4264 741 4328 c/Todi,
771 4266 842 4314 vel
866 4281 1008 4315 numu
1031 4265 1290 4314 amicorum
1314 4263 1448 4324 longe
1473 4261 1849 4311 doctissimorum

272 4349 436 4411 accepi
459 4363 471 4396 :
503 4362 626 4397 nunc
669 4362 776 4398 vero
797 4363 1047 4408 erumpens
1071 4348 1119 4395 in
1143 4349 1294 4394 lucem
1318 4347 1404 4393 sub
1444 4344 1587 4404 regiis
1621 4343 1846 4404 auspiciis

273 4430 383 4486 tuis,
428 4433 606 4492 profert
649 4443 766 4479 nova
806 4429 965 4489 simul,
1002 4436 1044 4476 et
1079 4435 1256 4484 vetera,
1298 4425 1485 4475 codices
1518 4439 1682 4485 nempe
1721 4425 1846 4486 (quis

278 4516 494 4564 crederet
522 4514 543 4564 ?
570 4516 586 4577 )
619 4528 763 4564 aureo
787 4521 1096 4575 argenteoque
1129 4512 1364 4574 pigmento
1388 4506 1669 4558 nitidis-sime
1691 4507 1846 4567 scrip-

280 4594 643 4657 tos,sunrptibus
667 4608 833 4659 regum
869 4591 1219 4655 muni/icorum,
1263 4593 1311 4640 in
1347 4589 1631 4639 membranis
1664 4603 1846 4650 purpu—

280 4675 393 4735 reis,
422 4689 536 4737 quas
560 4675 871 4726 remotissima
907 4675 1176 4736 antiquitas,
1204 4673 1560 4734 quatuordecim
1593 4670 1731 4718 etiam
1755 4683 1844 4717 sar-

279 4757 496 4804 culornm
539 4758 843 4807 consecravit.
891 4759 1010 4805 Tum
1040 4755 1292 4819 longinqua
1329 4763 1445 4803 a’tas
1486 4767 1619 4802 suam
1661 4749 1846 4799 habebit

281 4835 561 4886 immobilem
583 4838 851 4899 firmitatem
874 4854 935 4890 ex
958 4836 1290 4916 spcciminibus
1316 4836 1664 4890 clmractcrum,
1693 4833 1774 4893 qui
1798 4831 1847 4881 in

265 4916 453 4966 tabulis
475 4917 620 4966 cereis
647 4917 766 4983 stylo
797 4909 1025 4978 descripti
1058 4923 1162 4966 sunt
1204 4929 1310 4963 cum
1350 4914 1519 4964 nativis
1554 4909 1847 4961 lineamentis

283 4993 400 5059 suis,
436 5008 485 5048 ut
509 5006 646 5049 testes
677 5001 767 5050 sint
790 5008 1067 5061 temporum,
1108 4996 1257 5046 nuntii
1284 4995 1520 5054 veritatis;
1546 5004 1684 5057 atque
1721 5009 1846 5043 corn-

284 5087 536 5129 nionstrent
578 5082 755 5130 siccata
777 5081 1169 5144 antiquariorum,
1211 5079 1331 5127 velut
1355 5091 1454 5126 (era
1480 5077 1844 5142 clu-onologiam.

289 5164 397 5212 Non
423 5162 591 5222 primo,
617 5175 702 5210 nec
725 5163 874 5211 altero
901 5161 1074 5212 Christi
1099 5159 1273 5210 sccculo
1285 5158 1504 5207 videatur
1533 5159 1671 5216 fuisse.
1695 5161 1741 5209 in
1764 5174 1850 5208 usu

288 5239 541 5305 magnifica
583 5242 684 5289 luec
711 5241 984 5291 divirmrum
1022 5242 1383 5302 Scripturarnrn
1419 5240 1670 5302 volumina,
1709 5257 1849 5298 auro,

289 5330 571 5386 argentoque
593 5321 852 5383 descripta,
877 5337 986 5371 cum
1009 5310 1163 5370 ad/t‘itc
1189 5329 1305 5370 esset
1340 5321 1551 5371 Ecclesia
1584 5323 1852 5384 apostolica:

292 5480 298 5514 ε
358 5478 382 5504 ⁸
408 5475 480 5525 Nc
505 5474 640 5522 nobis
660 5474 1109 5522 suoccnscatlector
1133 5471 1258 5532 quod
1281 5472 1464 5519 tabulas
1490 5474 1573 5518 reri
1601 5473 1772 5519 incisas
1792 5470 1852 5515 de

294 5538 468 5597 quibus
491 5535 796 5597 frequensin
831 5533 907 5580 his
945 5534 1372 5597 proli-gumcnislit
1413 5535 1614 5597 mentio,
1651 5543 1855 5591 qumque.

295 5595 487 5644 aliunde
513 5600 667 5658 magis
687 5595 743 5658 ad
768 5595 1248 5658 sulu-rahumluntian}
1272 5607 1417 5658 quam
1435 5596 1490 5639 ad
1517 5598 1857 5658 necessitatem

296 5659 560 5716 pertiucnt,
595 5652 794 5704 iditiuui
821 5652 991 5702 nostra?
1018 5667 1110 5700 non
1143 5653 1547 5714 subjunxerimus,
1594 5654 1696 5713 ipse
1741 5652 1863 5698 sciat

297 5715 410 5764 Satis
433 5718 553 5776 crit,
579 5730 669 5765 nos
693 5717 931 5766 caelatura:
953 5717 1194 5775 impensus
1238 5727 1537 5776 nequaquam
1581 5715 1742 5763 facere
1781 5723 1864 5772 μο-

571 5798 844 5860 ΡΛτιιυι.
908 5795 1045 5858 ΧΙΙ.

1956 1640 2135 1691 divitiis
2152 1682 2163 1703 ,
2189 1643 2348 1705 magni
2382 1643 2685 1705 imperatoris
2725 1648 2960 1709 arernplo,
2987 1647 3068 1710 qui
3089 1649 3280 1699 codices
3322 1667 3482 1703 sacros
3505 1671 3534 1704 (ι

1955 1721 2255 1784 peritissimis
2280 1724 2490 1774 librariis
2515 1726 2738 1786 describi,
2767 1730 3021 1791 ornarique
3051 1730 3182 1790 iussit
3204 1733 3270 1791 (ut
3295 1739 3422 1795 apud
3448 1746 3537 1784 Hn-

1953 1804 2136 1855 scbiurn
2159 1804 2208 1856 in
2234 1806 2336 1869 eius
2370 1807 2480 1857 Vita
2500 1810 2740 1859 memoriw
2764 1812 3004 1870 proditum
3027 1816 3145 1874 est),
3175 1815 3260 1864 alii
3285 1815 3540 1868 Christiani

1954 1901 2114 1953 reges,
2150 1896 2194 1940 et
2223 1888 2462 1952 principes
2508 1891 2788 1950 smnptuOsis
2833 1894 3190 1954 c.1‘enquaribus
3216 1937 3228 1957 ,
3273 1898 3540 1959 pt'tt‘st’rllttl

1955 1970 2337 2033 la‘vangeliornm,
2365 1973 2606 2036 regiarum
2631 1973 2936 2024 basilicarum
2959 1979 3448 2040 grarmnataphylaeia
3471 1980 3538 2028 lo-

1953 2052 2272 2113 cupletaram.
2318 2055 2622 2104 [mmortales
2660 2055 2821 2117 itaque
2867 2058 3038 2122 gratia:
3070 2072 3100 2108 (ι
3145 2060 3275 2112 nobis
3314 2061 3544 2113 Itabendtt'

1951 2140 2060 2183 sunt
2085 2130 2356 2197 Desiderio,
2396 2136 2566 2186 Carolo
2599 2141 2790 2201 Magno,
2826 2140 3139 2203 Berengario,
3183 2143 3385 2206 aliisque
3405 2145 3540 2205 prin-

1953 2215 2134 2276 cipibus
2164 2214 2295 2271 viris,
2324 2230 2526 2277 quorum
2547 2216 2786 2278 nntni/icis
2805 2218 2935 2269 curis
2969 2228 3014 2268 et
3047 2223 3328 2283 sumptibus,
3363 2227 3426 2273 ad
3459 2239 3542 2276 nos

1953 2310 2213 2358 pervenere
2254 2297 2380 2355 libri,
2409 2313 2524 2360 quos
2545 2312 2631 2361 ego
2664 2299 2846 2361 prinnts
2872 2291 3038 2366 Evrdgo
3069 2342 3081 2362 ,
3131 2312 3177 2353 ut
3217 2315 3457 2357 versentur
3491 2307 3540 2355 in

1952 2381 2168 2431 manibus
2191 2379 2422 2438 onmimn,
2448 2396 2704 2445 numquam
2727 2383 2950 2447 deinceps
2975 2387 3068 2435 nisi
3087 2401 3194 2435 cum
3218 2389 3387 2438 litteris
3420 2389 3538 2440 inte-

1953 2461 2113 2511 rituri.
2145 2467 2219 2522 Et,
2246 2465 2551 2522 quoniath
2575 2478 2711 2528 reges
2736 2465 2921 2529 inclyti,
2945 2466 3132 2518 collatis
3154 2470 3287 2533 quasi
3310 2471 3541 2531 dexteris,

1951 2552 1996 2593 et
2018 2544 2204 2608 ofﬁciis,
2227 2548 2291 2595 ad
2317 2547 2608 2608 o/Terendum
2631 2563 2800 2597 munus
2825 2557 2869 2597 te
2894 2563 3004 2611 rege
3028 2551 3223 2615 dignum
3247 2554 3541 2614 conspirasse

1953 2624 2192 2690 videntur,
2226 2644 2366 2691 spero
2399 2644 2589 2679 sacram
2615 2630 2911 2691 Mujestatem
2946 2640 3076 2680 tuam
3113 2635 3297 2684 labores
3332 2651 3457 2685 meos
3492 2635 3540 2688 in

1952 2712 2145 2760 tutelam
2187 2712 2549 2762 clementissime
2592 2721 2933 2775 suscepturum.
2980 2718 3117 2775 Quod
3159 2718 3200 2766 si
3243 2720 3538 2779 pra'stilcrit.

1951 2809 2132 2843 summa
2157 2793 2242 2842 tibi
2267 2795 2312 2842 in
2341 2795 2566 2856 beneﬁcio
2590 2795 2677 2845 isto
2702 2796 2977 2859 magnitudo
3015 2800 3126 2862 erit,
3167 2801 3282 2850 mihi
3310 2817 3417 2854 vero
3439 2819 3541 2854 ma~

1950 2874 2082 2920 :rima
2106 2871 2296 2937 gloria:
2327 2883 2369 2924 ct
2395 2878 2720 2925 'monumcntis
2763 2875 2898 2940 longe
2931 2880 3266 2941 pulcherrinus
3289 2884 3540 2944 debebunt,

1954 2964 2148 3005 ventura
2193 2956 2370 3006 scccula
2395 2966 2614 3017 paratam
2639 2957 2928 3019 [l-ticissimis
2952 2963 3157 3013 Joannis
3193 2965 3442 3026 auspiciis,
3465 2968 3537 3017 [ιι-ι

1953 3053 2069 3096 cem,
2116 3047 2157 3089 et
2182 3041 2513 3089 a'ternitatem.
2551 3041 2803 3102 Alcuiaus,
2846 3044 2916 3092 cir
2941 3045 3153 3095 omnium
3195 3063 3307 3112 quos
3331 3065 3386 3098 ea
3433 3051 3538 3100 tulit

1951 3129 2068 3170 (clas
2107 3120 2481 3182 eruditissinnrs,
2524 3123 2740 3171 volumen
2780 3139 3027 3175 sacrorum
3067 3128 3331 3179 Bibliorum
3367 3131 3539 3181 Hiero‘

1953 3201 2195 3268 nymiana:
2240 3203 2459 3254 editionis
2483 3244 2494 3261 ,
2550 3214 2802 3269 utrumque
2854 3208 3093 3260 continens
3154 3213 3536 3273 Testamentum,

1953 3289 2239 3349 nuncupavit
2282 3287 2384 3349 regi
2411 3287 2869 3349 prrocellentissimo,
2897 3299 2941 3339 et
2965 3297 3049 3353 qut
3074 3307 3193 3344 unus
3217 3295 3535 3355 plurimorum

1953 3367 2101 3416 instar
2135 3368 2412 3428 essedebet,
2438 3366 2617 3417 scilicet
2657 3368 2829 3420 Carolo
2863 3374 3056 3433 Magno.
3086 3377 3251 3423 E.-rstat
3270 3374 3354 3424 hoc
3379 3391 3537 3426 ηοω·

1953 3447 2061 3513 plur
2085 3447 2464 3510 atdhographum
2497 3449 2781 3499 millenariar
2805 3450 2957 3500 (etatis
2991 3453 3038 3502 in
3063 3463 3224 3504 nostra
3274 3471 3538 3522 congrega-

1951 3527 2090 3576 tionis
2132 3528 2341 3578 Oratorii
2384 3526 2581 3578 Romani
2636 3529 2935 3591 bibliotheca,
2982 3548 3109 3597 quia,
3152 3537 3405 3586 clarissimi
3449 3537 3538 3589 viri

1953 3612 2152 3660 Achillis
2175 3613 2316 3661 Statii
2343 3611 2552 3661 Lusitani
2588 3627 2810 3671 munere,
2841 3629 2925 3676 per
2965 3619 3202 3667 Ca’sarcm
3245 3622 3538 3672 cardirurlem

1899 3749 1904 3752 _
1956 3692 2215 3742 llaronium
2253 3693 2466 3753 eiusdem
2489 3695 2866 3758 congregationis
2891 3696 3154 3755 immortale
3177 3704 3338 3760 decus,
3382 3710 3424 3752 et
3458 3718 3538 3751 or-

1952 3784 2241 3834 namentum,
2266 3783 2442 3824 tantam
2468 3789 2636 3839 gazam
2669 3783 2735 3825 est
2758 3786 3027 3827 consecuta.
3076 3779 3231 3844 Hujus
3255 3798 3434 3843 quoque
3458 3797 3536 3830 co-

1951 3858 2093 3918 dicis,
2134 3866 2176 3907 et
2217 3859 2414 3908 alterius
2457 3857 2641 3920 pariter
2678 3859 2908 3919 Carolini,
2943 3875 3082 3922 quem
3126 3863 3452 3912 monasterium
3478 3867 3533 3912 S.

1953 3941 2101 3989 Pauli
2125 3949 2262 3990 extra
2292 3941 2469 3990 Urbem
2489 3955 2670 3990 summa
2690 3939 2922 4003 religione
2945 3941 3162 3998 custodit,
3191 3951 3362 4002 pra'sto
3379 3944 3465 3992 erit
3491 3946 3539 3994 in

1954 4019 2124 4082 Operis
2147 4022 2494 4083 prosecutiouc,
2521 4029 2609 4070 rex
2644 4020 2940 4083 portugallia:
2958 4019 3052 4080 pic,
3083 4023 3217 4082 teter,
3255 4033 3465 4089 auguste,
3493 4037 3540 4077 te

1954 4109 2210 4154 Mecantate
2231 4145 2242 4164 ,
2277 4111 2321 4154 te
2360 4104 2583 4166 Auspice,
2626 4110 2719 4151 tota
2754 4100 3049 4162 descriptio;
3082 4104 3300 4163 quoniam
3335 4114 3401 4156 est
3426 4122 3540 4158 cor-

1951 4197 2123 4246 reCtus,
2171 4194 2214 4235 et
2253 4187 2532 4234 emendatus
2568 4182 2804 4241 nutrime;
2844 4195 2990 4240 coque
3032 4185 3217 4235 ca'teris
3265 4197 3528 4250 yn'arstans,

1877 4279 1917 4338 ρ
1951 4267 2076 4328 quod
2099 4268 2162 4313 ad
2187 4265 2334 4325 ipsius
2366 4279 2603 4324 normam,
2629 4270 2674 4312 el
2709 4263 2923 4325 regulam
2947 4265 3117 4314 summi
3140 4269 3382 4330 pontiﬁces
3417 4269 3530 4320 Vul-

1950 4354 2106 4406 gatarn
2149 4349 2412 4394 Sacrorum
2440 4343 2702 4394 Bibliorum
2743 4345 2992 4395 editionem
3018 4349 3357 4398 restituendam
3386 4364 3527 4400 cura-

1953 4438 2075 4477 runt.
2108 4429 2313 4491 Jlajores
2337 4418 2555 4490 equidem
2588 4428 2867 4488 noslrijure
2890 4429 3064 4491 optimo
3095 4442 3398 4488 censucrmrt,
3427 4449 3528 4482 rer-

1950 4509 2127 4558 sioncm
2150 4508 2301 4560 sancti
2336 4506 2624 4570 Hieronymi
2643 4507 2856 4567 (Alcuini
2882 4509 3112 4558 columine
3129 4516 3404 4572 contentam)
3431 4527 3532 4562 esse

1953 4592 2137 4642 ca’leris
2191 4592 2581 4653 prarferendam;
2633 4605 2725 4640 non
2782 4598 2934 4639 tamen
2988 4594 3148 4640 Italam
3197 4597 3520 4654 repraliaruut.

1954 4677 1981 4721 Ι
1985 4689 2108 4724 nuno
2129 4687 2291 4723 eorum
2313 4672 2559 4722 consilium
2581 4671 2676 4720 tale
2697 4673 2802 4731 fuit,
2826 4672 3252 4735 utriusquehabere
3276 4679 3525 4729 rationem.

1959 4753 2213 4817 Utriusque
2246 4751 2558 4808 auctoritatis,
2583 4764 2640 4797 ac
2665 4751 2906 4801 iitCtilOt'ltL‘
2931 4753 3193 4801 retincudw
3232 4769 3392 4813 causa,
3432 4757 3525 4804 No-

1953 4849 2080 4899 vam,
2105 4851 2161 4884 ac
2204 4843 2424 4884 veterem
2449 4833 2704 4881 mandabat
2732 4832 2917 4893 litteris,
2954 4835 3186 4892 referebat
3220 4837 3266 4886 in
3290 4852 3520 4890 conum-,1-

1952 4917 2093 4975 curia,
2140 4923 2183 4964 et
2206 4913 2490 4976 praponebat
2529 4910 2754 4958 Ecclesiis
2777 4919 2966 4960 sanctus
2999 4914 3254 4975 Gregorius
3292 4923 3525 4982 Magnus;

1956 4997 2155 5059 ﬁrcultas
2200 5001 2246 5042 ut
2273 4999 2389 5041 esset
2430 4990 2646 5050 ﬁdelibus
2670 4992 2981 5050 cognoscendi
3008 4994 3248 5057 utriusque
3291 5008 3525 5060 ρνιιιδιηη-

1955 5077 2085 5125 tium.
2131 5077 2182 5122 Et
2209 5086 2290 5120 nos
2315 5070 2362 5118 in
2402 5067 2645 5129 utriusque
2670 5067 2867 5118 lectione
2907 5073 3049 5121 etiam
3083 5073 3223 5123 hodie
3260 5090 3518 5126 versamur.

1956 5156 2118 5204 Ambo;
2142 5151 2264 5200 enim
2283 5148 2548 5211 coniuncta;
2571 5149 2689 5198 inter
2709 5163 2758 5198 se
2781 5149 3030 5213 Vulgatam
3050 5155 3328 5204 hodiernam
3348 5158 3522 5218 con/la—

1956 5247 2079 5284 vere.
2111 5236 2211 5292 Quo
2234 5233 2411 5292 factum
2451 5238 2498 5278 ut
2522 5232 2712 5278 tandem
2737 5231 2867 5279 Itala:
2905 5246 3073 5284 nomen
3098 5243 3141 5282 et
3165 5237 3288 5284 notio
3309 5237 3524 5287 habuerit

1959 5316 2170 5367 ultirnum
2202 5323 2380 5374 tempus
2407 5311 2579 5363 a'tatis.
2607 5314 2777 5375 Itaque
2801 5312 3054 5365 clarissimi
3073 5317 3268 5380 quidam
3294 5318 3398 5377 viri,
3441 5321 3524 5379 qui

1957 5468 2106 5514 luisse
2154 5465 2239 5511 nisi
2291 5464 2425 5509 istius
2469 5460 2968 5524 voluniiuisrlrretium
3015 5463 3120 5510 fere
3167 5465 3522 5524 quatlruplicatn

1959 5527 2317 5586 ampliJSStfmlIS
2362 5524 2425 5570 ita
2466 5535 2582 5569 sane
2630 5522 2818 5581 longius
2849 5537 2872 5566 ιι
2903 5535 3046 5581 scopo
3094 5522 3253 5570 nostro
3294 5522 3526 5576 aberran-

1959 5595 2053 5680 ubi;
2075 5646 2149 5693 De
2185 5644 2381 5691 Eusebii
2403 5645 2496 5692 \itu
2533 5650 2584 5691 et
2607 5642 2800 5704 scriptis
2824 5642 3001 5688 Vidi-sis
3035 5655 3142 5701 qqu
3177 5642 3397 5697 adnotata
3418 5659 3536 5702 δωιι

1963 5709 2019 5756 ad
2042 5707 2223 5756 calcem
2242 5704 2382 5766 hujus
2408 5704 2672 5754 Volumnus.
