3902 6494
360 353 416 406 n
488 424 491 427 Α
1104 422 1109 423 ί
1694 338 2220 396 puocscousus.
3515 342 3589 399 η

359 465 555 516 summis
598 463 813 526 ingeniis,
849 461 1174 527 exquisitaque
1199 458 1416 510 doctrina
1453 455 1503 507 in
1536 457 1625 505 hac
1651 454 1919 505 litterarum
1943 458 1996 517 Α
2020 456 2139 516 cior,
2164 458 2308 519 quod,
2332 463 2376 505 te
2398 462 2532 519 patre
2555 458 2746 521 patriar,
2770 459 2897 509 mala
2915 459 3067 511 adimi
3118 466 3164 509 et
3180 461 3389 524 prospici
3412 475 3470 512 ne
3492 459 3585 512 sint

361 548 466 597 lnce
487 546 765 604 clarescunt,
799 545 956 596 statim
980 551 1026 594 ut
1059 541 1293 594 rescivere
1317 554 1390 591 me
1410 538 1645 603 singulari
1690 541 1778 589 Dei
1799 536 1919 599 opti-

361 627 425 677 mi
447 626 645 677 maximi
667 625 879 689 boni/icio
902 626 1063 676 Italam
1087 620 1402 679 adinvenisse,
1446 620 1667 683 precibus
1688 617 1919 670 sollicita-

361 718 485 768 runt,
513 717 561 759 ut
582 718 677 760 tam
696 709 978 758 venertmda:
999 703 1289 770 antiquitatis
1313 709 1674 759 monumentum,
1699 698 1921 761 temporis

361 791 665 842 diuturnitate
705 804 767 841 ea:
804 790 1044 841 hominum
1085 786 1315 838 memoria
1340 783 1595 846 dilapsum,
1630 795 1688 831 ac
1725 793 1919 844 prorsus

357 872 699 931 oblitteratum,
728 868 1018 940 quandocius
1056 867 1317 930 vulgarem.
1354 861 1560 913 Liberali
1592 861 1771 913 homini
1806 874 1918 911 con-

358 955 547 1005 veniens
585 961 686 1003 erat
718 965 883 1002 eorum
902 948 1128 1003 voluntati
1158 960 1359 1010 parere;
1384 943 1657 1009 prwset‘tint
1671 957 1780 993 cum
1802 940 1919 993 inst-

355 1049 446 1101 gne
470 1038 498 1083 Ι
502 1042 519 1085 t
534 1032 611 1085 ille
638 1032 862 1083 versionis
887 1034 1035 1093 Opus,
1060 1043 1089 1077 a
1124 1042 1215 1090 quo
1234 1034 1300 1078 est
1329 1032 1501 1076 nostra:
1541 1024 1773 1087 Vulgatte,
1802 1032 1919 1072 tam-

356 1131 499 1187 quam
522 1114 610 1167 rivi
629 1129 661 1165 a
698 1115 843 1172 fonte.
868 1111 1106 1169 deductio,
1140 1117 1324 1161 satietas
1356 1112 1539 1161 Patres
1568 1114 1766 1171 quatuor
1788 1105 1918 1167 prio-

354 1186 464 1249 rum
482 1197 767 1250 swculorum
788 1194 991 1257 miriﬁce
1013 1193 1235 1243 illustret.
1265 1192 1351 1241 His
1374 1189 1647 1246 accedebat,
1672 1188 1795 1251 quod
1819 1186 1922 1251 pri-

353 1294 478 1330 mam
497 1278 830 1341 ingressionem
846 1288 997 1325 meam
1021 1273 1069 1323 in
1082 1274 1232 1337 adyta
1247 1272 1607 1332 Scripturarum
1627 1267 1768 1321 voluit
1794 1271 1919 1319 Deus

351 1358 595 1422 auspicari
630 1356 795 1407 codice
816 1354 1109 1417 autograpr
1148 1351 1298 1403 sancti
1322 1348 1521 1406 Eusebii.
1548 1348 1756 1410 episcopi
1801 1352 1919 1397 Ver-

351 1442 569 1493 cellensis
590 1448 635 1489 et
658 1438 887 1503 martyris
912 1435 1170 1486 eenerrmdi
1191 1449 1205 1494 ;
1223 1434 1302 1483 cui
1324 1432 1480 1483 nullus
1501 1439 1655 1482 exstat
1679 1430 1846 1481 similis
1868 1430 1917 1480 in

350 1523 463 1573 orbe
486 1529 530 1572 et
564 1535 671 1583 par.
697 1519 855 1577 Huius
879 1514 1058 1567 codicis
1080 1514 1319 1564 aut/tentia
1342 1521 1437 1563 tota
1457 1511 1731 1574 antiquitate
1752 1511 1919 1572 ﬁrma-

346 1614 425 1656 tur
444 1619 461 1665 ;
505 1612 549 1655 et
580 1611 687 1653 acta
718 1600 1003 1661 stutctissimi
1036 1597 1271 1649 Prwsulis
1312 1595 1503 1660 vulgata
1533 1601 1779 1652 testantur,
1824 1608 1915 1643 non

348 1704 514 1753 vagam
559 1701 659 1740 esse
693 1695 775 1737 aut
807 1688 1120 1750 interruptam
1162 1679 1471 1753 Vercellensis
1494 1680 1725 1732 Ecclesia:
1764 1682 1915 1730 tradi-

344 1751 514 1823 tionem
537 1784 553 1820 :
576 1768 653 1819 cui
685 1769 815 1832 regis
840 1764 1140 1829 Berengarii,
1158 1765 1375 1814 eamdrm
1398 1751 1914 1821 Ecclesimnadeuntis,

343 1852 528 1916 insigne
570 1850 755 1902 accedit
793 1846 1133 1904 testinionium,
1191 1848 1315 1908 quod
1362 1844 1664 1896 liberuissime
1705 1843 1913 1905 profero.

344 1938 391 1987 Ν
397 1933 547 1985 alebat
567 1933 685 1995 ipse.
698 1930 911 1982 codicem
925 1937 1021 1980 tam
1042 1934 1289 1986 vetustum,
1308 1925 1505 1990 prapria
1528 1926 1753 1988 martyris
1775 1938 1916 1974 manu

346 2016 654 2077 descriptum,
697 2020 837 2075 atque
880 2026 937 2062 ea
967 2012 1073 2073 jam
1108 2016 1245 2059 astate
1281 2007 1514 2057 labantem
1557 2004 1751 2068 [scilicet
1785 2004 1916 2053 circa

342 2111 517 2149 murum
562 2095 736 2146 Christi
778 2106 1121 2148 υσεεικιινιιι,
1155 2104 1247 2154 quo
1285 2086 1604 2154 Berengarius
1636 2085 1685 2135 in
1720 2098 1915 2150 regnum

341 2181 500 2235 Italia:
522 2180 611 2244 fuit
649 2179 885 2241 adtectus)
916 2174 1097 2245 iniuria
1117 2170 1360 2234 temporis,
1387 2178 1430 2220 et
1471 2170 1610 2219 dente
1632 2169 1915 2219 stt-culorum

340 2264 501 2317 incido
519 2265 666 2327 magis
685 2260 928 2324 mgisque
950 2260 1177 2311 consumi.
1200 2259 1375 2316 Quare,
1395 2259 1445 2303 ut
1468 2249 1647 2303 illa'sus
1664 2263 1912 2301 conserua-

338 2353 467 2397 retur
502 2344 831 2405 imposterum,
860 2338 1095 2403 argenteis
1137 2335 1323 2386 laminis
1347 2348 1466 2385 auro
1484 2332 1768 2399 gemmisque
1798 2348 1912 2383 con-

337 2426 481 2479 textis
525 2422 700 2474 librum
729 2419 1035 2472 muniendum
1063 2416 1263 2468 curavit.
1306 2416 1372 2465 Id
1411 2413 1679 2477 pra-‘dicant
1717 2427 1907 2474 versus,

338 2512 437 2574 qui,
460 2513 545 2562 sub
567 2507 849 2561 sanctissimi
874 2504 1063 2556 Eusebii
1084 2502 1238 2567 e/iigie
1264 2501 1354 2565 ipsi
1372 2500 1525 2550 codici
1544 2496 1765 2563 appositi.
1782 2495 1912 2547 idem

338 2592 490 2645 incidi
514 2592 668 2655 iussit,
693 2591 957 2652 habentque
983 2629 996 2651 ,

400 2694 594 2747 Prwsul
634 2690 712 2741 hic
741 2688 963 2751 Eusebius
997 2686 1204 2751 scripsit,
1231 2685 1457 2751 solvitque
1493 2691 1723 2741 vetustas;

463 2759 566 2805 Rex
595 2750 915 2817 Berengarius
946 2751 1028 2817 sed
1054 2746 1294 2817 reparavit
1321 2746 1479 2817 idem:

398 2820 658 2875 Argenttun
681 2809 928 2875 postquam
946 2809 1073 2875 fulvo
1088 2809 1349 2875 [lepromsit
1372 2814 1414 2855 et
1437 2819 1573 2865 auro,

504 2868 706 2931 cclesiré,
738 2868 955 2927 Pt‘a'sut,‘
972 2868 1135 2921 obtulit
1160 2868 1261 2930 ipse
1284 2875 1394 2917 ttae.

401 2979 537 3041 Quod
560 2989 649 3028 rex
675 2974 997 3038 Berengarius
1015 2969 1233 3034 rependit
1248 2967 1454 3033 ,πανιψὶ
1464 2966 1685 3032 ,egotiln‘,
1714 2980 1801 3015 rex
1826 2977 1905 3026 po-

336 3058 620 3119 tentissime,
648 3058 840 3107 devotus
862 3052 1039 3104 nomini
1077 3050 1406 3111 tltujestatique
1428 3057 1520 3096 tua:
1544 3060 1636 3094 una
1671 3058 1778 3093 cum
1799 3042 1908 3092 aliis

336 3140 580 3193 codicibus
598 3124 875 3187 maermidis
895 3131 1108 3195 eiusdem
1123 3131 1329 3191 antiqua:
1364 3126 1550 3177 Italica:
1574 3123 1797 3174 rersionis
1819 3125 1900 3183 do,

337 3224 477 3283 dono,
513 3219 701 3271 dedico.
746 3217 833 3267 Rei
868 3218 1213 3280 argumentum,
1252 3207 1537 3261 srmctissimi
1576 3204 1765 3255 Eusebii
1805 3219 1905 3253 me—

336 3304 449 3360 rita.
475 3308 537 3353 tot
554 3312 738 3366 regum,
766 3305 811 3348 et
834 3297 1107 3359 reginarum
1126 3290 1415 3355 sollicitudo,
1452 3289 1618 3355 quibus
1641 3287 1743 3337 hare
1762 3284 1907 3336 editio

338 3385 531 3438 codices
555 3397 669 3443 pene
692 3395 850 3432 omnes
874 3378 1012 3429 debet
1035 3384 1249 3439 acceptos
1265 3415 1279 3435 ,
1308 3374 1617 3425 certissimam
1638 3384 1768 3433 spem
1791 3368 1907 3419 mihi

336 3469 631 3529 ingerunt,te
642 3462 798 3512 eidem
809 3461 1015 3523 futurum
1026 3471 1125 3508 esse
1141 3465 1389 3520 patronum
1399 3450 1901 3516 munificentissimum,

340 3556 386 3599 et
427 3546 707 3611 praesidium
745 3542 1003 3608 singulare.
1044 3544 1201 3591 Porro
1223 3538 1404 3589 nullum
1426 3537 1579 3597 majus
1603 3534 1767 3596 afferri
1798 3547 1905 3580 mu-

340 3644 429 3680 nus
452 3634 640 3691 poterat
656 3624 761 3686 regi
782 3638 967 3689 ntagno,
988 3636 1127 3687 quam
1154 3620 1484 3683 Evrmgelicum
1508 3618 1681 3681 foedus,
1707 3629 1797 3677 quo
1823 3628 1901 3664 re-

340 3724 484 3778 gnum
509 3722 614 3758 cum
631 3706 920 3769 sacerdotio,
943 3704 1159 3767 maiestas
1180 3718 1287 3752 cum
1310 3700 1535 3765 religione
1556 3697 1901 3759 conciliantur;

339 3802 381 3843 et
407 3791 543 3857 cujus
566 3788 762 3841 lectione
788 3802 963 3852 usuque
992 3786 1199 3838 omnium
1222 3800 1385 3851 regum
1416 3785 1609 3834 virtutes
1636 3782 1900 3843 acquisita,

341 3873 580 3937 perfectio.
604 3879 647 3921 et
667 3878 848 3921 ornattv
869 3877 991 3920 sunt.
1016 3872 1115 3919 Has
1140 3869 1271 3917 dotes
1305 3868 1431 3916 Deus
1450 3865 1650 3924 Optimus
1668 3861 1904 3913 maximus

340 3952 390 4002 in
412 3958 456 4002 te
476 3952 543 4002 ita
564 3950 791 4015 profudit,
818 3960 866 4001 ut
896 3951 958 3999 ad
993 3948 1231 4013 fastigium
1255 3946 1526 4002 perveneris
1555 3942 1759 4007 pietatis,
1796 3954 1904 4003 qua:

339 4048 507 4086 nomen
528 4042 754 4086 internum
784 4034 867 4083 tibi
891 4031 1194 4092 comparavit.
1242 4027 1383 4077 Felix
1418 4025 1748 4090 Portugallia,
1775 4037 1899 4088 qua’,

342 4123 389 4165 te
416 4116 727 4175 moderatore,
754 4123 800 4164 te
819 4112 1051 4177 principe,
1082 4110 1205 4161 inter
1228 4108 1408 4159 medios
1430 4106 1662 4158 bellorum
1695 4105 1903 4168 undique

342 4196 642 4259 frementium
676 4194 895 4259 impetus,
921 4192 1261 4257 tranquillitate
1288 4192 1462 4257 gaudet
1510 4197 1553 4241 et
1590 4202 1722 4251 pace.
1770 4186 1901 4238 Feli-

2022 538 2233 588 recidiva
2248 553 2265 598 ;
2302 539 2419 589 bona
2446 554 2552 590 vero
2583 541 2826 603 praestari,
2850 549 2895 592 et
2924 542 3049 605 efﬁci
3068 556 3129 593 ne
3149 544 3239 593 sint
3261 547 3465 600 caduca,
3512 557 3586 594 co-

2020 620 2213 679 gnoscit.
2252 618 2569 683 Felicissimo,
2612 623 2757 685 quod,
2782 630 2826 673 te
2858 624 3044 683 sospite.
3081 637 3237 685 sospes
3259 632 3326 675 est
3358 637 3586 691 regnum,

2020 702 2203 766 ipsique
2241 705 2305 752 ad
2327 712 2485 754 votum
2519 706 2777 755 succedunt
2818 705 2995 754 omnia.
3029 708 3106 760 Et,
3146 704 3369 767 quoniam
3399 712 3590 756 sanctus

2020 782 2310 848 Augustinus
2332 785 2614 837 christianos
2655 800 2790 849 reges
2824 785 2981 837 beatos
3012 786 3147 848 dicit,
3173 788 3250 848 qui
3272 787 3403 848 juste
3431 789 3588 847 impe-

2019 856 2144 925 rant,
2171 867 2248 925 qui
2273 879 2406 913 suam
2448 864 2739 928 pou-statam
2770 868 2825 916 ad
2850 866 2942 917 Dei
2966 866 3143 917 Cultum
3162 871 3369 916 maxime
3392 868 3590 917 dilatau-

2018 946 2131 995 dum
2142 945 2377 1010 Majeslati
2392 949 2496 1008 ejus
2514 948 2733 997 famulam
2748 948 2943 1008 faciunt,
2961 962 3017 997 en
3029 957 3123 999 tua:
3133 946 3591 999 beatitudiniscausa
3646 985 3653 994 .

2018 1039 2159 1095 atque
2189 1030 2451 1095 felicitatis,
2484 1042 2625 1090 quam
2649 1029 2783 1077 nulla
2804 1043 3026 1089 umquam
3046 1028 3310 1079 adversitas
3338 1029 3588 1091 perturba-

2022 1113 2099 1161 bit.
2130 1113 2389 1173 Obstupens
2404 1110 2611 1159 detinent
2633 1122 2832 1173 regnum
2856 1107 3055 1169 iustitia,
3081 1109 3249 1171 pietas,
3273 1108 3443 1173 religio
3476 1114 3586 1157 tua:

2019 1200 2064 1241 et
2101 1207 2257 1245 omnes
2281 1202 2329 1241 te
2357 1200 2539 1253 patrem
2568 1189 2827 1250 nominant,
2848 1198 2991 1250 atque
3012 1197 3059 1240 ut
3081 1188 3426 1240 lucidissimum
3438 1188 3589 1254 jubar

2014 1272 2252 1324 intuentur
2278 1285 2446 1332 smun;
2467 1270 2715 1334 quoniam,
2744 1283 2832 1322 rex
2856 1270 3220 1332 praetorissime
3238 1310 3250 1332 ,
3271 1270 3413 1319 sintut
3431 1268 3589 1319 onmia

2017 1354 2186 1403 virtute
2206 1354 2480 1414 perfundis;
2506 1365 2561 1400 ac
2584 1350 2695 1401 solis
2715 1350 2879 1409 instar,
2902 1364 2992 1400 non
3010 1358 3143 1412 parte
3164 1350 3343 1414 aliqua,
3383 1351 3471 1401 sed
3489 1357 3589 1401 sta-

2019 1433 2102 1483 tim
2124 1441 2271 1492 totus;
2296 1446 2382 1481 nec
2400 1433 2499 1487 uni,
2520 1437 2600 1479 aut
2624 1431 2781 1488 alteri,
2821 1432 2904 1479 sed
2929 1432 3139 1481 omnibus
3161 1431 3243 1479 tibi
3270 1430 3491 1492 subjectis
3512 1430 3590 1494 fa-

2019 1514 2089 1563 cis
2111 1522 2155 1562 te
2187 1527 2288 1564 esse
2307 1524 2617 1562 communem.
2642 1512 2939 1561 Communem
2962 1520 3009 1561 te
3031 1512 3145 1574 facit
3166 1510 3335 1561 litteris
3356 1512 3585 1569 studium,

2018 1597 2145 1655 quod
2194 1592 2470 1655 impendisti
2513 1593 2577 1640 ad
2617 1594 2981 1642 instanranaam
3022 1590 3323 1655 ntagniﬁcam
3360 1599 3589 1657 typogra-

2017 1676 2207 1737 phiam;
2227 1690 2313 1736 pro
2350 1689 2441 1736 qua
2459 1684 2539 1724 tua
2563 1674 2820 1723 liberalitas
2843 1674 2908 1723 ita
2930 1686 2979 1723 se
3001 1675 3184 1735 effudit,
3207 1681 3255 1723 ut
3278 1688 3367 1737 pro
3390 1688 3587 1738 norma,

2016 1765 2060 1808 et
2084 1760 2302 1819 exemplo
2323 1756 2509 1807 cwteris
2534 1754 2720 1816 regibus
2743 1753 2906 1804 haberi
2924 1753 3086 1815 possit;
3111 1756 3286 1807 scilicet
3296 1756 3361 1805 ad
3384 1757 3589 1817 proreta-

2019 1838 2233 1889 rissimas
2257 1838 2423 1887 laudes
2444 1845 2550 1887 tuas
2568 1836 2670 1886 haec
2692 1850 2872 1900 quoque
2906 1835 3133 1886 addenda
3155 1844 3277 1899 erat,
3304 1850 3397 1899 qua
3428 1836 3581 1899 nulla,

2015 1935 2117 1971 meo
2160 1920 2348 1985 quidem
2371 1918 2576 1981 judicio,
2610 1916 2805 1981 posteris
2844 1918 3003 1969 utilior
3034 1927 3119 1979 est,
3161 1920 3293 1969 nulla
3316 1921 3582 1985 gloriosior.

2016 2004 2144 2050 Jure
2174 2000 2316 2063 igitur
2377 1998 2635 2064 meritoque
2680 1998 2827 2049 omnis
2849 1999 3163 2063 Portugallia:
3193 2000 3402 2063 iudicio,
3446 2009 3586 2066 atque

2016 2096 2244 2133 consensu
2270 2082 2548 2131 Litterarum
2585 2088 2718 2144 pater
2743 2080 2945 2137 diceris,
2968 2080 3255 2140 nominaris,
3282 2081 3463 2137 existis.
3496 2080 3587 2131 Vi-

2017 2164 2125 2213 dent
2152 2164 2292 2222 enim,
2317 2171 2497 2212 mutata
2517 2176 2677 2211 rerum
2698 2162 2837 2225 facie,
2865 2162 3044 2212 litteras
3067 2161 3115 2210 in
3136 2174 3280 2226 regno
3296 2160 3580 2224 ﬂorescere:

2013 2243 2169 2293 vident
2190 2242 2463 2300 seminaria,
2487 2241 2689 2299 scholas,
2713 2241 2984 2291 academias
3005 2241 3249 2302 fundatas,
3274 2248 3477 2303 erectas,
3501 2240 3583 2292 di-

2010 2332 2149 2387 latas,
2174 2322 2421 2387 stipendiis
2444 2331 2488 2371 te
2510 2324 2609 2374 solo
2634 2322 2809 2388 dignis,
2835 2336 2892 2372 ac
2908 2322 3083 2372 nemini
3112 2323 3473 2385 comparandis:
3508 2323 3581 2374 vi-

2011 2406 2123 2455 dent
2150 2407 2352 2469 denique
2388 2415 2517 2455 tuam
2538 2404 2859 2455 bibliothecam
2880 2404 3139 2471 insignem,
3159 2411 3205 2455 et
3235 2406 3437 2471 regiam,
3470 2421 3581 2472 qua:

2008 2496 2073 2540 tot
2096 2487 2438 2539 accessionibus
2460 2495 2603 2537 aucta
2626 2494 2710 2546 est,
2738 2495 2787 2537 ut
2811 2487 3118 2537 Ptolomaicte
3144 2494 3187 2537 et
3215 2482 3434 2540 Attalico:
3476 2501 3579 2537 me-

2010 2568 2209 2619 moriam
2232 2569 2432 2619 obruere
2464 2569 2800 2632 propemodum
2821 2569 3057 2619 videatur.
3091 2570 3321 2629 Quoniam
3352 2582 3462 2620 vero
3500 2570 3578 2631 in-

2008 2651 2156 2713 gentis
2192 2660 2259 2701 est
2296 2653 2518 2712 ponderis
2563 2652 2846 2713 exentptum,
2887 2652 3015 2712 quod
3046 2664 3078 2699 a
3100 2664 3212 2715 rege
3232 2650 3580 2712 sapientissimo

2009 2731 2347 2793 proficiscitur,
2370 2744 2477 2792 spes
2501 2738 2585 2789 est,
2611 2738 2654 2780 te
2676 2738 2886 2791 auctore,
2908 2738 2951 2781 te
2974 2730 3206 2795 principe,
3233 2730 3453 2782 liberales
3474 2732 3577 2783 dis-

2007 2810 2209 2871 ciplinas
2233 2825 2409 2872 omnes,
2434 2818 2674 2871 mutasque
2698 2817 2824 2861 artes
2848 2810 3036 2872 majora
3069 2809 3238 2860 indies
3262 2811 3577 2877 incrementa,

2005 2890 2398 2952 splendoremque
2436 2903 2605 2939 novum
2639 2898 2987 2941 consecuturus.
3031 2890 3151 2951 Sed,
3182 2896 3230 2939 td
3251 2888 3425 2953 faciam
3456 2891 3581 2943 scri-

2008 2970 2147 3020 bendi
2169 2970 2331 3032 [ωορκ.
2356 2981 2431 3018 me
2462 2976 2583 3029 cogit
2608 2968 2827 3033 majestas
2846 2978 2955 3030 tua;
2990 2984 3131 3034 quam
3154 2968 3323 3033 procul
3340 2970 3483 3023 etiam
3500 2971 3577 3023 itt-

2006 3063 2157 3108 tueor.
2196 3063 2359 3115 atque,
2402 3053 2448 3101 in
2486 3052 2602 3103 meis
2634 3052 2909 3115 sacriﬁciis,
2947 3052 3139 3103 humilis
3170 3054 3415 3115 sacerdos,
3458 3055 3580 3114 Deo,

2005 3134 2153 3182 beata:
2172 3131 2342 3181 Maria:
2369 3131 2571 3195 Virgini,
2584 3140 2626 3180 et
2639 3132 2746 3181 diw
2767 3131 2967 3181 Antonio
2994 3134 3345 3195 Thaumaturgo
3367 3131 3581 3196 quotidie

2006 3215 2310 3264 commendo:
2352 3228 2527 3264 memor
2549 3213 2805 3278 ingentium
2845 3214 3196 3277 beneﬁciorum,
3244 3228 3352 3275 qua:
3381 3213 3582 3279 prwsuli

2007 3297 2265 3347 Fruncisco
2294 3296 2572 3357 ltlanclrino,
2618 3286 2787 3357 patruo
2824 3308 2954 3357 meo,
2987 3305 3029 3345 et
3069 3297 3271 3358 Gaspari
3315 3296 3579 3350 Rlanchino

2004 3381 2161 3440 fratri,
2199 3387 2240 3429 et
2274 3378 2419 3443 equiti
2463 3377 2635 3429 Christi
2678 3387 2774 3441 tuo,
2799 3394 2891 3429 rex
2925 3378 3374 3443 mwriﬁcentissime,
3414 3387 3579 3431 cantu-

2007 3459 2120 3511 listi.
2150 3459 2304 3510 Alma:
2326 3466 2489 3511 Roma:
2522 3475 2667 3510 unum
2685 3468 2750 3511 est
2776 3466 2948 3521 t‘ulttm,
2974 3469 3024 3509 ut
3057 3464 3183 3511 Deus
3204 3458 3405 3523 optimus
3422 3462 3578 3512 maxi-

2006 3558 2128 3603 mus,
2165 3545 2372 3607 perfecta
2395 3543 2678 3600 valetudine,
2718 3539 3038 3604 continuis/pte
3061 3554 3223 3591 rerum
3258 3540 3577 3599 secundarum

2006 3627 2295 3677 successibus
2319 3633 2383 3685 te,
2406 3638 2571 3688 regum
2602 3622 2795 3685 optime,
2820 3622 3063 3685 fortunare
3102 3631 3285 3688 pergat.
3325 3622 3577 3674 Litteraria

2009 3705 2295 3767 respublica,
2324 3704 2639 3765 porrectisad
2667 3703 2839 3753 cwlum
2859 3702 3091 3765 manibus,
3119 3702 3247 3754 idem
3267 3712 3422 3755 totum
3442 3703 3579 3768 inge-

2006 3788 2188 3837 minat:
2229 3786 2357 3835 idem
2398 3783 2695 3837 Christianus
2738 3784 2882 3836 orbis.
2933 3789 3040 3837 Vox
3080 3784 3411 3836 universorum
3431 3826 3444 3847 ,
3483 3798 3578 3835 eo:

2008 3868 2097 3917 Ι)ίὶ
2133 3875 2240 3926 est;
2269 3880 2375 3929 qum
2412 3864 2527 3928 facit
2565 3880 2695 3926 spem
2733 3865 2956 3914 inchoare
2992 3864 3178 3929 longam
3215 3865 3418 3917 Jommis
3449 3865 3579 3930 regis

2005 3950 2131 4011 viltc,
2157 3955 2201 3996 et
2225 3947 2423 4009 publica:
2444 3944 2678 4008 felicitatis
2702 3944 3029 4009 Portugallitz.

2128 4110 2200 4160 Ex
2236 4109 2418 4158 :edihus
2449 4106 2776 4157 V’allicellanis
2801 4108 3191 4169 congregationis
3229 4106 3440 4157 Oratorii
3484 4106 3579 4159 R0-
3612 4164 3613 4167 η

2005 4194 2152 4254 mani,
2178 4192 2332 4240 idibus
2366 4190 2595 4250 Januarii,
2613 4200 2739 4239 anno
2761 4189 2951 4238 Domini
2971 4202 3219 4239 unccxuv.

361 4396 3554 4427 MM

962 4538 1293 4595 EPISTOLA

634 4672 855 4716 PHILIPPI
884 4669 1141 4711 GABBELLI
1172 4668 1239 4707 AD
1267 4665 1621 4707 BLANCIIINUI.

852 4765 930 4822 De
950 4765 1125 4820 codice
1145 4764 1410 4818 Brixiano.

588 4882 716 4938 Viro
759 4882 1058 4937 clarissimo
1100 4877 1335 4947 Josepho
1383 4874 1678 4931 Blanchino

700 4972 977 5040 Philippus
1002 4968 1282 5024 Garbellus
1308 4968 1364 5022 S.
1399 4966 1457 5020 P.
1493 4967 1552 5019 ι).

416 5086 697 5141 Rcvocasti
740 5097 827 5136 me
857 5079 984 5135 nihil
1018 5079 1119 5132 tale
1151 5078 1467 5147 cogitantem
1517 5073 1911 5129 humanissimis

346 5178 537 5233 olﬁciis
570 5174 674 5229 tuis
712 5172 777 5226 ad
806 5186 868 5226 ea
898 5169 1067 5224 studia
1091 5210 1104 5231 ,
1136 5184 1254 5237 qua:
1281 5182 1424 5235 sape
1461 5166 1725 5234 seposita,
1769 5178 1910 5233 saepe

349 5271 511 5325 etiam
552 5274 851 5331 resumpta,
904 5270 1042 5313 nunc
1078 5259 1324 5323 tandem,
1363 5256 1704 5311 avocantibus
1751 5256 1908 5309 rebus

349 5363 500 5425 aliis,
546 5357 761 5413 omnino
811 5354 1142 5408 distuleram.
1196 5351 1329 5405 Cum
1360 5352 1501 5406 enim
1549 5348 1907 5419 apngraphum

352 5454 543 5505 veteris
582 5451 917 5517 interpretis,
956 5445 1092 5513 quod
1131 5446 1180 5497 in
1223 5446 1471 5512 principis
1507 5443 1755 5497 Ecclesia:
1792 5458 1910 5496 ves-

353 5549 445 5592 trae
473 5540 749 5592 Talmlario
786 5535 1115 5590 rccoaditum
1144 5534 1472 5596 servabatur,
1512 5533 1671 5587 edere
1696 5535 1908 5587 smmis-

352 5641 457 5686 ses,
504 5628 711 5679 invento
736 5629 873 5679 inter
915 5624 1137 5685 schcdas
1167 5623 1432 5675 Francisci
1465 5623 1630 5689 patrui
1668 5623 1776 5687 tui,
1811 5622 1907 5675 viri

348 5715 676 5781 amplissimi,
729 5708 1015 5785 specim‘me
1044 5713 1271 5783 quodam
1302 5712 1466 5767 nostri
1497 5702 1693 5767 codicis
1718 5726 1903 5782 argen-

1930 4540 1983 4599 Β
2009 4534 2100 4600 tei,
2130 4534 2269 4603 quod
2295 4550 2323 4585 a
2353 4550 2439 4589 me
2469 4506 2931 4604 olim-acceperat,
2951 4537 3100 4607 egisti
3132 4551 3344 4593 mecum
3370 4550 3466 4608 per
3491 4536 3580 4593 lit-

2015 4634 2173 4690 teras,
2227 4635 2283 4678 ut
2321 4626 2574 4679 lectiones
2597 4641 2628 4678 a
2653 4625 2869 4694 Vulgata
2895 4627 3154 4682 abeuntes
3185 4643 3528 4697 excerperem
3558 4645 3574 4681 :

2016 4726 2155 4782 tum,
2186 4718 2229 4772 si
2256 4718 2382 4786 quid
2412 4718 2553 4772 aliud
2590 4732 2620 4771 e
2650 4732 2707 4771 re
2736 4726 2826 4771 tua
2848 4716 3081 4772 futurum
3120 4729 3421 4788 putassem,
3446 4718 3578 4775 illud

2012 4808 2219 4877 ipsum,
2256 4825 2348 4864 seu
2378 4809 2673 4880 symbolam
2698 4850 2711 4874 ,
2751 4809 2816 4863 ad
2846 4809 3013 4865 hocce
3036 4812 3336 4866 convivium
3364 4810 3579 4866 adferre

2014 4908 2071 4949 ut
2101 4913 2168 4951 ne
2211 4913 2510 4951 rcnuerem.
2545 4897 2667 4951 Feci
2715 4898 2922 4953 lubens.
2968 4898 3101 4964 Quid
3128 4899 3268 4953 enim
3300 4914 3404 4953 non
3431 4913 3462 4952 ι
3487 4912 3579 4953 me

2014 4986 2252 5057 exigeret
2278 5002 2402 5040 cura
2425 4990 2525 5040 ista
2548 4996 2653 5049 tua,
2687 5003 2804 5055 qua:
2830 5003 2934 5040 non
2966 4989 3133 5041 multo
3161 4987 3363 5056 pridem
3397 4986 3578 5057 magni

2013 5080 2242 5132 nominis
2269 5079 2409 5133 viros
2438 5078 2606 5132 tenuit
2637 5079 2727 5140 ita,
2774 5089 2827 5131 ut
2854 5092 3054 5144 secum,
3084 5093 3147 5132 ac
3172 5094 3292 5133 cum
3327 5079 3577 5135 universo

2010 5169 2141 5221 orbe
2174 5166 2474 5221 Christiano
2512 5168 2765 5236 prmclare
2787 5176 2961 5219 actum
2991 5168 3395 5229 arbitrarentur.
3421 5168 3489 5232 si,
3518 5150 3578 5221 ut

2014 5258 2066 5311 in
2102 5256 2284 5310 Galliis
2321 5256 2653 5310 blartlanmus
2702 5266 2966 5311 vetustum
3017 5258 3245 5313 Mattbei
3299 5257 3575 5326 exemplar

2016 5349 2295 5416 vulgzlndo,
2328 5349 2404 5401 sic
2432 5349 2484 5400 in
2513 5349 2729 5415 reliquis
2759 5349 3041 5403 etl'ercntlis
3062 5352 3171 5416 alii,
3202 5350 3394 5417 quibus
3422 5363 3576 5404 sacra

2012 5442 2124 5493 Itwc
2153 5450 2489 5491 monumenta
2522 5449 2878 5506 suppeterent,
2909 5443 3019 5509 pari
3050 5440 3176 5505 ﬁde,
3208 5455 3270 5494 ac
3288 5439 3574 5494 sedulitate

2007 5532 2361 5584 laborassem.
2409 5530 2555 5597 Quod
2592 5531 2827 5596 profecto
2863 5533 3143 5587 consilium
3177 5542 3321 5585 tuum
3352 5532 3573 5600 dignum

2008 5632 2080 5686 te,
2110 5621 2323 5690 dignum
2347 5619 2513 5683 Italia,
2540 5620 2753 5690 dignum
2782 5624 2941 5677 etiam
2968 5609 3222 5677 memo‘ria
3253 5622 3447 5689 patrui,
3475 5636 3574 5675 cu-

1999 5714 2087 5783 jus
2114 5712 2333 5782 vestigia
2364 5721 2506 5768 tanta
2540 5728 2659 5768 cum
2694 5714 2848 5771 laude
2888 5729 3129 5786 premere
3164 5713 3363 5785 pergis,
3390 5711 3570 5771 erudi-
