3902 6406
269 310 336 366 IS
1041 305 1254 362 EPIST.
1296 304 1539 360 PlllLlP.
1584 305 1946 373 GARBELLI,
1981 309 2066 363 DE
2103 308 2351 365 CODICE
2388 309 2732 367 BRIXIANO.
3442 318 3510 372 M

269 427 336 480 tis
363 425 612 503 omnibus
640 405 938 492 acceptum,
981 421 1367 490 probatumque
1409 420 1474 475 iri
1521 436 1680 476 nemo
1724 406 1837 489 est,
1867 428 1916 483 A
1944 432 2084 478 teres
2116 423 2238 479 hinc
2267 425 2388 478 inde
2434 425 2664 496 dilapso,
2698 427 2912 481 nonnisi
2961 427 3079 483 luce
3130 429 3354 498 plurima
3384 429 3509 498 quid

276 515 373 586 qui
417 531 519 569 non
562 511 761 568 videat.
808 512 910 568 Sed
934 513 1059 566 dum
1087 512 1354 566 variantes
1385 512 1662 582 lectiones,
1706 528 1838 582 quas

265 609 392 661 olim
418 603 458 662 e'
478 589 711 661 Matthxi
741 614 893 660 textu
914 591 1102 660 omnes
1120 644 1135 666 .
1169 620 1198 659 e
1227 604 1386 659 Lucae.
1413 619 1474 659 ac
1499 605 1717 660 Joannis
1748 606 1842 659 ali-

264 707 394 767 quot
427 697 479 751 in
506 695 842 751 Adversariis
871 709 1239 763 seposueram,
1270 704 1501 749 retracto
1528 697 1751 759 iterum,
1777 711 1842 751 ac

265 779 486 843 confero
520 804 533 840 :
567 801 634 840 ne
675 799 886 840 errores
932 785 1131 851 nostri,
1166 785 1210 838 si
1242 784 1332 853 qui
1373 784 1598 840 fortasse
1645 785 1842 854 legenti

264 883 397 938 mihi
415 870 438 947 ,³
471 890 564 936 aut
591 867 913 936 describenti
943 882 1327 949 olirepsissent,
1358 884 1689 952 imponerent
1716 899 1838 951 pos-

267 973 462 1026 teritati
499 990 513 1026 :
545 986 611 1024 en
658 986 840 1024 rursus
876 971 1268 1025 amantissimas
1298 972 1503 1026 litteras
1537 982 1688 1038 tuas,
1726 975 1841 1042 qui-

265 1065 363 1118 bus
389 1065 623 1132 cogitare
647 1074 697 1118 te
719 1064 785 1118 de
813 1063 1020 1117 edendo
1047 1064 1237 1132 integri
1276 1065 1476 1118 codicis
1505 1075 1648 1118 textu
1672 1067 1837 1135 signi-

264 1155 414 1209 ﬁcas.
463 1153 697 1208 Laudavi
749 1154 1076 1222 propositum
1129 1154 1300 1219 istud,
1358 1171 1462 1223 quo
1507 1156 1555 1208 in
1589 1171 1645 1209 re
1688 1170 1837 1209 saera

265 1246 625 1310 versantibus,
657 1247 810 1314 longe
843 1246 1058 1300 uberius
1085 1261 1242 1314 quam
1273 1245 1400 1300 solis
1428 1248 1717 1314 excerptis,
1757 1262 1841 1301 sa-

263 1337 624 1393 tistactumiri
654 1337 952 1391 videbatur.
985 1336 1238 1403 Quamvis
1277 1336 1417 1390 enim
1457 1336 1522 1390 ad
1555 1350 1841 1392 srcerneu-

263 1430 408 1498 dum,
443 1430 569 1498 quid
598 1430 722 1482 olim
769 1445 800 1482 e
847 1428 1108 1492 fontibus,
1149 1426 1275 1496 quid
1322 1443 1353 1482 e
1391 1429 1661 1482 memoriae
1700 1443 1839 1497 penu

266 1520 908 1592 prompserinbveteres;
955 1536 1073 1590 quae
1106 1520 1158 1575 in
1206 1521 1436 1590 publicis
1476 1519 1838 1575 Erelesiarum

261 1611 535 1667 codicibus
559 1610 742 1675 facies,
774 1626 892 1679 quae
913 1610 968 1664 in
993 1611 1321 1681 privatorum
1351 1621 1530 1676 esset;
1577 1611 1700 1681 quid
1735 1613 1840 1679 pri-

264 1702 386 1764 mis,
420 1700 546 1772 quid
579 1699 926 1772 sequentibus
967 1700 1176 1754 sarculis
1204 1701 1489 1770 legeretur,
1533 1701 1646 1756 haec
1678 1701 1836 1769 pluri-

1941 515 2196 585 scriptum
2250 519 2321 570 sit
2344 533 2484 586 mgre
2534 533 2842 585 assequare.
2881 517 3156 595 integrum
3191 520 3368 588 itaque
3400 531 3514 574 tex-

1944 614 2052 658 tunt
2079 615 2305 674 quatuor
2331 609 2773 676 evangelistarutn
2814 626 2898 664 me
2928 626 3111 664 coram
3158 622 3210 664 ut
3241 629 3270 665 a
3302 612 3511 682 legente

1942 696 2171 766 scriptor
2197 697 2464 764 exciperet
2506 699 2705 752 curavi.
2754 700 2864 766 Qua
2897 702 2946 754 in
2998 717 3055 757 re
3086 703 3214 771 quid
3245 705 3312 756 sit
3339 703 3516 759 teren-

1941 788 2066 843 dum
2111 797 2223 842 tute
2289 791 2396 843 scis
2440 809 2452 842 :
2505 800 2784 859 tecumque
2835 809 3021 848 omnes
3054 835 3068 858 ,
3140 795 3227 864 qui
3294 795 3512 864 hujusce

1943 881 2083 933 modi
2139 882 2328 935 studiis
2368 897 2588 952 Operam
2638 884 2968 950 impendunt.
3025 886 3205 956 Neque
3238 889 3338 942 hoc
3382 890 3510 944 satis

1943 971 2065 1027 ﬁdei
2100 983 2296 1027 nostra:
2343 975 2534 1028 factum
2563 975 2896 1043 existimans,
2937 980 3183 1034 omnibus
3212 981 3276 1033 ad
3309 982 3512 1036 calcem

1944 1076 2110 1129 usque
2143 1063 2434 1130 perductis,
2480 1066 2679 1119 contuli
2714 1082 2896 1123 rursus
2927 1083 3047 1123 cum
3080 1071 3388 1141 archetypo,
3423 1089 3515 1127 ex-

1941 1158 2099 1220 cepto
2123 1151 2389 1218 Matthzeo,
2422 1169 2599 1221 quem,
2635 1158 2916 1212 occasione
2946 1161 3284 1215 commodum
3314 1165 3512 1227 oblata,

1941 1240 2007 1295 ad
2034 1249 2084 1295 te
2113 1243 2475 1308 prtemiseram
2507 1262 2518 1298 :
2550 1248 2717 1301 oculis
2744 1258 2930 1318 suapte
2983 1251 3262 1306 imbecillis
3297 1263 3515 1324 perpete

1942 1333 2031 1387 illo
2055 1334 2172 1390 nisu
2207 1336 2491 1405 aliquando
2517 1338 3002 1407 fatiscentibusita.
3040 1357 3093 1400 ut
3119 1364 3336 1418 pergere
3376 1352 3513 1405 ultra

1943 1439 2047 1478 non
2094 1426 2298 1480 liceret.
2349 1427 2502 1481 Eiasi
2539 1440 2734 1494 tamen.
2783 1420 3121 1505 perfecta-que
3164 1439 3307 1493 dedi.
3339 1441 3515 1496 llabes

1946 1530 2088 1569 nunc
2135 1515 2258 1585 quid
2289 1516 2356 1571 de
2391 1517 2542 1571 istius
2569 1522 2769 1575 codicis
2800 1525 2976 1579 indole
3006 1543 3130 1582 vero
3161 1530 3386 1583 similius
3414 1548 3513 1600 pu-

1943 1611 2046 1658 tem
2076 1623 2088 1658 :
2122 1607 2243 1675 quid
2267 1607 2330 1660 de
2359 1609 2500 1662 illius
2523 1618 2678 1665 a-tate
2707 1614 3025 1682 eonjecerim
3060 1635 3072 1670 :
3106 1634 3224 1687 qua)
3253 1632 3513 1690 praeterea

1942 1697 2066 1750 olim
2102 1713 2131 1751 a
2165 1714 2251 1753 me
2289 1701 2478 1766 raptim
2524 1703 2836 1769 observata,
2887 1720 3026 1762 nunc
3079 1711 3326 1765 secundis
3371 1715 3515 1769 curis

264 1808 406 1846 mum
435 1791 745 1866 conferant;
781 1791 910 1845 nihil
942 1799 1118 1845 tamen
1164 1806 1315 1859 atque
1344 1791 1471 1845 utile
1491 1835 1504 1859 ,
1539 1805 1601 1844 ac
1643 1791 1836 1858 jucun-
1868 1785 1914 1843 Β
1941 1786 2160 1842 adaucta
2190 1790 2458 1858 paululum
2478 1834 2491 1853 ,
2521 1802 2680 1861 atque
2707 1794 2946 1852 discussa
2978 1800 3032 1852 in
3055 1801 3305 1874 ordinem
3331 1814 3518 1860 utcun-

263 1880 393 1937 dum
419 1891 528 1946 est,
561 1895 719 1948 quam
768 1881 961 1935 seriem
1015 1880 1224 1950 ipsam,
1271 1879 1502 1933 indolem
1532 1920 1546 1944 ,
1602 1880 1833 1949 genium,

268 1974 623 2028 minutissima
653 1973 867 2028 demum
901 1974 1130 2042 integri,
1163 1981 1220 2025 ut
1249 1973 1317 2027 ita
1350 1973 1554 2035 dicam,
1597 1973 1838 2043 Corporis

268 2063 594 2118 lineamenta
648 2063 700 2117 in
745 2063 1062 2132 pervetustis
1090 2062 1238 2117 hisce
1266 2060 1594 2132 antigraphis
1632 2063 1837 2127 rimari,

266 2161 424 2221 atque
454 2151 665 2207 eli'erre.
706 2150 868 2220 Cujus
910 2154 986 2205 rei
1017 2166 1176 2205 causa
1211 2152 1336 2204 olim
1365 2151 1650 2222 Bentleyus
1676 2150 1840 2206 Joan-

265 2261 385 2300 nem
429 2242 651 2297 hlillium
689 2245 754 2296 ad
802 2243 1067 2312 vulganda
1110 2241 1524 2296 Alexandrinum
1557 2242 1834 2296 Cantabri-

264 2333 488 2405 giense,
538 2333 862 2395 Oxoniense,
909 2332 1109 2387 Gallica
1151 2335 1362 2387 demum
1407 2334 1626 2402 urgebat
1658 2334 1749 2396 ita,
1785 2342 1842 2387 ut

266 2439 330 2480 ea
356 2423 522 2477 editio
544 2423 771 2494 singulas
797 2423 1012 2488 litteras,
1048 2431 1198 2493 atque
1223 2425 1394 2492 apices
1427 2422 1837 2494 Exemplar-ium,

265 2517 414 2568 etiam
439 2513 523 2568 ubi
543 2530 574 2567 ιι
593 2512 842 2567 Librati-iis
864 2523 1126 2583 peccatum
1147 2522 1239 2578 est,
1263 2523 1517 2576 accurate,
1540 2523 1585 2566 et
1612 2513 1844 2582 religiose

265 2603 920 2676 subsequereturUt'pistola
941 2604 1006 2656 ad
1031 2602 1082 2656 Μ
1090 2603 1254 2657 illium
1277 2619 1362 2673 ap.
1382 2602 1541 2655 Fabr.
1565 2603 1680 2656 Btb.
1698 2601 1839 2670 Gn).

269 2698 416 2752 Licet
460 2707 640 2765 postea
682 2695 1027 2751 celeberrima
1059 2696 1145 2749 illa
1187 2710 1279 2748 sua
1311 2693 1374 2748 N.
1407 2694 1469 2749 Τ.
1511 2693 1694 2750 Graeca
1727 2693 1841 2748 edi-

271 2776 412 2844 tione
439 2789 701 2843 distentus
723 2828 740 2855 ,
771 2805 888 2842 mox
940 2790 1222 2842 immaturo
1245 2788 1352 2841 fato
1384 2795 1678 2857 praereptus
1705 2785 1842 2840 hanc

269 2879 515 2949 Spartam
547 2878 666 2933 aliis
693 2878 983 2932 ornandam
1015 2877 1307 2946 reliquerit.
1345 2877 1411 2931 Et
1432 2891 1561 2932 sane
1583 2892 1702 2931 cum
1731 2891 1840 2930 ma-

261 2969 443 3038 jorum
467 2977 645 3036 :etate,
681 2969 838 3039 longe
863 2983 991 3023 vero
1017 2967 1247 3036 amplius
1271 2966 1371 3022 hac
1401 2977 1581 3021 nostra
1609 2967 1653 3022 is
1686 2965 1844 3020 fuerit

267 3057 596 3136 antiquitatis
624 3071 797 3123 amor,
831 3073 893 3112 ea
919 3055 1192 3111 hominum
1225 3055 1399 3110 studia
1443 3057 1495 3110 in
1525 3056 1842 3126 perquiren-

1942 1896 2046 1949 quc
2070 1882 2269 1951 redegi.
2295 1881 2348 1937 Si
2378 1883 2502 1952 quid
2531 1885 2581 1938 in
2617 1886 2764 1942 hisce
2793 1880 3225 1948 meditationibus
3257 1898 3454 1952 nostris
3482 1914 3516 1954 e

1943 1985 2001 2024 re
2030 1980 2116 2024 tua
2150 1986 2269 2026 esse
2301 1974 2596 2042 videbitur,
2659 1980 2824 2034 uteris
2877 1983 3096 2050 perinde
3137 2001 3199 2040 ac
3233 1991 3464 2057 propriis
3497 2007 3512 2044 :

1944 2061 2017 2114 tui
2047 2061 2186 2115 enim
2219 2066 2384 2117 solius
2414 2080 2572 2120 causa
2610 2068 2948 2137 digessimus.
2995 2074 3086 2128 Sin
3121 2076 3324 2142 minus,
3353 2081 3516 2133 silen-

1942 2150 2015 2203 tio
2044 2165 2275 2218 premes.
2325 2153 2404 2207 Me
2431 2155 2644 2224 quidem
2690 2159 2928 2227 lubente,
2963 2165 3053 2232 qui
3103 2168 3264 2220 sciam
3305 2170 3355 2222 in
3392 2172 3517 2226 trito

1941 2238 2064 2304 isto,
2105 2256 2443 2311 excussoque
2471 2247 2687 2313 pulvere
2717 2251 2800 2302 vix
2834 2267 2954 2306 csse
2986 2255 3134 2309 novis
3164 2260 3396 2328 vestigiis
3429 2263 3512 2316 lo-

1941 2344 2084 2397 cum,
2112 2342 2164 2386 et
2195 2336 2406 2388 nonnisi
2433 2351 2569 2402 rara,
2602 2351 2762 2408 atque
2784 2344 3044 2411 exquisita
3079 2359 3319 2415 spectare
3346 2366 3517 2406 sareu-

1943 2419 2051 2473 lum
2082 2422 2308 2491 ingeniis
2334 2423 2457 2496 felix
2498 2448 2508 2481 :
2538 2445 2653 2495 qua:
2695 2445 2794 2485 nos
2823 2433 3060 2500 profeeto
3093 2453 3266 2506 neque
3295 2456 3512 2509 sperare

1942 2513 2340 2584 nobismetipsis
2387 2519 2436 2570 in
2484 2521 2794 2573 tenuissimo
2865 2538 3064 2590 censu,
3117 2530 3285 2583 multo
3341 2535 3514 2588 minus

1943 2601 2197 2658 exhibere
2225 2605 2344 2659 aliis
2384 2622 2682 2676 possumus.
2717 2613 2820 2666 Sed
2848 2613 2957 2681 jatn
2984 2617 3046 2670 ad
3091 2621 3359 2688 proposita
3393 2638 3515 2691 pcr-

1942 2709 2150 2764 gamus.

2013 2785 2157 2839 lnter
2186 2787 2569 2856 celeberrima,
2617 2807 2722 2846 non
2763 2796 2933 2850 solum
2973 2798 3133 2852 Italiae
3161 2842 3175 2864 ,
3219 2802 3312 2856 sed
3358 2807 3519 2860 totius

1947 2876 2169 2945 Europa:
2208 2883 2553 2946 menasteria,
2589 2882 2715 2937 illud
2747 2885 2841 2940 fuit
2864 2904 3093 2956 semper.
3117 2903 3302 2960 estque
3330 2896 3519 2950 etiam-

1947 2981 2105 3031 nunc,
2146 2968 2283 3036 quod
2333 2971 2634 3025 Desiderius
2666 2973 3134 3044 Longobardorunt
3167 2998 3256 3035 rex
3298 2983 3346 3036 in
3379 2985 3520 3040 L'rbc

1948 3066 2123 3110 nostra
2157 3073 2184 3110 a
2216 3058 2576 3116 fundamentis
2607 3066 2887 3131 excitavit;
2911 3069 3025 3137 ejus
3056 3072 3281 3128 ecclesia
3322 3076 3518 3130 Serva-

267 3149 388 3215 dis.
417 3165 536 3219 qua:
568 3149 806 3204 latebant
841 3148 1067 3219 plurima
1089 3189 1104 3213 ,
1145 3159 1305 3217 atque
1335 3148 1626 3202 etiamnum
1655 3147 1840 3209 latent,
1869 3142 1912 3202 C
1949 3149 2046 3202 tori
2078 3149 2270 3204 dicata.
2297 3152 2546 3217 Quamvis
2576 3167 2757 3223 postea
2806 3158 2905 3212 hac
2935 3161 3074 3228 ipsa.
3124 3180 3226 3216 non
3270 3167 3515 3235 equidem

269 3255 370 3311 qua
398 3241 568 3296 sacris
587 3281 603 3306 ,
632 3256 733 3311 qua
764 3241 996 3310 profanis
1018 3247 1258 3294 veterum
1289 3239 1673 3304 monumentis,
1706 3249 1763 3292 ut.
1790 3238 1842 3292 in

267 3331 438 3386 lucem
492 3331 628 3384 hanc
675 3331 936 3400 publicam
983 3329 1235 3386 ell‘erreut
1278 3348 1291 3383 :
1330 3331 1522 3383 mirum
1555 3338 1843 3399 proritet-ca

266 3421 435 3476 videri
476 3421 661 3491 possit,
705 3421 941 3476 nondum
971 3421 1186 3476 illorum
1239 3436 1558 3489 quemquam
1604 3423 1840 3491 primaévi

267 3513 576 3582 interpretis
620 3513 924 3580 versionem
978 3512 1241 3583 integram
1293 3513 1622 3581 protulisse,
1673 3514 1843 3581 qualis

267 3597 390 3656 ante
418 3601 797 3672 Hieronymum
827 3601 1114 3657 ferebatur.
1156 3601 1286 3655 Nam
1333 3611 1525 3671 prmter
1552 3602 1840 3657 admirabi-

268 3689 532 3745 lemillum
551 3693 604 3744 in
628 3691 968 3745 describenda
997 3693 1312 3762 Evangelica
1329 3693 1548 3748 historia
1572 3703 1648 3749 tot
1673 3710 1842 3748 saecu-

268 3778 439 3834 lorum
463 3793 806 3847 consensum,
837 3780 966 3835 illud
987 3782 1145 3835 etiam
1178 3783 1400 3851 liqueret
1443 3787 1697 3848 fortasse,
1731 3803 1835 3840 non

267 3870 612 3926 satisattente
626 3871 952 3940 Hieronymi,
981 3881 1139 3940 atque
1163 3870 1442 3942 Augustini
1467 3877 1836 3929 auctoritatem

276 3978 467 4033 urgere
489 3962 705 4028 multos,
736 3964 825 4032 qui
848 3963 910 4016 N.
943 3961 1005 4016 Τ.
1039 3963 1256 4017 Latinas
1284 3964 1560 4019 versiones
1583 3965 1838 4032 plurimas

267 4055 395 4110 olim
421 4054 475 4110 in
506 4055 740 4110 Ecclesia
772 4054 936 4109 fuisse
961 4055 1311 4110 arbitrantur.
1355 4055 1502 4110 Adeo
1533 4055 1585 4110 in
1631 4058 1832 4125 paucis,

267 4142 567 4214 etquidem
599 4143 763 4198 verbo
811 4151 988 4208 tenus,
1020 4143 1273 4198 ditferunt
1322 4143 1460 4198 inter
1510 4161 1569 4199 se
1621 4145 1833 4199 codices

267 4235 615 4299 vetustiores;
647 4250 830 4295 unum,
882 4244 973 4288 aut
1002 4236 1225 4289 alterum
1271 4235 1314 4286 si
1353 4235 1555 4297 demas,
1585 4240 1719 4302 Quos
1743 4247 1834 4288 aut

265 4328 476 4383 licentia
529 4325 898 4395 privatarum.
953 4333 1044 4378 aut
1111 4322 1446 4394 ignorantia,
1516 4308 1831 4394 quandoque

262 4416 423 4473 etiam
481 4416 652 4485 pietas
709 4414 1007 4468 inconsulta
1055 4415 1204 4469 miris
1255 4413 1425 4468 modis
1475 4413 1828 4481 interpolavit.

1944 3237 2157 3293 deserta
2188 3243 2436 3307 omnino,
2468 3244 2561 3298 sed
2590 3246 2656 3299 ad
2684 3247 2905 3316 privata:
2931 3251 3151 3320 pietatis
3179 3255 3348 3309 officia
3373 3299 3386 3322 ,
3423 3273 3518 3313 an-

1943 3331 2128 3397 gustiis
2148 3372 2162 3395 ,
2192 3341 2248 3385 ut
2275 3344 2401 3400 puto
2421 3374 2435 3399 ,
2469 3344 2625 3404 atque
2656 3339 2839 3392 umbra
2873 3340 3098 3409 plurima
3141 3343 3520 3402 intercedenti-

1945 3419 2074 3484 bus,
2101 3422 2363 3488 seposita,
2410 3425 2754 3482 nobilissimae
2795 3429 3033 3499 Virgines
3060 3417 3322 3502 aptiorem
3355 3440 3515 3494 aliam

1942 3512 2109 3566 sacris
2141 3513 2402 3568 faciundis
2431 3520 2731 3584 erexerint,
2789 3531 3092 3593 sanctchue
3119 3527 3268 3583 Julia:
3299 3531 3513 3586 dicave-

1942 3603 2065 3657 rint.
2113 3603 2311 3657 Locum
2341 3604 2505 3666 hunc.
2537 3608 2582 3662 si
2612 3625 2767 3678 quem
2799 3613 2982 3678 alium,
3015 3632 3133 3670 cum
3170 3620 3307 3688 regis
3348 3621 3512 3684 illius,

1944 3701 2054 3746 tum
2092 3692 2384 3760 Cmsarum,
2423 3698 2510 3765 qui
2541 3713 2730 3755 everso
2771 3702 3237 3771 Longobardorutn
3269 3711 3511 3775 imperio.

1941 3781 2101 3836 rebus
2148 3795 2268 3837 sunt
2309 3788 2483 3853 potiti,
2544 3787 2851 3850 liberalitas.
2892 3801 3049 3860 atque
3079 3796 3401 3864 indulgentia
3443 3799 3511 3855 ad

1942 3879 2113 3925 tantas
2143 3887 2271 3941 opes
2301 3885 2611 3939 evexerant,
2646 3887 2701 3930 ut
2750 3879 2796 3931 in
2828 3880 3065 3947 pluribus
3095 3883 3257 3938 Italite
3301 3889 3512 3954 provin-

1939 3965 2038 4018 ciis
2067 3966 2389 4033 amplissima
2422 3969 2640 4036 prandia,
2681 3971 2820 4036 jura,
2875 3971 3052 4038 feuda,
3099 3979 3375 4045 ecclesias,
3422 3997 3513 4037 ea-

1939 4071 2162 4125 rumque
2190 4058 2484 4112 sacerdotia
2529 4061 2879 4127 possiderent.
2924 4066 3158 4131 Quorum
3183 4080 3356 4127 tamen
3387 4090 3510 4142 pars

1936 4145 2185 4211 maxima,
2224 4153 2279 4198 ut
2301 4156 2382 4200 est
2411 4149 2644 4202 conditio
2675 4165 2850 4206 rerum
2883 4153 3257 4227 humanarum,
3293 4165 3341 4215 in
3373 4167 3507 4220 alios

1937 4249 2055 4287 mox
2095 4246 2252 4305 atque
2293 4238 2426 4293 alios
2481 4239 2703 4309 dilapsa.
2754 4245 2932 4302 titulos
2983 4259 3182 4305 tantum
3233 4270 3295 4310 ac
3343 4257 3503 4312 (locu.

1935 4337 2108 4380 tnenta
2143 4337 2352 4384 veteres
2395 4331 2641 4389 dominos
2672 4335 2865 4391 habere
2892 4322 3080 4395 liussit.
3135 4344 3261 4398 Nam
3315 4362 3507 4413 pra:le

1932 4419 2234 4486 apographa
2285 4420 2538 4476 Desitlerii
2587 4433 2640 4478 et
2687 4427 2938 4498 Adelgisi,
2983 4445 3266 4500 supersttnt
3332 4439 3504 4495 adhtte

263 4506 415 4562 Adde
441 4504 693 4576 Cymeliis
738 4505 883 4560 hisce
928 4505 1074 4558 nullo
1103 4505 1208 4559 alio
1234 4505 1459 4558 consilio
1485 4506 1712 4575 prospici
1743 4520 1827 4560 se-
1854 4504 1906 4562 D
1929 4509 2253 4576 autographa
2301 4511 2413 4577 ipsa
2461 4522 2700 4568 veterum
2754 4519 3128 4585 imperatormn
3179 4527 3499 4598 diplo;nata,

262 4595 466 4661 Curius,
507 4606 562 4650 ut
589 4611 656 4651 ne
685 4603 943 4651 vetustate
971 4595 1289 4658 dilabantur,
1321 4604 1477 4664 quam
1498 4597 1541 4648 si
1575 4597 1712 4666 typis
1735 4611 1831 4650 ex-

264 4700 389 4740 cusa
420 4697 700 4740 versentur
729 4688 779 4738 in
810 4682 1055 4738 manilius
1084 4686 1355 4748 omnium;
1388 4699 1654 4753 nunquam
1680 4685 1829 4740 dein-

264 4789 390 4844 ceps
406 4775 509 4828 nisi
528 4789 650 4830 cum
675 4774 868 4829 litteris
895 4773 1028 4844 ipsis
1048 4774 1346 4827 interitura.
1371 4771 1666 4844 Utcumque
1685 4777 1826 4830 enim

263 4875 352 4924 aut
385 4857 440 4921 in
468 4865 680 4921 scriniis
710 4865 1064 4933 privatorum,
1099 4873 1192 4918 aut
1217 4863 1272 4918 in
1313 4863 1650 4919 bibliothecis
1677 4866 1825 4934 priu-

264 4955 440 5024 cipum
468 4955 874 5024 diligentissime
919 4956 1165 5018 servatis,
1194 4962 1491 5009 caractercs
1522 4965 1694 5009 tamen
1724 4957 1824 5025 ipsi

265 5045 390 5109 situ,
419 5045 597 5108 tineis,
631 5046 864 5113 pulvere,
905 5047 997 5099 sed
1027 5045 1284 5118 edacitate
1331 5045 1661 5114 potissimum
1692 5054 1826 5101 tem-

268 5135 410 5205 poris
451 5145 794 5190 evanescunt.
828 5136 906 5191 Ex
945 5151 1050 5206 quo
1081 5136 1139 5190 lit
1181 5147 1259 5201 ut,
1290 5152 1408 5205 qum
1436 5154 1561 5202 uno,
1591 5138 1825 5193 alterove

265 5219 462 5283 sazcnlo
503 5224 718 5294 elapsis,
751 5226 854 5296 legi
885 5244 989 5282 non
1019 5227 1350 5282 incommode
1391 5239 1653 5297 poterant,
1686 5240 1826 5284 nunc

267 5315 687 5388 liquescentibus
711 5313 868 5369 lineis
906 5316 1014 5381 vix,
1045 5333 1108 5372 ac
1155 5334 1222 5372 ne
1249 5318 1331 5372 vix
1362 5320 1572 5387 quidem
1622 5321 1826 5374 secerni

269 5417 483 5478 queant.
517 5405 666 5472 Quod
701 5405 934 5474 proiecto
980 5407 1031 5461 in
1061 5408 1161 5462 hoc
1189 5417 1369 5462 nostro
1400 5408 1593 5463 factum
1623 5409 1702 5486 iri.
1726 5410 1825 5463 ali-

271 5503 484 5569 quando
512 5516 616 5557 non
659 5500 863 5556 dubito.
896 5499 1104 5555 Alicubi
1135 5503 1300 5566 enim,
1329 5502 1381 5556 in
1423 5502 1580 5557 Luca:
1608 5518 1831 5572 praeser-

273 5593 384 5656 tim,
402 5607 630 5660 purpura
651 5592 740 5644 illa
762 5591 814 5645 in
836 5589 1388 5658 cmruleum,eumque
1408 5607 1629 5660 Opacutn
1661 5602 1830 5646 trans-

274 5693 455 5751 eunte,
478 5683 681 5755 glutine
708 5698 836 5738 vero
861 5691 1135 5754 argenteo,
1163 5695 1265 5751 quo
1278 5680 1355 5735 liti
1385 5681 1593 5739 fuerant
1615 5681 1832 5738 charac-

1936 4599 2126 4666 quibus
2155 4611 2360 4670 neptes,
2383 4603 2537 4669 tilias,
2572 4620 2786 4661 sorores
2817 4609 2923 4662 Deo
2946 4613 3014 4666 ibi
3043 4627 3274 4671 sacratas
3299 4622 3500 4676 benefi~

1935 4687 2031 4740 ciis
2059 4689 2362 4758 ingentibus
2401 4703 2521 4746 sunt
2556 4700 2840 4762 prosecuti.
2893 4700 3026 4754 Tum
3062 4706 3499 4777 subsequentium

1933 4775 2200 4832 Caesarum
2223 4820 2236 4844 ,
2267 4781 2424 4834 etiam
2457 4783 2791 4839 invictissimi
2831 4789 3050 4859 Augusti
3078 4775 3256 4852 (Zaroli
3307 4803 3370 4858 γι
3419 4823 3504 4862 re—

1931 4880 2162 4964 gumque
2191 4868 2456 4964 ilispaiiire
2489 4875 2769 4941 rescripta,
2799 4879 2992 4945 quibus
3018 4895 3200 4940 earum
3225 4892 3499 4964 privilegia

1933 4959 1983 5010 in
2012 4957 2211 5013 ditione
2237 4958 2614 5017 Mediolanensi
2649 4964 2941 5024 firmantur.
2975 4973 3178 5030 Caetera
3209 4983 3349 5035 enim
3377 4957 3495 5039 uin-

1933 5046 2014 5100 nia
2038 5047 2288 5116 majestas
2311 5051 2562 5121 principis
2586 5055 2749 5108 nostri
2777 5057 2825 5110 in
2851 5061 3066 5116 tutelam
3084 5067 3496 5128 clementissime

1931 5137 2146 5205 recepit.
2181 5137 2425 5191 Veterum
2450 5149 2705 5208 pratterea
2736 5147 3160 5207 membranarum
3193 5158 3374 5226 ingens
3402 5177 3491 5216 co-

1933 5227 2047 5295 pia,
2099 5227 2151 5280 in
2195 5229 2384 5296 quibus
2429 5229 2648 5285 donaria
2695 5235 3056 5305 privatorum,
3109 5247 3490 5320 emphiteuses,

1931 5318 2248 5385 emptiones,
2297 5320 2660 5387 venditiones;
2711 5338 2902 5382 cetera
2944 5331 3155 5388 demum
3184 5339 3248 5390 ad
3276 5318 3496 5410 amplis-

1931 5411 2049 5463 simi
2082 5411 2182 5464 loci
2212 5411 2442 5466 rationes
2464 5414 2776 5480 pertinentia
2808 5436 2820 5470 :
2853 5428 2959 5474 tum
2990 5439 3107 5491 qua:
3128 5443 3321 5496 mores,
3352 5446 3495 5505 acta,

1935 5499 2107 5568 leges,
2149 5499 2344 5568 judicia
2389 5501 2596 5554 illorum
2646 5512 2967 5572 temporum,
3019 5518 3313 5576 prmsertirn
3369 5499 3496 5583 νει-ὁ

1937 5591 2192 5659 glassaria
2240 5591 2476 5644 barbarae
2522 5591 2798 5647 Iatinitatis
2827 5612 3023 5665 augere
3066 5603 3344 5669 plurimum
3371 5631 3496 5682 pos-

1938 5681 2062 5736 sint.
2100 5679 2166 5734 Et
2192 5680 2388 5734 utinam
2420 5680 2750 5738 documentis
2775 5685 2914 5749 aliis,
2949 5704 3066 5758 qua:
3093 5694 3197 5752 illic
3224 5679 3502 5771 superesse
