3902 6444
340 368 408 423 15
780 312 785 318 ’
1683 312 2046 413 PROLEGOM
2055 358 2211 414 ENA.
3402 408 3403 411 η
3524 361 3590 415 16

342 482 659 542 debuerant,
702 478 869 533 series
898 484 977 531 tot
1012 472 1354 539 saeculorum,
1378 473 1656 542 scriptura:
1685 469 1916 527 diftlcul-

345 578 448 636 tas,
481 584 658 623 rerum
692 565 974 636 ignoratio,
1006 578 1069 619 ac
1096 562 1325 618 subinde
1355 562 1649 632 neglectus,
1681 560 1918 614 omnium

342 675 473 715 vero
500 660 728 712 maxime
757 657 1107 712 deliramenta
1150 669 1401 709 manuum
1432 652 1719 708 otiosarum
1747 666 1815 707 ne
1840 651 1919 705 in-

345 748 737 813 terceSsissent,
767 748 1053 819 quominus
1093 746 1268 801 adhuc
1295 746 1557 807 viverent,
1587 754 1641 800 et
1660 744 1917 812 vigerent.

343 844 448 899 Sed
478 851 595 897 acta
620 857 706 897 res
729 850 810 895 est
840 858 853 892 :
882 854 982 894 nec
1009 839 1219 893 eineres
1246 837 1376 891 istos
1401 851 1614 891 movere
1637 834 1747 903 jam
1776 835 1919 888 licet.

344 934 457 1003 Ego
490 932 701 985 illorum
739 945 843 984 non
877 942 1069 998 pauca,
1101 942 1167 981 ne
1198 926 1461 980 fortunam
1490 924 1734 980 eamdem
1775 922 1920 975 subi-

345 1034 465 1079 rent
497 1038 613 1076 mea
641 1037 802 1075 manu
832 1020 1123 1088 descripta,
1152 1017 1203 1070 in
1236 1016 1553 1072 Adversaria
1589 1014 1872 1069 retuleram
1907 1028 1920 1063 :

345 1114 589 1169 cditmns
615 1109 923 1179 aliquando,
948 1110 991 1161 si
1015 1110 1143 1172 vita,
1170 1108 1421 1176 viresque
1444 1113 1811 1173 superessent.
1846 1103 1926 1157 Li-

340 1214 428 1261 cet
455 1216 635 1274 postea
663 1218 806 1257 curm
838 1201 980 1265 aliae,
1026 1215 1160 1254 nova
1194 1198 1389 1260 studia,
1426 1207 1479 1253 et
1516 1198 1688 1250 luxata
1731 1196 1783 1249 in
1810 1194 1926 1249 dies

343 1297 616 1361 valetudo,
639 1311 757 1364 qua:
786 1310 873 1348 me
903 1309 1052 1362 spent
1086 1302 1228 1347 vetat
1255 1290 1507 1345 inchoare
1529 1291 1760 1358 longam,
1791 1306 1924 1356 pra:—

349 1388 505 1440 torita
532 1385 754 1439 consilia
784 1384 1207 1443 iuterverterint,
1243 1381 1687 1449 excusserinlque
1714 1380 1778 1433 de
1809 1396 1921 1432 ma-

347 1483 521 1537 nibus.
555 1480 661 1535 Sed
691 1488 747 1532 ut
772 1479 973 1531 adrem
1006 1486 1244 1529 nostram
1273 1475 1510 1536 redeam,
1542 1474 1679 1527 inter
1706 1490 1795 1539 pra
1820 1473 1922 1525 fata

343 1577 684 1627 monumenta
723 1567 935 1636 jacebat
963 1566 1134 1621 codex
1172 1575 1459 1633 argenteus
1489 1563 1922 1630 Evangelinrnm,

342 1678 499 1733 quem
527 1660 757 1729 virgines
792 1658 893 1712 illa:
936 1656 1257 1711 breviarium
1300 1657 1459 1708 Ansze
1502 1653 1697 1721 regina:
1742 1652 1927 1719 appel-

348 1755 464 1810 lare
486 1753 749 1808 solebant.
783 1749 933 1803 Hunc
956 1747 1083 1801 mihi
1108 1746 1471 1800 aconsobrina
1500 1758 1614 1798 mea
1647 1751 1772 1796 tunc
1794 1749 1928 1796 tem-

2023 480 2080 527 et
2102 472 2385 541 tetraplnm
2419 471 2569 538 illud,
2601 469 2741 542 quod
2772 472 2824 527 in
2854 482 3097 530 extremo
3130 474 3294 531 limbo
3332 476 3591 545 cujusque

2023 562 2230 633 pagina:
2275 563 2530 629 cernitur,
2572 572 2828 635 argenteo
2870 565 3098 635 quodam
3151 567 3425 637 pigmento
3466 575 3593 623 sunt

2025 650 2102 704 liti
2134 668 2147 703 :
2176 650 2326 719 cujus
2367 659 2544 707 tamen
2576 652 2724 708 color
2752 652 2932 708 multis
2962 654 3012 708 in
3042 654 3171 710 locis
3212 658 3471 713 evanidus
3495 673 3592 712 au—

2023 757 2170 797 reum
2192 744 2426 809 simulat,
2456 743 2695 814 fallitque
2724 746 2823 799 nisi
2851 750 3053 801 attente
3080 747 3410 815 inspiciatur.
3435 748 3589 805 Unde

2022 844 2079 890 et
2102 850 2200 889 nos
2226 835 2351 889 olim
2383 836 2621 890 codicem
2653 851 2869 890 aureum
2894 838 3237 893 vocabamus.
3259 838 3593 908 Pigmentum

2022 926 2153 981 illud
2184 927 2343 980 modo
2385 928 2544 993 laeve,
2589 943 2728 982 nunc
2767 943 3049 994 crassum,
3094 930 3450 1001 scabrumque
3487 942 3589 987 εει.

2022 1015 2154 1071 Sive
2184 1016 2285 1070 hoc
2313 1016 2522 1071 diversa
2546 1018 2962 1073 illuminatorum
2992 1035 3210 1085 manus,
3252 1035 3345 1075 seu
3376 1023 3594 1077 materia

2026 1108 2136 1176 ipsa
2158 1146 2174 1171 ,
2212 1117 2302 1161 aut
2338 1106 2551 1161 demum
2584 1108 2849 1176 pennicilli
2890 1110 3258 1177 praestiterint.
3288 1108 3590 1187 Utcumque

2025 1198 2167 1249 enim
2211 1197 2402 1265 pennis
2444 1197 2619 1250 avium
2663 1196 2962 1266 descriptos
3002 1198 3165 1253 fuisse
3202 1198 3414 1254 codices
3466 1201 3599 1255 istos

2025 1301 2237 1347 aureos.
2286 1293 2671 1354 argentcOSque
2701 1286 2923 1340 iunucrc
2955 1288 3197 1341 videatur
3220 1302 3379 1357 supra
3416 1288 3597 1343 lauda-

2026 1385 2111 1431 tus
2137 1376 2476 1431 Mahillonius
2505 1376 2811 1447 (Supplevit.
2844 1376 2912 1427 ad
2940 1378 3305 1443 remDiplom.
3339 1396 3458 1447 pug.
3484 1376 3599 1443 51),

2028 1466 2321 1521 hoctamen
2342 1465 2410 1520 de
2433 1468 2619 1535 prima,
2654 1477 2708 1518 ut
2731 1467 2799 1518 ita
2830 1465 3083 1533 dixerim,
3106 1483 3265 1547 manu
3294 1467 3599 1537 intelligen-

2028 1556 2154 1609 dum
2205 1557 2477 1609 existimo.
2522 1556 2739 1609 Certum
2788 1556 2929 1609 enim
2968 1565 3052 1610 est
3095 1573 3123 1611 a
3157 1558 3387 1612 librariis
3416 1558 3605 1613 ductos

2032 1644 2257 1711 primum
2290 1655 2588 1698 atramento
2608 1653 2930 1709 caracleres,
2959 1660 3078 1699 mox
3109 1646 3178 1701 ab
3221 1648 3595 1701 illuminatori-

2032 1735 2130 1788 bus
2169 1750 2327 1796 aurea
2360 1736 2469 1799 illa,
2498 1743 2589 1789 aut
2634 1744 2882 1804 argentea
2927 1737 3161 1793 mixtura
3206 1752 3445 1805 ornatos,
3478 1757 3599 1810 qua:

346 1844 492 1913 poris
511 1842 776 1894 abbatissa
798 1838 1034 1891 oblatum
1058 1849 1176 1889 cum
1200 1833 1474 1894 vidissem,
1519 1840 1676 1900 atque
1696 1848 1725 1885 e
1748 1832 1928 1885 limine
1964 1832 2006 1890 Β
2034 1827 2272 1895 profecto
2311 1827 2499 1894 pennis
2532 1825 2679 1881 reddi
2709 1842 2811 1881 non
2844 1838 3071 1897 poterat.
3101 1831 3175 1885 lta
3207 1835 3378 1901 spissa
3404 1843 3485 1887 est
3505 1833 3604 1887 ali-

349 1942 555 1989 tantum
583 1930 922 1989 salutassem,
957 1924 1282 1979 membranis
1309 1924 1428 1977 aliis
1458 1923 1715 1987 intentus,
1746 1922 1928 1991 impc-

348 2026 481 2081 travi
525 2030 708 2094 postea
743 2038 756 2076 :
790 2030 897 2075 tum
925 2026 983 2073 ut
1022 2018 1386 2088 supradictum
1426 2017 1697 2083 specimen
1750 2016 1927 2072 mitte-

349 2132 465 2172 rem
491 2125 679 2184 patruo
700 2122 809 2175 tuo,
837 2112 950 2179 qui,
982 2124 1231 2179 purpura:
1254 2108 1477 2175 insignia
1502 2106 1927 2162 eminentissimo

346 2207 538 2263 Joanni
568 2204 857 2260 Franciseo
876 2202 1171 2256 Barbadico
1196 2214 1316 2254 cum
1342 2198 1639 2263 detulisset,
1666 2199 1813 2252 illum
1841 2214 1929 2252 n0-

344 2299 574 2361 hiscnm,
603 2296 689 2365 qui
719 2295 766 2348 ei
798 2294 1044 2352 comites,
1072 2293 1293 2346 honoris
1326 2306 1528 2355 causa,
1560 2290 1627 2342 ah
1656 2290 1929 2343 Immanis-

347 2390 486 2445 simo
509 2388 749 2454 principe
772 2386 1130 2447 datieranun,
1155 2390 1212 2436 et
1234 2384 1558 2451 inspexerat,
1577 2395 1625 2435 el
1653 2382 1925 2437 eharartc-

348 2494 439 2534 res
464 2478 721 2546 excipere
758 2482 1055 2529 tentaverat
1081 2490 1094 2527 :
1126 2484 1233 2526 tum
1264 2472 1425 2526 etiam
1472 2481 1528 2525 ut
1557 2472 1741 2526 eadem
1774 2486 1929 2526 oeca-

355 2570 508 2623 sione
531 2566 891 2636 expenderem
921 2564 1193 2625 attentius,
1229 2572 1387 2631 atque
1417 2576 1517 2614 una
1548 2560 1812 2614 variantes
1838 2576 1925 2615 ex~

353 2674 630 2728 cerpercm
666 2674 678 2709 :
710 2671 844 2725 quas
866 2653 997 2707 mihi
1022 2651 1307 2720 aliquando
1332 2650 1446 2704 usui
1478 2650 1679 2703 futuras
1707 2667 1810 2703 non
1835 2650 1932 2709 du-

350 2752 581 2804 bitabam
602 2789 617 2814 ,
650 2749 773 2803 licet
812 2760 973 2808 nunc,
998 2744 1158 2799 etiam
1183 2758 1341 2811 supra
1364 2757 1521 2812 quam
1552 2741 1791 2795 mihimet
1816 2742 1931 2809 ipse

350 2840 764 2911 spoponderam,
813 2852 911 2893 usu
956 2836 1007 2890 id
1050 2836 1289 2905 profecto
1330 2836 1589 2903 ampliore
1619 2836 1928 2905 contigerit.

355 2932 465 2986 Illis
508 2929 649 2985 enim
678 2929 823 2985 curis
850 2927 984 2983 meis
1023 2938 1075 2981 et
1116 2926 1410 2980 amicitiam
1445 2935 1585 2978 tuam
1634 2924 1803 2979 debeo
1832 2942 1844 2977 :
1877 2934 1933 2979 et

360 3030 710 3077 monumento
740 3020 896 3088 longe
943 3017 1301 3087 pulcherrimo
1322 3058 1335 3082 ,
1378 3033 1536 3087 quam
1568 3032 1597 3070 a
1629 3032 1714 3072 me
1756 3016 1931 3071 adhuc

348 3113 572 3167 fortasse
603 3110 1021 3180 praestolaretur,
1056 3118 1291 3176 paratam
1320 3105 1651 3161 felicioribus
1676 3108 1929 3175 auspiciis

348 3204 546 3269 lucem,
573 3211 730 3271 atque
753 3199 1130 3255 aeternitatem.

417 3293 671 3349 Codicem
697 3290 877 3351 istmn,
898 3287 963 3342 ad
996 3286 1109 3341 haec
1131 3300 1297 3355 usque
1319 3294 1584 3354 tempora,
1614 3286 1920 3340 criticorum

351 3397 627 3437 sacrorum
678 3379 878 3433 nemini
922 3378 1220 3445 inspectum
1258 3376 1452 3440 fuisse,
1496 3385 1644 3430 certe
1696 3390 1725 3428 ει
1780 3375 1927 3429 nullo

355 3472 544 3527 studiis
571 3470 889 3531 adhibitum,
919 3467 1046 3521 illud
1073 3474 1388 3535 argumento
1415 3480 1534 3519 esse
1560 3473 1754 3533 potest,
1786 3464 1925 3533 quod

355 3565 499 3618 inter
527 3571 604 3617 tot
622 3562 753 3615 alios
776 3562 844 3614 ab
874 3560 939 3614 iis
967 3559 1310 3623 memoratos,
1344 3557 1483 3612 unde
1509 3557 1772 3611 variantes
1801 3554 1930 3609 hau-

356 3662 567 3716 serunt,
596 3668 660 3705 ne
701 3644 879 3705 unum
910 3648 1123 3719 quidem
1164 3648 1372 3713 videas,
1414 3646 1503 3717 qui
1543 3648 1772 3715 aliquant
1808 3646 1931 3701 inde

360 3742 678 3815 protulerit.
708 3738 896 3804 Solus,
935 3738 1072 3807 quod
1114 3740 1279 3791 sciam
1302 3777 1318 3805 ,
1352 3736 1547 3791 Paulus
1594 3735 1927 3801 Galleardus,

358 3837 431 3892 cl.
459 3834 692 3891 concivis
711 3828 861 3887 meus
893 3843 1050 3883 unam
1087 3836 1143 3882 et
1162 3828 1387 3881 alteram
1416 3826 1570 3881 nobis
1612 3825 1853 3881 exhibuit
1879 3828 1930 3881 in

358 3924 753 3995 elegantissima
801 3919 1037 3975 editione
1093 3916 1324 3986 Operum
1380 3915 1714 3971 Gandentii:
1773 3933 1931 3987 quam

362 4015 598 4084 profecto
627 4014 918 4068 auctiorem
981 4007 1190 4070 multo,
1240 4007 1770 4076 pnestantioremque
1817 4019 1934 4062 erat

364 4104 519 4159 nobis
551 4102 791 4167 daturus,
823 4100 868 4153 si
906 4114 1013 4153 non
1042 4097 1220 4151 alieno
1267 4094 1489 4149 arbitrio
1526 4095 1621 4159 uti,
1656 4094 1749 4148 sed
1796 4110 1928 4163 suo,

364 4194 526 4250 edere
553 4207 684 4258 opus
708 4190 1004 4261 egregium,
1036 4202 1140 4243 non
1170 4186 1425 4242 festinare
1452 4186 1743 4242 debuisset.

437 4280 771 4337 Mahillonius
801 4281 916 4347 ipse
946 4280 997 4332 in
1026 4280 1235 4344 itinere,
1266 4276 1409 4346 quod
1435 4291 1529 4347 per
1547 4276 1751 4331 Italiam
1785 4277 1936 4332 insti-

368 4376 487 4437 tuit,
529 4386 651 4426 cum
695 4369 928 4422 Brixiam
976 4367 1249 4427 inviseret,
1300 4380 1487 4418 omnes
1535 4365 1694 4420 hasce
1743 4369 1934 4421 vetusti

368 4465 467 4520 ςενί
513 4458 764 4529 reliquias
813 4457 948 4511 clam
1006 4455 1241 4519 habuit;
1282 4454 1493 4508 nemine
1538 4469 1568 4508 e
1611 4456 1935 4511 nostratibus

2028 1915 2172 1982 cubi,
2200 1931 2260 1970 ac
2286 1917 2591 1985 prominens
2619 1934 2649 1971 e
2677 1919 3023 1987 membranis,
3040 1922 3308 1992 prateipue
3331 1924 3383 1978 in
3408 1922 3604 1990 Maron;

2030 2008 2081 2062 in
2112 2023 2217 2077 quo
2254 2017 2307 2063 et
2348 2025 2582 2063 muscam
2610 2011 2815 2079 glutine
2861 2011 2953 2065 illo
3008 2014 3385 2081 circumlitam,
3444 2024 3607 2085 atque

2030 2099 2297 2152 inretitam
2351 2098 2525 2154 adlme
2573 2099 2829 2169 integram
2884 2103 3203 2157 invenimus.
3261 2104 3413 2159 Unde
3478 2106 3606 2158 olim

2025 2187 2379 2258 conjcceratn,
2410 2189 2659 2242 Codicem
2690 2188 2830 2243 hunc
2856 2201 3043 2246 testate
3073 2194 3377 2248 absolutum
3408 2194 3597 2248 fuisse.

2028 2281 2177 2337 Tunc
2198 2281 2341 2337 enim
2376 2281 2579 2336 facilius
2623 2293 2899 2337 arescente
2930 2284 3154 2353 pictura,
3189 2286 3279 2340 ubi
3318 2286 3595 2342 adversam

2030 2375 2269 2444 paginam
2317 2373 2673 2428 absolvissent
2715 2389 2915 2445 operte,
2947 2390 3226 2444 aversam,
3285 2395 3390 2433 non
3443 2380 3609 2434 multo

2030 2465 2286 2533 temporis
2301 2463 2602 2528 interVallo,
2622 2473 2829 2518 tentare
2847 2475 3111 2533 poterant.
3135 2468 3249 2520 Dixi
3265 2468 3607 2525 characteres

2030 2554 2328 2607 atramento
2369 2552 2598 2622 simplici
2640 2552 2885 2622 primitus
2912 2552 3136 2617 doetus;
3165 2556 3306 2623 quod
3368 2556 3608 2624 pluribus

2030 2644 2085 2699 in
2126 2642 2257 2699 locis
2291 2641 2686 2698 evidentissitne
2706 2643 2924 2713 colligas
2949 2661 2960 2697 :
2986 2643 3034 2697 in
3084 2643 3239 2699 Luca:
3281 2646 3606 2715 praiscrtim,

2030 2747 2095 2790 ac
2114 2732 2332 2789 Joannis
2354 2732 2525 2798 initio,
2550 2733 2637 2787 ubi
2667 2731 2989 2801 pigmentum
3020 2734 3148 2787 illud
3174 2735 3435 2801 dilapsum
3463 2728 3565 2790 est.

2102 2825 2257 2879 Initio
2284 2825 2568 2893 cujuslibet
2597 2823 2867 2892 Evangelii
2899 2822 3083 2892 prima:
3120 2824 3273 2880 linere
3303 2827 3418 2880 auri
3452 2827 3605 2882 brac-

2030 2916 2185 2971 teolis
2226 2924 2349 2968 sunt
2396 2914 2661 2978 obductas,
2722 2915 2861 2983 quod
2908 2916 3199 2968 etiamnum
3246 2912 3604 2984 splendidum,

2026 3007 2391 3073 intactumque
2444 3013 2545 3060 est.
2589 3004 2765 3059 Linczr
2799 3021 2989 3061 clunes
3033 3007 3173 3076 ston
3223 3020 3498 3076 exaralm,
3551 3020 3609 3065 ut
3672 3041 3679 3049 ε

2030 3110 2142 3159 eas,
2166 3096 2218 3147 in
2242 3094 2617 3160 describenda,
2657 3095 2985 3162 antiquarius
3009 3087 3343 3164 sequeretur.
3377 3100 3607 3157 Charac-

1957 3189 2001 3249 C
2036 3195 2178 3241 teres
2218 3184 2578 3254 magnitudine
2604 3186 2834 3255 aequales
2861 3206 2873 3240 ;
2907 3186 3007 3239 nisi
3029 3187 3166 3253 quod
3194 3188 3258 3239 ad
3289 3188 3604 3259 insigniores

2032 3274 2305 3344 pericopas
2352 3274 2545 3343 quibus
2596 3281 2656 3327 ut
2704 3274 2991 3342 plurimum
3054 3274 3107 3328 in
3162 3277 3294 3331 laevo
3370 3281 3608 3349 margine

2032 3367 2191 3420 lectio
2234 3368 2537 3435 apponitur,
2580 3366 2812 3433 majores
2859 3366 3198 3422 adhibentur.
3248 3370 3315 3423 Et
3348 3384 3605 3439 econtra,

2030 3460 2073 3513 si
2102 3458 2227 3529 quid
2255 3460 2307 3512 in
2333 3459 2437 3512 fine
2464 3459 2620 3511 linem
2649 3457 2949 3512 addendum
3009 3471 3307 3527 supererat,
3342 3464 3610 3518 minuscu-

2032 3550 2095 3605 lis
2139 3550 2417 3619 supplebat
2468 3547 2741 3603 lihrarius.
2779 3549 2933 3614 Quod
2982 3549 3046 3602 ad
3093 3551 3306 3604 illormn
3363 3554 3604 3610 ordinent

2030 3650 2265 3711 spectat,
2318 3640 2449 3695 nihil
2501 3640 2693 3697 addam
2734 3641 2787 3694 in
2832 3656 3104 3709 prasens:
3151 3658 3271 3697 eum
3326 3646 3599 3714 specimen

2032 3731 2203 3800 ipsum
2233 3731 2428 3785 seriem
2458 3719 2787 3794 continuam.
2820 3740 3252 3804 structuramque
3271 3750 3301 3789 a
3337 3738 3607 3795 veteribus

2034 3828 2313 3891 usurpatas
2337 3836 2443 3890 pra:
2464 3821 2632 3876 oculis
2660 3832 2839 3891 ponat.

2103 3912 2331 3976 Alieubi,
2362 3927 2483 3967 raro
2522 3922 2718 3976 tamen,
2769 3912 2820 3965 in
2845 3928 3001 3966 unam
3041 3914 3161 3967 dna:
3190 3916 3378 3970 litterre
3404 3918 3601 3974 coales-

2034 4011 2191 4056 cunt:
2223 4009 2305 4056 ast
2341 4016 2551 4070 semper
2578 4002 2631 4054 in
2677 4003 2781 4055 line
2832 4002 3002 4055 linem.
3035 4002 3215 4072 Neque
3253 4006 3408 4061 aliter
3446 4024 3606 4077 quam

2035 4092 2107 4159 Ν,
2153 4103 2241 4147 aut
2287 4091 2327 4145 γ
2375 4091 2716 4161 superaddite
2766 4091 3039 4161 longurio,
3093 4104 3149 4146 ut
3178 4094 3219 4146 Τ
3251 4112 3389 4161 uno,
3444 4108 3606 4167 atque

2036 4186 2224 4242 eodem
2278 4196 2447 4243 tractu
2473 4185 2794 4255 exprimeret
2816 4184 3084 4240 librarius.
3116 4187 3282 4252 Quam
3309 4188 3604 4246 litterarum

2036 4280 2543 4347 magmentatinnem
2588 4277 2831 4333 licentius
2867 4278 3036 4332 multo
3073 4281 3401 4348 usurpabant
3438 4284 3487 4335 in
3519 4299 3607 4338 ve-

2038 4370 2195 4425 tustis
2224 4368 2482 4439 lapidibus
2520 4368 2861 4440 quadratarii.
2893 4368 3006 4422 Non
3044 4368 3188 4423 enim
3224 4368 3274 4422 in
3318 4370 3424 4424 fine
3450 4371 3606 4428 linea:

2039 4467 2262 4520 tantum,
2304 4458 2398 4513 sed
2443 4458 2632 4514 mediis
2672 4459 2852 4525 etiarn,
2895 4474 3067 4530 neque
3116 4458 3217 4514 hoc
3260 4462 3426 4515 semel
3477 4462 3607 4518 illud

367 4555 535 4609 facem
585 4546 919 4620 praeferente.
965 4545 1043 4598 De
1092 4559 1201 4613 quo
1252 4543 1495 4611 equidem
1546 4543 1689 4597 inter
1735 4544 2210 4615 amicosDipsum
2235 4546 2412 4601 videas
2438 4550 2769 4617 prmstitisse.

370 4659 514 4714 saepe
532 4656 676 4695 erant
704 4645 963 4707 questus;
1014 4634 1154 4703 quod
1184 4649 1287 4687 non
1339 4634 1434 4687 has
1471 4635 1650 4696 etiam,
1676 4649 1777 4688 una
1817 4649 1937 4689 etim

367 4744 450 4789 tot
478 4732 595 4785 aliis
634 4726 841 4781 urbium
874 4724 1286 4779 clarissimarum
1306 4763 1320 4785 ,
1355 4722 1741 4778 immortalibus
1768 4726 1939 4794 scrip-

370 4823 442 4878 tis
478 4818 900 4875 commendasset
946 4814 1270 4885 posteritati.
1299 4811 1495 4866 Verum
1543 4826 1682 4867 ilune
1726 4814 1939 4868 tandem

369 4910 581 4980 egregie
609 4917 785 4961 actum
817 4906 1093 4960 nobiseum
1122 4903 1298 4967 video,
1327 4918 1394 4955 ne
1417 4918 1629 4956 omnem
1656 4902 1943 4972 antiquita-

366 5011 479 5057 tum
509 5007 805 5053 nostrarum
838 4997 1147 5049 memoriam
1178 4995 1493 5050 deberemus
1532 4997 1765 5050 externis
1793 4994 1941 5067 inge-

371 5092 473 5146 niis
505 5106 518 5143 :
550 5097 626 5153 et,
649 5099 807 5154 quam
829 5084 882 5137 in
915 5098 1021 5138 uno
1049 5082 1285 5137 Matthaei
1314 5092 1461 5139 textu
1486 5084 1552 5138 ab
1581 5085 1766 5140 altrice
1797 5084 1941 5142 litte-

370 5192 555 5234 rarum
609 5183 769 5241 atque
810 5173 1001 5227 artium
1047 5170 1221 5225 Gallia
1272 5172 1398 5227 olim
1447 5176 1769 5245 accepimus,
1803 5177 1939 5231 hanc

368 5268 444 5324 illi
476 5266 619 5321 Italia
649 5271 854 5327 nostra,
884 5260 1172 5331 etquidem
1194 5275 1315 5317 cum
1345 5262 1549 5319 foenore
1578 5273 1630 5319 ut
1653 5264 1937 5336 aliquando

368 5358 595 5430 gratiam
626 5352 908 5423 rependat.

442 5449 638 5503 Forma
682 5443 913 5506 codicis‘,
964 5442 1193 5513 oblonga
1241 5453 1322 5499 est
1360 5445 1461 5512 ita,
1506 5455 1563 5501 ut
1602 5447 1935 5505 latitudinem

368 5545 535 5597 ferme
558 5538 853 5610 quadrante
878 5545 1115 5601 superet.
1140 5536 1266 5603 Ejus
1293 5539 1635 5607 membranae,
1666 5541 1788 5596 licet
1812 5558 1939 5611 pur-

371 5644 501 5698 pura
530 5630 706 5682 tincta:
744 5624 960 5689 fuerint,
992 5624 1229 5692 plurimae
1271 5636 1444 5680 tamen
1494 5637 1755 5684 vetustate
1804 5640 1938 5684 tem-

371 5716 517 5789 poris
544 5717 757 5772 elcrulei
779 5716 1006 5785 speciem
1033 5732 1140 5787 pra:
1162 5731 1221 5771 se
1249 5716 1442 5771 fet-unt.
1462 5719 1831 5789 Charactercs,
1863 5724 1937 5778 uti

2110 4634 2251 4689 Nihil
2299 4645 2473 4690 autem
2504 4638 2830 4707 frequentius
2868 4640 2919 4695 in
2950 4642 3132 4700 codice
3179 4643 3283 4698 isto
3322 4660 3478 4713 quam
3524 4646 3609 4699 Iit-

2041 4731 2270 4778 terarum
2323 4729 2660 4791 permutatio.
2712 4727 2755 4780 Ο
2793 4744 2886 4796 pro
2913 4728 2975 4795 V,
3024 4731 3067 4783 Τ
3113 4747 3211 4800 pro
3262 4734 3323 4798 D,
3373 4734 3465 4789 sed
3500 4752 3611 4804 [ll‘iU

2038 4814 2246 4868 cmtcris
2276 4816 2313 4867 Β
2342 4831 2436 4882 pro
2464 4815 2523 4879 V,
2554 4826 2605 4869 et
2629 4816 2741 4871 vice
2763 4833 2913 4870 versa
2945 4824 3231 4887 usurpatis.
3263 4825 3411 4887 Quod
3438 4827 3607 4893 impco

2039 4904 2157 4979 ritis
2179 4904 2428 4961 harumce
2457 4921 2632 4961 rerum
2673 4921 2882 4961 crucem
2908 4911 3067 4976 tigore
3088 4912 3373 4978 aliquando
3405 4926 3607 4980 posset.

2040 4994 2170 5049 Cum
2195 5012 2298 5048 non
2329 4996 2494 5050 semel
2520 5011 2709 5051 sensus
2745 4998 2857 5065 ipse
2885 4999 3166 5053 verborum
3197 5000 3388 5053 inverti
3432 5002 3629 5062 videa-.

2038 5092 2151 5139 tur:
2186 5087 2453 5154 prseterito
2478 5088 2529 5139 in
2554 5086 2783 5140 futurum
2812 5095 3052 5156 tempus,
3083 5088 3183 5143 hoc
3210 5090 3262 5143 in
3292 5090 3423 5145 illud
3461 5108 3609 5159 samo

2040 5173 2457 5229 transeuntibus.
2479 5174 2581 5228 Sed
2614 5190 2699 5228 res
2727 5184 2809 5228 est
2834 5190 2953 5228 cum
2974 5176 3196 5232 eruditis
3215 5220 3228 5244 ,
3259 5182 3450 5250 quibus
3478 5181 3607 5235 nihil

2038 5264 2091 5318 in
2120 5264 2351 5332 antiquis
2375 5264 2521 5317 hisee
2550 5265 2909 5319 monumentis
2939 5270 3609 5339 perspectius.Aliquando

2038 5358 2199 5412 etiam
2236 5355 2279 5409 V
2311 5371 2407 5425 pro
2455 5354 2521 5420 Υ,
2574 5365 2629 5411 et
2669 5366 2910 5424 econtra,
2952 5359 3049 5413 sed
3089 5375 3252 5429 parce
3295 5368 3607 5428 usurpatum

2040 5449 2217 5504 inveni
2248 5448 2300 5501 in
2325 5448 2599 5511 Matthceo,
2630 5457 2686 5503 et
2714 5448 2918 5505 Joanne
2944 5468 2956 5503 :
2994 5468 3223 5505 murram
3260 5449 3466 5509 scilicet
3510 5466 3608 5519 pro

2040 5556 2281 5609 myrram,
2322 5548 2377 5593 et
2429 5540 2627 5607 verbym
2666 5556 2760 5609 pro
2788 5544 3009 5596 verbum.
3063 5543 3193 5606 Quae
3236 5543 3443 5607 omnia,
3494 5542 3608 5599 sive

2040 5632 2320 5693 lectorum,
2355 5639 2443 5682 aut
2471 5630 2854 5700 descriptorum
2886 5633 3031 5693 vitio,
3079 5648 3170 5684 seu
3192 5632 3371 5685 verius
3401 5633 3604 5687 idimis-

2039 5723 2142 5776 tuis
2190 5722 2398 5776 illorum
2452 5732 2744 5795 temporum
2793 5725 3026 5790 tribuas,
3075 5735 3277 5780 eertum
3330 5737 3415 5781 est
3470 5740 3599 5782 mss.
