4288 6488
487 468 552 531 t7
1266 472 1480 532 EPIST.
1518 472 1760 529 ratur.
1802 445 2168 537 examina,
2201 472 2286 527 or.
2323 473 2569 531 CODICE
2609 476 2955 534 BlthlANO.

3674 479 3744 536 18

484 592 811 664 exemplaria
853 592 964 650 fere
984 594 1186 659 omnia,
1218 603 1329 650 tum
1358 604 1592 651 vetustas
1618 597 1779 649 etiam
1824 592 2056 664 lapidum
2087 596 2132 652 Λ
2204 593 2287 659 ‘lu
2318 596 2609 650 canonibus
2641 597 2785 651 hisce
2829 596 3152 666 digerendis,
3204 588 3307 650 non
3361 596 3597 661 Eusebii,
3651 596 3746 651 sed

489 687 890 756 inscriptiones,
917 701 979 742 ac
1010 688 1331 741 nomismata
1372 703 1683 757 occupasse.

556 764 988 833 Observabamus
1034 778 1317 848 aliquando
1346 779 1671 847 exemplaria
1699 777 1797 831 ista
1844 775 2067 831 unciali-

490 870 591 925 bus
630 870 822 923 litteris
870 868 1161 938 descripta,
1212 884 1375 925 onera
1422 870 1591 939 magis
1646 876 1860 924 exarata
1906 881 2063 936 quam

490 960 702 1016 codices
753 960 1134 1033 Hieronymum
1189 961 1491 1031 appellasse
1545 960 1811 1032 (Prwfat.
1861 961 1915 1029 in
1964 957 2065 1012 Job

492 1063 617 1109 extr.
639 1052 695 1122 ):
733 1052 891 1122 idque
942 1062 1126 1120 postea
1160 1053 1420 1106 imitatum
1465 1052 1743 1108 Aleuinum
1766 1091 1779 1112 ,
1809 1051 1898 1119 qui
1932 1064 2065 1119 pou-

491 1145 621 1199 dera
647 1141 903 1197 librorum
927 1151 1141 1213 portatu
1166 1142 1425 1204 difﬁcilia,
1456 1158 1519 1196 ac
1558 1136 1782 1212 proinde
1807 1142 2066 1195 lectorum

495 1237 738 1291 manibus
772 1236 951 1306 gravia
990 1235 1121 1291 dixit
1151 1234 1347 1304 (Prtef.
1380 1236 1447 1288 ad
1471 1244 1666 1305 .qutest.
1695 1236 1746 1287 in
1788 1229 2066 1300 Geuesim).

494 1329 699 1386 Placuit
732 1329 784 1384 iu
833 1329 984 1384 lance
1021 1329 1125 1384 hoc
1150 1338 1390 1384 nostrum
1420 1328 1723 1397 appendere
1750 1344 1763 1380 :
1796 1327 2067 1394 inventum

495 1419 1001 1490 cstquatuordccim
1032 1420 1230 1489 pondo.
1262 1419 1452 1489 Liquet
1476 1419 1636 1473 ctiam
1678 1433 1743 1473 cx
1772 1425 2072 1473 memorato

496 1509 802 1581 Hieronymi
834 1509 954 1579 loco
987 1509 1097 1579 jam
1149 1520 1273 1565 tunc
1312 1511 1380 1570 in.
1397 1510 1680 1579 purpureis
1722 1506 2072 1572 membranis,

496 1605 693 1667 aureis,
720 1610 879 1667 atque
905 1600 1172 1668 argenteis
1201 1600 1393 1655 litteris
1415 1599 1681 1667 descripta
1705 1598 1873 1653 fuisse
1896 1607 2077 1651 exem-

497 1692 663 1763 plaria
691 1733 709 1759 ,
759 1706 879 1747 cum
916 1691 983 1746 ad
1032 1691 1393 1748 Eeclesiarum
1442 1705 1575 1761 quas
1630 1698 1756 1745 ante
1808 1689 2077 1758 tetigerat,

496 1799 650 1839 usum
678 1802 690 1837 :
716 1793 826 1838 tum
859 1783 923 1837 ad
963 1784 1323 1854 privatorum,
1355 1798 1488 1854 quos
1519 1781 1715 1837 ibidem
1765 1779 2076 1850 redarguit:

442 1930 445 1933 .
498 1875 710 1947 objecta
761 1876 866 1931 illis
914 1876 1304 1945 magnificentia
1351 1874 1620 1940 codicum,
1652 1876 1741 1943 qui
1771 1882 1951 1928 tamen
1980 1871 2079 1926 :ni-

2167 685 2408 741 codicum
2437 703 2618 758 Lquos
2649 704 2758 757 pra:
2788 690 2957 743 oeulis
2987 690 3236 751 habebat,
3289 692 3645 745 meuaomiam
3685 690 3752 746 li-

2168 779 2378 835 brarius
2407 796 2655 838 servasse
2685 783 2917 838 videtur.
2945 764 3075 837 Nam
3131 782 3197 846 Χ.
3226 784 3276 837 in
3310 799 3413 851 quo
3444 782 3750 848 Mattbazus,

2169 873 2397 940 Marcus,
2428 874 2616 940 Lucas,
2650 875 2885 931 Joannes
2930 875 3067 946 apud
3116 874 3287 941 illum,
3323 874 3410 928 lllt‘.
3449 884 3569 942 pust
3612 874 3755 928 Mat-

2169 964 2366 1020 thinum
2415 968 2658 1034 sequitur
2703 966 2963 1034 Joannes,
3012 982 3135 1021 mox
3182 966 3373 1026 Lucas.
3419 980 3483 1019 ac
3525 965 3755 1021 subinde

2173 1055 2413 1111 Marcus:
2446 1057 2623 1111 addita
2654 1057 2720 1112 ad
2754 1058 2911 1112 linem
2956 1057 3373 1126 uniuscujusque
3416 1055 3745 1126 Epigrapbe:

2171 1146 2395 1215 Explicit
2418 1146 2593 1200 Canon
2628 1147 2677 1200 X
2700 1146 2949 1212 Matt/uei,
2979 1148 3153 1219 incipit
3197 1146 3372 1201 Conon
3417 1144 3467 1199 Χ
3492 1145 3755 1208 Joannis;
3806 1188 3807 1191 η

2170 1238 2373 1308 explicit
2407 1236 2581 1295 Cimon
2609 1237 2659 1291 Χ
2684 1236 2922 1300 Joannis,
2945 1238 3121 1301 incipit
3147 1236 3325 1306 Conon
3344 1235 3391 1289 Χ
3427 1234 3612 1301 Lacte;
3656 1249 3755 1289 e3-

2171 1328 2314 1399 plicit
2341 1326 2516 1382 Canon
2533 1327 2583 1382 X
2605 1327 2779 1393 Lucas,
2813 1328 2990 1399 incipit
3014 1326 3191 1397 Conon
3218 1325 3271 1380 Χ
3294 1325 3480 1379 Marci.

2245 1419 2301 1474 lu
2343 1419 2450 1476 line
2478 1421 2700 1475 canonis
2725 1420 2919 1487 octavi,
2955 1420 3006 1473 in
3031 1433 3137 1489 quo
3163 1419 3452 1487 czetcroqui
3481 1414 3761 1470 Mattbtcus

2175 1522 2230 1566 et
2252 1510 2488 1566 Joannes
2513 1511 2905 1576 desiderantur,
2938 1523 3111 1579 neque
3141 1507 3432 1571 Ammouii,
3467 1516 3626 1577 atque
3646 1505 3754 1560 Eu—

2154 1626 2161 1631 -
2181 1601 2314 1657 sebii
2338 1602 2529 1657 seriem
2553 1603 2877 1669 sequebatur
2894 1600 3192 1671 descriptor
3208 1599 3332 1673 (sub
3360 1599 3598 1654 sectione
3613 1597 3758 1653 enim

2178 1707 2441 1750 cccxxxrx
2468 1694 2685 1750 exhibet
2706 1690 2791 1760 ea,
2823 1709 2943 1763 quae
2971 1693 3111 1762 apud
3140 1693 3282 1758 illos,
3309 1702 3363 1748 et
3392 1695 3445 1746 in
3478 1690 3663 1748 codice
3685 1691 3763 1745 le-

2178 1792 2374 1854 guntur
2402 1784 2616 1854 CCCXL),
2655 1794 2711 1840 et
2740 1785 2901 1840 Marci
2933 1785 3212 1855 pericopas
3241 1800 3347 1839 non
3375 1784 3512 1838 ultra
3543 1782 3760 1853 trigesi-

2184 1888 2324 1927 mam
2367 1883 2611 1945 quartam
2654 1889 2818 1946 supra
2860 1873 3281 1931 ducentesimam
3332 1872 3764 1945 producit.rNum

501 1985 601 2026 nus
638 1971 1031 2027 essentesacti.
1068 1971 1133 2025 Et
1158 1969 1388 2025 fortasse
1417 1972 1469 2024 in
1502 1969 1869 2039 hujuscrmodi
1897 1983 2080 2036 sump—
2110 1961 2153 2021 Β
2185 1980 2317 2020 vero
2355 1980 2478 2021 cum
2517 1967 2701 2022 codice
2746 1965 2891 2035 paria
2935 1966 3114 2033 faciat,
3166 1968 3426 2022 incertum
3458 1984 3470 2019 :
3518 1975 3767 2023 extrema

502 2062 668 2116 tunsis
688 2063 1041 2132 antigrapltis,
1067 2063 1235 2132 magis
1264 2077 1421 2131 quant
1462 2061 1514 2115 iu
1544 2060 1786 2123 caneris,
1821 2074 2080 2129 peccave-

503 2150 612 2207 rint
663 2152 971 2223 antiquarii;
1021 2152 1163 2221 quod
1217 2151 1395 2221 operis
1440 2165 1707 2206 murosam
1754 2147 2082 2219 diligentiam

508 2225 744 2310 ttediuiu,
782 2257 844 2297 ac
874 2240 1156 2307 lassitudo,
1188 2258 1313 2296 mox
1336 2242 1623 2308 festinatio,
1674 2253 1833 2311 atque
1877 2240 2083 2295 incuria

470 2345 881 2403 .sequerentur.
930 2332 1062 2389 Cum
1105 2334 1377 2403 praecipue
1404 2333 1674 2389 difficilius
1716 2330 1859 2387 esset
1906 2342 2082 2407 errata

510 2425 828 2494 corrigere:
886 2425 1182 2478 obsistente
1238 2432 1569 2478 caracterum
1616 2420 1990 2491 pulcritudine,
2022 2437 2087 2476 ac

512 2517 938 2593 membranarum
959 2557 972 2580 ,
1007 2531 1232 2583 quarum
1268 2516 1509 2585 species,
1542 2528 1697 2570 secus
1723 2524 1882 2583 atque
1905 2515 1957 2568 in
1991 2528 2087 2583 pu-

513 2611 588 2664 ris
618 2608 849 2670 lituram,
873 2609 1257 2679 spongiamque
1285 2607 1373 2661 vis
1405 2608 1587 2662 ferret.

586 2698 852 2753 Caeterum
883 2700 1044 2753 etiam
1077 2699 1234 2769 longe
1277 2708 1402 2753 ante
1433 2698 1738 2770 Hieronymi
1769 2706 2009 2769 tempora
2036 2697 2089 2752 in

519 2806 616 2845 usu
644 2789 809 2844 fuisse
840 2804 1063 2858 operosa
1108 2790 1207 2843 ista
1244 2784 1569 2857 exemplaria
1598 2788 1750 2845 Iesus
1771 2796 1853 2843 est
1879 2787 2093 2859 Capito-

520 2878 658 2933 linus
705 2879 756 2932 iu
805 2877 1091 2933 Maximino
1130 2877 1339 2932 altero:
1371 2877 1493 2941 cui,
1525 2878 1675 2938 inter
1703 2878 1880 2930 omina
1928 2876 2090 2929 futuri

521 2969 753 3037 imperii,
770 2968 870 3023 ltoc
896 2968 1158 3023 accidisse
1187 2968 1281 3029 ait.
1308 2980 1368 3022 ut
1394 2984 1579 3038 puero,
1602 2982 1722 3021 cum
1743 2966 2094 3035 grammatico

520 3061 765 3124 daretur,
799 3061 919 3117 libri
970 3062 1235 3116 llomerici
1283 3075 1469 3114 omnes
1502 3061 1774 3129 purpurei,
1806 3060 1982 3112 aureis
2012 3058 2097 3112 lit-

524 3154 652 3209 teris
680 3154 861 3222 scripti
907 3154 1132 3222 primum
1187 3152 1608 3223 porrigerentur.
1650 3150 1833 3221 Neque
1877 3150 2095 3205 dubium

524 3253 604 3298 est
624 3244 751 3313 quin
784 3258 900 3297 mos
930 3245 1032 3298 iste
1060 3244 1127 3296 ab
1159 3243 1389 3297 ethnicis
1418 3242 1735 3311 antiquariis
1773 3243 1839 3295 ad
1884 3250 2096 3296 nostros

2184 2058 2330 2113 enim
2362 2059 2414 2113 in
2446 2058 2622 2113 Marco
2654 2060 2884 2129 periere.
2908 2058 3159 2114 Canones
3185 2058 3646 2129 exeipitquzedam
3666 2072 3769 2112 ceu

2187 2148 2457 2218 praefatio,
2490 2164 2610 2219 quae
2638 2165 2797 2204 unam
2825 2157 2882 2213 et
2906 2150 3129 2204 alteram
3176 2150 3421 2220 paginam
3452 2149 3655 2219 implet.
3685 2146 3769 2202 En

2186 2246 2356 2312 illam,
2387 2246 2480 2302 tibi
2506 2264 2519 2299 :
2548 2263 2670 2302 nam
2699 2258 2753 2302 et
2784 2249 2835 2303 in
2869 2248 3036 2305 hocce
3062 2248 3250 2305 sabulo
3278 2250 3394 2304 auri
3426 2249 3653 2304 fortasse
3679 2262 3765 2303 ra-

2187 2348 2372 2393 menta
2402 2338 2677 2405 invenient
2700 2340 2921 2395 eruditi.
3642 2412 3645 2415 Ἴ

2256 2428 2480 2483 Sanctus
2510 2426 2696 2482 Petrus
2720 2431 3000 2500 apostolus,
3028 2430 3311 2503 discipulus
3342 2416 3631 2486 Saluatoris
3654 2428 3769 2484 Do-

2188 2518 2314 2571 mini
2342 2520 2497 2572 nostri
2520 2518 2553 2571 J
2560 2536 2647 2581 esu
2677 2517 2889 2585 Christi,
2917 2522 3128 2576 edocens
3153 2520 3351 2591 ﬁdeles.
3378 2531 3584 2593 propter
3608 2520 3776 2575 dicere

2188 2609 2391 2662 sitatem
2434 2608 2739 2663 adsertionis
2786 2611 3083 2683 linguarum
3126 2614 3362 2669 admonet
3386 2622 3594 2685 cunctos
3631 2622 3685 2666 ut
3719 2612 3777 2666 in

2192 2710 2365 2755 octavo
2387 2702 2517 2757 libro
2538 2702 2810 2756 Clementis
2830 2706 3047 2757 continet
3065 2706 3327 2757 scriblum.
3352 2706 3539 2759 docens
3550 2706 3646 2760 sic.
3669 2722 3771 2759 au-

2192 2793 2298 2848 dite
2322 2811 2401 2848 me
2425 2797 2652 2848 conservi
2678 2796 3012 2851 dilectissimi.
3046 2798 3234 2851 bonum
3256 2806 3402 2850 estut
3429 2798 3776 2867 unusquisque

2192 2894 2412 2939 vestrum
2455 2885 2751 2948 secundant,
2783 2886 2920 2954 quod
2950 2897 3108 2955 potest
3136 2888 3296 2957 prosit
3331 2888 3687 2953 accedentibus,
3706 2887 3775 2941 ad

2194 2976 2349 3045 ﬁdem
2376 2975 2635 3047 religionis
2671 2986 2880 3030 πωπω.
2925 2986 2973 3030 et
3010 2977 3125 3031 ideo
3153 2995 3254 3031 non
3280 2994 3363 3032 vos
3402 2980 3570 3050 pigeat
3596 2993 3779 3032 secun-

2197 3067 2318 3119 dum
2343 3066 2646 3136 sapientiam
2671 3082 2785 3129 aute
2814 3068 2957 3120 vobis
2972 3084 3063 3139 per
3098 3068 3151 3121 di
3176 3068 3545 3138 providentiam
3571 3066 3777 3121 conlata

2198 3165 2294 3221 est,
2317 3154 2616 3210 disserentes
2637 3156 2907 3211 instruere.
2930 3158 3136 3227 ignaros
3161 3157 3391 3214 cdocere.
3416 3158 3488 3211 ita
3512 3167 3696 3212 tamen.
3722 3166 3779 3212 ut

2199 3245 2281 3299 his
2293 3260 2409 3316 qua!
2430 3261 2464 3297 a
2482 3260 2563 3299 rue
2585 3246 2801 3301 audistis
2823 3255 2873 3301 et
2901 3247 3086 3300 tradita
3108 3256 3223 3301 sunt
3249 3246 3385 3300 vobis
3412 3247 3561 3301 uestri
3584 3255 3780 3300 tantum

526 3335 836 3389 manaverit.
864 3334 981 3401 Quo
1014 3345 1273 3403 tempore,
1307 3334 1589 3388 incertum.
1621 3334 1753 3387 Puto
1786 3346 1960 3387 tamen
1991 3348 2093 3387 nou
2122 3324 2167 3386 C
2199 3340 2445 3395 sermonis
2481 3340 2816 3407 eloquentiam
2858 3342 3078 3395 societis.
3108 3358 3195 3394 nec
3216 3340 3410 3411 aliquid
3439 3342 3700 3412 proprium
3730 3349 3780 3395 et

527 3424 716 3495 primo,
746 3425 970 3479 fortasse
998 3440 1096 3479 nec
1132 3424 1309 3480 medio
1333 3425 1502 3478 altero
1542 3425 1739 3478 sacculo
1768 3440 1782 3475 :
1810 3438 1930 3479 eum
1961 3439 2088 3492 pau-

526 3530 624 3586 per
652 3514 853 3579 adliuc,
911 3526 964 3569 et
1010 3518 1240 3584 antiquae
1275 3515 1630 3584 simplicitatis
1662 3525 1813 3569 tenax
1866 3513 2099 3568 Ecclesia

527 3615 691 3660 esset.
722 3605 825 3659 Sed
852 3616 964 3658 tum
990 3604 1231 3670 demum,
1258 3620 1379 3659 cum
1411 3605 1587 3673 longe,
1631 3604 1844 3674 lateque
1886 3603 2101 3669 dill'usa,

529 3694 921 3750 Confluentibus
950 3696 1014 3748 ad
1044 3696 1161 3765 ejus
1191 3696 1366 3749 sinum
1390 3711 1493 3747 non
1524 3694 1720 3763 pupulo
1752 3703 1977 3759 tantum,
2008 3694 2102 3748 sed

530 3785 863 3855 principibus
916 3786 1065 3851 viris,
1120 3786 1479 3855 feminisque,
1510 3786 1783 3839 abundare
1831 3786 2102 3855 cmpissct.

534 3875 711 3941 Longe
746 3891 875 3930 vero
896 3878 1149 3944 amplius,
1185 3878 1388 3931 reddita
1430 3878 1529 3931 sub
1559 3878 1908 3931 Constantino
1953 3891 2104 3946 pace,

532 3967 807 4035 auctisque
832 3966 1051 4019 divitiis.
1074 3968 1210 4020 Tum
1240 3968 1405 4035 ipsius
1436 3967 1707 4034 exemplo,
1737 3967 1848 4036 qui,
1898 3978 1954 4021 ut
1983 3982 2105 4022 mox

534 4057 850 4123 videbimus,
874 4059 1085 4113 codices
1121 4072 1305 4113 sacros
1343 4073 1371 4110 a
1414 4058 1751 4127 peritissimis
1794 4057 2108 4128 antiiptariis

536 4149 790 4214 describi,
814 4154 1101 4220 ornarique
1124 4149 1303 4219 jussit.
1338 4149 1692 4214 lmitantibus,
1719 4160 1773 4203 ut
1805 4149 1914 4204 fieri
1942 4159 2105 4221 amat,

539 4240 790 4311 principis
829 4256 1011 4297 curam
1054 4242 1271 4311 privatis
1299 4282 1316 4306 ,
1348 4256 1468 4295 mox
1513 4239 1672 4296 etiam
1702 4240 2020 4309 augentibus
2054 4244 2109 4295 in

538 4333 732 4399 majus.
2020 4326 2027 4331 ‘

584 4408 916 4493 ‘Evangeliis
945 4423 1145 4492 ιη·ωῆςί
1192 4433 1315 4477 sunt
1347 4437 1581 4477 canones
1609 4422 1853 4476 Eusebii:
1885 4436 2111 4491 quorum

542 4525 716 4571 tamen
749 4516 901 4586 primi
925 4526 1167 4586 quatuor.
1185 4524 1239 4570 et
1260 4514 1518 4583 septimus
1530 4514 1770 4575 omnino,
1790 4515 1964 4567 octavi
1987 4528 2114 4568 tero

543 4620 669 4677 pars
714 4605 945 4659 maxima
990 4606 1217 4673 periere.
1253 4603 1569 4682 Litterarum
1610 4613 1897 4667 structura,
1930 4618 1993 4659 ac
2030 4616 2117 4658 se-

2204 3430 2341 3499 quod
2373 3426 2517 3485 oobis
2542 3448 2643 3484 non
2665 3440 2740 3485 est
2766 3433 3011 3485 traditum
3040 3432 3432 3505 proloquamiui.
3477 3432 3676 3485 etiarnsi
3696 3447 3784 3486 vo-
3856 3481 3861 3486 .

2207 3522 2284 3577 bis
2311 3522 2581 3577 uerisimile
2599 3523 2847 3579 videatur.
2874 3527 2964 3578 scd
2984 3536 3037 3578 ut
3065 3526 3172 3579 dixi
3210 3541 3323 3594 qua:
3352 3525 3457 3597 ipse
3478 3542 3509 3579 a
3532 3539 3647 3580 vero
3665 3540 3785 3592 pro-

2205 3613 2357 3681 pheta
2399 3622 2631 3685 suscepta
2657 3615 2813 3668 nobis
2840 3615 3028 3671 tradidi
3052 3616 3433 3687 prosequimini.
3481 3615 3573 3669 etsi
3611 3616 3781 3669 minus

2206 3700 2370 3773 plente
2388 3701 2693 3755 adsertionis
2720 3718 2827 3757 esse
2844 3702 3146 3756 uidebuntur
3164 3714 3209 3757 ct
3237 3704 3351 3757 ideo
3378 3720 3439 3757 ne
3461 3704 3512 3757 in
3534 3705 3784 3775 interpre—

2206 3791 2476 3852 tationibus
2519 3792 2809 3864 linguarum
2837 3793 3114 3846 secundum
3158 3808 3271 3858 qua:
3316 3794 3370 3845 in
3398 3794 3640 3846 interiora
3671 3792 3788 3844 libri

2206 3880 2555 3934 ostenduntur.
2603 3882 2785 3953 legenti
2814 3881 3062 3935 videatur.
3108 3881 3254 3935 aliud
3292 3883 3345 3934 in
3371 3896 3537 3952 gra'ca
3582 3882 3777 3950 lingua.

2209 3970 2353 4024 aliud
2382 3972 2436 4024 in
2462 3971 2622 4025 latina
2648 3972 2727 4025 uel
2760 3974 2947 4043 gotica,
2977 3972 3237 4044 designata
3262 3986 3368 4025 esse
3387 3970 3687 4022 conscribta.
3720 3968 3785 4021 il-

2209 4059 2302 4113 lud
2330 4060 2556 4113 advertat
2583 4060 2717 4130 quis.
2741 4060 2875 4129 quod
2914 4061 2958 4113 si
2982 4076 3073 4128 pro
3103 4059 3375 4129 disciplina
3398 4058 3572 4129 lingua
3590 4058 3783 4111 discre-

2215 4151 2479 4218 pationem
2500 4150 2823 4204 ostendit.ad
2848 4168 2998 4205 unam
3019 4160 3184 4203 tamen
3210 4150 3536 4204 intentionem
3558 4164 3781 4203 concur-

2211 4240 2299 4294 rit.
2332 4255 2488 4309 quare
2526 4240 2698 4293 nullus
2743 4240 2925 4293 exinde
2962 4241 3177 4291 titubare
3217 4237 3361 4291 debet
3403 4238 3469 4292 de
3509 4239 3644 4309 quod
3672 4240 3786 4307 ipsa

2216 4333 2498 4385 auctoritas
2527 4332 2816 4399 manifestat
2845 4331 3120 4382 secundum
3151 4331 3426 4384 intentione
3464 4330 3650 4405 (iugum
3672 4347 3791 4402 pro-

2214 4430 2323 4491 pter
2351 4420 2708 4473 declinationes
2735 4435 2888 4473 sonus
2909 4428 3043 4473 vocis
3066 4420 3293 4493 diligenti
3318 4423 3635 4493 perceptione
3673 4430 3753 4475 sta
3770 4450 3787 4461 -

2216 4520 2324 4565 tuta
2370 4519 2503 4565 sunt.
2560 4519 2613 4563 ut
2660 4511 2711 4563 in
2740 4510 3162 4581 subsequentibus
3198 4512 3482 4565 conscribta
3531 4510 3787 4581 leguntur.

2222 4605 2331 4658 lucc
2375 4619 2455 4657 res
2497 4604 2610 4673 fecit
2635 4579 2904 4673 probanter
2930 4600 3210 4674 publicare.
3256 4610 3460 4672 prapter
3482 4579 3677 4669 aliquos
3707 4600 3793 4669 qui

546 4699 651 4753 ries
680 4699 866 4752 eadem
897 4697 1087 4761 ferme,
1131 4706 1290 4766 atque
1335 4697 1387 4750 iu
1438 4694 1774 4764 Evangeliis:
1827 4696 1925 4749 nisi
1980 4692 2121 4764 quod
2148 4688 2199 4747 D
2226 4694 2359 4765 falsa
2388 4691 2676 4746 adsertione
2718 4693 2995 4746 secundum
3023 4691 3292 4746 volunttate
3334 4706 3428 4744 sua
3452 4689 3711 4744 mendacia
3738 4691 3794 4741 in

548 4792 781 4847 minores
808 4790 953 4857 sunt,
981 4791 1161 4855 rudes,
1190 4789 1462 4859 impolita),
1487 4786 1798 4855 inmqualcs,
1829 4786 2114 4856 multisque

550 4883 601 4938 iu
634 4884 764 4937 locis
791 4885 917 4948 situ,
945 4898 1007 4938 ac
1046 4890 1310 4938 vetustate
1354 4880 1580 4935 detritw.
1621 4878 1856 4947 Argento
1885 4878 2009 4932 olim
2035 4878 2116 4932 iu-

552 4974 839 5029 lumiuatas
882 4974 1045 5029 fuisse
1083 4972 1277 5027 alicubi
1319 4978 1559 5041 apparet.
1606 4968 1762 5024 Levis
1788 4970 1929 5025 enim
1959 4970 2119 5025 litura

553 5074 612 5120 ut
650 5066 931 5136 plurimum
982 5062 1280 5120 intercidit:
1328 5064 1445 5117 solo
1490 5068 1789 5116 atramento
1820 5050 2147 5132 ferrugineo

556 5157 908 5225 prominente.
943 5156 1264 5211 Membrana:
1308 5156 1437 5224 ipsa
1476 5154 1709 5219 mutilat,
1739 5152 1987 5217 cariosa),
2010 5151 2126 5205 vio-

529 5268 533 5272 ι
558 5245 707 5300 laceo
734 5245 828 5299 sed
855 5245 1152 5300 obscuriuri
1192 5246 1374 5301 colore
1403 5242 1746 5299 deformatur:
1783 5252 1840 5297 ut
1865 5241 2035 5297 facilis
2057 5241 2127 5295 sit

558 5335 881 5403 conjectura,
931 5351 1165 5391 canones
1205 5336 1337 5390 istos
1373 5343 1578 5389 vetusto
1603 5334 1751 5399 olim,
1777 5337 1936 5403 atfque
1965 5345 2127 5387 exeso

560 5426 729 5482 codici
757 5426 1013 5489 adnexos,
1043 5427 1383 5494 postmodum
1413 5426 1827 5496 alicujus‘opera
1856 5424 1979 5479 huic
2006 5436 2130 5476 nos—

565 5526 649 5571 tro
678 5514 990 5569 accessisse.
1020 5515 1171 5579 Quod
1218 5516 1275 5569 lit
1305 5516 1459 5585 longe
1504 5515 1810 5570 evidentius
1854 5530 1884 5568 e
1913 5522 2128 5582 quater-

565 5604 785 5660 nionqu
818 5614 961 5658 nota.
994 5600 1126 5656 Cum
1157 5606 1300 5659 enim
1338 5614 1541 5674 septem
1574 5604 2011 5675 quatcrttionibus
2039 5615 2131 5655 ca-

566 5710 734 5749 nones
759 5695 1142 5767 compleantur,
1172 5693 1217 5746 si
1245 5695 1368 5749 olim
1396 5711 1515 5749 cum
1543 5697 1727 5751 codice
1756 5695 1854 5748 hoc
1882 5689 2135 5757 descripti

569 5784 815 5847 fuissent,
842 5783 975 5851 jam,
1020 5784 1109 5855 qui
1157 5783 1358 5854 primus
1405 5785 1458 5837 in
1505 5786 1751 5840 Mattiaco
1790 5792 1886 5847 cst,
1921 5791 2138 5835 octavus

571 5889 689 5932 CSsc
710 5874 985 5927 debui-rat.
1344 5878 1345 5881 “

2220 4788 2329 4857 lege
2371 4786 2445 4839 vel
2489 4787 2539 4838 in
2566 4785 2836 4856 evangeliis
2879 4800 2971 4853 per
2998 4783 3452 4855 interpretationem
3476 4780 3681 4849 propria
3704 4794 3797 4848 po-

2220 4888 2449 4932 suerunt.
2479 4892 2635 4943 quare
2682 4876 2775 4930 illa
2818 4876 3127 4930 declinantes
3171 4875 3275 4927 lucc
3298 4874 3460 4942 posita
3494 4880 3632 4923 sunt.
3684 4886 3798 4939 qua:

2223 4967 2494 5035 antiquitas
2521 4965 2661 5036 legis
2688 4965 2740 5017 iu
2767 4964 2917 5017 dictis
2964 4978 3240 5035 gra’coruut
3268 4958 3511 5013 contineri
3536 4961 3799 5014 inveniun-

2228 5070 2331 5123 tur,
2372 5067 2416 5112 et
2441 5058 2577 5127 ipsas
2622 5056 2947 5124 itymologias
2996 5054 3285 5123 linguarum
3327 5051 3671 5107 convenientes
3706 5050 3801 5105 sibi

2227 5147 2555 5202 conscribtas.
2587 5146 2653 5198 ad
2681 5162 2834 5197 unum
2863 5159 3065 5199 sensum
3109 5158 3406 5196 concurrere
3456 5142 3799 5195 demonstran-

2210 5230 2335 5292 tur.
2363 5254 2478 5291 nam
2490 5246 2605 5291 ctea
2631 5237 2858 5289 conuenit
2885 5234 3125 5287 iudicare.
3142 5233 3379 5306 proqttod
3396 5230 3450 5285 in
3471 5233 3574 5284 vult
3593 5230 3801 5283 haberes

2232 5332 2373 5399 [actu
2412 5338 2505 5382 est.
2553 5328 2711 5381 latina
2748 5342 2863 5380 vero
2912 5326 3109 5397 lingua.
3154 5323 3415 5377 adnotatio
3462 5322 3798 5393 signiﬁcatur.

2231 5436 2385 5491 quare
2414 5420 2466 5473 in
2486 5420 2703 5490 pas-itaut
2742 5416 3054 5485 estaguosci
3089 5415 3246 5485 possit
3273 5413 3357 5466 ubi
3386 5413 3569 5464 littera.
3600 5428 3678 5480 gr.
3709 5424 3796 5462 stt-

2234 5510 2431 5582 pervult
2477 5511 2661 5564 habere
2702 5509 2971 5561 invenitur.
3001 5507 3127 5559 sciat
3165 5505 3252 5573 qui
3299 5504 3419 5572 legit
3452 5500 3584 5571 quod
3616 5502 3665 5551 in
3693 5500 3805 5568 ipso

2238 5603 2341 5656 cult
2390 5601 2570 5655 habere
2609 5598 2885 5652 secundum
2912 5599 3045 5667 quod
3076 5613 3268 5668 gra'eus
3300 5594 3515 5647 continet
3561 5590 3803 5644 scribtum

2239 5672 2332 5747 est.
2364 5693 2449 5745 ubi
2475 5707 2591 5744 vero
2618 5690 2808 5743 littera.
2837 5691 2906 5743 la.
2934 5690 3193 5749 διαρκῆ-υκαι
3226 5685 3406 5737 habere
3433 5681 3702 5733 invenitur.
3728 5696 3809 5734 sc—

2245 5781 2466 5835 cuudum
2507 5780 2665 5833 latina
2724 5780 2899 5849 lingua
2928 5779 2979 5831 in
3007 5779 3105 5831 rult
3135 5776 3313 5827 habere
3356 5782 3608 5823 ostensum
3649 5779 3722 5824 cst
3761 5781 3812 5824 et

2246 5872 2361 5926 ideo
2393 5873 2486 5924 ista
2526 5870 2789 5923 instructio
2827 5868 3168 5921 demonstrata
3213 5873 3307 5916 est.
3350 5877 3411 5914 ne
3442 5861 3658 5930 l.qtntcs
3686 5862 3822 5931 ipsos
