3902 6410
426 402 492 455 19
1260 420 1267 425 ’
1768 394 2002 453 PROLEl

2110 392 2297 450 IENA.

416 517 522 569 vult
572 517 779 569 haberes
823 531 922 569 non
972 514 1303 586 perciperent.
1350 529 1443 585 pro
1486 529 1585 584 qua
1614 512 1809 565 ratione
1838 509 1990 579 positi
2018 514 2069 571 Α

418 618 535 661 sunt
560 609 647 661 sed
666 608 916 677 quod.....

488 699 796 752 Caracteres
843 696 1045 751 mutilce
1093 696 1246 765 hujus
1289 693 1571 764 rapsodize,
1612 707 1769 763 quam
1801 690 1989 745 barba-

418 804 562 853 rum,
619 797 781 857 atque
828 787 1013 842 infelix
1062 786 1315 841 sulculum
1356 785 1565 850 extulit,
1619 798 1789 852 neque
1841 781 1985 846 illos,

418 881 610 949 quibus
640 891 876 933 canones
903 877 1158 945 descripti
1185 885 1326 939 sunt,
1361 890 1551 945 neque,
1584 875 1671 945 qui
1699 875 1749 927 in
1780 871 1983 933 codice.

416 976 827 1039 repraesentant.
878 967 1007 1022 Nam
1040 976 1092 1021 et
1123 969 1356 1021 minores
1400 965 1533 1029 istis,
1582 973 1635 1017 et
1681 963 1787 1017 illis
1827 961 1987 1031 paulo

414 1062 648 1131 majores
680 1062 949 1128 usurpavit
988 1058 1181 1112 bardus
1212 1056 1319 1119 ille,
1351 1058 1672 1125 quicumque
1694 1054 1739 1107 is
1765 1053 1983 1107 demum

418 1150 582 1204 fuerit
608 1150 925 1218 descriptor.
954 1148 1267 1217 l’aginarum
1292 1146 1449 1200 linea:
1475 1144 1613 1215 stylo
1637 1142 1851 1213 quidem
1866 1150 1992 1197 sunt

417 1241 615 1306 ductze,
644 1241 738 1296 sed
767 1255 936 1309 neque
964 1238 1235 1309 profundae
1261 1248 1314 1291 ut
1338 1238 1388 1290 in
1416 1244 1588 1302 textu,
1617 1244 1671 1289 et
1699 1234 1866 1303 magis
1893 1248 1985 1288 co-

416 1332 704 1387 hmrentes.
742 1332 815 1384 Ex
850 1346 953 1399 quo
986 1330 1041 1383 lit
1064 1339 1121 1383 ut
1142 1370 1156 1393 ,
1186 1329 1309 1382 licet
1336 1328 1519 1396 viginti
1553 1334 1753 1379 tantum
1782 1324 1986 1395 singula

423 1424 609 1493 quavis
652 1422 781 1476 facie
803 1420 911 1475 sint
937 1422 1128 1485 docte,
1162 1434 1264 1472 non
1292 1433 1448 1472 secus
1478 1432 1539 1471 ac
1561 1417 1611 1469 in
1645 1416 1984 1487 Evangeliis;

422 1515 575 1569 froos
624 1522 824 1578 tamen,
858 1522 912 1566 et
940 1512 1125 1577 latera,
1173 1510 1429 1573 limbique
1472 1507 1627 1562 latius
1680 1516 1985 1563 excurrant.

432 1606 582 1660 lianc
612 1620 639 1657 a
668 1604 968 1672 sequiorum
1000 1609 1293 1669 temporum
1335 1600 1495 1661 lanio,
1524 1598 1610 1667 qui
1647 1598 1885 1652 codicem
1914 1599 1989 1650 la-

428 1696 707 1751 tiscentem
754 1693 1022 1755 resarciit,
1072 1691 1156 1747 hic
1198 1692 1460 1753 adsutam,
1492 1704 1610 1743 cum
1642 1688 1984 1755 membrante,

425 1774 538 1842 tuin
580 1788 727 1840 locus
777 1786 890 1854 ipse
935 1784 1061 1838 satis
1089 1784 1360 1857 evincunt.
1404 1781 1532 1836 Snta
1562 1780 1701 1834 enim
1740 1788 1820 1833 est
1850 1781 1989 1835 inter

3588 400 3662 457 20

2092 505 2420 576 gemmisque
2436 502 2709 570 distincto,
2738 505 2999 561 contectis
3019 510 3499 579 supervestiebant,
3515 527 3665 570 eom-

2092 591 2483 662 pingebantque
2510 592 2734 647 librarii.
2770 592 3049 664 Verbaque
3090 595 3313 653 Eusebii
3334 600 3413 655 sic
3438 615 3559 658 esse
3583 604 3667 657 in-

2091 684 2371 753 telligenda
2407 698 2529 738 cum
2558 693 2734 738 textus
2761 684 2898 753 ipse,
2929 697 3039 741 tum
3068 687 3158 741 illa
3186 691 3474 756 πολυτελῶς
3502 686 3666 755 im-

2089 777 2231 846 μένα,
2261 790 2381 842 quae
2403 776 2453 829 in
2485 775 2813 830 ternionibus
2838 776 3012 831 locum
3042 778 3243 835 habere
3268 798 3374 837 non
3393 795 3663 854 poterant,

2089 866 2313 919 suadere
2341 865 2609 919 videntur.
2640 888 2647 893 η

2162 954 2218 1009 In
2268 956 2441 1011 fronte
2468 957 2751 1027 cujuslibet
2788 960 3059 1031 Evangelii
3106 961 3301 1033 legitur
3350 965 3663 1022 minusculis

2090 1048 2491 1103 characteribus
2520 1065 2715 1105 nomen
2743 1054 2994 1121 auctoris,
3015 1054 3155 1123 quod
3184 1062 3360 1110 tamen
3391 1072 3498 1112 non
3515 1059 3668 1116 initio

2096 1139 2295 1205 solum,
2325 1141 2419 1195 sed
2453 1142 2777 1210 procedente
2820 1128 2963 1199 textu
2994 1147 3216 1201 alternis
3241 1149 3445 1219 paginis
3484 1166 3666 1209 serva-

2101 1239 2212 1285 tum
2235 1240 2316 1285 est
2344 1232 2445 1295 ita,
2484 1241 2539 1286 ut
2570 1234 2621 1288 in
2648 1250 2831 1289 earum
2863 1238 3048 1304 quavis
3068 1278 3083 1302 ,
3124 1253 3309 1294 aversa
3341 1241 3583 1309 scilicet,
3610 1254 3667 1300 et

2090 1320 2310 1375 adversa
2357 1322 2492 1376 tituli
2526 1333 2728 1391 partem
2778 1326 3015 1395 legentes
3059 1328 3369 1397 oll'endant,
3420 1335 3667 1403 apposita

2089 1409 2390 1480 Epigraphe
2420 1429 2433 1465 :
2475 1412 2773 1469 Secundum
2802 1415 3101 1471 Matt/neum
3122 1459 3139 1485 ,
3168 1420 3449 1475 multum
3489 1423 3659 1479 Joan-

2092 1516 2223 1565 nem,
2248 1510 2349 1555 etc.

2165 1590 2314 1655 Quod
2340 1592 2390 1645 in
2418 1594 2710 1650 canonibus
2743 1596 2913 1652 codici
2961 1598 3162 1653 adsutis
3200 1602 3616 1660 observabamus
3643 1647 3659 1671 ,

2091 1695 2285 1750 nempe
2314 1684 2499 1749 aliter,
2540 1697 2698 1756 atque
2744 1688 2798 1741 in
2834 1688 3150 1743 Eusebianis
3193 1690 3449 1761 disposita
3500 1693 3667 1750 fuisse

2094 1772 2375 1844 Evangelia
2395 1816 2411 1843 ,
2456 1779 2557 1831 boc
2586 1778 2756 1847 ipsum
2786 1779 2838 1834 in
2870 1790 3121 1835 contextu
3163 1793 3430 1838 servatum
3462 1784 3662 1841 videas.

426 1878 560 1933 duas
588 1878 720 1930 alias
748 1889 1041 1945 purpureas
1069 1872 1337 1942 equidem,
1368 1870 1462 1926 sed
1487 1884 1708 1940 quarum
1734 1869 1901 1935 color,
1933 1878 1991 1924 ut
2020 1870 2066 1928 B
2093 1864 2341 1919 Mattbaeo
2371 1866 2622 1936 primum,
2648 1883 2773 1922 mox
2798 1870 3002 1925 Joanne
3024 1910 3041 1936 ,
3074 1879 3184 1926 tum
3210 1862 3351 1928 Luca
3377 1915 3394 1940 ,
3425 1889 3488 1928 ac
3509 1874 3666 1931 dein-

428 1982 623 2023 recens
642 2008 656 2029 ,
691 1981 751 2020 ac
783 1974 1060 2035 propterea
1090 1963 1316 2025 vividus,
1350 1964 1426 2014 sic
1456 1961 1650 2026 tenuis,
1676 1970 1833 2027 atque
1856 1959 1993 2014 dilu-

422 2070 530 2123 tus,
554 2059 709 2113 aliter
732 2067 889 2125 atque
919 2056 971 2109 io
1013 2053 1217 2108 codice.
1242 2052 1507 2106 Prrterea
1538 2050 1690 2104 nuda:
1717 2057 1861 2114 sunt,
1890 2065 1989 2104 ne-

427 2166 532 2219 que
563 2150 713 2203 lineis
751 2149 816 2200 ad
854 2160 989 2214 Opus
1017 2153 1237 2214 paratae.
1280 2141 1335 2195 In
1367 2142 1655 2205 anteriore,
1689 2154 1846 2208 quam
1877 2154 1991 2193 sur-

430 2255 548 2294 sum
578 2252 791 2291 vorsum
820 2245 1001 2290 sector
1034 2234 1124 2289 ille
1152 2234 1435 2303 disposuit,
1472 2233 1584 2288 bzec
1612 2232 1881 2301 leguntur,
1907 2230 1991 2284 lit-

430 2330 560 2386 teris
589 2344 743 2400 quam
793 2328 844 2381 in
886 2324 1294 2396 prmfatiuncula
1323 2322 1632 2391 majoribus,
1676 2330 1729 2375 ct
1758 2320 1820 2374 ad
1848 2322 1991 2377 codi-

432 2422 510 2475 cis
535 2420 764 2488 speciem
796 2417 983 2471 ellictis
1008 2434 1019 2467 :
1063 2414 1190 2468 Velit
1220 2416 1377 2469 lector
1404 2414 1628 2466 videatur
1658 2414 1879 2466 recitare.
1930 2413 1988 2467 in

430 2512 729 2579 posteriOre
757 2522 906 2570 vero,
929 2492 1216 2573 utcumque
1242 2516 1531 2573 appareant
1556 2505 1840 2558 litterarum
1869 2519 1990 2559 ves-

431 2600 580 2667 tigia,
614 2612 705 2653 eas
734 2606 907 2650 tamen
956 2597 1031 2648 ita
1062 2594 1283 2664 spongia
1327 2594 1523 2648 delevit
1554 2604 1611 2646 ut
1636 2594 1763 2647 nihil
1790 2596 1991 2661 penitus

432 2695 545 2747 erui
570 2691 753 2759 possit.
782 2689 1045 2756 Quorsum
1073 2702 1222 2751 vero,
1264 2695 1353 2739 aut
1383 2686 1519 2738 unde
1549 2683 1736 2738 lacinia
1768 2684 1864 2737 ista
1890 2684 1992 2759 huc

434 2758 737 2849 irrepserit,
770 2778 997 2831 viderint
1027 2778 1218 2845 quibus
1243 2782 1414 2829 vacat.
1447 2773 1576 2827 lllud
1600 2782 1681 2826 est
1710 2758 1988 2854 observatu

443 2872 657 2940 dignum
686 2874 806 2939 'jam
848 2879 972 2924 tunc
1016 2870 1069 2923 in
1124 2858 1224 2923 usti
1264 2868 1425 2921 fuisse
1473 2865 1751 2920 Gothicam
1796 2863 1992 2919 Vulilte

441 2963 763 3026 versionem,
794 2962 941 3031 cujus
962 2974 1197 3015 semcsas
1224 2958 1285 3013 Ν.
1310 2957 1372 3011 Τ.
1398 2958 1646 3025 reliquias
1671 2970 1996 3026 magnopas-

439 3054 667 3107 tcritatis
693 3054 832 3107 bono
862 3052 1027 3108 edidit
1065 3032 1382 3105 Fraheiscus
1407 3048 1622 3113 Junius,
1655 3047 1703 3101 si
1732 3057 1908 3101 tamen
1938 3049 1993 3103 le

441 3160 502 3199 ea
538 3148 766 3216 loquitur
795 3146 1194 3200 eoosarcinator
1225 3144 1345 3197 iste.

2070 1970 2221 2023 -ceps
2249 1956 2425 2010 Marco
2449 1958 2876 2025 procedentibus,
2906 1974 3005 2029 qua
3028 1960 3096 2015 de
3124 1977 3202 2024 re.
3237 1972 3418 2033 utpote
3442 1966 3660 2037 insigni,

2095 2060 2286 2113 neque,
2314 2046 2456 2111 quod
2487 2048 2670 2111 sciam,
2703 2050 2831 2102 satis
2863 2049 3135 2119 hucusque
3155 2054 3426 2123 explorata
3447 2095 3463 2120 ,
3494 2071 3656 2125 pecu-

2093 2133 2211 2186 liari
2239 2136 2611 2189 observatione
2634 2138 2791 2204 paulo
2815 2136 2982 2191 fusius
3013 2149 3191 2207 postea
3218 2142 3564 2199 disseretnns.
3604 2138 3607 2139 ⁷

2164 2226 2531 2294 Antiquarium
2580 2266 2596 2291 ,
2645 2241 2675 2279 a
2703 2242 2808 2295 quo
2832 2230 3105 2298 exemplar
3147 2232 3249 2286 hoc
3292 2242 3532 2289 nostrum
3567 2235 3665 2292 de-

2068 2316 2350 2381 scriptum
2384 2324 2485 2379 est,
2520 2331 2622 2369 non
2651 2317 3010 2387 intliligentem
3036 2321 3373 2378 solummodo
3393 2366 3408 2390 ,
3440 2325 3535 2389 sed
3564 2328 3665 2381 im-

2096 2404 2345 2474 peritum,
2384 2420 2447 2459 ac
2480 2406 2633 2474 plane
2660 2408 2927 2463 indoctum
2963 2410 3123 2466 fuisse
3164 2413 3466 2482 legentibus
3495 2426 3661 2486 patet.

2094 2496 2316 2563 Adjecta
2356 2496 2575 2566 insuper
2614 2499 2957 2554 vitiosissima
3011 2503 3460 2573 interpunctione.
3517 2508 3664 2577 Qua-

2094 2597 2309 2653 propter
2352 2588 2491 2640 circa
2520 2602 2583 2641 ea
2626 2596 2862 2658 tempora
2908 2598 3162 2660 scriptum
3212 2594 3377 2663 puto,
3424 2598 3662 2667 quibus,

2095 2674 2395 2729 interverso
2434 2684 2509 2730 tot
2544 2689 2843 2733 exterarum
2875 2682 3108 2749 gentium
3149 2684 3530 2754 irruptionibus
3557 2688 3668 2743 Ro-

2094 2782 2253 2821 mano
2278 2766 2583 2822 Occidentis
2610 2770 2852 2837 imperio,
2884 2772 3069 2826 littera:
3093 2774 3219 2841 ipsae
3244 2777 3309 2829 ad
3332 2778 3659 2847 squalorem,

2096 2858 2491 2927 perniciemque
2522 2860 2749 2914 redacta:
2801 2861 3008 2917 inerant
3042 2882 3054 2915 :
3086 2866 3223 2921 unde
3270 2877 3390 2936 post
3437 2879 3514 2924 tot
3559 2885 3664 2925 saa-

2095 2950 2251 3014 cula,
2297 2950 2587 3027 nitentibus
2621 2952 2863 3007 Italorum
2922 2954 3183 3024 ingeniis,
3234 2960 3445 3014 tandem
3486 2975 3635 3017 emer

2097 3055 2235 3096 SCI’C.

2169 3132 2319 3198 Quod
2346 3148 2474 3187 vero
2488 3134 2771 3203 codicibus
2798 3136 2921 3191 olim
2949 3137 3190 3193 accidere
3210 3139 3434 3207 solebat,
3468 3156 3661 3213 nempe

509 3238 658 3304 Quod
702 3252 860 3307 supra
908 3238 1245 3300 monuimus,
1288 3234 1623 3290 membranas
1676 3234 1899 3299 scilicet,
1953 3232 2002 3286 in

2110 3224 2164 3278 ib
2187 3224 2441 3292 imperitis
2464 3226 2661 3281 criticis
2690 3236 2748 3280 ut
2777 3242 3054 3297 perperam
3081 3231 3500 3300 corrigerentur,
3531 3234 3654 3290 huic

441 3331 632 3401 quibus
659 3344 888 3383 canones
928 3329 1180 3394 descripti
1228 3334 1382 3389 sunt,
1414 3326 1467 3378 in
1494 3325 1872 3395 quaterniones
1896 3325 2005 3377 dis-

441 3420 668 3474 tributas
714 3418 899 3481 fuisse,
948 3418 1047 3470 hoc
1082 3416 1250 3485 ipsum
1296 3416 1345 3468 in
1378 3414 1704 3481 Evangeliis,
1728 3413 1795 3468 de
1818 3415 2008 3482 quibus

441 3525 567 3564 mox
598 3511 699 3563 erit
728 3522 923 3570 sermo,
958 3506 1200 3575 prmstitit
1227 3504 1511 3558 lihrarius.-
1525 3502 1659 3556 Nota
1688 3502 1773 3555 illa
1803 3501 1871 3555 ad
1900 3502 2011 3555 cal-

447 3619 563 3657 cem
607 3617 809 3657 aversm
839 3600 1095 3669 cujusque
1126 3607 1325 3653 octava:
1354 3596 1555 3665 paginae
1577 3595 1747 3664 posita
1775 3593 1839 3661 Q.
1874 3593 1911 3646 l.
1942 3596 2006 3659 Q.

441 3694 531 3755 ΙΙ..
561 3702 614 3747 et
642 3695 718 3745 sic
746 3694 1020 3759 deinceps,
1050 3705 1207 3759 quam
1238 3687 1481 3743 Valesius
1522 3687 1595 3739 ait
1641 3684 1803 3737 l'uissc
1836 3694 2013 3738 vetus—

444 3784 667 3838 tissimis
695 3783 967 3836 codicibus
994 3781 1306 3833 familiarem
1330 3796 1343 3830 :
1371 3787 1530 3843 atque
1556 3792 1586 3828 a
1616 3776 1793 3841 seipso
1825 3774 1876 3826 in
1907 3787 2008 3826 ms.

446 3871 740 3940 exemplari
759 3866 1001 3936 Gregorii
1021 3866 1367 3930 TurOuensis,
1394 3870 1780 3932 nongentorum
1803 3861 2014 3915 circiter

445 3979 734 4027 annorum,
780 3963 1137 4014 observatam.
1187 3956 1367 4023 Neque
1393 3955 1520 4008 solis
1547 3953 2010 4023 quaternionibus,

444 4056 539 4111 sed
573 4054 749 4106 mixtis
778 4050 1066 4105 identidem
1121 4046 1453 4100 terniouibus
1480 4052 1657 4097 vetera
1700 4044 1788 4095 illa
1829 4057 2013 4095 exem-

445 4144 616 4216 plaria
639 4142 941 4195 constitisse
967 4138 1163 4192 indicat
1191 4134 1400 4188 Eusebii
1425 4134 1569 4187 locus
1594 4129 1692 4199 (De
1726 4132 1823 4187 Vit.
1842 4130 2011 4184 Const.

446 4238 539 4291 lib.
588 4250 662 4296 IV,
695 4250 808 4303 cap.
849 4231 960 4299 57),
992 4232 1043 4284 in
1076 4244 1180 4298 quo
1208 4236 1526 4296 przrceptum
1564 4224 1661 4278 sibi
1690 4224 1763 4276 ait
1790 4238 1817 4275 a
1844 4222 2015 4276 Cons-

447 4326 657 4382 tantino
696 4336 751 4376 ul
783 4323 1184 4391 quinquaginta,
1220 4319 1435 4394 codices
1463 4317 1762 4372 divinarum
1792 4314 2019 4384 scriptu—

451 4399 635 4472 rarum
664 4414 717 4464 in
749 4411 1071 4463 membranis
1100 4409 1310 4478 egregie
1338 4407 1584 4476 expolitis
1620 4422 1649 4458 a
1682 4404 2019 4473 peritissimis

449 4504 767 4575 antiquariis
810 4502 1037 4556 describi
1084 4509 1327 4563 curaret;
1373 4508 1709 4568 paratosque,
1756 4507 1814 4549 ut
1839 4480 2017 4548 statim

2098 3330 2305 3384 quoque
2354 3324 2534 3370 nostro
2584 3317 2636 3371 in
2677 3319 2913 3387 pluribus
2955 3321 3193 3391 contigit.
3243 3321 3359 3377 Non
3413 3324 3658 3392 equidem

2100 3406 2235 3473 quod
2258 3414 2527 3461 corrector
2549 3407 2659 3474 ille,
2686 3412 3004 3479 quicumque
3036 3411 3081 3464 is
3108 3412 3323 3465 demum
3354 3392 3510 3467 fuerit
3529 3454 3543 3477 ,
3567 3424 3661 3468 aut

2103 3491 2353 3558 adjaccrit
2376 3495 2587 3564 aliquid,
2617 3509 2705 3551 ant
2736 3498 3111 3571 immutaverit.
3143 3500 3248 3554 Sed
3270 3540 3284 3565 ,
3315 3500 3519 3555 abrasis
3539 3518 3660 3571 qua:

2112 3585 2291 3641 vitiosa
2328 3590 2607 3655 censebat,
2638 3600 2694 3644 ut
2717 3600 2859 3645 recta
2901 3608 3005 3645 non
3048 3593 3214 3647 semel
3244 3595 3533 3662 pervertit,
3580 3596 3661 3650 sic

2114 3675 2355 3732 mentitsa
2400 3681 2613 3747 supinus
2658 3682 2931 3748 praeteriit.
2968 3684 3264 3749 Supersunt
3290 3684 3433 3738 enim
3464 3683 3661 3754 ubique

2112 3764 2394 3821 litterarum
2422 3768 2639 3836 vestigia
2665 3810 2677 3831 ,
2707 3769 2847 3825 unde
2870 3772 3101 3824 nativam
3127 3762 3441 3841 scripturam
3467 3774 3661 3843 depre-

2116 3853 2415 3911 hendanus.
2454 3858 2623 3914 Latini
2655 3863 2811 3915 etiam
2856 3864 3121 3933 sermonis
3170 3864 3409 3935 jejunum
3454 3866 3655 3932 fuisse,

2116 3945 2219 3999 hoc
2254 3960 2404 3998 uurm
2427 3949 2563 4004 inter
2589 3959 2781 4005 caetera
2810 3953 3109 4022 exemplum
3145 3964 3261 4009 esto
3285 3997 3300 4018 ,
3330 3956 3471 4021 quod
3502 3956 3659 4010 Luca:

2115 4051 2171 4102 x,
2200 4034 2291 4099 40,
2323 4041 2533 4092 meo-rit
2564 4057 2578 4093 :
2609 4040 2699 4093 ubi
2723 4040 2926 4095 Martha
2955 4045 3020 4097 de
3039 4058 3252 4110 sorore,
3289 4060 3407 4113 qua:
3433 4045 3577 4098 illam
3604 4046 3657 4101 in

2118 4122 2407 4178 minis-terit
2437 4126 2710 4181 domestico
2753 4144 2857 4183 non
2888 4130 3194 4199 adjuvaret,
3226 4142 3516 4203 conquesta
3542 4134 3656 4199 ait,
3691 4116 3713 4207 ’⁸

2120 4212 2358 4277 Domine,
2390 4228 2481 4267 non
2510 4224 2573 4270 est
2599 4216 2684 4268 tibi
2718 4229 2849 4265 cura:
2876 4219 3011 4287 quod
3041 4236 3184 4272 soror
3208 4238 3320 4275 mea
3347 4223 3550 4291 reliquit
3579 4239 3659 4276 me

2118 4302 2282 4355 solam
2312 4300 2617 4358 ministrare?
2645 4316 2746 4372 quo
2776 4302 2827 4355 in
2854 4300 2965 4351 IOCc
2992 4308 3348 4364 εοιωςίεηιυιη
3380 4314 3583 4376 veg-itus
3609 4314 3656 4367 si

2119 4409 2256 4448 cura:
2291 4392 2630 4460 relinqueret,
2662 4410 2689 4447 e
2718 4391 2927 4447 ﬁnalem
2968 4399 3193 4451 exuam,
3231 4396 3361 4451 cum
3413 4415 3539 4454 νετο
3564 4416 3659 4454 au-

2122 4484 2284 4538 daces
2330 4496 2517 4534 manus
2553 4488 2602 4537 in
2635 4485 2870 4538 codicem
2916 4478 3245 4548 extenderet,
3290 4486 3356 4539 ad
3384 4487 3655 4559 Vulgatam

451 4566 744 4653 comi-tante
793 4593 1024 4645 Diacono
1070 4590 1135 4642 ad
1183 4603 1303 4642 eum
1343 4566 1617 4641 mitteret;
1651 4586 1771 4639 Mox
1818 4583 2016 4646 subdit,
2047 4579 2097 4638 D
2122 4572 2428 4642 Hieronymi
2460 4575 2782 4640 respuisse,
2814 4570 2972 4624 ﬁdem
2999 4566 3143 4633 facit,
3176 4584 3282 4637 prie
3320 4576 3437 4631 aliis
3460 4617 3475 4642 ,
3509 4579 3659 4634 locus

450 4691 639 4755 Αὐτίκα
680 4685 722 4741 δ’
758 4672 903 4759 {mw
953 4679 1271 4737 ἐπηκολούθει
1329 4686 1400 4749 τῷ
1449 4675 1597 4747 λόγῳ,
1649 4677 1695 4727 ἐν
1742 4671 2021 4732 πολυτελῶς

449 4780 749 4849 ἠσκημένοις
773 4776 990 4845 τεύχεσι
1015 4771 1206 4843 τρισσὰ
1227 4771 1312 4821 καὶ
1352 4768 1615 4842 τετρασσά
1635 4762 2023 4833 διαπεμψὼτων

449 4870 609 4938 ἡμῶν.
655 4866 809 4919 Jussa
853 4862 1060 4916 scilicet
1104 4855 1356 4927 principis
1394 4871 1424 4909 e
1460 4852 1683 4922 vestigio
1710 4865 1841 4919 opus
1867 4866 2025 4905 exce-

448 4961 634 5029 pisse:
666 4958 981 5022 misisseque
1028 4968 1085 5006 se
1116 4950 1407 5012 terniones,
1452 4957 1506 5005 et
1553 4943 1927 5021 quaterniones
1968 4941 2019 4995 in

452 5038 813 5101 voluminibus
842 5057 1065 5111 operose
1108 5041 1285 5095 cultis.
1320 5039 1374 5092 lu
1403 5034 1595 5107 quibus
1634 5030 1879 5087 Historici
1905 5046 2022 5085 ver-

451 5139 539 5196 bis
568 5144 717 5205 putat
763 5132 893 5185 inibi
940 5132 1021 5184 vir
1060 5128 1401 5183 doctissimus
1450 5124 1725 5193 enallagen
1765 5134 1913 5187 esse;
1959 5136 2021 5175 ac

450 5236 739 5301 propterea
768 5220 1047 5275 dicendum
1079 5219 1243 5273 fuisse
1269 5221 1437 5289 τεύχη
1473 5217 1522 5269 ἐν
1548 5222 1883 5288 τετρασσοῖς,
1914 5228 2019 5268 ιιοη

449 5331 583 5374 vero
608 5312 868 5386 τετρασσά
896 5312 946 5363 ἐν
968 5310 1206 5379 τεύχεσι.
1232 5308 1327 5361 Asl
1356 5313 1523 5368 recte,
1551 5304 1601 5357 ni
1634 5303 1810 5375 fallor,
1841 5318 1902 5357 se
1927 5304 2014 5357 ha-

452 5409 586 5462 bent
620 5406 779 5458 citata
814 5398 1024 5455 Eusebii
1051 5398 1231 5451 verba.
1278 5397 1452 5467 Τεύχη
1494 5394 1635 5448 enim
1668 5392 1755 5445 illa
1795 5407 2020 5462 operose

452 5497 621 5562 culta,
652 5504 813 5563 atque
842 5499 1027 5544 ornata
1066 5487 1195 5541 nihil
1222 5487 1456 5554 profecto
1485 5493 1637 5539 erant
1663 5482 1827 5548 aliud,
1859 5498 2018 5553 quam

451 5568 813 5652 integumenta
842 5579 1106 5642 codicum,
1148 5592 1280 5645 quos
1311 5590 1402 5643 per
1428 5575 1697 5627 terniones
1724 5582 1777 5627 et
1804 5582 2019 5642 quater-

456 5671 647 5743 niones
674 5670 740 5722 ab
764 5666 1075 5737 antiquariis
1111 5664 1417 5733 dispositos,
1445 5677 1566 5715 mox
1594 5661 1757 5716 sectis
1788 5660 2017 5725 tabellis,

455 5770 517 5837 ut
546 5759 829 5829 plurimum
873 5761 1036 5827 aluta,
1081 5755 1394 5827 quandoque
1430 5753 1595 5808 etiam
1641 5752 1835 5817 serico,
1864 5765 2015 5818 auro,

2124 4663 2213 4717 ille
2243 4660 2463 4728 insignis
2489 4659 2710 4716 Matthxi
2734 4676 2801 4724 ιι,
2834 4661 2858 4712 1
2889 4675 2903 4712 :
2936 4655 3065 4710 Cum
3097 4670 3206 4727 ergo
3234 4674 3380 4719 natus
3402 4676 3528 4721 esset
3566 4669 3660 4723 .le-

2120 4768 2205 4805 sus
2231 4752 2283 4803 in
2312 4749 2567 4803 Bethleem
2585 4750 2777 4804 J‘tdwte
2796 4765 2813 4813 ;
2833 4758 2887 4803 ct
2906 4756 3081 4801 rursus
3105 4742 3173 4799 5:
3199 4749 3264 4802 At
3291 4754 3372 4807 illi
3389 4758 3650 4827 dixeram,

2120 4841 2175 4893 in
2206 4839 2458 4894 Bethleem
2482 4837 2695 4927 Judlete,
2724 4853 2856 4908 quos
2886 4838 3217 4902 Hiermymss
3246 4841 3299 4893 in
3326 4847 3657 4919 antigraphis

2117 4946 2347 4997 suorum
2382 4922 2989 4998 temporum'mendosos
3018 4922 3299 4983 :xistimans
3318 4972 3333 4994 ,
3360 4930 3514 4988 huic
3532 4953 3655 4991 res.

2124 5022 2357 5075 tituerat.
2388 5020 2519 5075 Nam
2546 5022 2826 5075 subversor
2856 5018 2945 5072 ille
2965 5022 3057 5083 “ut
3101 5012 3375 5074 lcetiouem
3410 5023 3474 5076 ad
3520 5024 3652 5080 Vul-

2124 5121 2299 5184 gatam
2344 5113 2606 5182 exigeret,
2640 5112 2971 5180 dipbtongurr
2994 5102 3210 5159 alteram
3250 5112 3528 5183 utrobique
3555 5117 3651 5175 de.

2121 5205 2274 5260 rasit.
2304 5204 2487 5258 Menda
2520 5219 2646 5258 vero
2667 5245 2682 5269 ,
2712 5217 2829 5271 qua:
2859 5189 3115 5269 praefui,
3152 5205 3225 5250 ιηι
3265 5214 3417 5271 sunt,
3460 5217 3516 5261 ut
3560 5225 3649 5263 re-

2123 5295 2265 5353 ferre
2294 5297 2483 5366 Fige“.
2507 5294 2637 5349 Cum
2666 5290 2932 5361 praisertir
2966 5296 3029 5335 ne
3062 5295 3196 5334 unus
3216 5296 3420 5349 quidem
3459 5313 3525 5352 ex
3566 5303 3650 5357 his

2118 5378 2289 5446 naevis
2316 5389 2655 5457 pulcherrimi
2682 5377 3053 5454 corporisdesit
3081 5374 3134 5427 in
3159 5382 3473 5447 apograpbo,
3506 5392 3646 5455 quod

2121 5467 2187 5537 ad
2216 5491 2265 5536 te
2292 5481 2552 5535 misimus.
3292 5462 3296 5467 ’
3554 5542 3557 5545 γ

2138 5620 2141 5621 ν
2192 5567 2526 5627 Latinitaicm
2553 5565 2695 5635 quod
2733 5572 2913 5634 specm
2940 5578 2953 5614 :
2978 5567 3088 5612 tum
3130 5555 3180 5607 in
3212 5551 3376 5607 verbis
3412 5556 3641 5621 elici-en.

2122 5662 2204 5717 dis
2223 5656 2655 5726 orthographiam
2683 5654 2767 5709 hic
2793 5652 2965 5725 pasim
2990 5642 3233 5712 adbiber'.
3259 5656 3376 5709 qua:
3402 5650 3637 5714 primaevi

2122 5748 2426 5818 interpretis
2469 5738 2710 5812 aetatem,
2750 5740 3202 5814 simjticitatemqt':
3233 5735 3630 5806 praeelerant,
