4288 6446
521 370 586 426 21
1301 370 1515 425 EPIST.
1557 366 1798 423 PllILlP.
1833 367 2194 428 GARBELLI.
2236 368 2324 421 DE
2364 369 2604 425 COUICE
2645 369 2986 425 BRIXIANO.
3693 368 3765 422 ξε

530 488 761 539 sentient
781 483 973 537 eruditi
1006 483 1260 537 harumce
1289 498 1465 537 rerum
1506 487 1877 537 aestimatores.
1910 479 2091 549 Neque
2119 482 2166 539 Λ
2195 481 2431 535 int-italus
2476 500 2564 536 nec
2614 485 2877 537 missarum
2918 483 3101 536 ibidem
3140 484 3474 538 sollemnitate
3513 483 3763 553 quispiam

519 574 660 629 enim
691 588 821 642 opus
852 584 932 628 est
958 581 1018 627 ut
1043 583 1290 641 excerpta
1327 574 1450 628 inde
1481 573 1805 627 adferamus.

590 664 876 734 Exemplar
903 672 1084 717 autem
1128 663 1231 717 hoc
1258 672 1494 717 nostrum
1519 668 1599 718 ‘ex
1629 662 1957 732 autigraphis
1990 663 2089 715 illis

521 769 795 821 manasse,
825 770 945 824 quae
972 770 1076 809 non
1114 756 1286 810 selum
1324 756 1631 827 Hieronymi
1668 766 1905 823 tempora
1933 796 1947 821 ,
1996 755 2088 809 sed

520 845 707 901 Hilarii
746 845 1097 901 Pictaviensis
1125 854 1544 913 praecesserant,
1586 860 1704 899 cum
1750 844 1913 899 facies
1942 845 2050 911 ipsa
2073 886 2087 909 ,

518 942 629 991 tum
659 935 759 989 loci
786 935 1016 1004 aliquot,
1050 948 1184 1004 quos
1208 946 1391 1003 postea
1411 936 1743 989 excutiemus
1768 976 1782 998 ,
1825 933 2082 988 manifes-

519 1026 724 1082 tissime
749 1028 1023 1081 evincunt.

556 1118 791 1173 [Octavo
829 1117 1026 1173 saecttlo
1068 1116 1316 1182 labente,
1347 1126 1437 1172 aut
1480 1117 1755 1186 sequentis
1790 1116 1942 1171 initio
1988 1114 2091 1167 huc

520 1209 793 1275 delatum,
825 1208 948 1262 olim
995 1209 1334 1275 conjeceram
1381 1224 1500 1263 cum
1542 1212 1608 1263 atl
1654 1222 1895 1277 patruum
1943 1220 2090 1262 tuum

522 1301 816 1356 scriberem
851 1316 865 1352 :
904 1298 1149 1367 idemque
1199 1315 1339 1353 nunc
1386 1301 1577 1353 sentio.
1627 1300 1755 1354 Sive
1794 1299 2092 1368 principum

524 1390 687 1458 dono,
714 1392 803 1462 qui
837 1390 1003 1453 filias,
1048 1400 1340 1462 neptesque
1369 1392 1421 1445 in
1452 1391 1803 1445 celelu-rrimo
1829 1391 1946 1443 loco
1982 1389 2094 1442 Deo

524 1489 638 1553 opt.
680 1496 821 1535 max.
851 1479 1285 1546 despondebant,
1317 1496 1411 1535 seu
1444 1496 1512 1536 ex
1550 1480 1903 1535 nobilissimis
1928 1478 2094 1545 virgi-

474 1596 479 1601 ·
524 1574 683 1630 nibus
712 1573 886 1642 aliqua
919 1572 1045 1626 illud
1082 1586 1263 1626 secum
1302 1573 1569 1627 adtulerit.
1605 1573 1715 1627 Nisi
1759 1574 1928 1637 forte,
1957 1569 2095 1639 quod

526 1682 658 1723 vero
685 1666 903 1736 propius
924 1680 1045 1720 esse
1075 1666 1341 1730 videntur,
1368 1682 1431 1721 ex
1456 1667 1585 1734 ipsis
1616 1666 1871 1721 Desiderii
1894 1707 1910 1732 ,
1942 1673 2099 1733 atque

531 1756 695 1816 Ansa:
722 1756 961 1827 cymeliis
990 1756 1389 1829 depromptum,
1421 1771 1483 1810 ac
1509 1756 1629 1809 lilia:
1668 1756 1845 1823 pietati
1881 1769 2100 1809 concre-

2193 584 2449 639 presumat
2476 576 2766 627 omnimodo
2798 575 3067 628 celebrare.
3125 574 3191 628 Ut
3233 576 3386 628 libere
3433 576 3581 629 liceat
3627 590 3770 629 soro-

2197 665 2337 716 ribus
2367 664 2551 718 ibidem
2579 666 2873 735 degentibus
2910 666 3195 734 regularem
3228 665 3515 718 normulam
3550 666 3763 720 inuiola-

2192 756 2356 809 biliter
2384 757 2665 810 observare.
2698 756 3187 818 Sacerdotalespero
3223 757 3425 810 ordines
3466 773 3500 811 a
3527 772 3759 827 quocun-

2190 858 2287 914 que
2315 857 2359 898 et
2385 846 2447 899 de
2475 862 2773 917 quacunque
2798 847 2993 900 civitate
3010 848 3253 917 episcopo
3270 846 3523 901 abbatissa
3542 847 3764 902 uoluerit

2190 934 2659 1005 irrepreensibilitei'
2678 937 2954 991 ordinetur.
2988 936 3047 992 Si
3077 938 3281 1006 quando
3307 954 3423 991 vero
3449 951 3501 991 ut
3522 949 3638 992 sunt
3662 940 3764 993 hu-

2192 1025 2330 1078 mani
2360 1027 2556 1095 generis
2588 1043 2734 1080 casus
2760 1026 3009 1100 abbatissa
3031 1027 3211 1101 objerit
3238 1043 3339 1081 non
3362 1028 3573 1082 aliunde
3600 1028 3689 1083 sed
3705 1044 3769 1082 ea:

2193 1115 2368 1168 eadem
2414 1118 2803 1186 congregatione
2848 1118 3227 1187 religiosissime
3280 1117 3525 1171 monac/te
3560 1118 3613 1171 in
3657 1118 3768 1172 loco

2194 1205 2430 1274 defuncte
2464 1207 2714 1261 abbatisse
2738 1209 2929 1278 eligant
2954 1224 3311 1262 successorem.
3361 1207 3505 1261 Illud
3535 1209 3764 1263 videlicet

2196 1296 2437 1349 addentes
2463 1308 2514 1349 ut
2540 1298 2787 1367 quidquid
2816 1298 3001 1351 ibidem
3036 1302 3171 1367 iusto
3210 1299 3387 1353 ordine
3414 1315 3442 1351 α
3472 1313 3767 1368 quocunque

2744 1390 2861 1443 libet
2914 1391 3314 1463 (Supplendtun
3367 1390 3624 1462 Episwpo
3679 1400 3765 1444 aut

2196 1478 2453 1548 qualibet)
2498 1496 2712 1548 persona
2754 1482 2915 1534 inlata
2955 1490 3071 1535 sunt
3116 1498 3202 1535 seu
3232 1482 3419 1549 futuris
3462 1483 3768 1548 temporibus

2198 1567 2388 1638 fuerint
2415 1570 2623 1623 illatura
2650 1572 2752 1624 sive
2791 1588 2852 1625 ea:
2882 1582 3055 1626 nostra
3084 1573 3275 1626 ditione
3293 1589 3379 1628 seu
3406 1589 3467 1625 ex
3499 1574 3769 1642 episcopo-

2200 1678 2313 1714 rum
2336 1670 2621 1716 uostrorum
2640 1651 2930 1729 inmutilata
2958 1666 3119 1717 modis
3157 1666 3391 1718 omnibus
3418 1666 3613 1719 ualeant
3657 1682 3773 1735 per—

2200 1770 2422 1808 manere.
2458 1752 2566 1817 Nec
2609 1755 2707 1808 Itoc
2752 1758 3082 1824 pretereundo
3119 1773 3228 1811 esse
3271 1758 3607 1831 conspicimus
3645 1758 3774 1811 itaut

531 1847 699 1903 ditum
721 1887 735 1910 ,
783 1847 920 1900 inter
961 1846 1152 1901 cmtera
1202 1847 1553 1916 spiritualium
1598 1846 1898 1915 nuptiarum
1944 1861 2101 1900 orna-
2131 1843 2177 1901 B
2203 1844 2455 1897 abbatissa
2476 1862 2885 1925 quequocunque
2906 1848 2956 1900 in
2978 1858 3209 1915 tempore
3236 1848 3388 1915 fuerit
3412 1849 3536 1900 nulli
3566 1849 3769 1901 licentia

533 1942 711 1992 menta
746 1936 846 1990 hoc
877 1936 961 1989 illa
994 1935 1058 1989 ad
1082 1938 1195 2001 sui,
1218 1938 1571 2006 aliarumque,
1598 1952 1714 2005 qua:
1746 1952 1845 1990 una
1873 1937 2101 2003 despon-

529 2028 797 2083 debantur
820 2070 837 2095 ,
864 2045 1038 2093 usum,
1070 2030 1219 2098 regio
1274 2030 1325 2082 in
1360 2030 1476 2082 loco
1507 2029 1830 2098 deposuerit.
1875 2028 2103 2098 llnjuscc

530 2120 679 2176 modi
729 2126 857 2175 vero
908 2120 1126 2175 donaria
1174 2121 1394 2174 sacratis
1441 2120 1570 2174 locis
1625 2120 1820 2188 passim
1867 2120 2102 2174 exhibita

532 2228 693 2269 nemo
721 2220 806 2267 est
831 2214 898 2267 'in
934 2212 1336 2281 antiquitatibus
1382 2213 1528 2267 hisce
1559 2224 1804 2268 versalus
1834 2214 1920 2280 qni
1955 2214 2101 2281 igno-

530 2314 635 2360 ret.
658 2303 794 2358 Tum
826 2312 1167 2373 sumptuosos
1208 2305 1368 2359 hosce
1390 2345 1404 2369 ,
1447 2318 1508 2356 ac
1547 2306 1859 2370 magnificos
1888 2304 2102 2356 codices

529 2396 743 2450 nonnisi
766 2395 1043 2457 divitibus,
1075 2408 1169 2449 aut
1199 2395 1453 2450 Ecclesiis
1485 2396 1659 2463 parari
1684 2395 1869 2447 solitos
1905 2412 1917 2448 :
1944 2410 2102 2461 supe-

535 2490 690 2542 rante
721 2484 1044 2556 privatorum
1072 2487 1339 2542 fortunam
1384 2488 1652 2555 impendio
1675 2529 1688 2551 ,
1726 2488 1918 2556 quibus
1944 2497 2104 2540 caete-

528 2576 689 2648 roqui
717 2592 984 2648 pauperes
1010 2580 1245 2645 schedio,
1280 2588 1335 2633 ut
1362 2594 1453 2633 eas
1483 2579 1701 2633 meabat
1732 2580 2101 2649 Hieronymus,

533 2667 688 2735 satis,
720 2683 989 2738 superque
1021 2681 1203 2724 essent
1233 2672 1441 2725 luturtc.
1469 2669 1658 2724 Plures
1688 2684 1814 2725 vero
1849 2670 1901 2723 in
1943 2671 2103 2738 regali

531 2760 890 2823 monasterio,
923 2760 1229 2815 viVentibus
1268 2760 1441 2814 adhuc
1491 2759 1794 2823 Desiderio,
1838 2770 1889 2813 et
1943 2761 2097 2814 Adel-

530 2850 682 2919 giso,
720 2862 905 2903 sacros
944 2850 1154 2905 codices
1181 2860 1419 2906 servatos
1469 2850 1633 2904 fuisse
1676 2850 1842 2916 liquet
1877 2865 1938 2903 ex
1978 2863 2105 2917 apo-

532 2940 737 3011 grspbo
795 2942 1205 2997 membranaceo
1248 2942 1413 2997 bulla:
1465 2929 1739 3010 cujusdam
1786 2955 1816 2994 a
1854 2940 2103 3011 Sigualtlo

532 3031 859 3101 Aquileiensi
909 3034 973 3086 ad
1019 3034 1382 3103 Ausebergam
1428 3034 1596 3097 datm,
1644 3048 1799 3100 quam
1846 3033 1978 3085 alias
2013 3047 2104 3085 ex-

529 3123 876 3192 scripsimus,
932 3134 988 3180 et
1032 3124 1085 3179 in
1144 3124 1461 3179 Adversaria
1514 3123 1821 3185 retulimus,
1876 3137 1994 3191 qua}
2027 3122 2105 3177 sic

532 3210 692 3268 habet
720 3232 734 3267 :
789 3222 793 3229 '

551 3301 558 3319 '
606 3302 815 3373 Sigualt
844 3322 1017 3358 servus
1072 3320 1330 3359 servorum
1377 3303 1584 3358 Domini
1628 3303 1935 3361 Patriarcha
1977 3303 2099 3355 dum

533 3405 709 3448 nostra
745 3396 1068 3450 mediocritas
1103 3413 1165 3451 ex
1207 3396 1615 3465 felicissimorum
1653 3396 1938 3466 principum
1968 3395 2101 3449 desi—

534 3486 663 3541 derii
683 3496 729 3540 et
750 3487 965 3557 adelgisi
990 3504 1091 3541 una
1112 3506 1225 3543 cum
1253 3491 1460 3560 collegiis
1489 3490 1675 3543 nostris
1709 3488 2101 3559 religiosissimis

534 3588 584 3634 et
622 3580 959 3634 sanctissimis
986 3583 1238 3651 episcOpis
1286 3584 1345 3635 ob
1396 3584 1548 3637 totius
1595 3582 1839 3636 ortodoxe
1880 3582 2104 3634 ecclesite

534 3676 732 3724 statum’
775 3682 1009 3741 perventa
1044 3675 1219 3742 fuisset
1261 3674 1460 3745 singula
1493 3690 1684 3743 queque
1722 3674 1980 3740 superflua
2011 3673 2104 3725 deo

533 3766 813 3820 auxiliante
837 3768 1069 3823 subtilius
1098 3770 1319 3823 climata.
1355 3771 1591 3841 Papo'scit
1627 3787 1658 3823 a
1682 3770 1825 3823 nobis
1847 3770 2101 3823 veneratio

536 3866 621 3910 tua
645 3858 930 3912 beatissima
953 3860 1227 3928 ’anseberga
1259 3861 1512 3913 abbatissa
1549 3879 1639 3925 per
1668 3862 1974 3928 praudulum
2006 3876 2098 3912 cu-

537 3947 840 4003 bicularium
875 3950 1006 4003 sacri
1044 3948 1223 4017 palatii
1260 3966 1346 4004 seu
1380 3961 1426 4004 et
1465 3952 1777 4018 prepositum
1813 3952 2103 4003 monasterii

535 4041 692 4095 vestri
716 4048 769 4093 ut
795 4041 1075 4095 uenerabile
1102 4042 1314 4095 eundem
1337 4042 1694 4114 monasterium
1722 4049 1937 4094 vestrum
1966 4039 2103 4108 quod

537 4129 685 4183 situm
713 4140 787 4182 est
810 4131 862 4183 in
888 4131 1009 4183 urbe
1030 4146 1124 4199 que
1149 4131 1334 4185 dicitur
1363 4132 1527 4186 brixia
1552 4132 1683 4199 quod
1702 4142 1896 4185 constat
1920 4132 1986 4184 ad
2008 4130 2101 4182 ho-

539 4236 713 4275 norem
758 4221 951 4275 domini
978 4224 1244 4277 salvatoris
1272 4234 1612 4279 constructum
1640 4224 1889 4294 privilegii
1926 4222 2103 4291 infulis

539 4328 573 4366 α
600 4322 769 4367 nostra
794 4318 1044 4384 frueretur
1063 4318 1373 4369 auctoritate.
1398 4315 1655 4378 Quatenus
1678 4312 2100 4367 concordantibus

538 4406 683 4460 nobis
710 4408 1126 4461 reverentissimis
1147 4408 1396 4475 episcopis
1422 4409 1605 4459 nostris
1631 4422 1695 4460 ea:
1722 4406 1976 4459 communi
2002 4404 2093 4459 ad-

538 4511 742 4551 sensum
767 4499 988 4552 eternale
1017 4498 1247 4565 prtedicti
1277 4498 1473 4551 oraculi
1502 4498 1653 4551 robur
1695 4498 1798 4551 stili
1828 4498 1986 4551 nostri
2013 4496 2105 4565 ﬁr-

2205 1938 2510 1991 concedatur
2540 1935 2852 1991 CODICES
2900 1948 2985 1990 aut
3030 1956 3147 1992 uasa
3188 1949 3390 1992 sacrata
3435 1948 3520 1991 aut
3551 1938 3772 2006 quolibet

2206 2030 2496 2082 thesaurum
2540 2029 2763 2083 Ecclesie
2793 2047 2988 2101 quoquo
3014 2031 3164 2083 modo
3191 2032 3385 2084 donare
3413 2041 3499 2082 aut
3528 2031 3770 2083 alienare.

2206 2120 2265 2175 Si
2294 2120 2405 2187 quis
2442 2130 2607 2174 autem
2633 2131 2807 2173 contra
2842 2122 2972 2174 hanc
3007 2131 3233 2175 nostram
3262 2122 3631 2175 serenissimam
3666 2120 3775 2174 dis-

2209 2212 2509 2279 positionem
2535 2213 2831 2269 temerarius
2860 2214 3064 2265 ausibus
3096 2212 3237 2264 adire
3266 2212 3579 2279 temptaverit
3607 2220 3776 2264 eterna

2203 2302 2519 2353 anathemate
2544 2301 2833 2365 plectendos
2863 2318 2969 2355 esse
2986 2318 3261 2356 censemus.
3288 2299 3585 2369 Conscripta
3607 2303 3764 2372 hujus

2202 2392 2450 2463 privilegii
2473 2394 2670 2445 seriem.
2707 2393 2853 2446 Anno
2882 2395 3324 2446 invictissimorum
3353 2392 3641 2461 principum
3664 2393 3761 2445 de-

2202 2483 2378 2536 siderii
2418 2493 2465 2536 et
2498 2484 2712 2553 adelgisi
2740 2483 2875 2537 XVI
2925 2494 2973 2539 et
3014 2483 3172 2539 XIV.
3212 2485 3302 2538 sub
3333 2484 3607 2538 indictione
3657 2482 3766 2537 XI.

2207 2572 2342 2627 Dato
2372 2572 2549 2628 Ticino
2575 2577 2626 2628 in
2664 2574 2793 2629 Vrbe
2816 2577 2957 2645 regia
2988 2574 3106 2629 lll.
3143 2576 3259 2630 idus
3281 2576 3514 2630 octobris.

2274 2666 2490 2736 Sigoald
2511 2668 2675 2737 gratia
2702 2667 2785 2720 dei
2826 2668 3117 2735 patriarcha
3143 2668 3194 2719 in
3230 2665 3326 2719 hac
3354 2664 3599 2735 privilegii
3627 2674 3769 2718 textu

2205 2772 2237 2808 a
2261 2756 2401 2809 nobis
2424 2756 2693 2809 salubriter
2722 2756 2978 2808 elimatum
3010 2772 3163 2809 manu
3206 2756 3415 2825 prapria
3442 2756 3614 2808 subtus
3645 2754 3774 2808 scri-

2205 2846 2302 2912 psi.
2352 2846 2646 2911 Apolinaris
2676 2843 2861 2897 Christi
2896 2846 3248 2899 misericordia
3285 2847 3527 2915 indignus
3566 2846 3775 2899 humilis

2200 2934 2466 3004 episcopus
2491 2936 2544 2988 in
2575 2939 2668 2988 hoc
2696 2937 2949 3005 privilegii
2976 2946 3114 2991 textu
3142 2953 3298 2990 manu
3331 2954 3442 2991 utea
3476 2937 3770 3007 subscripsi.

2209 3026 2325 3079 Otto
2369 3028 2421 3079 in
2462 3028 2543 3079 dei
2590 3029 2790 3081 nomine
2832 3029 3098 3100 episcOpus
3136 3030 3189 3082 in
3220 3028 3317 3082 hoc
3356 3028 3603 3101 privilegii
3636 3036 3773 3081 textu

2205 3135 2358 3172 manu
2400 3136 2511 3174 mea
2550 3121 2845 3189 subscripsi.
2890 3120 3133 3175 Julianus
3172 3122 3377 3175 humilis
3418 3122 3683 3190 episcOpus
3720 3120 3773 3171 in

2127 3205 2172 3269 C
2204 3211 2299 3266 hoc
2317 3212 2568 3282 privilegii
2593 3222 2733 3266 textu
2762 3228 2915 3266 manu
2935 3228 3045 3266 mea
3069 3212 3153 3267 Ss.
3189 3210 3340 3267 Felix
3358 3211 3565 3265 humilis
3579 3212 3776 3281 episco-

2200 3320 2297 3373 pus
2317 3304 2369 3356 in
2390 3305 2485 3356 hoc
2507 3304 2756 3373 privilegii
2783 3313 2921 3355 textu
2949 3319 3102 3356 manu
3133 3319 3241 3356 mea
3264 3302 3353 3356 Ss.
3383 3299 3777 3370 Felixpeccator

2201 3396 2466 3465 episcopus
2488 3396 2542 3448 in
2570 3395 2664 3447 hoc
2690 3396 2937 3465 privilegii
2963 3403 3101 3447 textu
3134 3394 3258 3447 Mm.
3296 3394 3409 3455 Ss.,

2274 3488 2436 3543 Vides
2474 3488 2901 3557 antiquissimum
2933 3486 3294 3542 Ecclesiarum
3335 3500 3486 3539 usum
3508 3525 3522 3548 ,
3553 3498 3658 3553 quo
3681 3496 3768 3538 co-

2202 3583 2349 3638 dices
2370 3584 2521 3649 istos,
2549 3597 2653 3635 non
2684 3595 2841 3635 secus
2860 3595 2923 3634 ac
2946 3580 3200 3650 reliquam
3228 3577 3616 3648 supellectilem
3662 3576 3771 3629 Deo

2201 3674 2431 3729 dicatam
2462 3674 2513 3729 in
2552 3688 2770 3728 censum
2807 3673 3045 3727 thesauri
3072 3672 3208 3725 sacri
3240 3669 3567 3733 referebant,
3596 3668 3662 3723 ad
3686 3666 3771 3723 Si-

2202 3765 2376 3835 gualdi
2408 3779 2577 3834 usque
2600 3762 2854 3819 s:eeulum
2882 3762 3203 3832 perstitisse.
3238 3761 3305 3816 Et
3326 3762 3526 3816 utinam
3552 3758 3772 3813 anathe-

2204 3864 2347 3909 mate
2378 3854 2468 3908 illo
2505 3869 2602 3908 suo
2642 3853 2879 3921 perculsa
2919 3851 3317 3907 succedentium
3363 3860 3659 3917 temporum
3694 3845 3769 3898 ni-

2204 3946 2309 3997 mia
2348 3944 2574 3997 facilitas
2605 3957 2709 3997 non
2746 3946 2814 3996 ab
2852 3942 2915 3995 iis
2940 3942 3134 4005 solum,
3183 3939 3278 3995 sed
3306 3954 3334 3991 a
3362 3938 3571 3992 caeteris
3608 3936 3769 3991 etiam

2205 4051 2413 4105 regum,
2445 4034 2848 4104 principumque
2866 4030 3413 4087 donariisliberrimas
3438 4042 3627 4082 manus
3649 4030 3772 4083 abs-

2206 4126 2470 4181 tinuisset.
2522 4126 2728 4193 Quanta
2781 4124 2866 4178 hic
2903 4122 3130 4177 fortasse
3176 4122 3469 4176 etiamnum
3497 4120 3651 4190 copia
3679 4133 3773 4175 ve-

2206 4226 2376 4273 terum
2433 4218 2688 4272 Ecclesim
2740 4223 3222 4278 monumentorum,
3273 4222 3473 4281 quanta
3511 4212 3773 4281 religiosa:

2207 4309 2417 4376 pietatis
2445 4315 2716 4375 superstes
2747 4306 2914 4360 foret?
2940 4320 3167 4375 quorum
3197 4319 3339 4359 nunc
3369 4304 3487 4359 loco
3519 4302 3652 4358 nihil
3675 4303 3777 4357 nisi

2206 4400 2519 4456 inconsulta!
2561 4416 2629 4455 ne
2672 4400 3006 4455 liberalitatis
3028 4442 3042 4465 ,
3091 4415 3158 4455 an
3187 4401 3366 4455 verius
3398 4397 3777 4468 prodigalitatis

2207 4492 2466 4546 memoria
2494 4491 2557 4545 ad
2586 4501 2827 4561 posteros
2861 4492 3088 4546 transiit.

539 4588 689 4640 initas
731 4589 1025 4656 impertiret.
1070 4586 1133 4639 Et
1172 4589 1291 4655 quia
1336 4605 1533 4656 semper
1556 4599 1673 4644 sunt
1703 4590 1983 4644 exhibenda
2010 4605 2106 4659 que
2133 4576 2186 4635 D
2279 4584 2409 4652 Quae
2448 4588 2733 4640 etiamnum
2762 4594 3049 4654 supersunt
3080 4590 3424 4637 monumenta
3462 4579 3775 4635 eamdemne

540 4678 748 4731 utilibus
771 4678 975 4745 fuerunt
1004 4678 1398 4735 inlimationibus
1424 4682 1713 4749 impetrata.
1754 4681 1954 4736 Placuit
1984 4698 2104 4753 ergo

542 4768 709 4820 modis
736 4768 969 4822 omnibus
994 4777 1051 4821 ut
1076 4771 1156 4837 pie
1176 4771 1447 4823 deuotionis
1472 4772 1763 4841 imploratio
1789 4774 1977 4828 salubri
2000 4790 2105 4827 mo-

542 4860 745 4915 deretur
781 4861 1159 4915 interventionis
1190 4865 1423 4919 adsensu.
1459 4863 1554 4929 QE
1590 4881 1706 4919 vero
1733 4876 2107 4921 conataestre-

544 4951 667 5021 ligio
691 4960 777 5003 tua
797 4953 1063 5006 salubriter
1099 4971 1131 5005 a
1157 4954 1298 5008 nobis
1328 4966 1620 5019 extorquere
1653 4966 1897 5025 quatenus
1935 4964 2106 5027 prefu-

548 5049 654 5094 tum
682 5043 1042 5095 monasterium
1073 5060 1188 5097 cum
1215 5046 1457 5096 uniuersis
1482 5044 1702 5099 basilicis
1744 5047 1811 5099 ad
1856 5064 1910 5101 se
1949 5050 2104 5119 perti—

546 5132 775 5184 nentibus
805 5133 893 5200 qui
928 5150 959 5186 a
984 5134 1207 5202 piissime
1232 5135 1395 5203 adque
1420 5138 1833 5198 tranquillissime
1865 5155 1987 5192 ause
2027 5155 2108 5190 re-

547 5223 665 5292 gine
694 5221 820 5289 jure
855 5234 1196 5278 constructum
1234 5242 1342 5280 esse
1386 5230 1611 5281 noscitur
1652 5231 1932 5302 priuilegiis
1972 5232 2107 5285 sedis

548 5321 718 5366 sancte
750 5319 919 5363 nostra
956 5314 1311 5386 aquilegiensis
1340 5318 1421 5369 cui
1446 5317 1540 5371 deo
1569 5329 1773 5373 auctore
1805 5322 2110 5376 deseruimus

553 5404 834 5458 decoretur.
876 5398 1195 5473 QuaprOpter
1237 5408 1335 5475 piis
1378 5407 1644 5463 desideriis
1683 5413 1860 5465 uestris
1894 5412 2112 5481 faventes

555 5498 649 5547 hac
668 5501 839 5545 nostra
861 5492 1158 5545 auctoritate
1187 5496 1242 5547 id
1267 5498 1400 5564 quod
1440 5508 1571 5551 recte
1605 5500 1895 5566 exposcitur
1933 5500 2112 5566 e/Tectu

554 5584 877 5637 mandamus.
924 5581 1121 5635 lftideo
1162 5599 1355 5637 omnem
1400 5588 1667 5655 cuiuslibet
1692 5590 1914 5644 ecclesia!
1949 5607 2117 5644 sacer-

555 5674 724 5729 dotem
752 5674 1257 5743 quamlibet..........
1288 5691 1382 5728 one
1430 5678 1647 5747 (supple
1678 5682 1975 5749 occasione)
2020 5682 2115 5735 ha-

555 5766 671 5823 bere
694 5764 1029 5835 prohibimus.
1059 5764 1198 5821 llaut
1227 5766 1325 5819 nisi
1350 5766 1608 5824 abbatissa
1649 5773 1941 5826 monasterii
1972 5773 2122 5842 fuerit

2213 4678 2440 4732 fortuna:
2468 4679 2635 4731 aleam
2665 4678 2866 4739 subire,
2893 4692 2961 4730 an
2988 4676 3206 4731 eludere
3234 4674 3458 4743 possint.
3493 4672 3770 4725 incertum.

2212 4771 2281 4827 Ut
2300 4786 2488 4826 verear
2513 4771 2710 4824 faciunt
2734 4784 2854 4824 cum
2883 4768 3280 4823 vicissitudines
3308 4775 3628 4830 temporum,
3664 4771 3773 4813 tum

2212 4865 2466 4932 prmteriti
2497 4878 2653 4917 casus
2688 4872 2739 4917 et
2775 4863 2950 4927 unius,
2994 4876 3103 4930 prce
3132 4858 3339 4913 cteteris
3359 4897 3373 4920 ,
3404 4856 3624 4925 insignis
3654 4868 3777 4923 pro-

2209 4956 2349 5011 fecto
2400 4956 2697 5019 memoria,
2762 4970 2919 5024 quam
2974 4968 3003 5005 a
3058 4951 3351 5021 virginibus
3404 4951 3505 5005 illis
3556 4950 3778 5017 accepi:

2217 5072 2236 5105 ι
2271 5053 2492 5120 Nempe,
2531 5066 2653 5103 cum
2682 5058 2759 5102 tot
2792 5050 3219 5104 membranarum
3254 5047 3495 5116 supellex
3536 5046 3776 5115 neglecta

2213 5142 2424 5209 penitus
2453 5154 2514 5193 ac
2540 5137 2761 5192 confusa
2802 5137 3047 5205 iaceret,
3093 5137 3410 5191 consulente
3450 5136 3565 5188 viro
3596 5132 3775 5195 nobili,

2212 5240 2267 5286 et
2304 5232 2439 5284 aeris
2479 5239 2672 5283 caetera
2704 5228 2927 5297 iudicii,
2974 5228 3071 5282 sed
3114 5228 3366 5280 harumce
3408 5224 3777 5291 antiquitatum

2210 5324 2414 5393 jejuno,
2452 5330 2695 5376 vocatum
2736 5320 3005 5373 notarium
3050 5318 3333 5387 quemdam
3382 5325 3438 5370 ut
3478 5316 3778 5382 inspiceret,

2213 5424 2371 5483 atque
2399 5415 2450 5468 in
2479 5413 2718 5466 ordinem
2742 5421 2975 5479 cogeret,
3004 5410 3316 5472 accessisse,
3348 5406 3632 5476 propositis
3652 5418 3779 5456 con-

2213 5505 2505 5559 ditionibus
2549 5517 2766 5571 operam
2816 5502 3051 5561 locaSse;
3102 5513 3221 5553 cum
3263 5499 3317 5552 in
3362 5493 3723 5562 autbograpba
3753 5508 3779 5544 a

2217 5594 2580 5663 Langobardis
2624 5592 2843 5647 notariis
2886 5591 3111 5647 barbara
3145 5589 3232 5642 illa
3274 5589 3452 5640 latina:
3502 5584 3783 5651 scriptura:

2220 5684 2605 5740 deformatione
2650 5692 2869 5737 exarata
2897 5681 3213 5739 incidisset,
3243 5675 3382 5743 quod
3413 5691 3440 5727 a
3470 5675 3687 5731 nemine
3715 5677 3794 5729 in-

2222 5778 2493 5835 tellectum
2519 5776 2586 5833 iri
2607 5776 2980 5842 arbitraretur,
3015 5787 3112 5828 ceu
3136 5768 3385 5825 tabularii
3414 5768 3807 5840 rejectsmenta
