3902 6440
362 363 437 421 23

1733 348 2258 408 PROLEGOMENA.

3535 347 3609 403 24

358 485 652 553 abiecisse,
688 483 995 553 juvantibns
1035 482 1239 535 cladem
1278 480 1445 544 hanc,
1478 490 1596 547 qum
1625 487 1731 529 una
1755 480 1930 538 erant,
1958 478 2011 537 Α
2036 483 2140 538 que
2168 468 2315 540 Operi
2348 467 2598 522 idoneum
2624 467 2934 537 seligerent,
2963 467 3052 534 qui
3085 465 3407 523 membranis
3430 466 3609 520 omni-

358 577 572 630 illorum
616 575 967 643 apographis;
1017 574 1146 626 satis
1170 614 1183 637 ,
1216 583 1488 639 superque
1519 568 1618 620 ista
1648 578 1767 619 esse
1791 563 1936 630 cogi-

359 679 557 723 tantem
597 669 640 721 si
686 676 1044 721 servarentur.
1088 685 1105 716 ι
1162 665 1236 718 Ita
1282 664 1478 716 factum
1529 669 1586 713 ut
1618 654 1932 727 primigenia

363 762 455 815 illa
496 762 743 814 distracta
768 802 781 821 ,
812 775 873 812 ac
915 758 1173 825 dissipata
1220 756 1495 826 perierint.
1526 752 1643 807 Uno
1672 749 1933 803 duntaxat

358 852 666 919 superstite,
707 850 856 917 cujus
907 849 1183 916 inscriptio
1227 843 1564 915 superaddita
1606 840 1934 895 membrana:

357 944 411 997 in
430 944 611 997 orbem
637 942 998 1009 volutardigua
1029 939 1270 1009 profecto
1290 947 1397 999 est,
1422 949 1540 1003 qua:
1567 931 1757 986 litteris
1784 943 1932 982 man-

355 1032 529 1094 detur,
576 1042 632 1083 ut
682 1030 886 1098 insigne
927 1044 1035 1097 pra:
1078 1027 1289 1081 czetcris
1327 1024 1554 1077 inscitia:
1582 1036 1689 1075 non
1732 1019 1928 1082 minus,

318 1130 510 1192 ‘quam
563 1121 908 1190 impudentia}
967 1121 1108 1172 illius
1156 1118 1561 1171 monimentum.
1618 1112 1805 1165 Datum
1851 1116 1934 1161 est

350 1216 554 1277 Ticini;
598 1216 743 1279 regni
795 1213 1053 1267 Desiderii
1096 1219 1150 1263 et
1187 1209 1425 1277 Adclgisi
1460 1206 1618 1260 tertio
1648 1212 1701 1257 et
1734 1202 1928 1271 primo,

351 1323 460 1360 xvu
503 1305 856 1373 Septembris,
889 1304 1074 1357 ludict.
1107 1317 1233 1365 xui;
1267 1299 1547 1353 contineas
1579 1296 1805 1362 legatum
1833 1290 1928 1343 Gi-

349 1397 468 1449 sulfi
508 1396 780 1463 cujusdam
807 1394 1049 1446 stratoris
1072 1392 1226 1460 regii,
1258 1391 1347 1459 qui
1377 1388 1673 1440 lladoaraiu
1706 1395 1925 1435 uxorem

351 1501 505 1540 suam
549 1502 615 1539 ex
644 1486 867 1538 semisse
896 1481 1341 1536 usufructuariam
1372 1477 1676 1543 reliquerat,
1713 1480 1820 1523 tum
1846 1476 1923 1531 ut,

351 1593 417 1631 ea
442 1576 751 1639 decedente,
797 1577 1081 1643 episcopus
1111 1571 1438 1629 Laudensis,
1470 1564 1802 1618 venumdatis
1832 1561 1927 1613 bo-

352 1668 455 1732 nis,
488 1666 628 1735 quod
661 1665 784 1718 inde
810 1675 951 1717 esset
975 1664 1245 1717 redactum
1280 1660 1601 1727 pauperibus
1639 1654 1925 1708 distribue-

352 1767 453 1812 ret.
499 1756 706 1809 Mortuo
746 1754 951 1808 Gisulfu
1002 1767 1159 1820 supra
1193 1750 1401 1816 laudata
1457 1748 1571 1815 ejus
1619 1760 1769 1805 uxor,
1800 1757 1921 1794 raro

2041 560 2139 615 bus
2160 558 2345 615 sedulo
2372 560 2625 628 inspectis
2650 601 2665 624 .
2693 568 2853 630 atque
2887 559 2941 614 in
2970 560 3164 614 seriem
3196 557 3600 612 laudabiliorem

2036 652 2256 714 coactis,
2284 648 2582 714 archivum,
2614 650 2660 703 si
2678 649 2881 704 vellent
2906 649 3104 704 diutius
3122 662 3430 702 mansurum
3455 662 3607 715 para-

2037 750 2139 797 ret.
2168 739 2409 796 Factum.
2436 739 2671 811 Urgente
2697 754 2831 809 opus
2856 741 3028 795 amico
3052 748 3237 795 nostro
3264 738 3469 793 Joanne
3490 738 3605 792 An-

2037 831 2165 886 drea
2193 830 2446 885 Astezato
2474 829 2741 885 monacho
2768 829 3075 885 Cassinensi
3094 869 3109 893 ,
3146 828 3263 883 viro
3283 837 3337 881 et
3370 827 3527 882 docto
3552 836 3609 883 et

2044 921 2299 977 harumce
2337 920 2716 991 antiquitatum
2762 921 3202 990 cupientissima,
3236 919 3323 989 qui
3353 919 3475 974 nisu
3506 921 3607 974 im-

2035 1015 2206 1081 probo
2235 1025 2297 1067 ac
2325 1012 2682 1081 pertinaci,ut
2701 1020 2783 1067 est
2801 1012 2965 1081 empti
2992 1010 3163 1066 semel
3188 1009 3387 1066 laboris
3412 1010 3477 1063 ad
3504 1010 3605 1064 mi-

2032 1104 2268 1158 raculum
2297 1102 2545 1171 patiens,
2587 1101 2829 1155 ultimam
2874 1102 2950 1156 illi
3002 1114 3218 1156 manum
3256 1100 3469 1155 tandem
3500 1101 3601 1156 im-

2032 1192 2231 1263 posuit.

2104 1280 2209 1337 Sed
2240 1281 2305 1336 ad
2333 1282 2608 1351 exemplar
2632 1289 2875 1336 nostrum
2906 1279 3154 1337 conversi
3183 1280 3373 1336 iterum
3396 1321 3414 1349 ,
3454 1280 3604 1337 dice-

2030 1372 2218 1426 bamus
2264 1371 2539 1441 przelixum
2573 1370 2740 1425 fuisse
2766 1372 2835 1426 ab
2861 1372 3161 1443 antiquario
3186 1371 3408 1441 singulis
3432 1372 3605 1427 Evan—

2026 1461 2187 1530 geliis
2216 1476 2410 1516 nomen
2442 1462 2701 1527 auctoris,
2734 1476 2797 1517 ea
2829 1462 3071 1531 profecto
3091 1465 3159 1521 de
3183 1479 3343 1521 causa
3368 1506 3382 1529 ,
3410 1470 3468 1517 ut
3494 1463 3605 1517 lec-

2030 1552 2154 1615 turi,
2185 1566 2341 1621 quem
2370 1556 2435 1606 ex
2464 1552 2809 1621 evangelistis
2830 1554 3067 1621 vellent,
3100 1558 3275 1625 primo
3299 1554 3485 1609 obtutu
3516 1554 3602 1608 in-

2030 1645 2229 1713 spectis
2259 1644 2427 1699 titulis
2450 1644 2933 1712 deprehenderent.
2967 1646 3164 1703 “illius
3188 1657 3365 1702 tamen
3388 1646 3601 1701 nonnisi

2028 1746 2144 1804 post
2169 1736 2442 1791 conditum
2470 1734 2741 1791 Canonem
2770 1737 2823 1791 id
2851 1736 3048 1793 factum
3077 1740 3273 1795 asserit
3297 1737 3600 1812 (Proleg.n.

351 1847 564 1914 pietatis
594 1844 864 1911 exemplo,
898 1843 1003 1910 egit
1034 1842 1212 1894 libello
1244 1839 1469 1906 supplici
1497 1837 1633 1904 apud
1665 1847 1841 1903 regem
1870 1843 1924 1884 ut
1957 1833 2002 1890 Β
2030 1828 2155 1892 54⁸1,
2184 1827 2322 1881 Edit.
2356 1827 2429 1881 Ν.
2462 1827 2526 1881 Τ.
2558 1844 2621 1882 ea:
2644 1830 2933 1883 recensione
2972 1830 3177 1884 Κίωταί
3199 1830 3260 1902 );
3290 1844 3411 1885 cum
3440 1837 3600 1885 antea

351 1935 525 1988 mariti
558 1934 803 1985 voluntas
836 1933 1013 1985 statim
1059 1931 1441 1997 adimplerelur
1479 1928 1715 1995 quatinus
1755 1926 1773 1995 (
1802 1932 1923 1977 sum
1950 1960 1961 1964 ι

349 2026 508 2080 verba
562 2025 917 2093 documenti)
956 2027 1063 2076 sine
1108 2026 1278 2090 alit/tta
1327 2020 1603 2085 o/fensione
1656 2020 1767 2085 ipsa
1816 2019 1925 2085 ejus

348 2117 652 2169 aelentosina
670 2116 736 2167 ad
764 2116 984 2183 requiem
1016 2114 1091 2166 vel
1128 2112 1451 2182 refrigerium
1488 2109 1686 2161 animae
1713 2108 1824 2176 ejus
1850 2107 1921 2158 ci-

353 2207 452 2259 tius
483 2223 743 2260 occurrere
783 2208 973 2273 possit,
1018 2204 1455 2271 impetravitquea
1492 2200 1673 2267 Itaque
1714 2198 1921 2265 cpisco-

350 2312 469 2364 pus,
511 2296 795 2350 divenditis
829 2296 980 2347 bonis
1009 2296 1220 2347 Gaideri
1252 2292 1461 2345 cuidam
1494 2291 1623 2358 regii
1656 2297 1922 2342 monaste-

346 2384 410 2437 rii
445 2386 772 2452 procuratori
814 2387 1040 2452 pretium
1078 2398 1357 2435 aureormu
1400 2395 1680 2434 nuuncccr.
1720 2378 1787 2431 ab
1830 2392 1920 2430 co-

348 2474 469 2525 dem
517 2475 746 2527 solutum
792 2474 1123 2542 .paulicribus
1175 2472 1449 2539 erogavit,
1499 2469 1919 2535 subscripsitque

348 2563 469 2615 huic
498 2573 655 2617 cartze
690 2579 789 2617 una
834 2579 955 2616 cum
997 2564 1262 2626 lladoara,
1309 2562 1533 2628 aliisque
1575 2558 1797 2612 testibus
1846 2557 1916 2611 ibi

343 2655 641 2721 descriptis.
673 2656 799 2722 Ejus
830 2655 1244 2723 chiropraphum
1275 2652 1378 2705 tale
1407 2661 1487 2705 est
1524 2670 1534 2701 :

417 2743 636 2811 [politus
674 2761 760 2811 ego
789 2746 900 2797 licet
942 2746 1177 2812 indiguus
1206 2760 1293 2810 per
1322 2744 1403 2795 dei
1440 2743 1611 2811 gracia
1646 2742 1915 2810 cpiscopus

352 2834 588 2887 "(adcura
646 2836 736 2887 (leo
790 2838 955 2887 (licata
1000 2836 1282 2900 suplicante
1322 2834 1489 2903 regiae
1530 2832 1790 2901 potestatis
1824 2847 1915 2899 pro

343 2927 716 2978 venmulacioue
764 2929 977 2979 tcrrolae
1003 2929 1134 2993 quod
1170 2927 1215 2979 ei
1252 2926 1329 2978 vir
1357 2941 1478 2976 suus
1522 2933 1636 2994 post
1673 2926 1782 2995 ejus
1813 2924 1916 2975 oui-

346 3026 453 3068 ttmt
481 3018 723 3067 concessit
752 3018 888 3067 testis
918 3033 1067 3067 manu
1087 3033 1194 3067 mea
1228 3012 1505 3066 consrribsi
1533 3028 1642 3064 cunt
1673 3012 1911 3065 sacerdo-

345 3118 415 3158 tes
444 3106 616 3173 fideles
652 3117 694 3159 et
718 3110 884 3176 prerio
909 3109 1071 3176 recepi
1094 3107 1301 3159 trintilia
1328 3120 1490 3159 περὶ.
1519 3114 1565 3158 et
1589 3104 1782 3157 contuli
1808 3104 1912 3156 dis.-

346 3199 496 3251 tribui
509 3215 597 3267 pro
619 3199 786 3250 anima
808 3202 978 3266 gisul/i
1007 3199 1257 3250 stratoris.

418 3289 797 3341 Documentum
846 3290 1008 3349 iitud,
1042 3289 1091 3340 iu
1130 3304 1234 3355 quo
1262 3289 1433 3355 agitur
1461 3285 1529 3341 de
1568 3284 1914 3355 acquisitione

348 3382 630 3441 bonorum,
656 3399 770 3451 qua:
805 3399 906 3434 una
938 3400 1055 3435 cum
1080 3383 1290 3435 cancris
1320 3382 1609 3434 etiamnum
1642 3380 1915 3447 possident

346 3473 399 3526 in
428 3488 553 3541 agro
592 3474 966 3537 Cremonensi,
1010 3488 1073 3525 ne
1107 3484 1401 3539 temporum
1435 3472 1661 3525 decursu
1702 3470 1915 3525 fatisce-

345 3574 450 3628 ret,
490 3567 748 3633 petierant
784 3567 911 3617 olim
944 3566 1255 3617 clarissimze
1290 3564 1518 3631 virgines
1547 3578 1575 3614 a
1607 3562 1916 3616 consulibus

352 3654 497 3708 urbis
536 3663 771 3715 nostrae,
805 3655 1001 3707 sarculo
1037 3670 1129 3706 xm
1178 3646 1405 3714 labente,
1447 3662 1504 3703 ut
1544 3667 1637 3717 per
1674 3650 1916 3718 publicos

348 3747 583 3799 notarios
628 3748 1003 3813 exciperetur,
1047 3753 1393 3810 superestque
1431 3757 1531 3794 una
1579 3756 1698 3795 cum
1731 3739 1916 3793 arche-

345 3846 470 3906 typo
507 3839 867 3906 apograpbum
912 3836 1257 3899 oorunnleut;
1295 3844 1375 3887 ast
1420 3834 1660 3901 pluribus
1692 3833 1741 3886 in
1786 3833 1916 3886 locis

349 3926 416 3980 ad
474 3928 689 3994 originis
747 3929 1024 3982 veritatem
1080 3928 1297 3979 minime
1355 3934 1619 3978 exactum.
1689 3924 1762 3976 En
1824 3924 1915 3977 tibi

354 4018 760 4086 chirographum
814 4035 971 4088 supra
1007 4019 1201 4071 laudati
1243 4017 1535 4086 Hippolyti,
1577 4015 1731 4084 quale
1783 4014 1914 4069 illud

351 4107 705 4174 descripsere.

418 4196 636 4264 [politus
660 4198 955 4252 Zolcutiuus
996 4201 1177 4270 dignus
1209 4217 1294 4269 per
1328 4200 1419 4252 Dei
1446 4200 1610 4269 gratia
1650 4197 1914 4266 episcopus

349 4283 582 4337 Sarloara
618 4287 707 4337 deo
759 4288 929 4340 dicata
974 4291 1255 4354 suplicaute
1293 4292 1388 4355 feci
1428 4299 1473 4339 et
1514 4289 1800 4355 protestatis
1822 4302 1914 4355 pro

347 4376 718 4429 venimdacione
759 4389 804 4430 tc
839 4379 967 4441 sola,
997 4388 1100 4433 etc.
1128 4419 1143 4444 ,
1191 4394 1358 4448 usque
1388 4378 1452 4430 ad
1488 4388 1726 4431 extrema
1755 4379 1915 4431 verba

351 4464 534 4532 Gisnl/i
560 4469 820 4519 roratoris.

422 4555 622 4609 Bardus
656 4557 767 4617 ille,
809 4559 898 4625 qui
943 4559 1278 4611 membranas
1304 4557 1542 4625 digessit,
1575 4571 1694 4609 cum
1727 4554 1913 4609 arche-
1937 4544 1991 4604 D

354 4656 533 4715 typum
578 4663 679 4701 non
714 4649 1130 4724 adsequeretur,
1180 4648 1436 4714 conjectis
1466 4650 1516 4700 in
1547 4645 1911 4714 apograp‘ium

351 4738 519 4790 oculis
549 4737 685 4794 hanc
714 4738 835 4793 inde
870 4740 1193 4807 epigraphen
1231 4738 1517 4804 exsculpsit
1542 4779 1555 4801 ,
1589 4752 1706 4805 qua)
1736 4746 1914 4803 poste-

351 4825 426 4879 ris
456 4826 519 4878 ad
554 4829 950 4894 intelligentiam
980 4829 1283 4882 documenti
1328 4829 1493 4880 facem
1539 4826 1913 4895 pnetcnderet.

422 4914 579 4967 1299.
610 4916 698 4967 26.
726 4916 1001 4970 Novembrc
1030 4918 1255 4985 lppolito
1287 4918 1553 4971 Lolcntino
1596 4917 1811 4968 Vescovo
1860 4915 1911 4965 (li

352 5004 616 5057 Sadovara
638 5022 726 5074 per
751 5006 788 5058 il
814 5009 976 5074 legato
1003 5010 1053 5059 di
1081 5008 1313 5077 (iliisolfo
1344 5010 1608 5061 lioralore.

420 5092 580 5147 Vides
610 5095 913 5149 infelicibus
947 5100 1106 5150 cartis
1134 5115 1238 5167 quo
1260 5116 1376 5153 cum
1407 5099 1623 5154 homine
1655 5115 1765 5154 rem
1792 5113 1914 5153 esse

350 5183 667 5249 contigerit?
716 5186 778 5237 Et
806 5200 934 5239 sane
966 5188 1153 5240 mirum
1186 5189 1325 5256 quod
1346 5190 1638 5257 diplomata
1675 5191 1775 5242 alia
1798 5204 1908 5243 non

346 5272 536 5341 attigit.
579 5273 758 5343 Neque
788 5285 960 5329 taineu
990 5279 1211 5332 aliorum
1247 5298 1435 5333 manus
1458 5282 1693 5349 effugere
1722 5283 1784 5336 iis
1815 5282 1907 5336 da-

350 5372 477 5428 tntn,
501 5363 750 5418 detractis
777 5367 1061 5419 multorum
1086 5370 1271 5437 sigillis
1291 5413 1303 5433 ,
1339 5371 1387 5422 in
1419 5374 1610 5438 quibus
1637 5370 1904 5427 Cursarum

353 5453 638 5522 imagines,
690 5472 979 5523 eorumque
1027 5461 1235 5510 nomina
1284 5462 1647 5514 servabantur.
1709 5462 1907 5527 Quibus

352 5554 450 5605 ego
477 5546 680 5595 casibus
709 5554 882 5597 motas
907 5587 918 5605 ,
953 5556 1059 5599 tum
1100 5550 1236 5612 quod
1268 5550 1483 5603 confusa
1511 5567 1697 5605 rursus
1728 5555 1903 5605 omnia

349 5643 469 5681 esse
497 5636 852 5695 nuntiaretur,
885 5635 1046 5687 iustiti
1072 5643 1206 5703 apud
1238 5640 1548 5694 lectissimas
1588 5643 1819 5710 virgines
1849 5650 1905 5695 ut

348 5718 617 5772 hominem
646 5731 893 5787 spectata:
924 5725 1267 5795 integritatis,
1296 5746 1355 5785 ac
1387 5733 1527 5797 fidei,
1558 5734 1904 5801 perficiendo-

2026 1921 2227 1989 absque
2243 1919 2473 1989 praeﬁxis
2495 1928 2771 1974 auctorum
2785 1919 3093 1975 nominibus
3104 1922 3595 1986 circumferrentur,

2028 2027 2148 2083 non
2162 2025 2317 2065 secus
2329 2025 2392 2064 ac
2408 2019 2616 2065 caetera:
2630 2009 2885 2084 διηγήσεις
2901 2012 3226 2067 incertorum
3248 2012 3592 2081 scriptorum,

2026 2113 2084 2157 ut
2110 2102 2319 2157 scilicet
2345 2101 2605 2171 appositis
2632 2102 2804 2156 titulis
2833 2101 3236 2173 dignosceretur
3257 2117 3320 2157 ea
3342 2102 3455 2157 sola
3477 2117 3600 2157 esse

2026 2209 2171 2256 vera,
2195 2193 2563 2248 etauthentica
2582 2191 2941 2249 Instrumenta
2961 2192 3289 2263 evangelica.
3319 2192 3455 2247 Hinc
3474 2191 3594 2265 (ait)

2027 2284 2281 2338 Marciani
2310 2284 2559 2353 objeetum
2588 2299 2621 2337 α
2645 2282 2959 2339 Tertulliano
2980 2325 2998 2353 ,
3024 2286 3158 2353 quod
3174 2284 3466 2358 Evangelia
3502 2301 3596 2341 suo

2024 2375 2239 2437 nullum,
2272 2375 2339 2427 ad
2368 2388 2714 2429 IIITATIONBI
2734 2390 2956 2429 versans
2976 2390 3240 2431 accensis
3263 2375 3599 2441 inscripsisset

2023 2475 2299 2518 auctorem.
2349 2465 2450 2518 Ast
2476 2465 2553 2517 vir
2580 2463 2920 2518 doctissimus
2944 2504 2959 2530 ,
3004 2479 3127 2519 cum
3159 2465 3274 2517 haec
3294 2465 3554 2519 scriberet
3576 2506 3589 2529 ,

2022 2556 2088 2610 ad
2119 2556 2217 2610 alia
2245 2554 2504 2610 festinans
2548 2569 2653 2609 non
2701 2554 2831 2609 satis
2868 2556 3008 2609 cavit
3048 2557 3412 2624 conjecturam
3451 2552 3594 2609 banc

2020 2664 2172 2703 suam
2215 2650 2281 2703 ab
2326 2649 2473 2718 ipso,
2524 2661 2681 2717 quem
2708 2647 2875 2712 citat,
2918 2632 3248 2703 Tertulliano
3297 2645 3594 2699 luculenter

2023 2739 2255 2809 explodi.
2313 2739 2502 2795 Elevat
2548 2738 2691 2793 enim
2735 2752 2800 2792 ex
2830 2737 2932 2791 hoc
2958 2736 3117 2791 ﬁdem
3160 2736 3429 2806 Evangelii
3456 2735 3594 2789 Mar-

2018 2832 2209 2895 cionis,
2238 2831 2376 2899 quod
2409 2830 2564 2885 titulo
2590 2839 2794 2884 careat.
2824 2828 2889 2883 Et
2913 2846 3108 2899 possem
3135 2828 3351 2899 (inquit)
3376 2828 3461 2881 hic
3479 2830 3591 2897 jam

2017 2924 2232 2995 gradum
2254 2923 2411 2994 ﬁgere
2429 2938 2529 2975 non
2548 2921 2924 2993 agnoscendum
2953 2920 3257 2975 contendens
3280 2936 3429 2990 opus,
3456 2920 3592 2989 quod

2018 3031 2118 3068 non
2144 3016 2302 3084 erigat
2327 3017 2565 3083 frontem,
2597 3012 2731 3082 quod
2757 3013 2951 3065 nullam
2967 3012 3297 3065 constantiam
3328 3015 3589 3082 μηνίεται,

2016 3104 2211 3157 nullam
2236 3105 2389 3171 ﬁdem
2417 3104 2738 3171 repromittat
2768 3102 2830 3155 de
2854 3102 3166 3172 plenitudine
3191 3103 3352 3166 tituli,
3380 3111 3430 3154 et
3471 3116 3592 3171 pro-

1940 3192 1985 3254 C
2018 3194 2234 3263 fessione
2256 3191 2423 3259 debita
2450 3192 2671 3244 auctoris
2706 3191 2725 3263 (
2751 3191 2999 3244 Adversus
3030 3190 3340 3244 Marcionent
3365 3204 3419 3244 tv
3442 3230 3457 3253 ,
3487 3188 3524 3241 2
3543 3188 3586 3259 ).

2016 3285 2133 3339 .lam
2163 3286 2338 3354 itaque
2363 3294 2485 3338 ante
2515 3284 2799 3339 Marcionis
2838 3294 3079 3353 tempora
3110 3324 3126 3349 ,
3176 3293 3229 3338 et
3272 3284 3485 3353 quidem
3534 3283 3589 3337 in

2017 3382 2202 3429 vetere
2228 3375 2463 3429 Ecclesia
2491 3374 2745 3443 inscripta
2776 3383 2928 3429 erant
2946 3374 3058 3428 suis
3083 3374 3383 3428 nominibus
3407 3373 3589 3428 Evan-

2016 3466 2177 3535 gelia.
2212 3464 2279 3521 Ut
2308 3465 2432 3535 quid
2460 3464 2605 3519 enim
2637 3465 2775 3518 hanc
2803 3463 2941 3517 tituli
2966 3462 3259 3518 nuditatem
3299 3464 3589 3534 obiecisset

2017 3555 2092 3609 illi
2124 3554 2518 3619 Tcrtullianus,
2566 3554 2821 3609 adversus
2863 3568 3022 3623 quam
3065 3557 3200 3607 tueri
3244 3570 3303 3609 se
3342 3565 3591 3623 poterant

2017 3644 2346 3701 Marcionita;
2374 3652 2640 3699 vetustate
2666 3652 2987 3713 temporum,
3010 3652 3064 3697 et
3082 3644 3467 3700 consuetudine
3484 3645 3587 3701 Ec-

2016 3738 2299 3792 clesiarum
2326 3778 2341 3802 ,
2369 3738 2421 3792 in
2447 3738 2639 3808 quibus
2662 3778 2675 3803 ,
2707 3752 2775 3793 ex
2803 3738 2949 3793 Millii
2992 3737 3155 3805 ipsius
3196 3738 3402 3792 calculo
3427 3780 3442 3803 ,
3488 3752 3588 3809 per

2018 3830 2232 3901 triginta
2260 3830 2335 3885 ad
2368 3831 2544 3886 minus
2586 3845 2754 3884 annos
2792 3839 2916 3884 ante
2944 3829 3291 3883 constitutum
3336 3829 3404 3883 ab
3442 3831 3585 3884 Asia:

2016 3921 2304 3991 episcopis,
2330 3930 2389 3975 ut
2414 3922 2527 3991 ipse
2558 3931 2728 3989 putat,
2762 3918 3141 3988 Evangelicum
3161 3934 3444 3984 canonem,
3476 3920 3585 3975 Lu-

2015 4027 2123 4076 cae,
2153 4026 2213 4065 ae
2246 4012 2407 4065 Marci
2439 4012 2749 4080 Evangelia,
2774 4010 3007 4064 Matthzei
3029 4024 3158 4063 vero
3179 4008 3333 4079 longe
3351 4011 3584 4081 amplius

2016 4105 2133 4159 sine
2164 4106 2315 4158 titulo
2342 4104 2521 4158 habita
2543 4104 2812 4159 fuissent?
2851 4103 3001 4170 Quod
3031 4116 3159 4157 vero
3180 4103 3291 4168 ait,
3324 4112 3583 4162 statutum

2016 4210 2045 4248 a
2073 4193 2305 4251 Canonis
2335 4196 2703 4251 conditoribus
2736 4196 3133 4265 inscriptionem
3184 4204 3456 4251 auctorum
3479 4238 3493 4263 ,
3524 4207 3583 4255 ut

2016 4302 2142 4342 vera
2170 4288 2454 4357 Evangelia
2483 4287 2718 4357 dignosci
2749 4296 2985 4355 possent,
3010 4287 3118 4355 jam
3145 4300 3315 4353 neque
3338 4286 3439 4340 hoc
3464 4287 3583 4355 ipso

2018 4379 2232 4433 illorum
2265 4379 2385 4433 lidei
2414 4380 2545 4432 satis
2575 4388 2787 4432 cautum
2820 4378 3057 4433 ivissent.
3111 4374 3240 4429 Cum
3268 4386 3323 4429 et
3347 4376 3579 4434 Marcion

2019 4469 2313 4522 interverso
2334 4468 2513 4535 Luem,
2541 4484 2645 4537 quo
2668 4468 2933 4533 utebatur,
2957 4476 3012 4522 et
3032 4468 3077 4520 si
3100 4466 3188 4536 qui
3210 4467 3581 4525 aliiadulteras

2018 4574 2205 4613 manus
2235 4559 2287 4612 in
2319 4559 2546 4613 Matthmi
2566 4600 2581 4623 ,
2620 4559 2815 4624 Marci,
2864 4574 2927 4615 ac
2950 4560 3170 4615 Joannis
3195 4559 3574 4630 extenderent,

2016 4648 2205 4703 eodem
2237 4648 2395 4718 plane
2419 4649 2573 4704 titulo
2593 4650 2869 4719 imponere
2901 4648 3193 4704 lectoribus
3215 4660 3448 4718 possent.
3474 4650 3579 4707 ita-

2016 4753 2119 4807 que
2146 4754 2250 4792 non
2280 4749 2364 4793 est
2389 4740 2686 4808 ambigendi
2716 4740 2863 4794 locus
2887 4780 2903 4805 ,
2941 4740 3066 4810 quin
3088 4740 3199 4809 jam
3244 4748 3368 4795 tunc
3395 4741 3497 4796 hoc
3520 4742 3575 4798 in

2018 4832 2185 4885 sacris
2214 4832 2417 4895 Libris,
2446 4833 2584 4900 quod
2615 4834 2665 4885 in
2705 4832 2963 4901 profanis,
2993 4832 3061 4886 ab
3088 4832 3399 4901 antiquariis
3426 4846 3578 4886 usur-

2017 4932 2194 4990 patum
2225 4922 2381 4976 fuerit
2403 4962 2419 4985 ,
2468 4932 2529 4977 ut
2561 4923 2765 4977 scilicet
2800 4933 3074 4979 auctorum
3101 4937 3321 4979 suorum
3361 4924 3576 4979 nomina

2016 5028 2124 5081 pra:
2148 5028 2205 5067 se
2228 5012 2443 5067 ferrent.

2092 5104 2347 5171 Superest
2391 5114 2527 5159 nunc
2552 5145 2567 5169 ,
2614 5113 2673 5160 ut
2715 5106 2781 5161 de
2811 5106 3064 5181 peculiari
3094 5106 3145 5159 in
3176 5106 3446 5162 codicibus
3473 5108 3575 5162 ali-

2014 5203 2140 5261 quot
2170 5192 2400 5246 Canonis
2426 5193 2585 5257 serie,
2610 5209 2727 5262 qua:
2754 5195 2805 5247 iu
2839 5205 3021 5249 nostro
3048 5193 3203 5249 etiam
3233 5205 3441 5250 servata
3468 5203 3571 5259 est,

2014 5295 2123 5339 tum
2146 5284 2212 5335 de
2242 5283 2606 5351 hujuscemodi
2626 5284 2947 5339 diversitatis
2968 5286 3170 5355 origine
3191 5286 3569 5353 disquiramus.

2083 5375 2339 5426 Ricardns
2366 5374 2633 5426 Simonius
2661 5373 2820 5444 (llist.
2851 5374 2975 5427 Crit.
3002 5374 3072 5427 N.
3096 5374 3155 5427 Τ.
3188 5390 3226 5437 t,
3253 5372 3339 5441 10)
3366 5384 3571 5440 espen-

2013 5478 2073 5517 so
2116 5464 2299 5517 codice
2336 5463 2755 5531 Cantabrigiensi
2783 5503 2797 5528 ,
2850 5464 2898 5516 in
2931 5479 3036 5532 quo
3067 5461 3347 5530 Evangelia
3380 5462 3568 5518 eodem

2012 5555 2217 5615 ordine,
2249 5569 2308 5607 ac
2342 5554 2389 5605 in
2427 5562 2629 5615 nostro,
2662 5555 2953 5607 ellcruntur
2981 5595 2995 5615 ,
3026 5567 3131 5603 non
3168 5566 3287 5605 esse
3328 5553 3465 5608 hunc
3492 5555 3567 5609 illi

2014 5645 2329 5711 peculaarcm
2368 5645 2656 5707 obsci-Vat,
2704 5661 2821 5697 cum
2860 5660 2924 5696 ex
2976 5651 3278 5709 pervetusto
3325 5646 3567 5713 catalogo

2009 5734 2266 5801 exemplai
2284 5735 2326 5789 is
2356 5736 2839 5802 Saugermancnsis,
2871 5734 2924 5785 in
2939 5749 3041 5802 quo
3067 5732 3348 5804 Evangelia
3368 5737 3557 5794 eadem
