4288 6440
449 363 519 418 25
1223 357 1438 415 EPIST.
1479 355 1722 440 PHILIP.
1763 356 2128 427 GARBELLI,
2168 359 2256 416 DE
2293 359 2533 416 CODICE
2571 358 2935 437 BRIXIANO.‘

3616 361 3689 419 26

450 474 590 530 serie
632 478 979 527 recensentur
1006 511 1020 536 ,
1050 478 1161 524 tum
1206 483 1269 525 es
1306 468 1617 523 ﬂrutbmari
1648 464 1769 523 loco
1795 510 1810 533 ,
1859 484 2017 537 quem
2048 476 2092 531 Α
2127 481 2230 525 tem
2256 465 2659 541 Evangeliorum
2682 474 2936 539 Mattbaei,
2967 464 3211 540 Joannis,
3240 490 3300 531 ac
3330 477 3523 532 Marci:
3552 478 3693 549 quod

451 574 636 637 postea
676 562 993 618 videbimus.
1046 560 1318 629 Additquo
1353 574 1557 614 morem
1600 561 1737 613 hunc
1786 560 1957 613 videri
1995 578 2025 615 a

452 659 652 714 Latinis
679 655 944 711 invectum
972 696 988 721 ,
1017 655 1105 725 qui
1135 653 1324 709 Grmca
1361 653 1684 723 exemplaria
1721 652 1786 706 ad
1816 654 2026 721 suipso-

451 765 569 806 rum
615 763 768 804 usum
799 745 1197 802 describebant.
1246 744 1351 807 Sed
1395 744 1477 798 vir
1502 786 1515 812 ,
1547 754 1738 799 ctctera
1784 746 1834 798 in
1866 746 2023 800 rebus

452 843 601 898 bisce
621 840 712 895 diu
738 839 1074 908 multumque
1093 846 1356 901 versatus,
1385 836 1700 905 ampliorem
1725 836 1885 890 etiam
1913 837 2025 889 lau-

451 934 572 990 dem
602 932 727 988 inde
754 939 1165 995 consecuturus,
1199 929 1301 983 nisi
1328 928 1657 998 praeiudiciis
1688 927 2024 993 indulsisset,

454 1040 558 1082 non
625 1023 886 1089 attendit,
937 1021 1153 1077 Latinos
1194 1020 1435 1076 ordinem
1483 1020 1723 1075 hunc-in
1755 1018 2024 1074 Canonem

454 1131 559 1173 non
590 1116 900 1170 invecturos
918 1154 935 1180 ,
962 1112 1083 1167 misi
1110 1112 1471 1179 prreeuntibus
1497 1107 1826 1179 antigrapbis
1850 1150 1865 1175 ,
1908 1124 2029 1177 qua:

454 1216 827 1279 sequerentur.
869 1203 977 1259 Cur
1002 1204 1143 1259 enim
1171 1202 1368 1259 Lucam
1394 1201 1572 1255 Marco
1592 1241 1606 1266 ,
1639 1210 1731 1255 aut
1756 1199 1841 1254 bis
1865 1199 2029 1254 Joan-

456 1316 577 1355 nem
603 1341 619 1367 ,
668 1314 772 1354 non
796 1313 926 1354 vero
953 1312 984 1352 e
1010 1306 1198 1351 contra
1228 1296 1662 1366 anteposulssent
1686 1336 1701 1359 ,
1730 1309 1850 1349 cum
1878 1308 2029 1364 teque

454 1394 519 1448 ad
565 1393 801 1462 ipsorum
831 1406 983 1445 usum
1025 1398 1249 1459 utraque
1286 1388 1456 1443 series
1483 1387 1653 1457 aptari
1690 1385 2031 1443 commodum

456 1484 671 1553 posset?
720 1482 903 1549 Neque
951 1479 1093 1535 aliud
1147 1480 1437 1546 quidquam
1481 1493 1511 1532 e
1562 1478 1679 1555 loco
1723 1475 2029 1531 Drutbmari

454 1589 644 1631 eruere
675 1580 902 1645 poterat,
936 1587 1091 1643 quam
1121 1569 1173 1624 in
1202 1570 1388 1625 codice
1416 1558 1624 1637 Hilar’ii,
1657 1570 1859 1622 uttunc
1890 1569 2031 1622 lere-

456 1667 630 1729 batur,
661 1663 990 1728 Mattbzenm,
1018 1670 1072 1717 et
1097 1661 1355 1717 Joannem
1379 1662 1589 1714 exteris
1622 1658 1914 1729 praeivisse.

527 1757 719 1811 Millins
745 1756 812 1811 de
852 1754 1149 1810 oeconomia
1184 1753 1282 1807 ista
1313 1749 1546 1807 Cauonis
1569 1750 1621 1803 in
1653 1748 2033 1817 supralaudato

2126 562 2335 616 scilicet
2361 564 2615 617 Ecclesia:
2643 565 2709 619 ab
2732 566 2986 632 apostolis
3012 561 3335 651 consﬁuﬁm,
3371 577 3480 623 tum
3506 568 3573 623 ad
3600 585 3691 624 ca-

2126 670 2243 709 rum
2272 656 2573 723 exemplum
2601 666 2811 710 caetera:
2854 672 3041 711 omnes
3082 656 3270 729 eadem
3294 699 3308 723 ,
3361 671 3417 741 u‘t
3455 662 3686 730 genuina

2130 744 2251 799 fidei
2292 745 2610 799 Christianae
2656 748 3002 801 instrumenta
3050 763 3265 818 semper
3307 753 3695 819 suspexisscnt.

2126 840 2331 906 Quibus
2356 842 2426 893 ita
2452 843 2753 898 constitutis
2776 885 2793 910 ,
2821 854 2974 915 urget
3006 856 3187 913 postea
3217 856 3515 915 apostalam
3543 846 3697 900 illum

2129 932 2375 1000 inquiens
2406 931 2557 1002 (Cap.
2589 933 2675 1002 4):
2705 933 2888 1004 Itaque
2911 945 2955 987 et
2994 936 3055 989 de
3085 936 3163 989 Itis
3197 936 3431 989 Marcion
3455 936 3701 1005 ﬂagitari-

2129 1025 2225 1077 dus
2251 1026 2392 1094 quid,
2422 1026 2621 1080 omissis
2643 1027 2736 1091 eis,
2762 1026 2915 1081 Luca:
2937 1029 3102 1096 potius
3125 1029 3360 1081 institerit
3384 1045 3401 1082 :
3428 1029 3573 1097 quasi
3600 1044 3701 1081 non

2130 1123 2177 1168 el
2198 1115 2303 1169 lucc
2333 1115 2469 1186 apud
2494 1114 2749 1171 Ecclesias
2770 1134 2801 1171 a
2828 1118 3104 1187 primordio
3132 1121 3336 1189 fuerint.
3377 1120 3561 1184 Atquin
3594 1119 3703 1171 lucc

2130 1208 2293 1280 magis
2319 1226 2350 1261 ll
2374 1209 2652 1279 primordio
2678 1210 2838 1277 fuisse
2863 1209 3103 1262 credibile
3123 1219 3194 1262 est
3211 1252 3225 1274 ,
3259 1225 3327 1264 υτ
3350 1224 3536 1263 rntona
3560 1245 3573 1273 ,
3601 1224 3703 1271 qua

2130 1314 2473 1363 APOSTOIJCA,
2496 1312 2551 1353 ut
2580 1318 2692 1353 cum
2715 1300 2836 1372 ipsis
2860 1301 3095 1355 lCcclesiis
3117 1302 3368 1355 dedicata.
3397 1300 3565 1371 Igitur
3580 1303 3703 1353 dum

2132 1401 2319 1446 constet
2341 1393 2448 1446 Ita'c
2467 1408 2663 1461 quoque
2684 1393 2823 1463 apud
2844 1391 3097 1446 Ecclesias
3130 1394 3286 1463 fuisse
3303 1435 3320 1458 ,
3351 1410 3443 1446 cur
3471 1409 3570 1445 non
3597 1391 3707 1445 lucc

2130 1499 2331 1552 quoque
2351 1482 2583 1536 Marcion
2606 1483 2771 1555 attigit
2793 1524 2806 1547 ,
2831 1492 2917 1537 aut
2942 1484 3257 1537 emendanda
3292 1485 3336 1537 si
3379 1484 3665 1538 adulterata
3689 1524 3707 1549 ,

2132 1584 2222 1627 aut
2246 1574 2565 1643 agnoscenda
2586 1576 2627 1625 si
2670 1575 2865 1643 integra
2881 1576 2907 1629 1’
2930 1572 3069 1628 Nam
3099 1586 3146 1628 et
3170 1577 3405 1646 competit
3430 1585 3507 1640 ut,
3552 1576 3597 1628 si
3622 1576 3711 1643 qui

2133 1662 2470 1732 Evangelinm
2497 1664 2843 1735 pervertebnnt
2866 1698 2895 1727 ,λ
2932 1680 3105 1717 eorum
3134 1666 3293 1735 magis
3323 1674 3557 1717 curarent
3587 1680 3703 1733 per-

2132 1755 2433 1819 versionem,
2463 1770 2673 1818 ουοῐιυιι
2705 1770 2955 1809 SCIEBANT
2986 1771 3397 1810 AUCTORITATEI
3426 1770 3711 1811 ιιεεειιτιο-

453 1849 748 1918 exemplari
775 1834 853 1901 sic
880 1845 1061 1900 statuit
1088 1843 1318 1915 (Proleg.
1352 1859 1408 1896 n.
1444 1841 1639 1910 1269).
1682 1839 1920 1894 Consilio
1945 1840 2024 1893 vi«
2062 1834 2104 1894 Β
2135 1859 2261 1897 neu.
2288 1842 2461 1899 Locus
2486 1845 2572 1899 bic
2603 1845 2911 1900 Tertulliani
2935 1861 2999 1900 eo
3021 1856 3103 1900 est
3133 1846 3417 1916 insignior,
3448 1862 3553 1916 quo
3591 1862 3711 1901 ma-

456 1940 652 1995 delicet
679 1937 965 2008 digestoris
994 1937 1095 1991 hoc
1125 1935 1340 1989 factmn.
1370 1934 1451 1989 Ad
1477 1933 1680 1989 calcem
1726 1933 1869 1987 enim
1896 1932 2056 1985 Mat-‘

455 2029 579 2084 ιιιωί
612 2028 725 2083 haec
752 2028 936 2082 haberi
957 2044 995 2079 ει
1021 2027 1323 2101 Eua-natea
1361 2026 1491 2080 κατὰ
1528 2026 1782 2081 Ματθαῖον
1810 2025 2029 2083 ἑτιλέοη.

453 2119 681 2197 ἄρχεται
724 2119 1023 2193 Εὐαγγέλιον
1068 2119 1194 2172 κατὰ
1218 2116 1476 2180 ἰωὰννην;
1530 2115 1652 2168 hinc
1692 2114 1922 2179 Lucam,
1970 2129 2033 2169 ac

457 2211 668 2266 tandem
714 2211 947 2265 Marcum
992 2224 1113 2264 eum
1158 2207 1346 2263 eadem
1393 2210 1664 2285 ὶπιγραφῇ.
1713 2206 1788 2260 Ita
1838 2222 2033 2275 nempe

455 2304 733 2374 dispositis
763 2302 915 2357 libris
938 2301 1075 2365 istis,
1103 2310 1160 2356 ut
1188 2300 1553 2367 apostolorum
1584 2298 1871 2368 Evangelia
1902 2313 2031 2368 apo-

457 2398 765 2454 stolicornm
821 2393 1124 2469 Evangeliis
1191 2401 1683 2463 prmponerentur;
1762 2382 2033 2460 quomodo

458 2491 724 2555 Marcum,
754 2496 809 2542 et
831 2485 1035 2541 Lucam
1056 2486 1418 2554 apostolorum
1450 2483 1678 2537 comites
1710 2491 1867 2535 vocat
1897 2482 2030 2535 'l‘er-

461 2581 714 2636 tullianus
738 2577 955 2650 (Contra
983 2575 1238 2630 Marcion.
1264 2590 1336 2641 IV,
1371 2574 1459 2642 2).
1494 2573 1628 2639 Quid
1671 2574 1772 2627 sibi
1804 2572 2034 2626 voluerit

461 2672 513 2727 in
544 2670 721 2724 allatis
748 2668 946 2731 verbis,
978 2666 1201 2720 consilio
1222 2678 1415 2733 nempe
1458 2663 1743 2731 digestoris
1787 2662 2031 2716 Ordinem

366 2782 373 2791 -·
459 2760 605 2815 illum
634 2759 952 2822 obtinuisse,
981 2758 1218 2826 profecto
1248 2769 1353 2810 non
1380 2768 1658 2824 assequar.
1709 2754 1912 2821 Stmpte
1947 2754 2030 2807 in-

459 2849 617 2920 genio
642 2848 745 2903 boc
778 2847 970 2903 fecisse
994 2846 1350 2914 antiquarium
1377 2884 1392 2909 ,
1436 2859 1610 2913 neque
1638 2843 1751 2911 ipse
1782 2858 1844 2897 ex
1874 2844 2031 2895 allata

462 2943 712 3015 ὶπιγραφῇ
741 2947 885 2993 recte
913 2936 1203 3005 conjecerit
1230 2976 1243 3000 ,
1274 2943 1331 2989 ut
1358 2943 1504 3003 puto.
1550 2933 1863 2989 Addebatur
1890 2935 2030 2987 enim

400 3078 414 3095 .
461 3033 531 3089 ab
554 3032 974 3102 exscriptoribus
1000 3040 1122 3085 nota.
1162 3029 1248 3083 illa
1275 3070 1289 3093 ,
1335 3038 1484 3081 utne
1522 3026 1778 3080 librorum
1822 3025 1953 3080 ordo
1981 3027 2032 3081 in

461 3122 866 3193 compingeudis
908 3129 1088 3192 postca
1133 3118 1407 3174 codicibus
1450 3133 1641 3187 operas
1690 3116 1915 3171 falleret.
1968 3116 2032 3170 Et

2134 1935 2213 2005 gis
2240 1935 2557 2004 perplexas,
2603 1947 2653 1990 et
2680 1938 2799 1991 luce
2828 1936 3004 2005 aliqua
3038 1938 3281 2007 indigens
3314 1946 3372 1991 ut
3411 1946 3555 1992 recte
3584 1952 3713 1992 con-

2133 2034 2240 2081 stet
2265 2068 2280 2094 ,
2312 2036 2421 2081 tttm
2453 2027 2610 2082 etiam
2639 2028 2765 2097 quia
2789 2068 2805 2095 ,
2857 2030 2921 2082 ad
2956 2028 3372 2097 investigandam
3399 2071 3413 2095 ,
3438 2045 3556 2097 qua:
3583 2028 3709 2083 olim

2135 2121 2189 2172 in
2216 2118 2459 2173 Africana
2494 2119 2732 2174 Ecclesia
2761 2121 2939 2189 vigere
2968 2123 3201 2189 potuerit
3225 2162 3241 2184 ,
3288 2121 3524 2175 Canonis
3566 2134 3710 2177 (nco-

2135 2210 2391 2275 nomiam,
2423 2209 2589 2265 facem
2617 2210 2770 2263 nobis
2795 2210 3029 2278 aliquam
3059 2209 3317 2279 pra‘fcrre
3344 2210 3608 2265 videatur.

2204 2302 2387 2371 Itaque
2412 2318 2532 2357 cum
2564 2304 2645 2355 vix
2675 2300 2839 2356 dubio
2868 2303 2936 2356 sit
2964 2304 3133 2368 locus,
3160 2301 3269 2371 jam
3297 2303 3363 2356 ab
3396 2304 3511 2371 ipsa
3538 2303 3712 2357 Evan-

2133 2391 2396 2461 geliorum
2422 2392 2656 2448 editione
2687 2392 2954 2446 Ecclesias
2984 2393 3123 2458 illas,
3154 2408 3377 2462 quarum
3404 2393 3455 2447 in
3484 2390 3628 2457 sinu,
3652 2400 3712 2447 ut

2135 2484 2207 2538 ita
2247 2484 2438 2550 dicam,
2467 2484 2653 2539 educta
2678 2484 2909 2545 fuerant,
2937 2499 2998 2537 ea
3027 2486 3137 2553 ipsa
3168 2494 3223 2538 ut
3248 2500 3397 2539 novae
3427 2485 3582 2554 Legis
3620 2500 3713 2538 au-

2136 2574 2397 2629 tbenticas
2431 2575 2637 2629 tabulas
2663 2589 2923 2640 servasse,
2955 2584 3008 2627 ct
3030 2574 3270 2629 ﬁdelibus
3298 2585 3354 2629 ut
3382 2586 3503 2629 uota
3528 2585 3710 2630 essent

2135 2665 2408 2729 ell‘ccisse;
2466 2676 2571 2718 tum
2638 2666 2845 2719 illorum
2890 2666 3213 2734 exemplaria
3251 2667 3429 2721 Statim
3478 2667 3529 2722 in
3578 2667 3710 2721 alias

2134 2758 2292 2813 etiam
2333 2757 2518 2811 dill‘usa
2544 2774 2557 2812 :
2590 2760 2721 2823 sive,
2753 2758 2927 2811 missis
2956 2759 3021 2811 ad
3051 2759 3150 2812 hoc
3172 2742 3411 2823 notariis,
3436 2774 3497 2812 ea
3524 2759 3624 2813 sibi
3656 2768 3711 2812 ut

2134 2848 2562 2903 describerentur
2591 2850 2894 2902 curaverint
2928 2865 2940 2901 :
2982 2865 3074 2904 seu
3106 2848 3379 2918 discipulis
3415 2850 3546 2918 ipsis
3582 2864 3711 2917 apo-

2134 2941 2390 2994 stolorum
2414 2956 2516 2993 non
2537 2941 2731 3005 solum,
2748 2949 2806 2993 ut
2826 2941 2995 3009 inquit
3015 2940 3271 2994 Eusebius
3291 2940 3389 3013 (fl.
3412 2940 3475 2995 Ε.
3501 2956 3576 3005 Ill,
3592 2940 3708 3017 57),

2133 3030 2397 3108 κηρύττειν
2420 3034 2505 3086 τὸν
2534 3033 2757 3107 Χριστὸν.
2781 3033 3215 3103 φιλοτιμουμένοις,
3263 3030 3357 3085 sed
3406 3032 3590 3094 etiam,
3619 3038 3710 3089 τήν

2133 3130 2232 3177 τῶν
2266 3124 2405 3175 θείων
2451 3124 2759 3195 Eutr/“(eliko
2796 3120 3127 3197 παραδιδόναι
3154 3126 3367 3199 γραφήν,
3397 3129 3451 3175 ct
3477 3120 3553 3173 sie
3586 3121 3707 3189 qui-

463 3214 618 3284 longe
646 3213 906 3268 vetustior
933 3212 1163 3266 barbaro
1201 3209 1324 3275 illo,
1375 3224 1439 3263 ac
1476 3209 1673 3263 misere
1699 3207 1908 3261 indocto
1934 3209 1953 3279 (
1978 3217 2033 3260 nt
2060 3200 2103 3260 C
2137 3228 2156 3266 ε

2017 3217 2033 3260 ι
2060 3200 2103 3260 C
2137 3213 2257 3266 dem
2284 3229 2313 3267 e
2344 3229 2400 3267 re
2431 3225 2551 3266 nata
2588 3212 2913 3268 credentium
2945 3212 3157 3265 utilitati
3183 3211 3708 3281 egregieconsuleu-

463 3306 628 3375 ipsius
654 3304 831 3359 verbis
854 3300 1015 3373 utar)
1047 3300 1265 3355 librario
1294 3340 1309 3365 ,
1359 3300 1450 3369 qui
1494 3298 1856 3369 apograpbum
1902 3296 2033 3351 illud

462 3396 747 3468 descripSit
769 3437 786 3462 ,
818 3405 942 3464 erat,
962 3396 1063 3448 ista
1088 3436 1103 3457 ,
1134 3393 1200 3448 de
1229 3407 1329 3463 qua
1359 3407 1499 3445 nunc
1522 3393 1728 3461 agimus
1752 3433 1767 3456 ,
1801 3390 2034 3444 Canonis

462 3490 670 3556 series;
722 3491 795 3543 uti
842 3505 908 3543 ex
950 3487 1266 3551 Nazianzeni
1310 3487 1551 3541 carmine
1590 3486 1796 3540 viderat
1837 3485 2033 3539 Millius

462 3584 576 3653 ipse
607 3583 626 3655 (
650 3580 714 3634 In
744 3579 894 3635 Notis
920 3580 989 3633 ad
1014 3580 1202 3633 calcem
1231 3576 1475 3647 Evangel.
1503 3576 1687 3629 Matth.
1715 3575 1755 3645 ).
1791 3574 1905 3629 Hoc
1936 3576 2033 3628 ita-

462 3688 566 3743 que
588 3672 834 3735 voluerit,
866 3671 921 3725 ni
951 3670 1125 3734 fallor,
1156 3684 1259 3723 non
1292 3678 1503 3736 sponte,
1531 3677 1620 3721 aut
1647 3680 1795 3731 casu,
1819 3665 1910 3720 sed
1942 3681 2032 3720 su-

463 3766 733 3840 periorum
774 3772 1072 3831 temporum
1134 3761 1446 3829 antigrapba
1494 3770 1736 3814 secutum
1784 3760 2029 3829 antiqua-

464 3856 624 3920 rium,
655 3870 760 3908 non
788 3853 961 3914 aliter.
991 3860 1149 3921 atque
1177 3850 1225 3903 in
1260 3851 1362 3903 illis
1390 3850 1647 3917 disposita
1678 3859 1831 3903 erant
1856 3852 2032 3904 Evan-

462 3946 623 4017 gelia,
649 3946 700 4000 in
729 3960 826 4000 suo
853 3945 1159 4013 apograpbo
1185 3941 1500 3996 collocasse.
1531 3940 1641 3995 Eos
1669 3956 1820 4007 vero,
1841 3942 2033 4010 quibus

464 4041 632 4094 series
662 4038 758 4094 ista
782 4039 1029 4108 primitus
1061 4035 1410 4104 usurpabatnr
1434 4076 1448 4098 ,
1492 4034 1735 4103 dignitati
1767 4034 2034 4102 apestolo-

464 4148 582 4188 rum
615 4132 713 4186 hoc
742 4131 871 4185 dare
900 4128 1133 4183 voluisse
1158 4131 1301 4198 (nam
1330 4141 1426 4180 cur
1451 4124 1625 4180 Lucas
1642 4126 1873 4179 Marcum
1899 4140 2035 4193 pra:-

465 4226 687 4277 verterit
712 4222 813 4275 alia
845 4229 925 4274 est
954 4218 1093 4273 ratio
1120 4217 1345 4271 ineunda
1372 4217 1391 4286 )
1436 4224 1581 4270 recte
1607 4216 1854 4285 equidem
1902 4230 2034 4268 con-

461 4312 593 4385 jet‘it
619 4312 833 4367 Millius.
862 4310 1042 4379 Neque
1069 4317 1246 4362 tamen
1278 4323 1342 4360 ex
1374 4307 1639 4367 adducto,
1676 4319 1776 4359 nec
1806 4305 1936 4357 satis
1967 4304 2034 4357 li-

465 4405 628 4476 quido
654 4401 963 4459 Tertulliani
1006 4401 1146 4463 loco,
1178 4398 1267 4451 sed
1297 4413 1359 4451 ex
1390 4396 1511 4449 aliis
1540 4395 1776 4464 ejusdem
1812 4394 2038 4465 scripto-

467 4499 541 4554 ris
565 4514 678 4553 rctn
704 4538 720 4562 ,
753 4497 819 4550 de
844 4509 946 4564 qua
975 4492 1179 4560 agitur,
1205 4490 1475 4544 illustrare
1506 4497 1745 4556 poterat,
1780 4488 1824 4541 si
1854 4501 2040 4542 vacas-

2135 3305 2276 3358 tibus
2304 3322 2316 3357 :
2349 3314 2404 3357 ut
2429 3306 2651 3368 scilicet,
2682 3304 3043 3369 nuntiatojam
3072 3303 3201 3372 ipsis
3228 3303 3531 3369 Evangelio,
3556 3316 3709 3356 sacra

2135 3396 2224 3451 illa
2243 3396 2510 3449 volumina
2533 3395 2867 3450 describendi
2890 3394 3097 3463 copiam
3130 3395 3271 3448 ultro
3297 3393 3543 3447 fidelibus
3572 3393 3711 3447 face-

2135 3497 2273 3541 rent.
2306 3487 2535 3541 Mattbmi
2566 3486 2808 3555 proinde,
2832 3486 2972 3555 quod
3007 3487 3233 3554 primum
3259 3486 3495 3539 omnium
3525 3484 3711 3539 lliero-

2133 3579 2373 3648 sulymis,
2408 3588 2497 3631 aut
2526 3593 2631 3632 non
2671 3577 2855 3646 procul
2886 3587 3202 3643 emerserat,
3224 3577 3617 3631 c0ulluentibus
3642 3590 3711 3630 eo

2134 3668 2390 3737 undique,
2430 3682 2524 3722 ceu
2560 3668 2625 3721 ad
2666 3666 2931 3721 nascentis
2957 3666 3351 3744 Christianismi
3389 3666 3707 3722 incunabula

2136 3760 2400 3827 fidelibus,
2432 3758 2732 3829 apograpba
2763 3760 2867 3813 alio
2906 3770 3065 3829 atque
3112 3760 3217 3813 alio
3250 3760 3503 3812 translata
3530 3775 3543 3809 :
3573 3766 3707 3820 tum,

2134 3866 2390 3919 processu
2416 3851 2701 3921 :tcmpnris,
2732 3850 2892 3903 Marci
2930 3864 2992 3903 ac
3027 3849 3206 3911 Luem,
3246 3858 3515 3916 postremo
3544 3846 3707 3899 etiam

2134 3942 2354 3997 Joannis
2394 3941 2660 3995 Eeclesias
2695 3956 2883 3994 omnes
2918 3953 3344 4009 quaquaversum
3393 3950 3705 4005 occupasse.

2136 4032 2301 4088 Sicuti
2344 4047 2471 4087 vero
2514 4047 2617 4084 non
2665 4032 2839 4086 statim
2895 4030 3087 4099 ubique
3126 4028 3362 4097 gentium
3406 4028 3710 4082 constitutm

2135 4132 2261 4177 sunt
2291 4122 2564 4185 Ecclesia),
2607 4122 2763 4175 citius
2793 4121 3080 4190 provinciis
3106 4120 3389 4189 aliquibus,
3422 4120 3593 4173 serius
3620 4116 3709 4171 alii

2137 4213 2204 4266 ad
2237 4214 2355 4266 lidei
2386 4222 2778 4265 sacramentum
2802 4212 3036 4274 vocatis;
3071 4212 3168 4275 ita,
3203 4226 3297 4277 pro
3325 4210 3532 4264 ratione
3562 4209 3709 4263 loco-

2138 4318 2277 4367 rum,
2310 4316 2371 4354 ac
2398 4310 2717 4370 temporum,
2750 4301 2907 4355 modo
2929 4302 3030 4355 hoc
3056 4300 3213 4353 modo
3236 4299 3362 4353 illud
3383 4316 3447 4355 ex
3472 4299 3711 4368 Evange-

2141 4394 2227 4447 liis
2254 4404 2435 4447 nactas
2465 4408 2647 4447 carum
2684 4395 2890 4460 aliquas
2919 4391 2971 4445 in
3012 4391 3225 4446 codices
3252 4405 3381 4445 suos
3421 4390 3707 4445 retulisse:

2145 4493 2255 4539 tum
2294 4494 2347 4538 et
2371 4493 2561 4539 eictera
2590 4482 2771 4547 etiam,
2817 4492 2972 4550 prout
3006 4481 3238 4546 0C(235i0,
3275 4490 3363 4535 aut
3405 4480 3627 4535 facultas
3651 4484 3711 4533 se

467 4599 569 4646 set.
600 4590 707 4643 llos
738 4589 914 4656 itaque
941 4591 1122 4653 utpote
1153 4582 1408 4647 insignes,
1437 4596 1555 4635 cum
1588 4580 1653 4634 ab
1681 4580 1796 4648 ipso
1823 4622 1836 4644 ,
1864 4588 1973 4633 tum
2004 4593 2035 4633 a
2062 4566 2114 4626 D
2140 4577 2356 4641 dabant,
2396 4574 2683 4629 addidisse.
2721 4574 2783 4627 Et
2806 4576 2872 4627 ita
2903 4574 3146 4628 ordinem
3180 4574 3383 4627 nullum
3433 4574 3615 4633 fixum,
3647 4585 3710 4626 ac

466 4682 595 4735 viris
619 4679 842 4734 eruditis
869 4678 921 4732 in
955 4677 1093 4731 notis
1121 4675 1187 4729 ad
1231 4674 1482 4731 eumdem
1530 4672 1831 4742 praeteritos
1857 4687 2038 4741 operae

468 4773 691 4842 pretium
742 4771 997 4824 facturum
1045 4782 1131 4822 me
1174 4776 1304 4835 puto
1334 4766 1376 4820 si
1410 4765 1681 4834 paulisper
1708 4764 2035 4833 cxpendero.

542 4864 636 4920 llic
672 4862 903 4931 scriptor
927 4901 942 4926 ,
981 4859 1272 4915 constituto
1318 4858 1465 4927 prius
1504 4855 1796 4925 evangelici
1841 4856 2037 4909 instrn-

406 4974 407 4977 ‘
468 4956 631 5012 menti
657 4960 901 5009 auctores
928 4950 1197 5025 apostolos
1225 4946 1484 5016 esse(Cit.
1506 4945 1621 4999 Lib.
1646 4962 1717 5012 ιγ,
1740 4943 1819 5014 2),
1845 4944 2037 5006 quibus

471 5046 573 5100 hoc
614 5060 809 5099 munus
834 5041 1158 5113 praedicandi
1189 5038 1463 5106 Evangelii
1509 5053 1539 5091 a
1570 5038 1795 5091 Domino
1848 5035 2037 5089 fuisset

468 5139 771 5211 impositum
798 5156 810 5190 :
852 5146 962 5191 tum
993 5143 1047 5190 et
1074 5133 1425 5203 apostolicos,
1455 5130 1549 5185 sed
1579 5144 1701 5184 cum
1736 5127 1993 5198 apostolis
2019 5166 2033 5189 ,

470 5241 529 5288 ut
567 5231 679 5300 ipse
721 5228 841 5291 ait,
890 5237 945 5282 et
985 5224 1421 5296 postapostolos.
1483 5222 1681 5276 Lucam
1726 5233 1856 5273 vero
1903 5216 2037 5271 nihil

468 5322 613 5379 aliud
636 5318 902 5381 docuisse,
925 5333 1082 5385 quam
1106 5301 1245 5386 quod
1285 5316 1352 5369 ab
1382 5313 1636 5383 apostolis
1663 5311 1918 5365 Ecclesiae
1947 5308 2032 5362 di-

470 5415 762 5477 dicissent;
819 5409 1121 5475 laetumque
1174 5414 1450 5475 propterea
1501 5419 1567 5457 ex
1632 5402 1730 5456 bac
1775 5398 2031 5453 docti-inte

468 5504 821 5560 consensione
849 5507 905 5555 ut
932 5497 1088 5551 Luca:
1119 5497 1460 5566 Evangelium
1486 5492 1704 5563 perinde
1728 5505 1791 5545 ac
1819 5498 2033 5558 aposto-

470 5596 631 5650 licum
659 5600 1060 5647 monumentum
1083 5602 1111 5639 a
1144 5586 1389 5640 ﬁdelibus
1416 5586 1777 5650 reciperetur;
1822 5580 2031 5648 taleque

469 5700 680 5755 semper
705 5683 845 5752 apud
863 5682 982 5737 illos
1008 5680 1286 5741 mansisse,
1321 5676 1474 5745 quale
1491 5676 1648 5729 etiam
1670 5690 1767 5727 suo
1793 5682 2032 5737 tempore.

476 5780 787 5841 tuebantur;
834 5775 1021 5831 eadem
1051 5771 1273 5829 subinde
1306 5768 1513 5825 ratione
1542 5768 1719 5822 firmat
1744 5764 2032 5820 auctorita-

2137 4677 2345 4723 eertum
2371 4676 2495 4721 tunc
2515 4665 2808 4719 adhibitum
2835 4665 3090 4721 credibile
3120 4673 3235 4728 est;
3265 4663 3457 4728 donec,
3480 4662 3709 4731 vulgatis

2132 4761 2242 4830 jam
2274 4768 2497 4830 quatuor
2524 4758 2847 4827 Evangeliis,
2876 4771 2938 4811 ac
2964 4757 3159 4824 passim
3197 4754 3489 4817 distractis,
3522 4752 3710 4807 Eccle-

2137 4854 2334 4908 siarum
2358 4851 2475 4903 alize
2506 4850 2763 4904 rationem
2788 4848 3062 4917 temporis,
3090 4861 3195 4915 quo
3235 4844 3563 4916 prodierant,
3593 4845 3709 4899 ali:e

2142 4949 2424 4999 autborum
2455 4940 2731 5005 habentes,
2751 4938 3105 4993 diversimode
3124 4938 3213 4992 illa
3239 4938 3292 4993 in
3309 4938 3421 4993 suis
3441 4936 3713 5005 exempla-

2140 5036 2287 5091 ribus
2312 5031 2569 5087 extulere.
2617 5029 2684 5083 Et
2708 5029 3055 5084 Orientalium
3096 5026 3307 5099 quidem
3340 5029 3593 5097 plurimas
3622 5041 3708 5079 or-

2140 5124 2315 5178 dinem
2359 5120 2614 5189 temporis
2660 5128 2871 5175 secutas
2913 5120 3137 5175 innuere
3184 5120 3391 5174 videtur
3430 5118 3703 5187 Origenes.

2138 5211 2516 5269 Ecclesiastico
2557 5210 2698 5265 enim
2753 5210 3005 5264 insistens
3054 5208 3259 5264 Canoni
3312 5208 3383 5262 ita
3433 5213 3706 5262 enumerat

2139 5304 2427 5374 Evangelia
2475 5301 2726 5366 Matthxi,
2772 5301 2953 5366 Marci,
3000 5300 3179 5367 Luem,
3228 5314 3291 5353 ac
3337 5298 3588 5361 Joannis,
3642 5305 3700 5349 ut

2138 5396 2297 5450 etiam
2321 5409 2439 5464 qua:
2478 5394 2686 5447 illorum
2727 5394 2893 5461 prius,
2940 5407 3060 5464 qua:
3105 5400 3286 5461 postea
3324 5389 3704 5459 prodierinth

2138 5463 2422 5541 traditione
2451 5493 2724 5554 acceptum
2770 5463 3013 5553 designet
3042 5483 3163 5555 (Ap.
3206 5480 3391 5535 Euseb.
3422 5480 3469 5531 11
3482 5518 3493 5528 .
3537 5476 3602 5529 Ε.
3632 5494 3702 5543 vi,

2136 5578 2259 5649 25').
2293 5576 2545 5634 Eamdem
2576 5575 2795 5645 seriem,
2824 5574 3085 5630 Eusebius
3113 5580 3315 5636 tuetur;
3340 5584 3456 5640 quae
3497 5578 3702 5639 postea,

2140 5670 2463 5739 Hieronymo
2502 5663 2783 5739 Vulgatutb
2812 5665 3150 5734 interpretem
3198 5668 3534 5726 recensente,
3565 5659 3703 5731 apud

2139 5760 2507 5820 Occidentales
2526 5756 2685 5815 etiam
2715 5756 2986 5813 Ecclesias
3003 5751 3248 5811 obtinuit.
