3902 6462
406 328 478 384 27
1325 315 1331 321 ’
1772 329 2303 385 PROLEGOMENA.

3494 326 3663 388 ’28

468 439 668 495 Verum
698 440 828 493 alias
857 453 960 493 non
984 447 1304 510 temporum,
1328 439 1421 493 sed
1447 440 1731 509 autliorum
1762 440 1968 492 ratione
1996 444 2042 498 Α
2073 449 2245 494 rasset
2277 457 2293 493 :
2340 455 2401 495 ac
2430 440 2683 509 deinceps
2722 442 2991 511 Epocham
3021 444 3301 514 quamdam
3331 444 3661 515 Evangelia-

396 531 611 595 liabita,
662 532 953 611 apostplos,
997 532 1188 586 deinde
1227 532 1550 601 apostolicos
1603 532 1654 585 in
1704 532 1973 585 codicibus

398 541 611 595 habita,
662 546 791 611 apo.
855 541 953 597 los,
997 541 1188 586 deinde
1227 541 1550 601 apostolicos
1603 541 1654 585 in
1704 541 1971 585 codicibus

396 624 509 676 suis
539 541 867 703 disposuisge
892 640 906 676 :
935 638 1054 677 cum
1082 624 1354 691 exemplar
1378 634 1634 689 nostrum,
1680 638 1743 676 ac
1776 621 1971 675 Canta-

398 713 690 783 brigiense,
724 698 996 767 turii‘illud
1032 714 1228 767 Hilario
1252 714 1399 778 olim,
1427 712 1562 766 fama
1588 723 1759 777 tenus,
1803 713 1971 766 tribu-

396 812 509 857 tum
552 818 582 856 a
612 803 933 857 Druthmaro
964 804 1402 859 manifestissime
1438 804 1704 857 evincunt.
1757 801 1824 855 Et
1854 804 1972 871 qni-

395 893 518 947 dem
559 894 610 945 iu
653 892 902 947 Africana
944 893 1208 958 Ecclesia,
1254 910 1319 949 ex
1360 894 1555 962 duplici
1601 894 1700 947 ista
1742 891 1972 947 Cononis

397 985 540 1039 serie
557 994 820 1038 servatam
841 985 1087 1047 alteram,
1118 986 1271 1038 tidem
1301 985 1473 1039 facere
1494 985 1739 1039 videntur
1758 984 1967 1037 adducti

397 1073 710 1129 Tertulliani
757 1075 883 1129 loci.
932 1077 1194 1129 Auctores
1234 1076 1440 1131 scilicet
1484 1076 1754 1143 Evangelii
1806 1075 1972 1130 fuiSse

394 1164 607 1234 quidem
651 1174 705 1219 et
750 1164 1094 1233 apostolicos,
1144 1166 1235 1220 sed
1282 1180 1401 1219 cuin
1444 1166 1719 1234 apostolis,
1768 1174 1821 1218 et
1860 1174 1972 1235 post

394 1255 673 1326 apostolos.
728 1256 848 1308 Mox
895 1254 1053 1308 etiam
1098 1255 1332 1309 clarius:
1377 1256 1563 1325 Atquin
1592 1255 1697 1307 haec
1742 1256 1903 1324 magis
1942 1271 1973 1307 a

395 1344 679 1417 primordio
720 1346 876 1412 fuisse
914 1345 1153 1399 credibile
1178 1354 1338 1399 estur
1378 1360 1563 1399 Paleas
1592 1360 1694 1409 QUA
1744 1360 1971 1399 sros'ro-

398 1454 538 1493 ωσι.
596 1438 671 1491 De
716 1447 991 1505 tempore,
1032 1437 1172 1506 quod
1204 1438 1527 1505 prodierant.
1582 1438 1812 1490 locutum
1842 1436 1973 1491 Ter-

405 1529 684 1583 tullianum
732 1542 891 1582 nemo
932 1542 1093 1581 sanus
1122 1526 1429 1582 crediderit.
1484 1528 1757 1581 Diversum
1797 1528 1973 1595 itaque

402 1619 601 1689 aliquid
653 1619 892 1694 innuere.
944 1618 1108 1673 voluit
1167 1619 1290 1683 ista,
1337 1628 1393 1671 ut
1444 1617 1520 1670 sic
1574 1616 1766 1679 dicam,
1830 1617 1975 1684 prio-

402 1710 579 1774 ritate,
614 1724 716 1779 qua
744 1708 1033 1778 principem
1068 1707 1322 1771 Mattlizei,
1354 1722 1417 1761 ac
1441 1707 1660 1761 Joannis
1689 1706 1973 1776 Evangelia

2074 550 2189 586 rum
2214 534 2507 599 statuisset,
2538 533 2710 587 Potest
2737 536 2951 605 (inquit)
2973 537 3082 603 ipse
3099 540 3229 589 ordo.
3252 535 3660 605 Evangeliorum

2073 624 2185 676 ideo
2214 625 2289 676 sic
2316 624 2511 687 haberi,
2544 633 2598 677 ut
2622 642 2751 678 unus
2780 627 3037 695 apostolus
3064 628 3127 681 sit
3156 629 3207 680 in
3228 630 3413 697 capite,
3442 628 3571 681 alter
3593 629 3664 681 in

2073 714 2197 781 ﬁne,
2227 722 2275 765 et
2302 712 2381 765 illi
2411 714 2512 766 duo
2550 715 2634 781 qui
2677 714 2807 779 inter
2834 716 2972 783 ipsos
3001 715 3267 782 habentur,
3298 718 3662 771 auctoritatem

2073 806 2136 857 ab
2166 805 2291 871 ipsis
2319 805 2517 858 duobus
2545 806 2779 859 habeant.
2827 806 2948 859 Vidi
2978 815 3140 860 tamen
3166 808 3353 861 librum
3384 806 3664 878 Evangelii

2072 911 2233 965 gra’ce
2277 898 2540 960 scriptum,
2592 899 2678 965 qui
2719 898 2978 953 dicebatur
3006 898 3197 953 Hilarii
3244 899 3423 970 fuisse,
3456 900 3522 957 ,in
3551 914 3663 967 quo

2072 985 2225 1054 primi
2267 995 2410 1037 erant
2455 985 2750 1052 Matt/ratus,
2799 996 2847 1041 et
2874 986 3121 1052 Joannes,
3174 998 3220 1040 et
3274 988 3521 1055 posterius
3561 987 3665 1041 alii

2074 1072 2196 1126 duo.
2256 1072 2574 1145 Interrogavi
2620 1074 2961 1142 Euphemiam
3015 1076 3248 1129 Gnaeum
3297 1092 3390 1129 cur
3438 1078 3531 1131 hoc
3578 1080 3664 1130 ita

2074 1172 2240 1215 esset:
2268 1164 2395 1215 dixit
2416 1165 2539 1217 mihi
2568 1180 2586 1217 :
2615 1165 2679 1218 In
2694 1166 3072 1219 similitudinem
3096 1165 3214 1219 boni
3240 1166 3511 1235 Agricolae,
3541 1168 3631 1234 qui
3639 1209 3657 1233 ,

2073 1268 2198 1321 quos
2233 1255 2465 1322 fortiores
2506 1257 2653 1310 habet
2693 1258 2853 1322 boves,
2904 1259 3068 1326 primo
3102 1259 3298 1330 jungit.
3348 1259 3491 1314 Nihil
3542 1259 3660 1325 hic,

2076 1344 2217 1399 unde
2242 1345 2514 1400 Simonius
2540 1348 2681 1403 hunc
2719 1350 2959 1403 ordinem
2988 1363 3018 1401 a
3045 1348 3249 1402 Latinis
3278 1350 3546 1405 invectum
3567 1367 3663 1405 as-

2074 1449 2256 1491 serere
2275 1448 2479 1507 posset.
3092 1420 3096 1435 ’

2144 1526 2422 1583 Cutantius
2452 1531 2503 1585 in
2535 1532 2653 1586 Vita
2684 1532 2738 1587 S.
2774 1532 2956 1586 Hilarii
2984 1532 3234 1601 operibus
3268 1533 3386 1602 ejus
3410 1532 3657 1602 praeﬁxa,

2074 1630 2299 1685 quorum
2326 1620 2601 1689 exemplar
2631 1616 3003 1689 pulcherrimae
3029 1623 3280 1678 editionis
3307 1632 3522 1691 vestrae,
3551 1624 3661 1679 ltu-

2075 1708 2316 1762 manitati
2371 1722 2434 1765 ac
2479 1711 2858 1766 benevolentize
2900 1727 3022 1782 erga
3087 1728 3174 1768 me
3221 1723 3324 1767 tua:
3370 1722 3656 1782 acceptum

401 1800 577 1853 locum
621 1799 928 1865 adscripsit.
976 1797 1158 1865 Neque
1198 1796 1362 1861 aliud,
1395 1798 1448 1849 ni
1480 1796 1652 1861 fallor,
1686 1798 1783 1850 nisi
1833 1798 1971 1866 quod
2003 1800 2050 1857 B
2076 1796 2273 1861 refero,
2305 1798 2556 1853 observat
2581 1799 2947 1857 deseribeudis
2991 1802 3136 1857 illum
3164 1803 3330 1857 sacris
3360 1802 3537 1857 Libris
3560 1819 3656 1856 va-

405 1889 543 1959 apud
587 1888 855 1941 Ecclesias
897 1888 950 1939 in
995 1900 1265 1940 sacrorum
1307 1886 1371 1940 Ν.
1401 1886 1463 1941 Τ.
1514 1887 1767 1942 librorum
1812 1904 1972 1943 censu

408 1977 829 2048 aposmlicorum
862 1976 947 2030 illa
982 1984 1381 2044 praeverterent.
1417 1977 1585 2041 Quam
1616 1978 1973 2047 conjecturam

405 2071 597 2125 fulcire
626 2070 874 2125 videntur
917 2070 1191 2138 sequentia
1240 2083 1254 2121 :
1296 2067 1434 2122 Nam
1471 2078 1519 2122 et
1557 2071 1793 2138 competit
1822 2082 1896 2135 ut,
1930 2073 1975 2123 si

407 2163 495 2233 qui
546 2162 875 2230 Evangelium
925 2160 1286 2232 pervertebant,
1325 2176 1495 2213 eorum
1540 2162 1699 2230 magis
1741 2173 1976 2217 curarent

406 2254 792 2321 perversiouem,
821 2267 1030 2315 ρυοιωιι
1061 2266 1309 2306 SCIEBANT
1340 2266 1751 2306 AUCTORITATEI
1780 2268 1975 2307 RECEP-

408 2359 627 2399 TIOBEII.
658 2344 861 2410 Quibus
893 2343 1065 2396 verbis
1094 2342 1221 2396 nihil
1253 2342 1393 2395 aliud
1439 2342 1670 2397 sensisse
1716 2344 1859 2396 illum
1891 2359 1974 2397 ar-

408 2436 598 2499 bitror,
646 2450 823 2503 quam,
868 2442 1152 2501 utcumque
1201 2432 1435 2499 ejusdem
1466 2433 1798 2485 authoritatis
1838 2434 1975 2501 apud

414 2516 814 2581 Ecclesiascum
840 2525 1225 2593 apostolorum,
1249 2530 1356 2574 tum
1381 2524 1787 2588 apostolicorum
1812 2523 1955 2576 Evan

410 2617 546 2686 gelia
574 2625 775 2679 essent,
808 2616 1043 2683 priorum
1084 2624 1279 2678 tamen,
1312 2612 1488 2666 habita
1522 2614 1873 2680 apostolatus,
1918 2628 1979 2667 ac

413 2708 703 2777 magisterii
737 2709 963 2772 ratiooe,
1006 2722 1101 2759 usu
1144 2705 1277 2775 apud
1316 2705 1430 2758 illas
1486 2705 1644 2759 fuisse
1697 2707 1974 2775 potiorem,

416 2798 559 2867 quod
597 2810 649 2852 et
692 2798 1019 2866 frequentior
1048 2798 1097 2851 in
1127 2795 1288 2850 divini
1310 2796 1451 2850 verbi
1499 2796 1875 2866 praedicatione
1914 2798 1979 2851 ab

413 2891 480 2947 iis
510 2900 780 2960 peteretur
817 2890 1134 2952 authoritas,
1174 2896 1224 2941 et
1270 2888 1436 2957 prima
1476 2904 1691 2957 semper
1724 2901 1848 2941 ante
1891 2889 1978 2942 illa

415 2984 836 3054 apostolicorum
896 2984 949 3037 in
1002 2979 1283 3054 synatibus
1340 2982 1666 3050 legerentur.
1716 2980 1978 3049 Quidquid

418 3085 592 3128 tamen
624 3074 691 3128 de
723 3076 821 3128 hoc
849 3074 917 3128 sit
950 3074 1243 3142 (verititem
1271 3074 1410 3125 enim
1444 3074 1495 3126 in
1528 3081 1669 3125 tanta
1699 3072 1980 3125 vetustatis

2075 1902 2270 1953 casse;
2302 1888 2465 1959 idque
2514 1905 2577 1945 ex
2632 1900 2952 1948 testamento
2997 1894 3052 1948 S.
3110 1894 3356 1965 Perpetui
3408 1894 3651 1963 episcOpi

2075 1980 2425 2048 Turonensis,
2476 1984 2528 2038 in
2569 1999 2676 2053 quo
2723 1986 2917 2054 legavit
2968 1986 3276 2055 Euphronio
3317 1986 3656 2055 Augustodu-

2075 2074 2226 2127 nensi
2272 2073 2463 2127 librum
2512 2075 2943 2144 Evangeliorum.
2990 2093 3133 2143 quem
3175 2078 3378 2145 scripsit
3420 2075 3656 2129 Hilarius

2077 2164 2392 2220 Pictavensis
2437 2166 2691 2235 quondam
2734 2167 2972 2220 sacerdos
2999 2183 3020 2221 :
3069 2178 3229 2235 atque
3280 2167 3421 2220 hunc
3476 2167 3653 2235 ipsum

2074 2256 2241 2320 credi,
2274 2256 2361 2323 qui
2395 2259 2681 2310 etiamnum
2713 2257 2939 2312 Turonis
2970 2260 3018 2310 iu
3062 2258 3297 2312 Ecclesia
3342 2258 3399 2312 S.
3430 2257 3647 2311 Gatiani

2075 2356 2336 2401 serVatur.
2392 2346 2469 2400 Ex
2498 2346 2689 2414 quibus
2729 2348 3032 2401 IeSIamenti
3071 2347 3246 2401 verbis
3277 2357 3446 2415 putat,
3488 2348 3655 2401 inter-

2079 2441 2276 2506 pretari
2302 2453 2456 2504 posse
2475 2439 2691 2489 allatum
2728 2437 3027 2489 Druilimari
3062 2439 3275 2492 locum:
3313 2448 3369 2491 ut
3400 2439 3653 2491 nimirum

2080 2528 2137 2582 S.
2173 2522 2353 2579 Hilarii
2387 2527 2559 2579 dictus
2586 2528 2656 2579 sit
2677 2525 2841 2580 codex
2871 2526 2980 2590 ille,
3004 2527 3123 2594 quia
3154 2543 3311 2581 manu
3339 2529 3505 2596 ipsius
3521 2543 3652 2584 exa-

2079 2628 2249 2671 ratus.
2275 2616 2387 2684 Ego
2418 2631 2562 2679 vero;
2593 2617 2635 2669 si
2670 2615 2790 2669 licet
2815 2615 2958 2683 paria
2998 2617 3191 2681 facere,
3224 2628 3511 2687 utcumque
3546 2635 3651 2671 non

2081 2707 2375 2775 improbem
2400 2707 2761 2774 conjecturam
2786 2708 2923 2760 lianc
2945 2707 3040 2759 viri
3065 2706 3381 2771 doctissimi,
3412 2718 3653 2777 putarem

2081 2808 2255 2851 tamen
2274 2797 2511 2850 codicem
2536 2798 2681 2849 illum
2709 2812 2868 2849 unum
2894 2812 2957 2850 ex
2986 2797 3235 2851 Asiaticis
3259 2798 3444 2863 luisse,
3468 2815 3652 2867 quem,

2081 2905 2200 2943 cum
2234 2891 2285 2942 iu
2315 2889 2539 2958 Phrygia
2572 2888 2693 2941 exul
2742 2898 2941 2957 ageret,
2973 2889 3162 2942 studiis
3196 2890 3309 2944 suis
3350 2891 3658 2945 adhibuerit

2084 2979 2314 3033 Hilarius
2342 2994 2353 3029 :
2377 2993 2498 3031 mox
2525 2977 2591 3030 ab
2621 2978 2782 3031 exilio
2812 2988 3089 3032 revertens
3130 2978 3181 3032 in
3210 2979 3430 3047 patriam
3453 2980 3657 3034 retule-

2085 3076 2171 3129 rit.
2202 3076 2256 3128 ln
2283 3090 2436 3143 quam
2465 3074 2825 3142 conjecluram
2854 3089 2918 3127 eo
2964 3073 3168 3127 facilius
3195 3073 3409 3127 ductum
3458 3090 3546 3129 me
3578 3074 3651 3127 l‘a-

415 3165 642 3235 caligine
668 3164 989 3232 conjecturis
1032 3163 1233 3229 assequi
1277 3158 1563 3231 tentamus)
1602 3161 1840 3229 quamvis
1871 3176 1974 3216 non
2005 3162 2049 3222 C
2084 3173 2217 3226 teor,
2264 3164 2402 3233 quod
2443 3180 2537 3232 per
2565 3180 2719 3231 quam
2770 3164 3071 3217 verosimile
3115 3164 3183 3217 sit
3236 3164 3459 3218 minoris
3512 3164 3655 3217 Asia:

418 3260 589 3310 ausim
619 3270 713 3323 pro
741 3264 887 3309 certo
914 3254 1178 3307 amanare
1201 3252 1513 3308 Tertulliani
1550 3269 1665 3307 ξιξνο
1709 3255 1761 3307 in
1793 3253 1977 3307 Eccle-

419 3348 515 3403 siis
554 3347 661 3400 illis
689 3349 917 3415 primum
965 3346 1009 3399 in
1037 3342 1252 3398 Canone
1278 3343 1451 3398 locum
1482 3346 1738 3414 aposwlis
1766 3346 1980 3408 datum;

423 3439 784 3494 verosimilius
812 3447 981 3492 tamen
1012 3434 1113 3489 hoc
1142 3446 1269 3504 puto
1290 3451 1354 3490 ex
1382 3437 1557 3491 allatis
1575 3437 1794 3504 hujusce
1816 3436 1985 3504 scrip-

422 3531 556 3583 toris
581 3529 731 3592 Iocis,
762 3541 893 3596 quos
912 3539 1070 3593 supra
1094 3524 1488 3595 perpendimus.
1509 3526 1649 3588 Dixi,
1678 3525 1984 3579 Tertulliani

420 3632 563 3679 (evo;
614 3631 733 3668 nam
764 3628 941 3683 postea
987 3613 1170 3668 eadem
1215 3630 1335 3683 quis
1367 3616 1421 3668 in
1448 3616 1762 3670 recensione
1792 3615 1982 3670 Hiero-

423 3708 567 3776 nymi
611 3707 773 3759 series
817 3697 1071 3758 obti’nuit:
1127 3706 1317 3758 saltem
1363 3708 1419 3758 in
1458 3705 1883 3773 Carthaginensi,
1929 3713 1985 3757 ut

420 3800 586 3866 liquet
615 3808 674 3849 ex
706 3792 1161 3862 Evangelistarum
1188 3794 1397 3859 ordine,
1428 3808 1581 3861 quem
1608 3794 1677 3847 ibi
1716 3802 1981 3848 servatum

420 3888 602 3943 scribit
629 3885 953 3955 Augustinus
981 3884 1171 3959 (Serm.
1206 3884 1331 3947 144,
1361 3884 1425 3937 de
1453 3883 1680 3954 Temp.).

446 3988 449 3989 '
488 3978 637 4044 Quod
682 3978 749 4031 de
781 3978 1033 4033 Eeclesiis
1072 3977 1265 4031 Africa!
1315 3976 1371 4031 in
1408 3976 1742 4047 disponendo
1770 3976 1983 4031 Canone

419 4050 851 4137 conﬁciebamus,
901 4068 999 4121 hoc
1028 4067 1094 4120 de
1124 4065 1413 4121 Galliarum
1456 4066 1718 4134 aliquibus
1755 4076 1811 4120 ut
1848 4066 1982 4134 idip—

418 4174 535 4213 sum
566 4171 670 4211 non
705 4156 820 4211 sine
850 4156 1088 4211 veritatis
1112 4156 1289 4226 specie
1312 4155 1579 4211 afﬁrmare
1612 4157 1875 4224 possimus
1910 4156 1985 4209 la-

414 4249 562 4302 ciunt
584 4246 801 4300 codices
822 4261 979 4314 supra
1013 4247 1234 4301 laudati.
1264 4246 1514 4314 Quamvis
1534 4246 1983 4316 Cantabrigiensis

416 4354 521 4393 non
560 4337 812 4391 Ecclesiae
836 4337 953 4400 ulli,
985 4338 1078 4389 sed
1108 4340 1312 4404 privato
1336 4338 1546 4391 cuidam
1578 4341 1629 4392 in
1662 4356 1759 4391 usu
1799 4340 1976 4403 fuerit,

410 4433 504 4503 qui
535 4440 736 4486 retenta
761 4430 1034 4484 dumtaxat
1056 4445 1176 4500 quae
1193 4431 1302 4484 illic
1326 4430 1538 4499 vigebat
1561 4430 1795 4484 Canonis
1822 4432 1980 4495 serie,

2089 3254 2351 3307 Ecclesias
2389 3254 2442 3307 in
2472 3253 2805 3321 disponendo
2843 3251 3083 3317 Ratione,
3138 3268 3240 3306 non
3274 3262 3475 3307 attenta
3515 3253 3657 3306 se‘rie

2086 3354 2409 3414 temporum,
2442 3347 2633 3413 quibus
2677 3344 2963 3413 Evangelia
2994 3344 3322 3412 prodierant,
3350 3343 3444 3396 sed
3474 3342 3654 3395 habita

2084 3437 2417 3504 apostolatus
2463 3437 2686 3497 ratione,
2729 3432 2957 3487 Matthmi
2992 3435 3239 3501 primum,
3286 3431 3425 3500 quod
3457 3432 3655 3501 ubique

2084 3526 2341 3596 gentium,
2386 3534 2493 3577 tum
2548 3523 2791 3586 Joannis,
2830 3537 2989 3591 aquo
3028 3523 3343 3583 constitutae,
3387 3510 3656 3592 rectaique

2084 3617 2313 3677 fuerant,
2356 3616 2406 3667 in
2456 3615 2669 3667 codices
2699 3628 2822 3665 suos
2874 3611 3139 3666 retulisse.
3186 3612 3382 3679 Sicque
3430 3612 3655 3667 fortasse

2086 3705 2279 3759 factum
2313 3711 2367 3755 ut
2396 3718 2511 3757 mos
2537 3702 2627 3755 ille
2650 3704 2807 3756 etiam
2837 3702 2889 3754 in
2916 3700 3113 3756 Gallias
3143 3702 3509 3767 inveheretur,
3551 3703 3650 3756 nisi

2077 3796 2186 3866 jam
2218 3804 2369 3849 antea
2398 3795 2717 3849 obtinuerat.
2742 3794 2891 3861 Quod
2922 3803 3126 3863 pateret
3166 3794 3501 3859 luculentius,
3528 3796 3573 3849 si
3601 3796 3651 3849 in

2083 3886 2299 3942 laudato
2342 3884 2646 3955 apographu
2679 3885 2930 3939 Ecclesia:
2975 3885 3321 3946 Turonensis,
3349 3894 3471 3936 ante
3514 3884 3655 3936 exsi-

2084 3981 2235 4043 lium,
2268 3980 2312 4032 si
2341 3981 2408 4032 ita
2441 3988 2543 4042 est,
2583 3979 2650 4033 ab
2681 3978 2881 4030 Hilario
2908 3976 3197 4043 descripto,
3244 3977 3355 4043 pari
3394 3976 3555 4039 serie,
3592 3990 3654 4029 ac

2084 4074 2137 4123 in
2166 4068 2559 4138 supralandatis
2613 4066 2794 4121 Canon
2825 4066 3159 4135 procederet.
3190 4064 3352 4117 Multo
3381 4078 3507 4118 vero
3544 4081 3654 4118 ma-

2081 4161 2164 4229 gis
2195 4161 2294 4214 lioc
2336 4159 2464 4212 mihi
2510 4158 2775 4221 suaderet,
2823 4158 2867 4209 si
2897 4172 3076 4209 verum
3121 4166 3281 4221 esset,
3314 4157 3453 4224 quod
3506 4166 3655 4225 putat

2084 4250 2381 4313 Cutantius,
2429 4248 2707 4310 Hilarium,
2764 4257 2881 4315 post
2933 4245 3357 4301 Commentarios
3412 4248 3462 4300 in
3517 4246 3651 4300 Mat-

2082 4342 2304 4406 tltaaum,
2336 4340 2511 4393 statim
2540 4354 2722 4394 curam
2762 4341 2897 4392 lianc
2935 4339 2987 4391 iu
3036 4337 3291 4392 Joannem
3322 4337 3650 4391 extendisse.

2086 4432 2158 4481 lta
2202 4433 2344 4483 enim
2390 4431 2769 4498 exemplarium
2801 4444 3016 4483 suorum
3048 4429 3288 4482 ordinem
3316 4428 3466 4497 sequi
3512 4427 3653 4481 vide-

413 4533 607 4578 cretera
649 4537 746 4593 per
792 4536 1055 4576 summam
1107 4522 1373 4575 licentiam
1405 4536 1523 4585 cum
1573 4521 1624 4575 in
1666 4522 1982 4590 Evangeliis,
2011 4515 2062 4573 D
2091 4519 2265 4571 batur.

415 4623 525 4669 tum
560 4612 639 4667 vel
686 4612 912 4666 maxime
945 4613 995 4665 in
1036 4610 1185 4665 Actis
1221 4611 1594 4679 Apostolorum
1635 4612 1707 4665 ita
1754 4606 1986 4675 miscuit,

415 4704 652 4768 invertit,
694 4702 920 4765 recudit,
962 4710 1038 4768 ut,
1092 4710 1226 4757 teste
1258 4702 1437 4766 Millio,
1478 4703 1566 4771 qui
1598 4700 1725 4755 illud
1770 4715 1989 4755 accura-

419 4796 627 4849 tissime
657 4795 914 4863 inspexit,
943 4796 1203 4859 omnlum,
1232 4804 1491 4864 quotquot
1520 4795 1585 4848 ad
1629 4803 1813 4849 nostra
1853 4803 1987 4847 tem-

417 4900 552 4956 pora
602 4901 914 4954 pervenere,
968 4887 1494 4957 interpolatissimum
1550 4887 1777 4943 dederit.
1836 4886 1989 4942 Unde

423 4994 528 5032 non
575 4977 843 5031 immerito
883 4977 1106 5031 Simonii
1148 4964 1409 5047 judicium
1458 4978 1753 5043 desideres,
1802 4980 1890 5046 qui
1936 4980 1985 5031 in

421 5069 643 5124 historia
672 5065 868 5121 Critica
895 5065 960 5119 Ν.
991 5067 1053 5120 Τ.
1083 5068 1394 5121 adornatam
1430 5070 1495 5121 ad
1525 5080 1801 5137 corruptos
1829 5068 1989 5123 hosce

426 5159 599 5212 fontes
622 5152 863 5211 Latinam
892 5156 1195 5210 versionem
1222 5172 1326 5210 non
1356 5158 1521 5211 semel
1554 5161 1689 5211 male
1716 5161 1991 5213 consultus

424 5248 719 5303 credidisse
746 5248 1006 5302 videatur.
1044 5247 1149 5302 Sed
1178 5262 1297 5302 cum
1325 5248 1392 5302 de
1413 5248 1737 5317 antigrapliis
1774 5249 1892 5305 istis
1923 5252 1993 5305 sit

426 5355 627 5406 sermo,
650 5339 925 5394 videamus
946 5354 1088 5395 nunc
1113 5338 1415 5394 Drutbmari
1436 5340 1633 5404 locum,
1654 5354 1808 5408 quem
1830 5354 1987 5411 supra

436 5431 726 5502 tetigimus.
1608 5420 1611 5421 ί

501 5523 599 5577 Hic
620 5506 847 5592 scriptor
876 5519 1091 5592 (Ea-pos.
1122 5522 1177 5574 in
1223 5520 1407 5574 Matth.
1446 5537 1563 5590 cap.
1612 5522 1667 5590 l)
1714 5529 1989 5590 postquam

433 5611 797 5682 Evangelistas
842 5622 1068 5682 quatuor
1128 5612 1450 5677 ﬂuminibus,
1496 5628 1612 5681 quae
1667 5628 1693 5663 a
1742 5613 1991 5665 Paradiso

428 5704 717 5774 voluptatis
766 5706 1002 5775 exibant,
1044 5714 1153 5763 tum
1181 5710 1410 5778 quatuor
1451 5704 1733 5761 elementis
1774 5720 1993 5775 compa-

2160 4608 2295 4663 Num
2329 4623 2454 4661 vero
2479 4625 2544 4662 ex
2574 4610 2783 4662 laudato
2823 4609 3127 4662 Druilimari
3155 4609 3273 4661 loco
3300 4616 3443 4663 recte
3469 4609 3650 4677 conje-

2089 4699 2226 4753 cerit
2253 4698 2458 4751 clariss.
2484 4698 2679 4761 editor,
2711 4699 2759 4750 in
2799 4697 3114 4766 antigraplio
3144 4697 3346 4761 Hilarii,
3381 4709 3499 4767 post
3524 4699 3655 4753 Mat-

2091 4792 2308 4855 tlireum,
2339 4804 2400 4843 ac
2442 4789 2717 4853 Joannem,
2764 4790 3084 4858 posteriores
3112 4788 3245 4842 duos
3292 4789 3525 4844 Marcum
3576 4793 3655 4861 (ut

2090 4880 2204 4947 ipse
2228 4880 2321 4948 ait)
2347 4895 2406 4934 ac
2422 4879 2619 4933 Lucam
2654 4880 2998 4946 processisse,
3027 4878 3281 4933 incertum
3306 4880 3523 4934 omnino
3547 4892 3647 4935 est.

2093 4970 2385 5024 Videndum
2418 4978 2697 5038 propterea
2729 4969 2797 5023 ab
2824 4970 2907 5035 iis,
2956 4984 3118 5037 penes
3162 4984 3296 5037 quos
3338 4969 3654 5024 vetustiores

2090 5064 2301 5117 codices
2324 5071 2629 5130 supersunt.
2664 5077 2786 5115 num
2820 5062 2871 5114 iu
2901 5061 3091 5128 quibus
3122 5060 3394 5114 Mattltaaus
3422 5072 3471 5115 et
3492 5061 3652 5116 Joan-

2092 5168 2186 5206 nes
2221 5151 2546 5220 praecedunt,
2574 5152 2740 5206 Lucas
2780 5166 3010 5221 semper,
3039 5151 3231 5205 deinde
3260 5152 3483 5219 Marcus,
3516 5166 3573 5208 ut
3600 5154 3649 5207 iu

2093 5250 2297 5305 nostro,
2325 5256 2387 5294 ac
2420 5240 2864 5310 Cautabrigiensi,
2893 5256 2959 5294 an
3000 5256 3150 5295 secus
3173 5255 3479 5311 sequantur.
3519 5244 3652 5298 For-

2093 5347 2235 5390 tasse
2259 5334 2400 5389 enim
2432 5348 2498 5387 ex
2541 5333 2752 5387 diversa
2780 5348 2963 5387 eorum
2995 5335 3132 5389 serie
3153 5350 3276 5400 ,cum
3307 5347 3424 5389 mos
3469 5335 3652 5389 Eccle-

2093 5430 2313 5492 siarum,
2367 5441 2429 5479 ac
2482 5426 2804 5493 privatorum
2854 5425 2904 5477 in
2950 5424 3227 5493 dirigendo
3272 5427 3490 5480 Canone
3540 5426 3652 5480 erui

2096 5531 2311 5592 posset;
2342 5519 2636 5572 tumetiam
2667 5517 2931 5585 quodnam
2975 5533 3041 5573 ex
3078 5518 3377 5586 Evangeliis
3406 5516 3563 5570 Luem
3590 5532 3653 5571 ac

2094 5611 2254 5666 Marci
2304 5612 2531 5679 primum
2580 5608 2683 5662 illis
2725 5610 2956 5663 nancisci
3004 5610 3304 5676 contigerit.
3354 5607 3652 5676 Utcumque

2093 5702 2234 5759 enim
2264 5699 2521 5771 apostolis
2544 5698 2612 5755 ob
2631 5698 2935 5771 dignitatem
2960 5700 3161 5770 primus
3188 5699 3241 5755 in
3262 5698 3477 5756 Cauone
3505 5701 3654 5755 locus
