4288 6516
356 389 430 447 39
1120 387 1333 445 EPIST.
1375 388 1613 449 PHILIP.
1656 385 2031 456 GARBELLI,
2076 390 2163 445 DE
2199 390 2444 448 CODICE
2482 392 2828 451 BRIXIANO.
2922 460 2925 461 ν
3322 462 3325 465 ν
3533 399 3606 455 50

356 507 431 564 sit
455 505 610 564 datus
634 526 647 565 :
675 509 743 566 de
770 511 913 565 Luca
944 518 1139 575 tamen,
1172 527 1233 569 ac
1277 511 1455 566 Marco
1490 509 1791 577 ambiguum
1835 522 1928 562 cur
1954 506 2009 565 Α
2030 490 2125 563 ille
2144 481 2379 577 Spiritus
2413 512 2619 566 nescire
2651 512 2999 581 permitteret.
3030 513 3094 569 Et
3121 514 3313 569 mirum
3339 515 3603 584 profecto,

357 600 451 657 ille
476 600 617 657 hunc
643 604 993 673 praeverterit.
1022 608 1099 659 An
1126 605 1248 675 quia
1282 605 1454 659 serius
1475 602 1635 657 Marci
1657 602 1930 671 exemplar

357 692 641 748 habuerint
670 694 766 756 illi.
794 695 987 763 quibus
1012 695 1143 749 ordo
1173 695 1261 750 ille
1288 693 1668 763 usurpabatur,
1701 694 1839 747 Luca
1874 693 1925 746 in

356 782 570 838 codices
597 793 753 839 antea
784 784 974 849 relato,
1002 799 1068 839 an
1114 785 1212 839 alia
1258 784 1325 840 de
1370 799 1551 839 causa.
1582 782 1741 838 Forte
1769 784 1927 837 etiam

356 871 515 929 Luca:
562 874 863 944 principem
904 884 1025 946 post
1078 876 1350 945 apostolos
1392 874 1567 929 locum
1623 874 1927 939 tribuerint,

356 963 497 1033 quod
560 963 716 1033 longe
762 964 1000 1039 uberius,
1060 979 1216 1034 quam
1270 964 1499 1025 Marcus.
1555 963 1928 1041 Evangelicam

356 1054 635 1114 historiam
675 1054 976 1126 digesserit,
1008 1056 1246 1126 repetitis
1270 1055 1521 1111 videlicet
1550 1055 1708 1110 altius
1734 1055 1927 1118 rebus;

356 1156 413 1204 et
441 1156 727 1203 stemmate
766 1147 1066 1203 Servatoris
1086 1150 1381 1212 secundum
1420 1160 1635 1201 carnem
1687 1154 1932 1200 accurate

357 1239 586 1311 digesto.
607 1222 774 1295 Certe
794 1239 849 1295 in
874 1239 973 1295 hoc
994 1240 1253 1295 rationem
1279 1238 1533 1308 temporis
1560 1252 1663 1292 non
1683 1237 1933 1292 habuisse

354 1331 500 1397 illos,
524 1331 667 1401 apud
709 1346 844 1401 quos
872 1345 934 1387 ea
964 1330 1193 1386 Canonis
1231 1330 1399 1386 series
1424 1329 1652 1399 vigebat,
1692 1345 1759 1383 ex
1789 1340 1933 1385 vete-

356 1423 511 1479 ribus
557 1423 742 1493 liquet,
771 1423 859 1493 qui
886 1421 1140 1486 Marcum,
1168 1429 1293 1477 ante
1337 1422 1556 1486 Lucam,
1589 1421 1931 1491 Evangelium

259 1558 267 1569 .
357 1528 517 1570 suum
547 1514 738 1569 litteris
764 1516 1110 1585 consignasse
1137 1522 1475 1584 putaverunt,
1502 1514 1576 1567 uti
1600 1514 1841 1583 superius
1868 1529 1934 1568 ex

357 1604 587 1677 Origene
632 1606 1072 1673 observabamus,
1121 1608 1277 1660 aliter
1308 1614 1483 1659 tamen
1516 1605 1781 1659 sentiente
1809 1603 1933 1658 Cle-

356 1706 539 1753 mente
555 1699 937 1764 Alexandrino,
964 1700 1075 1769 qui,
1106 1698 1334 1753 Eusebio
1363 1706 1500 1752 teste
1526 1695 1619 1768 (H.
1643 1694 1710 1750 E.
1732 1713 1801 1761 vi,
1824 1695 1933 1766 11),

358 1790 731 1867 προγεγράφθαι
756 1788 926 1862 ἔλεγεν
951 1798 1049 1845 τῶν
1069 1788 1374 1863 Εὖαγγελίων
1401 1791 1467 1843 τὰ
1489 1790 1804 1863 περιέχοντα
1843 1792 1937 1847 τὰς

2030 600 2170 665 quod
2208 600 2425 655 criticns
2472 602 2570 655 iste
2594 615 2880 673 utrumque
2906 607 3281 675 evangelistam
3313 606 3449 662 haud
3488 623 3602 663 scr-

2031 699 2168 743 vatze
2206 692 2449 745 decentia:
2476 708 2583 747 non
2615 696 2983 763 postulaverit,
3015 698 3155 766 quod
3202 714 3307 751 non
3337 699 3514 765 altius,
3544 709 3602 774 ut

1988 810 1996 815 ~
2033 790 2215 848 postea
2251 781 2508 848 Joannes,
2552 798 2580 836 a
2608 786 2951 852 generatione
2990 786 3164 841 divina
3209 787 3369 842 Verbi
3399 789 3605 842 initium

2031 871 2327 925 stemmatis
2340 874 2666 940 sumpserint
2677 874 2838 947 (diem
2859 874 3083 931 fortasse
3096 876 3605 942 dicturns‘Eusebio.

2031 961 2119 1030 qui
2155 962 2476 1028 provinciam
2523 962 2661 1019 hanc
2701 979 2731 1017 a
2772 966 2973 1033 Spiritu
3012 978 3196 1021 sancto
3226 967 3301 1022 illi
3327 981 3595 1024 servatam

2031 1051 2371 1124 scripsisset).
2401 1052 2513 1107 Hoc
2537 1056 2681 1109 enim
2710 1056 2774 1109 ad
2802 1071 3062 1111 summam
3088 1073 3291 1125 rerum,
3320 1059 3387 1113 de
3412 1061 3605 1130 quibus

2032 1139 2286 1211 deinceps
2328 1158 2488 1212 agere
2530 1145 2799 1200 debebant
2848 1147 3024 1225 facere
3063 1150 3282 1203 omnino
3312 1150 3607 1207 videbatur.

2033 1233 2101 1288 Et
2144 1236 2415 1303 perversis
2456 1236 2615 1290 etiam
2665 1238 2911 1307 ingeniis,
2956 1253 3074 1309 qua:
3108 1239 3285 1297 Jesum
3315 1240 3605 1308 Christum,

2034 1326 2109 1380 uti
2140 1324 2411 1379 hominem
2444 1326 2736 1395 dumtaxat,
2763 1338 2914 1383 erant
2941 1332 3268 1399 traductura,
3297 1349 3363 1388 ne
3389 1335 3455 1389 ad
3486 1337 3615 1389 hora

2034 1416 2198 1470 renda
2233 1416 2322 1470 illa
2352 1418 2533 1472 brevia
2562 1420 2865 1476 miserrime
2885 1422 3264 1493 impingerent,
3296 1423 3465 1480 facem
3484 1440 3612 1497 prac-

2034 1507 2305 1561 tulissent.

2105 1598 2517 1656 Observavimus
2556 1603 2689 1673 jam,
2736 1613 2989 1676 quantum
3022 1608 3267 1677 equidem
3299 1624 3395 1679 per
3418 1618 3495 1664 tot
3521 1626 3612 1665 sat-

2036 1692 2277 1747 enlorum
2324 1695 2569 1749 nebulam
2602 1699 2912 1765 prospicere
2952 1702 3106 1755 nobis
3147 1702 3314 1767 licuit,
3346 1719 3504 1773 quem
3553 1706 3608 1759 in

2036 1780 2253 1837 Canone
2286 1783 2605 1854 Evangelico
2641 1786 2971 1855 disponendo
3000 1788 3241 1844 ordinem
3270 1793 3509 1861 quedam
3540 1810 3605 1849 ex

359 1864 688 1951 νέξδεαλογὶας.
720 1878 923 1948 Nempe
944 1880 1083 1949 quod
1108 1880 1243 1943 fons,
1273 1880 1572 1949 fundusque
1604 1879 1932 1949 Evangelicae

1971 1870 2417 1939 BOrientalibus,
2472 1884 2580 1928 tum
2631 1864 2848 1941 Africa},
2898 1892 2959 1932 ac
3018 1879 3308 1949 Galliarum
3360 1883 3612 1938 Ecclesiae

364 1967 601 2022 historiae
629 1984 798 2038 genus
822 1970 1020 2025 Christi
1064 1970 1213 2039 juxta
1261 1968 1441 2023 carnis
1479 1968 1930 2035 dispensationem

359 2075 479 2127 esse
503 2060 792 2130 videretur,
815 2072 1095 2133 prepterea
1124 2060 1483 2115 verosimilius
1505 2074 1626 2115 esse
1651 2061 1934 2115 arbitratus

358 2161 441 2214 est
467 2151 738 2216 Clemens,
780 2154 985 2207 munito
1008 2152 1119 2223 jam
1150 2166 1179 2206 a
1206 2150 1451 2230 Matthaeo
1480 2164 1541 2205 ac
1569 2150 1711 2205 Luca
1743 2151 1933 2206 itinere

359 2242 486 2317 isto,
512 2244 935 2315 constitutaque,
958 2242 1097 2313 quod
1124 2244 1347 2310 primum
1376 2240 1615 2295 omnium
1639 2241 1934 2309 sciriopor-

360 2335 524 2399 lebat,
559 2346 683 2390 tunc
723 2344 778 2389 et
828 2337 1060 2389 Marcum
1112 2333 1399 2401 Evangelio
1450 2346 1549 2386 suo
1605 2331 1927 2385 incubuisse.

360 2424 476 2483 Dixi
532 2441 562 2475 a
604 2424 847 2478 Maltliwo
900 2435 945 2477 et
990 2422 1161 2485 Luca;
1216 2424 1457 2490 quamvis
1503 2421 1807 2489 ambiguum
1866 2422 1937 2473 sit

359 2492 592 2578 huncne,
624 2528 689 2567 an
722 2514 891 2578 illum,
940 2512 1211 2581 praeivissc
1250 2512 1481 2566 senserit
1508 2508 1775 2566 Clemens.
1798 2511 1929 2564 For-

358 2612 502 2674 tasse
534 2614 707 2659 tamen
742 2603 1050 2674 praeluserit
1098 2604 1375 2657 sententiae
1419 2603 1649 2669 illorum,
1697 2603 1785 2671 qui
1830 2602 1935 2670 pri-

357 2673 505 2763 mum
553 2704 679 2750 ante
729 2673 861 2751 alios
903 2696 953 2749 in
1013 2694 1293 2749 scribenda
1354 2693 1664 2760 Evangelica
1716 2692 1931 2747 historia

358 2790 523 2853 fuisse
571 2789 770 2859 Lucam
817 2788 1161 2843 arbitrantur.
1194 2789 1338 2854 Quos
1369 2787 1505 2840 inter
1533 2786 1639 2839 duo
1670 2801 1699 2840 e
1726 2796 1939 2856 proles:

358 2858 595 2938 tantibus
620 2896 707 2933 vv.
732 2882 812 2933 cc.
840 2880 1157 2947 Basnagius,
1188 2888 1239 2931 et
1264 2874 1521 2931 Clericus.
1558 2876 1649 2928 llic
1687 2879 1827 2929 enim
1865 2875 1930 2929 ad

356 2949 627 3043 bodwelli
672 2969 871 3035 locum,
903 2970 955 3024 in
977 2984 1084 3040 quo
1128 2967 1431 3022 Mattha'um
1475 2965 1930 3036 Evangelistarnm

358 3062 713 3137 antiquiorem
764 3070 1086 3124 asseruerat,
1144 3059 1243 3114 hoc
1273 3059 1515 3127 nuspiam
1557 3057 1833 3126 probatum
1876 3070 1933 3109 se

358 3154 558 3232 vidisse
596 3156 671 3210 ait
702 3154 943 3229 (Dissert.
975 3170 1051 3220 tu,
1084 3154 1147 3207 de
1192 3169 1240 3207 Iv
1298 3151 1609 3223 Evangeliis,
1642 3152 1709 3204 ad
1748 3150 1931 3203 calcem

1990 1988 1997 2007 ς
2038 1965 2430 2030 usurpaverint.
2476 1966 2661 2022 Manus
2702 1976 2889 2023 tamen.
2930 1986 2960 2025 e
3005 1974 3227 2042 vestigio
3269 1975 3374 2029 illis
3411 1976 3570 2030 datur

2174 2016 2187 2030 ,
2226 2016 2229 2017 ν
2704 2016 2889 2023 mm-.-
2932 2016 2959 2025 ν
3014 2016 3225 2042 .ν-,.,,.υ
3269 2016 3374 2029 .....,
3412 2016 3587 2030 .........

2038 2055 2127 2125 qui
2159 2070 2254 2110 nos
2298 2073 2392 2125 per
2433 2058 2641 2113 deserta
2673 2059 2788 2115 hare
2819 2063 2932 2115 loca
2980 2063 3313 2133 gradientes,
3348 2066 3395 2120 si
3436 2016 3626 2122 minus.

2037 2161 2221 2201 verum
2244 2192 2258 2215 ,
2286 2160 2342 2203 at
2369 2150 2555 2205 saltem
2584 2152 2723 2220 quod
2770 2155 3124 2208 verosimilins
3148 2157 3221 2210 sit
3252 2156 3478 2212 fortasse
3506 2175 3612 2227 non

2036 2238 2321 2295 adsecutos
2357 2241 2407 2294 in
2440 2242 2579 2295 viam
2607 2243 2894 2297 reduxerit.
2930 2245 3003 2299 De
3032 2247 3193 2299 ltalize
3224 2259 3439 2312 nostrae,
3474 2266 3611 2317 prm-

2037 2330 2244 2393 sertim,
2298 2330 2365 2383 de
2414 2331 2638 2383 aliarum
2670 2334 2904 2385 omnium
2956 2335 3189 2402 principe
3234 2337 3474 2391 Ecclesia
3512 2338 3616 2392 Ro-

2037 2432 2193 2469 mana
2212 2419 2335 2487 quid
2360 2420 2627 2486 conjicere
2654 2421 2705 2473 in
2734 2421 2952 2487 proclivi
2969 2423 3058 2486 sit,
3084 2422 3250 2478 fateor
3271 2440 3356 2479 me
3381 2422 3609 2481 nescire.

2036 2508 2293 2576 Quamvis
2334 2510 2475 2565 enim
2526 2513 2575 2565 in
2621 2513 2837 2571 Conone
2884 2529 2981 2568 suo
3026 2514 3325 2569 Matthtcnm
3365 2517 3515 2583 olim,
3547 2533 3611 2572 ac

2036 2604 2316 2670 Joannem,
2372 2605 2578 2660 ratione
2618 2607 2797 2661 habita
2842 2609 3190 2676 apostolatus,
3242 2608 3446 2664 duobus
3498 2611 3614 2665 aliis

2037 2698 2295 2767 prmferre
2323 2701 2579 2767 potuerit,
2626 2700 2783 2769 idque
2826 2715 2890 2753 eo
2919 2700 3166 2769 amplius,
3200 2702 3340 2770 quod
3384 2702 3615 2757 Joannes

2038 2801 2091 2845 et
2118 2792 2298 2845 Romae
2327 2790 2518 2853 fuerit,
2549 2801 2602 2846 et
2632 2794 2682 2845 in
2714 2794 2922 2861 igneum
2960 2792 3134 2847 oleum
3162 2836 3174 2857 ,
3205 2804 3264 2848 ut
3289 2795 3456 2865 inquit
3478 2795 3613 2849 Ter-

2038 2882 2288 2934 tnllianus
2313 2879 2609 2949 (perperam
2632 2881 2921 2936 Vaticanus
2949 2883 3174 2954 Nysseni
3204 2886 3370 2940 codex
3402 2887 3453 2940 in
3502 2887 3615 2940 lau-

2035 2968 2247 3023 datione
2276 2970 2439 3023 altera
2470 2972 2640 3025 sancti
2670 2970 2925 3037 Stephani
2960 2974 3100 3027 inter
3138 2987 3476 3029 monumenta
3512 2974 3613 3029 Ec-

2036 3058 2215 3113 clesiae
2267 3058 2467 3113 Grmcze
2522 3076 2549 3113 a
2598 3062 2665 3115 cl.
2730 3060 2995 3133 Zacngnio
3040 3065 3181 3119 edita
3214 3069 3282 3126 εἰς
3309 3064 3475 3141 ὕδωρ)
3526 3067 3613 3120 de-

2036 3167 2245 3207 mersus
2302 3155 2424 3209 lidci
2464 3156 2821 3209 testimonium
2863 3155 3152 3210 reddiderit
3193 3160 3276 3227 (de
3314 3158 3609 3227 Prwscript.

361 3243 615 3317 Harmon.
665 3244 1034 3315 Evangelictc).
1067 3247 1194 3311 Quae
1222 3243 1361 3298 enim
1393 3242 1563 3298 Graeci
1610 3241 1936 3296 recentiores
2042 3244 2235 3299 liceret.
2267 3262 2381 3315 cap.
2413 3247 2527 3317 58);
2558 3246 2625 3301 de
2655 3247 2818 3311 Luca,
2848 3255 3022 3303 tamen
3052 3264 3113 3303 ac
3142 3250 3317 3303 Marco
3344 3259 3427 3304 est
3454 3251 3615 3303 utrin-

360 3336 426 3413 de
452 3346 607 3392 mtate
635 3337 1037 3407 Evangeliorum
1070 3337 1355 3393 commenti
1383 3344 1525 3400 sunt,
1558 3351 1617 3389 ea
1650 3334 1935 3389 nullo'fun-

358 3428 610 3491 damento
636 3429 752 3483 niti.
786 3428 889 3483 Sed
936 3428 1108 3496 longa,
1154 3438 1208 3481 ut
1256 3440 1401 3496 puto,
1434 3428 1733 3481 intensione
1757 3426 1936 3493 operis

302 3502 305 3505 ’
361 3516 575 3573 fallente
623 3520 901 3573 memoria.
934 3518 1063 3573 Nam
1114 3518 1248 3571 haud
1305 3517 1473 3575 multo
1511 3510 1637 3570 ante
1680 3516 1930 3581 dixerat:

359 3610 607 3687 Qrigenes
636 3628 738 3665 non
764 3612 915 3664 modo
942 3612 1235 3683 dogmatum
1262 3611 1340 3663 sui
1367 3612 1480 3674 aevi,
1512 3609 1603 3662 sed
1628 3619 1675 3661 et
1716 3608 1933 3677 antiqui-

361 3708 520 3754 tatum
562 3702 1013 3756 ecclesiasticarum
1059 3701 1445 3771 callentissimus
1493 3700 1565 3752 ita
1615 3699 1677 3751 de
1718 3709 1935 3767 quatuor

362 3776 651 3864 Evangelii;
690 3794 918 3861 loquitur
942 3792 993 3845 in
1032 3778 1313 3863 fragmento
1342 3784 1465 3843 tomi
1494 3806 1509 3843 ι
1568 3788 1848 3844 Comment.
1882 3790 1934 3841 in

362 3878 550 3951 Matth.
582 3883 719 3952 apud
747 3880 1019 3942 Eusebium
1053 3876 1121 3933 Η.
1166 3880 1233 3933 Ε.
1279 3897 1350 3942 \‘I,
1379 3880 1469 3944 25,
1495 3890 1693 3957 πρῶτον
1723 3882 1811 3952 μὲν
1838 3882 1936 3952 ’γέ-

360 3970 658 4047 γραπται-τὸ
678 3975 804 4029 κατὰ
821 3975 905 4029 τὸν
930 3973 1053 4029 ποτὶ
1072 3972 1302 4035 τελώνην,
1326 3972 1447 4024 tio-rs
1454 3993 1537 4048 ρον
1559 3971 1612 4025 δὲ
1633 3971 1933 4026 ’Λπόστολον

361 4058 522 4126 ama
548 4074 777 4143 Χριστοῦ
802 4068 1076 4123 Mareotica.
1104 4065 1283 4141 Porro,
1308 4064 1351 4117 si
1380 4073 1496 4132 post
1523 4062 1809 4133 Origenem
1843 4078 1933 4117 re-

360 4152 629 4223 centiores
666 4157 1194 4225 Graeci'Matthzrum,
1241 4164 1363 4209 ante
1390 4164 1615 4209 cancros
1657 4156 1935 4224 scripsisse

362 4249 527 4319 aiunt,
557 4230 905 4319 fundamento
935 4251 1064 4323 satis
1103 4248 1275 4303 valido
1306 4248 1565 4312 nituntur,
1609 4230 1934 4301 authoritate

362 4326 581 4411 scilicet
608 4344 840 4399 hominis
875 4331 1244 4416 antiquitatum
1292 4344 1787 4399 Ecclesiasticarum
1829 4345 1932 4398 cal-

364 4418 665 4503 lentissimi,
710 4436 798 4505 qui
849 4436 1077 4504 primum
1122 4435 1258 4488 inter
1290 4422 1576 4499 Evangelia
1616 4447 1645 4484 a
1688 4433 1933 4485 Mattiaco

363 4506 518 4603 antea
550 4524 854 4597 publicano,
886 4525 1078 4581 deinde
1105 4522 1345 4599 apostolo
1386 4521 1513 4576 Jesu
1544 4521 1741 4577 Christi
1765 4525 1935 4593 scrip-

360 4623 477 4691 tum
504 4617 753 4681 asseruit.

404 4696 407 4697 ⁷
434 4707 541 4762 Sed
583 4707 751 4762 multo
779 4704 1022 4761 licentius
1048 4703 1333 4774 Basnagins
1373 4702 1497 4771 (Ad.
1526 4703 1587 4756 Α.
1620 4699 1678 4756 C.
1705 4706 1817 4774 ιι),
1842 4704 1933 4775 qui

366 4802 433 4850 ut‘
460 4797 653 4850 Lucam
684 4795 931 4849 Mattltreo
964 4794 1194 4863 priorem
1224 4792 1519 4859 induceret,
1546 4793 1683 4846 inter
1709 4804 1933 4850 caeteras

367 4886 702 4963 conjecturas
741 4885 880 4940 hanc
910 4883 1102 4941 aﬂerre
1130 4899 1233 4939 non
1273 4884 1565 4949 dubitavit;
1599 4886 1790 4941 melius
1832 4889 1934 4943 sci-

367 4976 495 5034 licet
533 4977 585 5032 in
624 4978 825 5047 Christi
852 4984 1132 5032 stemmate
1156 4975 1425 5031 efferendo
1462 4991 1546 5031 res
1574 4991 1934 5045 surcessuras,

370 5054 415 5124 si
446 5070 600 5127 Luce
626 5068 811 5140 prius,
860 5085 983 5125 mox
1032 5068 1259 5123 Mattbmi
1310 5068 1442 5122 ordo
1481 5070 1827 5125 constitisset.
1861 5072 1937 5127 Ac

370 5140 651 5231 propterea
683 5156 748 5218 ex
796 5162 952 5233 hujus
993 5162 1217 5215 decentia
1250 5158 1480 5214 futurum
1512 5169 1634 5214 tunc
1671 5161 1852 5228 fuisse,
1882 5173 1941 5218 ut

370 5248 495 5307 inde
520 5244 797 5321 inciperet,
819 5254 959 5308 unde
984 5253 1187 5308 initium
1210 5250 1519 5306 sumendum
1535 5250 1724 5317 fuerat,
1750 5270 1940 5323 nempe

370 5326 426 5397 et
456 5355 485 5395 a
529 5340 788 5395 missione
815 5343 986 5411 angeli
1016 5343 1080 5397 ad
1111 5342 1453 5407 Elizabetam,
1484 5349 1642 5409 atque
1685 5341 1897 5399 Mariam
1924 5363 1936 5398 :

371 5416 426 5511 et
452 5430 520 5487 ab
547 5429 719 5487 edicto
743 5431 985 5501 Augusti,
1024 5450 1128 5505 quo
1150 5436 1374 5504 impulsa
1395 5433 1556 5504 Virgo
1578 5434 1628 5487 in
1659 5434 1931 5491 Bethleem

371 5509 815 5597 picrrexit‘ibique
844 5510 1067 5591 peperit.
1098 5526 1174 5580 En
1202 5525 1299 5581 tibi
1336 5524 1602 5579 hominem
1635 5528 1933 5595 periculosa

361 5597 549 5687 ζει-(21111
582 5612 835 5685 sapientia
856 5627 1007 5681 usque
1032 5616 1100 5671 de
1126 5617 1357 5683 profante
1383 5610 1617 5670 historiae
1646 5632 1707 5671 ac
1755 5618 1820 5671 de
1855 5618 1938 5672 di-

369 5692 507 5784 vitia:
522 5694 1218 5778 scriptoribusjutlicantem,
1234 5710 1379 5777 quasi
1401 5722 1503 5763 non
1519 5708 1603 5761 isti
1619 5709 1763 5763 θεὸπν
1773 5730 1936 5772 uiaret

585 5784 854 5875 quodque,
872 5794 938 5857 ad
961 5800 1011 5873 id
1040 5810 1227 5854 munus
1257 5810 1476 5856 vocatos
1487 5800 1705 5857 deceret
1724 5802 1934 5881 divinus

2038 3354 2141 3405 qtte
2180 3340 2479 3408 ambigendi
2531 3340 2701 3395 locus.
2738 3341 2799 3393 Et
2846 3330 2991 3406 sane,
3044 3342 3184 3411 quod
3232 3330 3506 3395 crederem
3544 3341 3611 3396 ad

2036 3427 2460 3498 disquisitionem
2504 3430 2639 3483 hanc
2686 3430 2976 3484 subsidium
3023 3430 3236 3500 aliquod
3278 3446 3309 3485 e
3358 3430 3609 3485 \‘atieana

2037 3522 2240 3589 sperari
2272 3535 2450 3587 posse,
2483 3536 2758 3575 oraverani
2789 3521 2915 3574 olim
2962 3522 3440 3576 eminentissimum
3468 3524 3613 3593 prin«

2036 3611 2206 3677 cipem
2231 3609 2490 3680 Angelum
2525 3611 2742 3665 Mariam
2767 3612 3044 3677 Quirinum
3071 3614 3321 3667 ltomaum
3359 3614 3612 3668 Ecclesia:

2038 3696 2502 3755 bibliothecarium
2531 3712 2606 3766 ut,
2641 3704 2684 3755 si
2708 3705 2795 3770 qui
2825 3704 3037 3757 codices
3084 3704 3132 3755 in
3163 3718 3222 3757 ea
3247 3712 3608 3772 superessent,

2040 3791 2090 3845 in
2135 3792 2323 3860 quibus
2367 3791 2611 3847 diversus
2640 3808 2669 3847 a
2708 3793 2931 3862 Vulgata
2977 3793 3110 3847 ordo
3150 3794 3370 3864 vigeret,
3403 3809 3495 3849 eos
3530 3796 3611 3847 in-

2037 3888 2170 3953 spici
2198 3899 2226 3937 a
2255 3900 2339 3939 vv.
2369 3901 2450 3940 cc.
2481 3886 2718 3953 ejusdem
2741 3886 3081 3941 bibliotheca)
3104 3886 3410 3941 custodibus
3419 3885 3607 3952 jubere

2037 3972 2364 4038 dignaretur.
2396 3975 2520 4042 Qui,
2565 3985 2620 4029 ut
2650 3987 2730 4031 est
2770 3993 2874 4030 non
2918 3979 3088 4031 solum
3132 3973 3291 4028 aninii
3344 3974 3606 4043 magnitu-

2036 4064 2183 4127 dine,
2218 4065 2502 4133 splendore
2536 4083 2775 4135 opernm,
2832 4068 3213 4127 munificentia,
3261 4062 3602 4131 liberalitate,

2036 4171 2155 4224 qu:c
2178 4171 2301 4209 vere
2333 4158 2621 4225 principem
2655 4159 2896 4223 deceant,
2932 4147 3032 4209 sed
3061 4154 3405 4208 scientiarum
3434 4153 3607 4219 laude,

2037 4246 2291 4313 fovendis.
2332 4249 2543 4313 litteris,
2579 4249 3035 4317 provehendisque
3064 4256 3345 4315 propterea
3385 4245 3610 4315 ingeniis

2037 4338 2101 4389 ad
2133 4338 2578 4391 immortalitatem
2605 4338 2834 4391 nominis
2863 4338 3051 4403 factus,
3097 4337 3234 4391 votis
3279 4336 3479 4391 nostris
3516 4336 3610 4388 be-

2036 4425 2194 4492 nigne
2237 4440 2497 4490 annuens,
2547 4436 2603 4480 ut
2651 4442 2801 4482 sacra
2850 4428 2940 4483 illa
2988 4439 3330 4482 monumenta
3380 4427 3612 4493 inspice-

2037 4522 2224 4569 rentur
2251 4517 2537 4572 mandavit.
2568 4518 2673 4575 Sed
2714 4520 2846 4575 nihil
2880 4521 3001 4576 inde
3027 4522 3161 4575 lucis
3181 4519 3397 4574 affulsit.
3420 4519 3606 4572 Omni-

1954 4606 2009 4664 D
2033 4606 2158 4672 bus,
2180 4616 2438 4679 quotquot
2465 4609 2707 4680 inspecta
2728 4622 2873 4678 sunt,
2897 4614 2962 4667 ad
3003 4611 3308 4683 Hieronymi
3335 4609 3603 4664 Canonem

2038 4700 2380 4767 comparatis.

2109 4792 2185 4847 De
2212 4782 2423 4851 czcteris
2455 4794 2712 4852 Ecelesiis
2740 4796 2951 4868 longius
2986 4798 3039 4851 in
3064 4795 3211 4851 Italia
3253 4793 3319 4845 ab
3346 4790 3488 4845 Urbe
3512 4804 3599 4844 se-

2038 4884 2231 4948 motis,
2264 4883 2551 4953 Cisalpinze
2588 4890 2883 4958 praesertim
2915 4887 3100 4943 Galliae
3123 4926 3139 4946 ,
3172 4883 3327 4936 facile
3352 4890 3495 4935 esset
3536 4880 3601 4933 ad

2038 4989 2176 5038 rem,
2205 4975 2272 5028 de
2300 4990 2403 5043 qua
2434 4978 2661 5046 agimus,
2688 4992 2719 5031 e
2748 4987 2938 5029 vexato
2967 4972 3247 5043 Epiphanii
3279 4970 3503 5043 (Hccrm’
3529 4970 3603 5038 ιι)

2039 5066 2159 5120 loco
2187 5067 2253 5119 de
2282 5065 2442 5119 Lucae
2475 5068 2525 5119 in
2559 5066 2729 5132 Italia,
2771 5066 3045 5135 Galliaque
3084 5064 3483 5135 praedicatione,
3508 5060 3605 5113 ali-

2039 5157 2167 5227 quid
2190 5157 2541 5211 comminisci.
2571 5156 2678 5211 Sed
2704 5159 2913 5227 longius
2934 5158 3181 5233 fortasse,
3206 5170 3363 5225 quam
3386 5167 3479 5220 par
3496 5159 3600 5213 est,

2041 5260 2094 5303 et
2122 5250 2339 5313 nostris,
2374 5257 2428 5303 et
2454 5249 2681 5303 aliorum
2710 5251 3037 5317 conjecturis
3064 5248 3397 5302 indulsimus.
3425 5241 3601 5307 itaque

2044 5354 2109 5395 ex
2138 5340 2402 5394 aestuariis
2435 5340 2580 5394 liisce
2610 5340 2661 5393 in
2690 5343 3049 5394 continentem
3079 5334 3361 5407 aliquando
3399 5328 3601 5383 reducti

2047 5430 2365 5501 insigniores
2395 5431 2594 5499 aliquot
2637 5432 2786 5487 locos
2821 5430 3143 5500 exemplaris
3183 5427 3403 5496 hujusce
3431 5420 3600 5474 uestri

2042 5521 2408 5591 inspiciamus.

2113 5610 2362 5664 Dixeram
2403 5626 2469 5666 ex
2507 5612 2836 5685 antigrapltis
2865 5612 2970 5667 illis
3000 5622 3275 5671 manasse,
3317 5616 3437 5673 Qum
3476 5612 3601 5657 ante

2040 5700 2221 5755 Hilarii
2246 5709 2485 5770 tempora
2510 5702 2837 5759 ferebantur.
2865 5700 2930 5755 Et
2952 5701 3149 5755 fecerat
3173 5694 3294 5749 huic
3315 5694 3599 5748 assertioni

2039 5792 2211 5849 locum
2241 5792 2425 5849 beatus
2456 5796 2681 5865 Autbor,
2716 5797 2869 5852 lib.‘x
2897 5794 2964 5847 de
2994 5791 3277 5855 Trinitate,
3313 5802 3366 5843 ιι.
3391 5788 3484 5855 tl,
3511 5787 3581 5840 ub
