3902 6420
455 312 516 370 31

448 427 516 484 de
538 429 786 507 pericope
816 437 906 495 illa
945 440 1166 514 loquens
1196 448 1357 510 Lucae
1382 471 1520 525 xxn,
1549 462 1775 532 45,44:
1808 469 1875 524 Et
1895 477 2010 544 [aco
2039 486 2085 540 Α
2117 487 2258 540 vavit

451 526 530 571 tus
556 522 608 573 in
634 529 816 593 agonia
843 533 1093 599 prolixius
1124 543 1318 596 orabat.
1344 546 1412 599 Et
1439 552 1603 617 factus
1627 567 1703 610 est
1726 562 1882 614 sudor
1895 522 2013 637 'ejus

1439 609 1450 617 υ
1635 609 1693 610 έν
1731 609 1866 614 ""‘"
1901 609 2011 637 'J"'

442 609 572 663 sicut
597 624 752 683 gutta:
771 624 1035 691 sanguinis
1058 629 1371 688 decurrentis
1399 640 1449 691 in
1474 651 1812 717 terram,qute
1839 654 1888 708 in
1916 670 2011 709 co-

447 699 565 756 dice
597 716 781 761 nostro
804 710 1015 768 desunt.
1049 718 1159 773 Nec
1196 739 1318 779 sane
1341 729 1589 803 (inquit)
1614 738 1950 807 ignorandunt
1979 766 2012 803 α

445 791 587 844 nobis
612 805 705 868 est,
735 808 780 850 et
806 801 858 853 in
883 801 1089 875 Gra'cis,
1121 821 1167 872 et
1196 814 1250 867 in
1280 815 1480 875 Latinis
1499 791 1754 884 codicibus
1779 839 2009 905 complu-

445 880 578 905 υέ...ὶ-
602 899 625 905 μ
641 884 677 905 ΔΙ
711 889 758 905 Δγ
845 893 856 905 ⁸
955 896 964 905 ⁸

1668 880 1750 884 Ὗ,
1781 880 1977 905 "Mr,"

437 880 578 934 rimis
599 884 677 938 vel
700 889 763 940 de
787 893 1078 951 adveniente
1101 905 1305 973 angelo,
1329 911 1406 963 vel
1433 913 1497 966 de
1524 918 1711 974 sudore
1740 930 2006 995 sanguinis

438 970 511 995 ..ΣΙ
540 975 704 995 -___'_-.,
956 987 966 995 .
1002 987 1013 995 .
1088 990 1098 995 -
1169 992 1177 995 ,

437 970 511 1021 nil
535 975 775 1041 scriptum
803 987 1031 1053 reperiri.
1062 970 1441 1065 Atrtbigentibus
1464 1004 1620 1073 igitur
1641 1020 1810 1066 utrum
1833 970 1926 1070 hoc
1949 1021 2002 1073 in

434 1060 576 1115 libris
615 1067 769 1121 variis
803 1082 894 1126 aut
925 1078 1093 1146 desit,
1134 1095 1220 1137 aut
1258 1095 1570 1161 superﬂuum
1606 1100 1672 1153 sit
1710 1103 1999 1170 (incertum

1320 1151 1331 1158 -
1410 1151 1421 1161 '
1614 1151 1664 1153 γέν
1712 1151 1726 1170 ‘
1755 1151 1995 1164 --γννσυκσιι

428 1151 561 1205 enim
601 1155 697 1209 hoc
737 1162 878 1218 nobis
923 1169 1221 1240 relinquitur
1269 1182 1334 1233 de
1379 1183 1668 1246 diversitate
1710 1195 1995 1274 librorum)

428 1252 555 1274 ﬂos-In
598 1256 681 1274 ΛΙΛ
737 1250 842 1274 Π--Α
878 1256 931 1274 Α.-

424 1252 571 1308 certe,
597 1256 702 1301 etc.
736 1250 846 1316 Qua
871 1256 938 1310 de
969 1274 1048 1323 re,
1087 1274 1176 1318 aut
1204 1282 1310 1337 quo
1345 1276 1546 1331 sti-culo
1586 1295 1849 1349 expuncta
1877 1250 1994 1345 lue:

425 1331 533 1386 rint
562 1337 720 1392 verba
743 1341 852 1407 illa,
881 1358 973 1401 aut
993 1365 1018 1403 a
1046 1331 1259 1424 quibus,
1285 1359 1336 1414 iu
1364 1363 1596 1422 obscuro
1619 1383 1722 1428 est.
1751 1375 1992 1446 Expeudl

424 1427 598 1479 tamen
624 1443 898 1489 merentur
925 1453 1008 1502 ea.
1037 1457 1156 1512 qua:
1178 1446 1394 1506 Grotius
1417 1455 1482 1508 ad
1506 1457 1647 1514 hunc
1667 1461 1843 1519 locum
1870 1467 1988 1536 (ad-

1733 1516 1745 1518 -
1763 1516 1842 1519 θ--
1871 1516 1956 1536 Γ-

419 1523 524 1565 not.
559 1516 611 1569 in
642 1517 889 1596 Lucam),
923 1537 1032 1584 tum
1059 1535 1125 1588 ad
1154 1538 1318 1594 alium
1357 1545 1598 1613 ejusdem
1631 1551 1986 1626 Evangelistas

418 1615 755 1665 ⁰⁰¹η¹¹¹θηιυε
785 1626 886 1681 εει.
916 1633 985 1675 ne
1015 1623 1111 1678 viri
1141 1630 1490 1690 eruditissimi
1509 1638 1775 1708 judicium
1800 1646 1985 1716 legen-

418 1693 550 1716 ΗΜ---
579 1697 675 1716 9.--η
802 1714 809 1716 .
876 1706 940 1716 ι..
1031 1713 1042 1716 -
1088 1715 1121 1716 ,,

418 1693 552 1750 tibus
578 1697 834 1768 imponat.
864 1706 1193 1768 lllaudabilis
1234 1720 1253 1789 (
1279 1721 1451 1793 inquit
1476 1767 1490 1792 ,
1509 1693 1590 1783 'de
1616 1693 1983 1793 adventuum»

413 1786 536 1851 geli,
571 1798 626 1840 et
656 1792 851 1849 sudore
877 1797 1125 1872 loquens)
1154 1786 1255 1874 [ait
1284 1820 1330 1864 et
1351 1786 1676 1886 superstitio,
1707 1834 1756 1876 et
1786 1831 1988 1883 temeri-

413 1885 490 1927 tas
521 1893 696 1932 eorum
715 1923 728 1947 ,
761 1887 848 1955 qui
872 1887 1002 1943 hanc
1030 1897 1366 1966 particulam,
1400 1916 1445 1958 et
1481 1923 1770 1980 sequentem
1800 1917 1863 1972 de
1891 1936 1980 1974 su-

410 1965 531 2019 dore
561 1969 785 2028 delevere
815 1993 833 2030 ,ο
864 1981 1025 2034 nihilo
1050 1989 1282 2053 graviore
1307 1965 1370 2046 de
1393 1965 1582 2062 causa',
1615 1965 1766 2070 quam
1792 2023 1891 2075 quo
1917 2011 1982 2064 il-

410 2055 526 2119 lud,
555 2063 692 2127 quod
717 2081 871 2136 supra
897 2081 969 2123 est
995 2073 1058 2127 de
1083 2078 1208 2145 ﬂetu
1231 2120 1246 2145 ,
1278 2083 1496 2141 deletum
1523 2055 1764 2150 dimittitis.
1798 2055 1976 2156 TDixc-

408 2157 491 2200 rat
515 2159 691 2207 autem
724 2157 790 2210 ad
817 2158 973 2215 Luca:
995 2179 1103 2232 xix,
1127 2169 1215 2236 41,
1248 2176 1562 2239 particulam
1593 2183 1734 2239 illam
1762 2188 1829 2243 de
1850 2190 1977 2248 ﬂetu

405 2250 432 2286 a
467 2238 685 2306 Latino,
729 2245 904 2318 Syro,
947 2252 1123 2310 Arabe
1163 2238 1547 2332 interpretibus
1578 2285 1862 2332 retentam.
1908 2283 1977 2338 At
2015 2283 2022 2286 ’

404 2327 758 2396 Epiphaniam
798 2344 1020 2408 testari,
1064 2361 1161 2400 suo
1200 2359 1445 2421 tempore
1490 2375 1595 2415 non
1637 2368 1879 2425 extitisse
1919 2373 1970 2425 in

403 2419 614 2482 publice
645 2431 872 2495 receptis
898 2436 1325 2506 exemplaribus;
1366 2445 1630 2518 dignaque
1662 2468 1781 2510 esse
1811 2460 1973 2515 verba

399 2506 546 2561 illius
577 2511 626 2565 in
657 2513 947 2586 A'ncorato,
981 2539 1102 2592 qua:
1130 2541 1402 2600 notentur,
1421 2506 1512 2591 Vvet
1538 2506 1600 2594 bb
1629 2543 1724 2596 hoc
1751 2545 1970 2621 (inquit)

399 2609 454 2652 ut
484 2603 738 2658 videamus
765 2624 1006 2676 quantum
1043 2618 1139 2672 sibi
1175 2619 1520 2682 Ecclesiarum
1562 2639 1824 2703 prtepositi
1853 2657 1970 2707 per-

398 2691 646 2749 miserint.
681 2695 858 2753 Verba
888 2703 1168 2774 Epipltanii
1199 2729 1230 2768 a
1272 2715 1460 2771 Gratia
1497 2727 1764 2790 prieterita
1789 2769 1804 2793 ,
1852 2746 1971 2798 qua:

1497 2779 1512 2790 υ
1789 2779 1804 2793 ν
1858 2779 1968 2798 Ὶ*“⁷

396 2779 474 2834 illi
504 2782 863 2853 improbanda:
895 2798 1176 2862 przesidnm
1201 2806 1692 2868 ecclesiasticorunt
1738 2818 1968 2876 licentite

393 2886 576 2930 ansam
600 2881 959 2953 praibuerant,
1001 2891 1192 2950 adtulit
1221 2897 1435 2968 Millius,
1467 2919 1683 2974 errare,
1720 2911 1966 2980 inquiens

394 2963 651 3038 (I‘roleg.,
684 2988 735 3028 n.
766 2974 912 3048 798),
947 2982 1140 3039 misere
1167 2963 1436 3056 Grotium,
1466 2997 1555 3063 qui
1587 2963 1966 3058 ita

391 3055 588 3112 siarum
632 3068 930 3134 praepositis
977 3078 1226 3132 senserit.
1280 3080 1354 3135 Ea
1403 3055 1870 3164 suntz'0p66605m
1911 3094 1962 3149 δὲ

389 3150 642 3221 ἀφειλοντο
679 3157 736 3211 τὸ
767 3158 918 3230 ῥητὸν
947 3166 1258 3236 φοϐηθέντες,
1294 3178 1470 3246 καὶμὴ
1507 3184 1778 3243 νοήσαντες
1804 3188 1961 3242 αὐτοῦ
1991 3192 2035 3256 C

388 3242 445 3294 τὸ
466 3243 626 3307 τέλος,
655 3251 736 3301 καὶ
756 3251 812 3304 τὸ
843 3255 1208 3329 ἰσχυρότατον.
1243 3261 1312 3317 Ει
1341 3280 1470 3325 sane
1498 3269 1689 3325 mirum
1717 3274 1857 3340 quod
1885 3277 1966 3330 vir

390 3327 611 3384 inﬁnitae
639 3335 909 3407 lectionis,
941 3327 995 3398 et
1025 3350 1302 3405 accerrimi
1341 3353 1561 3423 judicii,
1594 3361 1922 3420 orthodoxae
1949 3406 1962 3430 ,

387 3417 476 3484 qui
509 3417 647 3475 haud
677 3423 926 3484 laudabili
955 3433 1147 3492 timore
1164 3479 1177 3504 ,
1194 3455 1261 3494 ne
1287 3417 1441 3497 ﬂetus
1467 3447 1754 3507 Servatore
1779 3463 1966 3511 nostro

387 3506 436 3560 J.
471 3505 529 3561 C.
564 3513 814 3584 indiguus
845 3522 1151 3594 videretur,
1197 3546 1257 3585 ea
1289 3535 1450 3588 verba
1477 3536 1822 3608 deleverant,
1879 3546 1965 3600 hic

388 3597 491 3652 loci
523 3617 617 3671 pro
647 3605 1006 3668 Ecclesiarum
1057 3625 1359 3689 prmpasitis
1414 3628 1640 3700 intelligi
1687 3635 1957 3703 valuerit;

385 3691 552 3745 multo
581 3709 709 3750 vero
730 3701 924 3770 magis,
944 3707 1083 3772 quod
1113 3711 1155 3761 si
1184 3711 1467 3788 ἀδιόρθωτα
1489 3718 1507 3787 (
1529 3691 1739 3789 ad-qua:
1767 3691 1962 3782 ibidem

384 3795 637 3851 provocat
669 3789 1033 3866 Epiphanius)
1063 3799 1238 3855 adhuc
1265 3818 1588 3873 supererant
1613 3816 1960 3885 exemplaria,

382 3887 442 3926 ea
467 3875 700 3942 profecto
713 3896 834 3938 esse
849 3885 1116 3944 debebant
1139 3932 1154 3956 ,
1173 3909 1292 3962 quae
1318 3895 1367 3949 in
1391 3898 1646 3956 Ecclesiis
1658 3912 1714 3958 et
1737 3909 1958 3977 castius,

383 3973 437 4016 et
466 3971 791 4038 accuratius,
822 3987 979 4046 quam
998 3981 1136 4048 apud
1163 3983 1398 4050 privatos
1419 4028 1434 4052 ,
1467 3993 1667 4048 servari
1688 3996 1956 4052 solebant.

382 4051 608 4109 Tantum
632 4059 782 4116 abest
803 4073 862 4119 ut
888 4069 1236 4126 ecclesiastici
1267 4075 1366 4144 ipsi
1386 4051 1532 4142 ,attt
1581 4083 1817 4156 episcopi
1858 4090 1958 4143 ali-

379 4145 506 4210 quid
528 4146 596 4201 de
639 4153 890 4219 primaevo
932 4169 1080 4216 textu
1121 4163 1404 4225 detrahere
1432 4172 1532 4227 sibi
1585 4145 1713 4244 ipsis
1763 4145 1961 4248 permi-

379 4235 564 4288 serint.

449 4326 619 4384 Locus
647 4331 810 4398 alter,
841 4337 914 4389 uti
969 4339 1018 4391 in
1044 4341 1228 4396 codice
1257 4355 1475 4414 nostra,
1527 4352 1605 4406 sic
1645 4355 1713 4409 ab
1757 4358 1957 4415 Hilario

376 4414 545 4469 lectus
575 4430 654 4471 est
681 4420 862 4477 Matth.
887 4438 1012 4481 xxv:
1033 4469 1046 4492 ,
1077 4429 1146 4483 55
1169 4449 1180 4484 ;
1217 4433 1292 4485 Αη
1315 4445 1462 4502 putas
1486 4442 1606 4504 quia
1627 4459 1728 4496 non
1750 4463 1955 4514 possum

372 4523 552 4576 rogare
578 4508 787 4566 Patrem
812 4532 974 4569 meum
992 4557 1006 4579 ,
1036 4528 1079 4570 et
1103 4522 1347 4576 exhibebit
1368 4528 1494 4579 mihi
1515 4533 1663 4584 modo
1686 4535 1952 4605 plusquam
1981 4539 2032 4597 D

373 4600 635 4654 duodecim
667 4606 831 4658 millia
858 4608 1076 4677 legiones
1101 4614 1394 4681 angelorum
1415 4619 1440 4670 .’
1470 4619 1699 4678 Hilarius
1722 4626 1788 4681 de
1813 4600 1946 4684 —Tri-

373 4689 535 4744 nitate
559 4708 589 4745 x
615 4733 630 4756 ,
653 4694 724 4747 42
753 4716 765 4750 :
806 4696 917 4750 Nec
945 4701 1040 4752 sibi
1064 4705 1275 4771 angelus
1300 4707 1516 4761 mittitur
1537 4751 1550 4774 ,
1573 4715 1660 4779 qui
1711 4718 1754 4768 si
1781 4721 1946 4788 vellet,

373 4778 640 4834 duodecim
683 4787 844 4840 millia
883 4788 1136 4858 legionum
1180 4794 1241 4846 de
1276 4797 1398 4849 cwlo
1440 4778 1730 4858 deduceret.
1787 4807 1856 4860 Et
1897 4778 1947 4865 in

373 4871 563 4936 psalm.
594 4887 682 4925 tht
714 4892 727 4926 :
757 4881 878 4942 quia
923 4897 1035 4931 cum
1067 4883 1278 4939 Domino
1307 4889 1571 4944 duodecim
1602 4897 1764 4949 millia
1794 4899 1949 4968 legio-

373 4972 494 5008 num
525 4961 820 5028 angelorum
853 4979 1053 5031 possent
1082 4972 1133 5023 in
1161 4983 1385 5044 tempore
1415 4983 1664 5048 passionis
1687 4989 1941 5044 assistere.

372 5043 439 5100 Et
467 5047 544 5101 sic
591 5064 776 5103 rursus
807 5055 938 5119 psal.
973 5072 1089 5110 Liv:
1126 5060 1228 5114 Sed
1260 5043 1390 5120 inter
1415 5043 1520 5123 hate
1551 5074 1738 5130 habens
1781 5092 1949 5150 potes-

371 5145 525 5189 tatem
574 5137 842 5192 duodecim
881 5145 1043 5198 millia
1095 5151 1367 5208 crelestium
1423 5160 1678 5229 legionum
1717 5184 1944 5225 evocare.

373 5226 567 5281 Millius
614 5229 678 5280 ad
705 5228 844 5285 hunc
876 5231 1108 5290 Mattlttei
1139 5240 1310 5297 locum
1335 5288 1349 5310 ,
1381 5264 1649 5316 praeeunte
1674 5256 1895 5314 Erasmo
1928 5303 1942 5326 ,

372 5321 575 5387 putavit
604 5319 858 5375 Ililarium
880 5329 1132 5381 memoria
1166 5331 1366 5401 lapsum
1390 5381 1404 5404 ,
1434 5341 1559 5396 dum
1588 5346 1650 5397 ad
1672 5348 1940 5405 laudatum

371 5409 561 5474 psalm.
597 5425 702 5476 Ltv,
730 5413 993 5467 duodecim
1014 5419 1176 5473 millia
1220 5427 1504 5486 scribebat.
1533 5433 1737 5490 Canoue
1778 5443 1937 5509 enim,

375 5497 565 5564 inquit,
606 5517 748 5556 xxxn
781 5505 832 5558 in
867 5505 1048 5560 Matth.
1080 5510 1195 5580 legit
1221 5525 1273 5567 ut
1317 5520 1456 5574 editi.
1483 5523 1806 5584 Fefellerant
1837 5497 1942 5586 sci:

375 5585 498 5638 licet
528 5587 740 5647 Millium
772 5612 906 5651 unus
936 5607 990 5653 et
1035 5602 1170 5656 alter
1203 5620 1270 5658 ex
1305 5611 1473 5665 tribus
1501 5616 1930 5690 locisadductis;

377 5687 543 5744 neque
567 5679 756 5741 vidisse
786 5695 1024 5756 poterat,
1058 5708 1175 5762 qua)
1202 5695 1535 5756 doctissimus
1561 5707 1734 5766 editor
1751 5714 1935 5769 obser-

2119 667 2300 725 mitate
2327 673 2379 728 in
2404 678 2728 741 atlducendis'
2753 731 2768 752 ,
2799 691 3024 751 diversis
3055 701 3175 757 licet
3221 716 3276 761 et
3299 667 3416 765 loco
3436 754 3450 776 ,
3481 725 3536 769 et
3563 731 3677 776 ma-

2111 759 2274 824 teria,
2331 778 2604 826 sacrorum
2654 777 2905 836 librorum
2957 789 3255 860 pericopis,
3311 801 3491 858 nullibi
3538 806 3675 865 facta

2107 851 2399 910 mutatione
2425 860 2702 919 verborum
2721 909 2736 933 ,
2769 874 3032 942 conjicere
3060 891 3205 936 certo
3235 902 3518 955 possumus
3542 938 3558 963 ,
3583 914 3675 956 ve-

2108 946 2244 963 n“.--
2275 943 2313 963 π
2328 961 2342 963 -
2361 962 2366 963 ν
2382 948 2395 963 ¹
2464 951 2474 962 ·
2644 958 2656 963 “

3235 943 3249 955 ι
3372 943 3516 949 ην⁷⁷“””
3542 943 3558 963 ν
3593 943 3646 956 ’ν

2108 946 2246 994 teres
2273 943 2525 1007 Ecclesia:
2553 958 2838 1027 scriptores
2866 981 2970 1022 non
3001 986 3033 1026 e
3081 982 3350 1035 metnoritc
3380 1001 3517 1053 penu
3536 1032 3551 1055 ,
3613 1002 3674 1048 ut

2108 1030 2330 1055 ,ιη-,η
2521 1045 2532 1055 .
2573 1049 2584 1055 -

3380 1030 3551 1055 ,-....,
3613 1030 3671 1048 υ.

2104 1030 2414 1108 plerumque
2453 1045 2726 1118 solebant,
2774 1057 2865 1111 sed
2896 1075 2961 1113 ex
3009 1066 3254 1123 codicum
3293 1087 3510 1133 suorum
3567 1081 3671 1139 lldo

2100 1137 2190 1177 eas
2215 1128 2497 1200 adtulisse,
2527 1137 2681 1210 longe
2705 1155 2879 1203 autem
2918 1155 3144 1222 certius,
3169 1172 3288 1216 cum
3319 1165 3443 1232 bas,
3472 1171 3537 1225 ad
3581 1188 3670 1230 ar-

2097 1229 2402 1282 gumentum
2451 1227 2664 1298 aliquod
2725 1236 3137 1315 illustrandum,
3192 1227 3526 1318 prmcise-ae
3573 1279 3670 1330 per

3123 1310 3132 1315 _
3192 1310 3203 1318 _
3465 1310 3524 1314 η
3573 1310 3657 1330 ,--.

2097 1315 2276 1372 partes
2299 1310 2586 1370 inculcant.
2619 1318 2780 1390 Cujus
2802 1329 2876 1382 rei
2921 1337 3222 1404 exemplum
3249 1342 3478 1401 alterum
3518 1349 3667 1408 dabit

2093 1393 2402 1457 Tertulliani
2451 1405 2596 1462 locus
2623 1426 2650 1464 a
2694 1415 2861 1472 Millia
2886 1435 2990 1476 non
3033 1425 3386 1487 observatas:
3444 1452 3508 1492 ex
3557 1456 3665 1510 quo

2093 1483 2375 1510 nl.._:_-2_--
2424 1495 2456 1510 μ
2574 1509 2579 1510 γ
2701 1503 2713 1510 .

3269 1483 3341 1486 ,c-
3373 1483 3385 1487 -
3445 1483 3507 1492 -..
3558 1483 3664 1510 γ...

2091 1483 2383 1546 clarissime
2423 1495 2587 1565 liquet
2610 1503 2922 1573 scriptorem
2955 1511 3094 1569 hunc
3140 1518 3220 1574 sic
3247 1522 3374 1577 olitn
3417 1527 3468 1581 in
3523 1535 3664 1585 anti-

2089 1580 2291 1647 grapho
2308 1596 2405 1636 suo
2426 1587 2616 1668 legisse
2635 1634 2649 1653 .
2666 1595 2800 1650 haud
2817 1599 2916 1654 levi
2934 1617 3064 1660 sane
3082 1621 3397 1678 argumento
3421 1620 3659 1677 codicem

2089 1679 2330 1725 nostrum
2354 1684 2375 1736 ,'
2400 1666 2520 1746 'qui
2541 1685 2780 1740 eamdem
2813 1690 3092 1751 lectionem
3146 1702 3390 1771 exhibet,
3420 1726 3484 1764 ex
3530 1727 3660 1784 apo-

2089 1762 2299 1784 ..-μ-ιξα
2349 1782 2360 1784 -
2392 1768 2405 1784 ¹
2523 1782 2530 1784 -
2630 1776 2640 1784 ”
2705 1777 2716 1784 ⁵

2086 1762 2302 1831 graphis
2341 1768 2405 1821 ad
2453 1776 2804 1835 vetustissima
2833 1789 3151 1856 exemplaria
3181 1802 3502 1867 comparatis
3525 1844 3540 1870 ,
3565 1762 3661 1862 de-

2017 1833 2064 1894 Β
2092 1855 2349 1923 scriptum
2376 1858 2568 1917 fuisse.

2155 1959 2310 2019 Luem
2354 1983 2456 2035 xv,
2495 1972 2559 2038 8,
2609 1974 2867 2048 Vulgata:
2909 1986 3011 2041 Aut
3064 2007 3177 2058 qute
3223 1999 3405 2052 mulier
3469 2002 3659 2061 habens
3713 2001 3715 2003 ’

2083 2050 2352 2109 drachmas
2375 2059 2545 2115 decem
2565 2103 2579 2128 ,
2609 2068 2654 2120 si
2669 2072 2942 2134 perdiderit
2970 2078 3262 2137 drachmam
3286 2104 3468 2155 unam,
3491 2110 3658 2150 nonne

2079 2144 2309 2196 accendit
2365 2147 2654 2220 lucernam,
2687 2168 2732 2210 et
2753 2167 2927 2217 everrit
2957 2168 3190 2238 damum,
3229 2185 3275 2228 et
3325 2183 3506 2245 quierit
3536 2184 3656 2239 dili-

2077 2245 2250 2301 genter
2262 2238 2418 2294 donec
2447 2244 2710 2303 inveniat?
2736 2253 2922 2310 Noster
2943 2271 3251 2328 argenteus:
3269 2269 3452 2326 Nonne
3474 2293 3655 2332 accen-

2076 2325 2149 2376 dit
2199 2327 2482 2400 lucernam,
2512 2348 2559 2389 et
2584 2345 2744 2412 scopis
2783 2350 3037 2404 mandavit
3087 2355 3323 2426 domum,
3368 2373 3422 2416 et
3461 2371 3654 2436 qutcrit

2082 2413 2287 2436 λὶΗ--μι
2449 2435 2454 2436 ν

2077 2413 2342 2483 diligenter
2363 2461 2376 2482 ,
2410 2435 2514 2477 etc.

2149 2505 2506 2568 Tertullianus
2534 2516 2554 2587 (
2577 2519 2639 2573 de
2664 2519 2848 2578 Pudic.
2876 2545 2988 2595 cap.
3017 2531 3082 2603 9)
3110 2550 3123 2586 :
3160 2536 3271 2592 Nos
3321 2554 3510 2609 autem,
3531 2550 3652 2612 quia

2075 2609 2176 2647 non
2217 2614 2280 2651 ea:
2307 2606 2563 2668 parabolis
2593 2617 2825 2670 materias
2845 2634 3262 2695 commentemur,
3309 2634 3397 2685 sed
3442 2653 3505 2690 ea:
3541 2656 3651 2694 ma-

2074 2688 2210 2741 teriis
2257 2693 2524 2763 parabolas
2569 2700 2988 2774 interpretamur;
3031 2730 3119 2767 nec
3164 2722 3307 2774 valde
3358 2723 3648 2786 laboramus

2071 2781 2240 2832 omnia
2284 2785 2338 2837 in
2379 2792 2687 2858 expositione
2711 2806 2964 2868 torquere,
2996 2805 3115 2858 dum
3155 2817 3409 2870 contraria
3441 2836 3649 2891 quoque

2070 2882 2354 2926 caveamus.
2396 2876 2565 2942 Quare
2593 2895 2785 2940 centum
2813 2905 2926 2943 oves
2951 2894 2976 2946 ?
2997 2893 3063 2948 Et
3110 2900 3233 2967 quid
3279 2907 3448 2975 utique
3475 2911 3645 2966 decem

2080 2956 2152 2975 λυ
2203 2959 2216 2975 .
2352 2963 2374 2975 η
2412 2965 2450 2975 -
2632 2974 2658 2975 ~

2069 2956 2325 3015 drachma:
2352 2963 2374 3016 ?
2402 2965 2470 3019 Et
2489 2985 2598 3037 qua
2624 2974 2725 3028 illa:
2749 2982 2952 3047 scopa’?
2983 2956 3198 3042 Necesse
3216 2956 3324 3045 erat
3342 2956 3474 3063 [qui
3493 3002 3645 3056 unius

2069 3053 2348 3114 peccatoris
2369 3057 2577 3112 salutem
2597 3068 2933 3132 gratissimam
2967 3073 3071 3129 Dea
3122 3079 3312 3135 volebat
3338 3091 3641 3158 exprimere,

2073 3151 2097 3158 -
2106 3135 2137 3158 L'
2149 3154 2166 3158 ..
2175 3154 2187 3158 -
2195 3155 2204 3158 -
2219 3155 2235 3158 λ
2245 3156 2252 3158 -
2262 3157 2267 3158 γ
2280 3157 2283 3158 ν
2527 3149 2538 3158 ³
2731 3156 2739 3158 ⁴

3341 3135 3641 3158 ,ητ---.--.-,

2067 3135 2288 3200 aliquam
2342 3149 2538 3200 numeri
2567 3156 2890 3219 quantitatem
2917 3165 3226 3232 nominaret,
3263 3172 3326 3225 de
3361 3191 3460 3243 quo
3485 3195 3642 3235 unum

2066 3227 2268 3294 quidem
2295 3235 2502 3299 periisse
2522 3239 2834 3300 describeret.
2866 3250 3081 3306 Necesse
3105 3268 3212 3312 erat
3251 3273 3304 3315 ut
3331 3265 3530 3320 habitus
3561 3287 3641 3325 rb

2067 3319 2308 3382 quireutis
2338 3324 2631 3385 drachmam
2657 3335 2724 3400 _in
2754 3340 2900 3392 donto
2925 3381 2940 3406 ,
2991 3353 3093 3398 tam
3141 3365 3406 3420 scoparum
3425 3396 3441 3423 ,
3488 3374 3639 3427 quant

2067 3408 2284 3464 lucernae
2324 3416 2632 3478 adminiculo
2657 3434 3139 3489 accommodaretur.

2135 3519 2358 3580 Joannis
2387 3530 2566 3608 Vll,_8,
2595 3533 2745 3607 Vulg.
2780 3556 2792 3590 :
2829 3539 2928 3594 Vos
2954 3548 3212 3602 ascendite
3251 3552 3322 3604 ad
3361 3555 3492 3610 diem
3533 3562 3637 3630 fes-

2698 3601 2722 3607 ν
3192 3601 3200 3602 ί
3363 3601 3492 3610 """'
3533 3601 3610 3630 1"

2067 3619 2173 3663 tum
2204 3613 2338 3667 hunc
2369 3633 2388 3670 .°
2412 3601 2502 3687 ego
2531 3634 2696 3677 autem
2725 3643 2822 3680 non
2849 3635 3066 3687 ascendo
3100 3639 3170 3689 ad
3199 3640 3330 3694 diem
3359 3645 3542 3711 festum
3567 3651 3636 3705 is-

2067 3711 2191 3762 tum,
2223 3705 2341 3772 quia
2367 3717 2560 3779 tempus
2597 3730 2757 3768 meum
2788 3724 3008 3776 nondum
3037 3727 3291 3797 impletum
3326 3745 3400 3788 est
3425 3753 3443 3801 ,'
3464 3738 3632 3796 codex

2064 3799 2247 3846 noster
2261 3809 2285 3846 ξ
2303 3793 2399 3849 Vos
2419 3808 2584 3854 autem
2607 3810 2860 3863 ascendite
2878 3813 2947 3866 ad
2966 3817 3097 3870 diem
3115 3822 3300 3888 festum
3345 3826 3499 3892 hunc,
3538 3847 3633 3902 ego

2061 3891 2225 3935 autem
2267 3888 2492 3942 nondum
2535 3899 2754 3951 ascendo
2790 3903 2858 3952 ad
2892 3904 3022 3956 diem
3053 3911 3237 3975 festum
3280 3915 3453 3981 hunc,
3497 3930 3628 3985 etc.,

2063 3983 2120 4026 ut
2148 3973 2331 4030 Graeca
2374 3977 2540 4037 ferme
2584 3990 2782 4054 omnia,
2815 3993 2911 4064 ἑγὼ
2959 3993 3100 4050 οὔπω
3142 4003 3412 4070 ἀναϐαίνω,
3454 4009 3630 4079 aliqua

2064 4073 2236 4118 tamen
2269 4069 2354 4122 οὐκ
2393 4071 2665 4129 ἀναϐαίνω.
2697 4077 2912 4135 Grotius
2949 4084 3013 4137 ad
3047 4085 3201 4146 hunc.
3227 4091 3400 4147 locum
3423 4137 3438 4158 ,
3467 4113 3626 4166 quem

2061 4163 2244 4218 postea
2277 4169 2494 4214 secutus
2519 4175 2602 4218 est
2624 4165 2820 4221 Millius
2853 4189 2863 4222 :
2899 4172 3138 4237 Omnino,
3174 4180 3361 4248 inquit,
3397 4163 3496 4254 fuit
3520 4189 3630 4243 lucc

2060 4253 2197 4296 vetus
2243 4250 2532 4317 scriptura;
2578 4270 2696 4307 nam
2726 4258 2769 4309 si
2797 4257 2938 4314 οὔπω
2969 4264 3144 4334 fuisset
3179 4266 3453 4340 Porphyrii
3500 4285 3626 4329 tem-

2060 4349 2204 4400 pore,
2243 4353 2499 4408 nunquam
2530 4342 2646 4398 hinc
2687 4344 2941 4403 Christum
2973 4355 3307 4411 calumniatus
3341 4361 3517 4428 fuisset
3562 4367 3627 4420 de

2056 4427 2343 4493 mendacio,
2371 4447 2489 4484 nam
2511 4436 2564 4486 in
2590 4452 2708 4490 vace
2729 4439 2870 4495 οὔπω
2883 4445 3062 4511 [uisset
3088 4448 3212 4500 nodi
3238 4453 3447 4518 solutio,
3477 4471 3624 4524 quem

2057 4524 2111 4565 ut
2134 4517 2396 4574 evaderent
2411 4522 2500 4574 alii
2512 4523 2655 4579 οὔπω
2667 4530 2990 4598 scripserunt,
3023 4536 3110 4588 alii
3132 4540 3219 4591 οὐκ
3241 4542 3495 4597 ἀναϐαίνω
3511 4554 3616 4602 νῦν.

2122 4624 2358 4682 Clericus
2409 4635 2562 4701 epist.
2613 4638 2675 4690 ad
2722 4639 3078 4708 Optimiauum
3142 4653 3358 4717 prwlixa
3401 4655 3621 4714 editioni

2053 4715 2314 4784 Lipsieusi
2348 4721 2597 4780 Millianzc
2630 4730 2800 4787 :Bene
2828 4736 2996 4790 itidem
3024 4780 3037 4800 ,
3069 4741 3182 4806 ait,
3216 4745 3527 4803 observatum
3557 4768 3621 4806 ea:

2054 4807 2228 4863 Gratia
2254 4815 2514 4880 antiquam
2541 4821 2800 4879 lectionem
2830 4844 2927 4880 non
2945 4845 3050 4884 esse
3063 4831 3227 4899 οὔπω,
3255 4840 3497 4905 nandum,
3527 4847 3618 4897 sed

2052 4902 2161 4964 οὐκ,
2213 4920 2331 4956 non.
2387 4905 2574 4961 Verum
2628 4915 2785 4967 satius
2835 4917 3009 4984 [uisset
3054 4924 3219 4989 ipsum
3249 4926 3615 4998 Hieronymum

2051 4988 2138 5041 lib.
2174 5006 2209 5045 tt
2241 4993 2358 5046 adv.
2389 4994 2568 5068 Pelag.
2593 5003 2740 5056 citari
2759 5044 2774 5067 ,
2802 5008 2934 5060 unde
2959 4988 3239 5067 hrcchabct
3267 4988 3492 5076 Grotius.
3513 5023 3618 5077 Aut

2049 5094 2155 5132 non
2219 5082 2417 5150 legerat
2476 5097 2674 5146 attente
2729 5092 2964 5150 Clericus
3031 5102 3404 5172 prolegomena
3461 5110 3614 5165 Millii

2052 5170 2302 5240 (Proleg.
2333 5191 2385 5228 η.
2421 5177 2523 5232 705
2553 5178 2597 5246 ),
2627 5182 2715 5236 ubi
2745 5185 3021 5258 Porphyrii
3051 5170 3200 5248 locos
3216 5201 3492 5267 expendit,
3523 5213 3614 5258 aut

2030 5264 2308 5319 memoria
2353 5264 2636 5336 fefellerat,
2675 5290 2793 5329 nam
2841 5279 2994 5334 allata
3043 5285 3110 5339 ab
3142 5286 3256 5354 ipso
3290 5264 3608 5363 illieranymi

2048 5353 2208 5408 verba
2235 5354 2563 5414 olfendisset.
2597 5363 2853 5425 Caeterum
2881 5370 2933 5424 in
2974 5388 3068 5427 sua
3123 5377 3404 5432 Harmonia
3436 5382 3610 5437 Evan-

2048 5442 2214 5511 gelica
2251 5455 2492 5503 vexatam
2527 5451 2804 5510 lectionem
2831 5462 3042 5519 retinuit
3066 5507 3078 5526 .
3107 5483 3265 5536 quam
3293 5467 3480 5525 Graeca
3509 5489 3606 5529 ex-

2047 5538 2228 5591 hibent
2255 5557 2268 5601 ;
2296 5550 2348 5594 et
2377 5543 2425 5594 itt
2451 5545 2842 5607 Commentario
2863 5556 3113 5612 historico
3135 5559 3394 5628 integram
3423 5567 3606 5634 expla-

2048 5632 2190 5682 navit
2216 5646 2278 5684 ex
2307 5648 2528 5700 persona
2551 5638 2740 5696 Christi
2765 5648 3020 5713 apostolis
3045 5650 3432 5717 respondentis,
3459 5656 3603 5725 ipsos

2045 5721 2255 5788 quidem
2290 5739 2444 5792 posse
2475 5728 2891 5804 Hierosolymam
2922 5736 3020 5801 ire,
3051 5748 3108 5792 ut
3149 5739 3300 5796 initio
3344 5743 3461 5800 feSIi
3493 5748 3600 5801 illic
