4288 6472
247 377 304 431 ⁸55
1004 367 1214 425 EPIST.
1257 367 1500 423 l‘lllLlP.
1541 364 1904 445 GARBELLI,
1948 364 2035 422 DE
2071 363 2318 429 CODICE
2360 366 2702 422 BRIXIANO.
3407 368 3477 424 54

249 486 504 552 adessent,
532 483 626 539 sed
651 498 710 538 se
735 499 799 540 eo
825 482 1049 537 nondum
1075 483 1294 546 iturum,
1321 480 1462 551 quod
1485 490 1801 550 oportunum
1831 484 1885 542 Λ
1908 478 2100 535 deesse
2125 479 2352 550 aliquid,
2382 481 2431 533 in
2456 495 2562 547 quo
2582 479 2651 535 de
2675 490 2926 536 merente
2954 495 3118 551 aquas
3139 484 3257 540 illas
3276 488 3479 541 mentio

251 578 340 635 sibi
369 586 579 647 tempus
609 577 733 632 illuc
757 576 916 631 eundi
941 576 1168 630 nondum
1195 575 1521 630 advenisset.
1682 591 1685 594 ·
1791 631 1802 638 κ
1905 569 2080 626 tieret.
2099 561 2405 638 Cur'itaque
2429 571 2781 640 prretermissa
2806 574 3051 644 pericopa
3079 576 3308 632 illa?An
3332 579 3472 648 quod

307 667 444 722 Num
471 680 601 722 vero
646 681 712 722 ex
756 666 1062 736 Hieronymi
1103 665 1219 721 loco
1261 675 1406 720 recte
1447 663 1802 734 conjeceriat,
1907 660 2192 736 παράδοξον
2224 662 2494 716 videretur
2521 662 2692 732 angeli
2715 662 3008 730 descensus
3040 707 3054 732 ,
3083 677 3135 723 et
3160 669 3478 739 quotannis,

250 750 530 828 attiiquitus
574 758 770 813 lectum
801 759 914 820 οὐκ.
945 771 1050 813 non
1097 755 1262 820 οὔπω.
1306 755 1552 826 judicent
1588 752 1807 810 eruditi.
1907 764 1964 807 et
1992 752 2158 807 semel
2189 761 2419 818 tantum,
2449 760 2503 806 et
2529 767 2637 806 uno
2663 753 2941 810 dumtaxat
2969 771 3034 812 ex
3068 767 3146 813 tot
3183 761 3483 830 languenti-

253 849 416 906 Verba
462 847 580 920 ejus
626 859 754 904 sunt
795 847 937 918 (Cit.
965 847 1053 902 lib.
1082 863 1120 902 tt
1160 846 1279 901 adv.
1327 846 1508 917 Pelag.
1543 862 1659 914 cap.
1689 845 1722 898 ϐ
1748 843 1765 912 )
1792 859 1805 895 :
1909 842 2009 898 bus
2037 841 2102 896 ad
2131 841 2377 896 sanitatis
2399 840 2713 897 beneticium
2744 847 2971 902 vocato?
2991 849 3072 901 An
3101 850 3241 918 quod
3269 851 3347 907 rei
3372 860 3480 906 tam

253 939 410 1012 Negat
438 940 698 1009 [ratribus,
727 951 774 995 et
794 941 1086 1011 propinquis
1109 940 1198 1007 ,ἕνα
1223 954 1276 992 se
1318 937 1385 991 ad
1422 936 1806 1006 Scenopegiam.
1910 934 2153 1004 insignis,
2183 944 2236 988 et
2265 931 2330 986 ad
2358 933 2536 1002 gentis
2558 948 2670 988 sum
2695 935 2916 1004 gloriam
2949 938 3192 995 facientis
3219 941 3485 1012 Josepbus

252 1034 312 1089 Et
337 1045 512 1108 postea
539 1036 786 1106 scriptum
802 1037 883 1089 est
906 1051 924 1088 :
960 1033 1029 1089 Ut
1046 1035 1225 1106 jautetn
1267 1031 1606 1085 ascenderunt
1627 1031 1811 1098 fratres
1912 1044 2017 1082 non
2047 1029 2327 1082 meminit?
2357 1034 2438 1086 An
2471 1041 2597 1082 vero
2626 1027 2980 1086 Tertullianus
3011 1031 3126 1101 ipse
3158 1034 3302 1088 male
3329 1035 3484 1090 teria-

252 1131 370 1200 cjus,
404 1138 520 1181 tunc
549 1139 595 1181 et
624 1128 733 1197 ipse
754 1124 982 1181 ascendit
1003 1127 1072 1178 ad
1099 1123 1486 1184 sotemnitatem,
1512 1137 1612 1173 non
1643 1118 1809 1172 mani-
1914 1124 1979 1176 tis
2005 1123 2209 1177 criticis
2240 1123 2464 1194 hujusce
2494 1124 2697 1180 lacuna:
2729 1138 2912 1180 ansam
2951 1125 3217 1192 pratbuit?
3261 1125 3366 1180 Nos
3405 1128 3484 1181 lo-

252 1225 384 1292 (este,
411 1222 499 1274 sed
532 1221 676 1292 quasi
699 1221 752 1273 in
778 1217 1092 1284 abscondito,
1121 1231 1319 1272 trunuu
1360 1229 1421 1267 se.
1461 1227 1710 1275 NEGAVIT,
1745 1225 1812 1265 ετ
1913 1229 2033 1286 cum
2066 1207 2311 1271 dabimus
2356 1233 2385 1270 a
2425 1216 2654 1272 Kustero
2699 1217 3046 1286 praeteritum.
3088 1215 3271 1287 Igitur,
3316 1217 3486 1287 inquit

255 1328 418 1379 FECIT.
446 1328 581 1377 QUOD
608 1327 758 1366 PMUS
789 1325 1096 1365 NEGAVEMT
1126 1310 1278 1364 (σεται
1321 1305 1666 1375 Porphyrius.
1713 1301 1811 1355 Ιη-
1915 1308 2275 1365 Tcrtullianus
2300 1311 2456 1380 (Adv.
2485 1310 2719 1376 Judwos,
2740 1327 2855 1381 cap.
2884 1310 2990 1379 15)
3014 1350 3029 1375 ,
3057 1313 3295 1380 quoniam
3315 1311 3484 1364 adhuc

253 1405 579 1465 constantia,
625 1418 684 1454 ac
753 1401 1045 1454 mutationis
1097 1405 1319 1460 accusat,
1375 1397 1599 1450 nesciens
1645 1393 1815 1447 omnia
1914 1418 1942 1454 ε

1796 1409 1815 1444 ι
1914 1383 2226 1454 contendunt
2254 1403 2430 1458 Judcei
2479 1404 2703 1457 nondum
2747 1403 2938 1457 venisse
2980 1401 3234 1456 Christum
3274 1418 3446 1456 eorum
3473 1442 3489 1466 ,

201 1557 208 1568 ί
254 1495 490 1549 scandala
533 1494 601 1547 ad
644 1509 848 1545 carnem
884 1507 990 1545 esse
1032 1486 1315 1556 referenda.
1363 1486 1534 1555 Αέἷιιυο
1580 1485 1815 1553 ρνοῐυειο
1917 1509 2062 1561 quem
2109 1503 2181 1546 tot
2224 1495 2388 1549 modis
2440 1494 2833 1565 adprobavintus
2874 1495 3086 1560 t-enisse,
3133 1503 3492 1564 recognoscant

257 1584 476 1655 negabat
502 1583 751 1637 Christus
775 1598 836 1638 se
862 1580 1187 1636 adscendere
1221 1577 1288 1631 ad
1328 1576 1675 1645 Scettopcgize
1711 1572 1817 1627 [CS-
1917 1581 2090 1637 Judcri
2117 1588 2305 1638 exitum
2330 1602 2498 1650 suum,
2526 1601 2670 1653 quem
2691 1595 2803 1655 post
2827 1585 3092 1638 adventum
3119 1582 3309 1638 Christi
3353 1583 3492 1637 rela-

257 1685 361 1730 tum
387 1673 642 1744 Eadhibita
679 1672 938 1744 particula
967 1669 1110 1728 οὔπω
1152 1684 1219 1724 ac
1267 1669 1356 1723 illa
1402 1670 1519 1732 oux;
1553 1665 1691 1735 quod
1725 1678 1821 1717 nos
1923 1683 1950 1726 ι,

1798 1678 1821 1716 5
1923 1675 2024 1727 turi
2054 1674 2476 1744 prwcinebantur,
2510 1674 2569 1727 ob
2601 1675 2927 1741 impietatem,
2956 1689 3054 1743 qua
3093 1690 3205 1727 eum
3248 1674 3491 1742 despexe‘

257 1786 351 1823 non
375 1785 532 1838 vengo
569 1783 660 1837 per
701 1783 794 1822 ora
821 1774 914 1820 aut
950 1780 1050 1819 non
1073 1780 1228 1836 vengo
1277 1775 1504 1830 utroque
1534 1758 1691 1813 modo
1722 1772 1820 1812 tte-
1923 1773 2062 1829 runt,
2093 1775 2140 1818 et
2169 1764 2551 1836 interfecerunt.
2607 1764 2810 1820 Deinde
2841 1764 3132 1833 interjectis
3159 1763 3277 1818 aliis
3303 1763 3372 1818 de
3401 1779 3496 1816 vo-

255 1869 439 1933 gantes
475 1860 768 1916 etl‘erimus.
813 1857 1198 1926 Pratterea'qui
1230 1856 1380 1910 locus
1420 1851 1722 1922 Porphyrio
1751 1864 1819 1903 0x
1854 1866 1901 1925 Β
1926 1855 2138 1919 cationc
2158 1854 2429 1920 Gentimn,
2461 1856 2528 1911 de
2549 1855 2882 1911 cessantibus
2907 1855 3044 1925 apud
3071 1855 3322 1925 populum
3349 1854 3498 1908 illum

255 1954 438 2008 vocula
471 1952 562 2006 illa
588 1954 694 2006 ὀὐκ
739 1948 1013 2005 asserendi
1043 1947 1094 2002 in
1127 1946 1338 2002 Christo
1377 1943 1676 2000 mendacii?
1720 1940 1823 2005 nisi

256 2045 390 2114 quod
419 2044 654 2114 percitis,
687 2058 752 2097 ac
773 2041 1093 2103 furentibus,
1123 2052 1474 2110 quaecumque
1491 2051 1550 2091 se
1568 2034 1821 2097 offerant,

256 2150 399 2190 arma
431 2146 577 2188 sunt.
604 2133 735 2188 Nam
763 2131 1039 2202 sequentia
1067 2130 1189 2200 quia
1207 2137 1403 2200 tempus
1424 2142 1592 2182 meum
1613 2138 1824 2180 nonnon

259 2238 327 2283 est
348 2228 630 2295 impletum,
652 2226 786 2280 satis
808 2235 992 2294 aperte
1016 2223 1241 2276 innuunt
1257 2220 1490 2289 opperiri
1511 2233 1571 2271 se
1596 2227 1824 2284 tempus,

259 2330 308 2375 et
335 2319 518 2373 horam
541 2315 884 2371 ascendendi.
931 2299 1188 2383 Equidem
1220 2327 1324 2364 non
1368 2317 1495 2375 puto
1520 2319 1827 2376 perversum

259 2408 410 2473 illud,
440 2407 533 2461 sed
571 2421 728 2468 acre.
759 2420 843 2458 ac,
863 2402 1097 2458 vividum
1121 2409 1316 2456 caetera
1350 2398 1616 2468 ingenium
1649 2397 1720 2451 ita
1748 2393 1829 2447 fa-

259 2511 402 2555 tuum
433 2499 617 2562 fuisse,
644 2507 702 2552 ut
735 2507 839 2551 tam
872 2494 1142 2550 imbecillo
1182 2500 1498 2563 argumento
1540 2491 1614 2543 uti
1647 2487 1827 2540 voluc-

262 2593 348 2647 rit.
383 2591 564 2661 Itaque
595 2588 919 2659 interpolato
949 2585 1133 2642 codice
1169 2580 1320 2639 usum
1367 2580 1720 2651 Porphyrium
1752 2578 1828 2632 le.

263 2684 405 2756 gisse
433 2699 536 2736 non
566 2681 754 2736 dubito
779 2681 874 2750 ἐγὼ
897 2683 994 2754 γὰρ
1016 2679 1100 2730 οὐκ
1125 2676 1470 2744 ἀναϐήσομαι,
1513 2686 1612 2724 non
1650 2683 1828 2720 ascen-

264 2777 401 2841 dam,
455 2789 613 2844 quam
661 2771 948 2826 lectionem
990 2766 1316 2837 singularem
1353 2761 1574 2817 exhibet
1623 2757 1832 2812 laudata

266 2865 412 2920 Millii
441 2864 641 2927 editio;
672 2861 772 2917 nisi
800 2871 1035 2916 veterem
1057 2900 1071 2925 ,
1143 2872 1204 2910 ac
1245 2852 1528 2926 genuinam
1577 2850 1835 2918 impostor

268 2958 358 3013 ille
376 2965 720 3028 corruperat;
757 2970 878 3009 nam
902 2952 1232 3022 lnterpolatis
1253 2943 1654 3014 exemplaribus
1682 2955 1835 2994 usum

267 3050 436 3105 fuisse
466 3048 658 3119 ohjecit
688 3049 762 3103 illi
793 3030 1142 3117 Hieronymus
1165 3038 1526 3113 (Comment.iu
1555 3031 1766 3100 Matth.)
1786 3033 1837 3085 in

271 3142 430 3197 Marci
462 3141 577 3196 loco
611 3141 697 3194 12.
727 3139 882 3194 Certe
908 3140 949 3192 si
971 3144 1252 3191 contextus
1275 3130 1487 3186 adducti
1517 3128 1614 3182 loci
1636 3127 1842 3194 integer

1927 1947 2235 2004 cmlestibus
2276 1948 2576 2016 beneﬁciis,
2604 1964 2727 2003 mox
2751 1948 2964 2004 subdit:
3008 1946 3074 2001 Et
3120 1949 3190 2001 ita
3232 1947 3501 2002 subtractis

1928 2040 2248 2094 charismatis
2279 2041 2554 2109 prioribus,
2581 2039 2690 2094 Lex
2709 2050 2754 2093 et
2780 2039 3051 2113 Prophettc
3071 2056 3229 2110 usque
3253 2041 3318 2094 ad
3337 2039 3502 2094 Joan-

1930 2147 2040 2184 nem
2071 2134 2290 2200 fuerunt.
2321 2127 2384 2183 Et
2413 2129 2624 2183 Piscina
2649 2128 2924 2183 Bethsaida
2950 2147 3105 2200 usque
3137 2131 3206 2184 ad
3234 2131 3504 2184 adventum

1931 2218 2121 2272 Christi
2150 2219 2377 2272 curando
2406 2220 2769 2273 invaletudines
2797 2219 2856 2272 ab
2884 2219 3050 2274 Israel
3087 2221 3215 2275 desit
3243 2239 3275 2274 α
3315 2222 3504 2289 benefi-

1930 2312 2046 2376 ciis,
2092 2328 2206 2364 cum
2235 2328 2298 2366 ea:
2323 2314 2698 2381 perseverantia
2720 2314 2912 2383 furoris
2955 2313 3034 2368 sui
3083 2329 3266 2368 nomen
3306 2312 3510 2366 Domini

1931 2401 2389 2488 blasphemarctur.
2436 2404 2520 2458 Au
2543 2444 2559 2471 ,
2586 2411 2645 2458 ut
2668 2401 2907 2459 diximus
2928 2445 2942 2470 ,
2975 2406 3160 2460 lectori
3201 2405 3340 2461 haud
3379 2406 3512 2459 satis

1933 2502 2159 2560 attento,
2183 2496 2397 2563 qualem
2426 2505 2573 2551 certe
2601 2494 2730 2551 Afer
2760 2498 2860 2550 iste
2879 2495 3169 2567 desiderat,
3216 2497 3392 2553 t’ucnm
3428 2498 3508 2551 ta-

1935 2597 2059 2638 cere
2090 2586 2361 2654 potuerint
2389 2587 2548 2642 verba
2587 2585 2679 2641 illa
2706 2602 2862 2655 usque
2891 2587 2960 2640 ad
2988 2587 3257 2642 adventum
3283 2587 3473 2642 Christi
3495 2603 3515 2641 :

1935 2676 2089 2746 quasi
2119 2691 2227 2729 non
2264 2677 2403 2730 ultra
2447 2676 2762 2731 miraculum
2793 2675 2922 2730 illud
2969 2679 3312 2746 processerit,
3360 2679 3514 2734 sicuti

1937 2783 2044 2821 non
2071 2767 2206 2821 ultra
2231 2765 2452 2822 Joannis
2481 2767 2765 2823 adventum
2805 2767 3081 2839 prepbeta:
3128 2768 3269 2839 apud
3299 2769 3515 2824 Jlldtlms

1938 2857 2216 2924 exstitere,
2264 2872 2364 2912 ceu
2409 2874 2596 2929 puram
2634 2859 2998 2929 conjecturam
3037 2861 3089 2915 in
3129 2861 3309 2916 medio
3351 2862 3514 2917 retin-

1945 2962 2181 3017 quunus.

2011 3030 2285 3093 Verumet
2312 3039 2469 3101 hanc,
2493 3047 2546 3093 et
2568 3051 2792 3095 ceteras
2819 3055 3033 3107 omnes,
3059 3050 3114 3096 et
3135 3040 3353 3097 dubium
3389 3042 3518 3097 illud

1943 3127 2156 3182 Kusteri
2183 3138 2251 3182 an
2282 3127 2502 3182 historia
2531 3115 2598 3185 de
2627 3129 2897 3186 i’robatica
2926 3131 2979 3186 in
3018 3130 3244 3187 Joannis
3277 3134 3522 3204 Evange-

272 3233 634 3303 perpendatur
664 3232 863 3302 patebit
893 3230 1172 3284 lectionem
1209 3226 1346 3280 hanc
1371 3223 1516 3279 clare
1542 3215 1838 3289 Porphyrio
1867 3233 1914 3296 ρ
1946 3219 2078 3273 lium
2109 3219 2313 3274 intrusa
2356 3219 2538 3284 fuerit,
2580 3219 2852 3275 inﬁrmant
2887 3223 3107 3278 omnino
3135 3235 3191 3279 et
3219 3241 3340 3295 qua:
3384 3242 3522 3295 pra:-

274 3325 525 3380 trihutam
552 3340 579 3376 a
611 3324 935 3393 llieronymo
964 3319 1199 3387 ejusdem
1223 3315 1386 3372 verba
1411 3303 1692 3376 reddente,
1723 3321 1840 3363 tru-

276 3431 388 3471 ιιιιιι
413 3432 473 3470 δε
502 3430 728 3470 Νεςλνιτ
758 3414 909 3466 latrat
939 3409 1276 3478 Porphyrius.
1324 3405 1449 3460 H830
1491 3403 1649 3456 latius
1691 3396 1845 3468 paulo

275 3507 580 3560 diduximus
620 3502 687 3558 ad
736 3501 985 3558 tuendam
1026 3498 1305 3554 lectionem
1347 3491 1584 3562 argentei
1625 3487 1846 3548 codicis,

277 3615 438 3666 quam
470 3613 575 3652 non
617 3595 896 3668 Porphyrii
933 3588 1193 3647 calumnia
1223 3586 1596 3658 posteriorem,
1626 3581 1719 3636 sed
1760 3594 1852 3635 ve-

279 3688 562 3742 tustiorum
627 3683 1010 3755 exemplarium
1064 3678 1301 3751 primvi
1356 3674 1665 3745 interpretis
1725 3677 1851 3725 ante

282 3777 692 3847 Hieronymum.
726 3775 892 3830 fuisse
922 3786 1047 3827 vero
1076 3767 1305 3825 similius
1335 3774 1482 3836 puto.

355 3867 575 3922 Joannis
605 3881 659 3931 v,
699 3865 768 3927 4,
802 3865 956 3918 deest
999 3864 1051 3914 in
1098 3860 1282 3915 codice
1308 3869 1496 3913 nostro
1535 3857 1738 3925 integer
1766 3852 1857 3908 illo

285 3959 437 4012 locus
463 3955 531 4012 de
570 3953 761 4025 angelo
805 3952 960 4007 statis
1000 3947 1327 4020 temporibus
1372 3962 1405 4000 e
1445 3945 1586 4002 creto
1633 3944 1857 3997 descen-

287 4049 480 4115 dente,
516 4047 584 4104 de
614 4048 850 4102 motione
876 4057 1048 4114 aqum,
1081 4051 1210 4106 etc.,
1255 4052 1439 4109 quem,
1471 4035 1638 4106 inquit
1671 4032 1859 4086 Kuste—

290 4157 386 4197 rus
417 4141 434 4210 (
460 4140 620 4208 Prw].
648 4139 716 4191 ad
749 4134 888 4190 Edit.
922 4134 992 4188 N.
1021 4131 1084 4187 T.
1126 4131 1279 4186 Millii
1302 4128 1346 4201 ),
1375 4129 1501 4183 olim
1533 4127 1704 4182 dubia:
1738 4122 1860 4177 fidei

291 4249 322 4287 a
346 4231 659 4301 quihusdam
683 4229 920 4284 habitum
946 4226 1132 4290 fuisse,
1156 4239 1219 4278 ex
1238 4221 1506 4278 veteribus
1529 4234 1657 4273 mss.
1683 4214 1860 4283 colligi

296 4331 491 4392 potest,
527 4320 769 4376 adductis
811 4316 1038 4374 subinde
1085 4328 1272 4369 eorum
1312 4310 1588 4379 pluribus,
1634 4320 1766 4374 quos
1808 4305 1860 4355 in

296 4391 621 4470 bibliotheca
677 4412 816 4479 regia
869 4407 1091 4462 Lutetia
1142 4400 1427 4457 consuluit.
1479 4396 1598 4448 Mox
1647 4391 1797 4445 addit
1848 4407 1860 4441 :

297 4509 451 4574 Quod
481 4509 525 4560 si
553 4520 719 4558 versus
747 4501 833 4553 ille
876 4497 1020 4549 initio
1050 4512 1080 4546 a
1106 4491 1359 4545 codicibus
1403 4487 1475 4541 N.
1519 4485 1577 4539 Τ.
1607 4484 1793 4554 abfuit,
1817 4491 1867 4536 et

1947 3311 2142 3367 cedunt
2169 3321 2418 3366 vexatum
2450 3311 2590 3366 hunc
2637 3308 2836 3380 locum,
2883 3322 2938 3368 et
2966 3329 3085 3382 qua:
3116 3325 3434 3385 sequuntur,
3469 3327 3528 3372 ut

1948 3403 2207 3469 diximus;
2234 3418 2354 3472 qua:
2386 3401 2624 3470 proiecto
2658 3403 2859 3468 omnia,
2883 3405 2932 3458 si
2957 3405 3040 3460 cui
3062 3416 3372 3478 suspectum
3406 3421 3524 3468 erat

1951 3494 2266 3548 miraculum
2299 3492 2451 3556 illud,
2479 3491 2740 3548 delevissc
2769 3489 3071 3563 oportebat.

2021 3584 2164 3639 Nihil
2193 3585 2372 3654 itaque
2396 3585 2596 3638 certius
2622 3599 2779 3652 quam
2803 3597 2893 3640 aut
2913 3587 3140 3656 aliquem
3166 3629 3182 3655 ,
3211 3591 3301 3662 qui
3332 3592 3431 3648 sibi
3457 3609 3525 3650 ex

1954 3674 2284 3745 Antigrnpho
2338 3674 2614 3742 exemplar
2656 3675 3025 3744 describeret,
3089 3686 3183 3736 aut
3231 3669 3561 3751 lectoremf

1954 3765 2315 3836 scripturariis
2351 3766 2530 3834 operis
2557 3773 2884 3835 prmeuntetn
2913 3782 2942 3822 a
2981 3772 3140 3826 tertio
3166 3784 3427 3828 commate
3464 3775 3531 3829 ad

1957 3860 2199 3928 quintum
2243 3855 2551 3912 fallentibus
2590 3858 2760 3912 oculis
2785 3899 2800 3924 ,
2829 3867 2884 3914 et
2921 3860 2998 3915 sic
3028 3866 3299 3929 praeterito
3338 3877 3532 3934 quarto

1959 3948 2305 4012 transiliisse,
2338 3947 2528 4001 eodem
2559 3957 2738 4016 postea
2765 3963 2948 4004 errore
2988 3951 3039 4003 in
3074 3952 3176 4004 alia
3196 3993 3212 4018 ,
3242 3962 3403 4025 atque
3429 3959 3531 4014 alia

1960 4038 2266 4108 npographa
2290 4047 2618 4093 transeunte.
2650 4037 2758 4092 Hac
2789 4039 2897 4108 ipsa
2927 4037 2994 4092 de
3013 4053 3172 4096 causa
3201 4047 3402 4100 notnlis
3428 4052 3534 4104 cri-

1963 4130 2112 4193 ticis,
2147 4137 2237 4181 aut
2261 4129 2532 4182 asteriscis
2569 4129 2619 4182 in
2663 4128 2974 4196 quibusdam
3008 4133 3403 4202 exemplaribus
3428 4141 3534 4212 sig-

1965 4231 2082 4274 nata
2111 4220 2357 4286 pericope
2387 4219 2472 4271 illa
2500 4235 2514 4270 :
2547 4219 2599 4271 in
2626 4217 2743 4272 aliis
2780 4228 2870 4272 aut
2897 4219 2962 4274 ad
2989 4236 3138 4278 oram
3163 4265 3180 4291 ,
3205 4237 3298 4283 aut
3324 4245 3531 4288 summa

1963 4309 2133 4360 fronte
2177 4307 2390 4360 diverso
2435 4317 2708 4363 caractere
2751 4307 3016 4382 descripta
3043 4356 3058 4385 ,
3107 4327 3243 4375 teste
3286 4321 3532 4380 Kustero.

1965 4395 2189 4450 Privatis
2219 4397 2461 4463 scilicet,
2493 4399 2580 4469 qui
2620 4399 2816 4456 alicubi
2855 4409 3267 4472 prtetermissam
3298 4413 3536 4471 otl‘ende-

1968 4498 2117 4553 rant,
2145 4490 2196 4544 in
2222 4491 2531 4561 apographo
2559 4508 2691 4561 suo,
2727 4502 2786 4549 ut
2808 4507 3144 4567 suspectam,
3185 4517 3409 4560 censura
3447 4508 3535 4563 illa

297 4607 473 4665 postea
495 4597 696 4648 demum
723 4595 778 4642 in.
802 4597 989 4640 textum
1019 4583 1281 4650 Evangelii
1298 4580 1517 4634 Joannis
1543 4579 1782 4648 irrepsit;
1811 4576 1864 4630 id
1891 4587 1942 4650 ί)
1968 4581 2362 4635 denotantibus.

296 4664 488 4754 factum
510 4680 728 4750 oportuit
752 4686 869 4728 ante
891 4684 1110 4742 tempora
1132 4669 1457 4733 Tertulliani,
1479 4669 1667 4737 quippe
1686 4667 1769 4736 qui
1798 4664 1864 4717 ad

299 4778 432 4827 hunc
458 4776 621 4826 locum
651 4767 868 4833 respexit
896 4766 983 4816 tib.
1017 4763 1078 4815 tle
1108 4762 1368 4828 Bapt‘isnto
1392 4801 1404 4822 ,
1440 4759 1524 4810 ubi
1555 4759 1648 4823 ait,
1692 4755 1862 4810 Pisci-

299 4882 417 4918 nam
447 4858 773 4917 Bethsaidnm
808 4857 1013 4926 angelus
1044 4853 1373 4906 interveniens
1401 4848 1755 4902 commovebat.

372 4951 743 5011 Duriusculum
759 4963 884 5000 sane
897 4944 1178 5007 est,virum
1193 4941 1559 4995 doctissimum
1573 4938 1865 5002 dubitasse,

298 5067 368 5104 an
405 5052 553 5103 locus
594 5045 680 5097 ille
716 5044 764 5093 in
809 5037 1138 5105 autographa
1184 5030 1405 5087 Joannis
1448 5030 1713 5093 extiterit;
1742 5043 1864 5082 cum

297 5142 469 5196 series
499 5139 609 5207 ipsa
637 5137 854 5203 integra:
887 5129 1024 5182 illius
1047 5124 1308 5195 periochae
1335 5122 1491 5177 aliter
1520 5121 1758 5177 suadeat.
1784 5118 1866 5173 Ad

299 5233 430 5303 quid
458 5231 598 5285 enim
633 5225 808 5295 priora
839 5222 926 5276 illa
957 5218 1023 5272 de
1066 5215 1334 5286 probatica
1364 5215 1596 5284 quinque
1630 5214 1868 5282 porticus

303 5327 534 5380 ιιουριιιθ
563 5338 575 5372 :
604 5319 774 5388 dasne
811 5309 1147 5368 multitudine
1179 5308 1564 5377 languentium,
1597 5307 1684 5377 qui
1716 5319 1865 5374 aqua:

304 5428 531 5480 motum,
558 5413 626 5467 ibi
647 5404 1023 5479 expectarent?
1048 5415 1152 5455 tum
1184 5401 1558 5469 subsequentia
1583 5401 1650 5453 de
1672 5399 1867 5452 misero

304 5514 428 5574 illo,
464 5509 676 5576 triginta
712 5504 818 5570 jam
868 5510 917 5551 et
949 5504 1068 5548 oeto
1107 5494 1174 5546 ab
1202 5493 1356 5546 anuis
1393 5493 1624 5554 inlirmo,
1658 5490 1767 5557 qui,
1794 5488 1871 5541 in-

306 5612 610 5672 (cl-rogante
627 5595 840 5652 Christo
862 5605 926 5643 an
951 5588 1108 5641 vellet
1129 5602 1287 5639 sanus
1309 5585 1440 5649 lieri,
1469 5582 1737 5652 respondit
1765 5595 1869 5634 non

305 5693 505 5747 [tubere
536 5703 595 5741 se
624 5686 914 5744 hominem,
945 5693 970 5729 a
1001 5691 1125 5744 quo,
1162 5676 1365 5737 turbata
1397 5690 1515 5728 cum
1541 5680 1686 5726 esset
1712 5686 1868 5739 aqua,

312 5786 370 5842 in
413 5780 674 5856 piscinam
722 5767 1136 5832 immitteretur?
1188 5781 1304 5835 qu.e
1361 5765 1597 5837 prole-elo
1651 5765 1874 5820 innuunt

2040 4673 2147 4728 Sed
2178 4674 2316 4728 inter
2342 4689 2436 4740 ea,
2466 4689 2582 4743 qure
2606 4676 2778 4732 critici
2817 4679 2882 4733 ad
2923 4679 3061 4737 hunc
3097 4680 3317 4738 Joannis
3361 4686 3537 4745 locum

1971 4763 2324 4819 observavere
2343 4807 2358 4830 ,
2394 4765 2524 4819 nihil
2543 4781 2702 4834 atque
2733 4766 3028 4823 mirandum
3052 4809 3069 4836 ,
3091 4785 3153 4824 ac
3177 4787 3536 4834 commentum

1971 4855 2100 4909 illud
2130 4871 2179 4908 v.
2213 4871 2259 4911 c.
2303 4855 2515 4910 llenrici
2561 4857 2909 4922 Ilammondi,
2943 4874 3048 4928 quo
3073 4901 3088 4924 ,
3130 4871 3345 4920 retento
3381 4869 3540 4924 nihil-

1974 4947 2188 5026 ominus
2221 4955 2471 5001 contextu
2503 4947 2707 5016 integro
2734 4946 2974 5016 ejusdem
3005 4953 3270 5020 periochze
3292 4999 3307 5024 ,
3341 4962 3446 5016 vim
3474 4964 3539 5018 il-

1975 5039 2078 5092 lam
2109 5035 2330 5092 sanandi
2357 5048 2584 5106 :rgrotos
2607 5080 2621 5104 ,
2656 5039 2725 5092 ab
2764 5043 3010 5098 omnibus
3035 5044 3308 5120 hucusque
3348 5053 3541 5108 divina:

1975 5127 2222 5195 potentiae
2265 5126 2551 5193 tributam,
2595 5129 2645 5182 in
2688 5130 2971 5188 medicatas
3007 5149 3197 5192 cruore
3239 5143 3540 5209 pecudum,

1971 5231 2090 5286 qua:
2129 5216 2237 5270 illic
2267 5217 2469 5287 ingenti
2498 5235 2722 5275 numero
2750 5223 2815 5276 ad
2845 5225 3106 5282 sacriﬁcia
3138 5231 3502 5288 mactabantur
3523 5275 3539 5300 ,

1972 5323 2135 5377 aquas
2161 5311 2533 5365 transfundere
2585 5323 2810 5368 conatus
2863 5325 2962 5373 est.
3011 5317 3124 5373 Non
3162 5325 3350 5393 angelo
3382 5341 3541 5395 prep-

1977 5410 2119 5454 terea
2172 5401 2401 5465 Domini,
2438 5401 2534 5455 sed
2589 5405 2778 5458 nuntio
2829 5407 3059 5474 quodam
3104 5426 3134 5465 a
3181 5415 3544 5472 sacerdotibus

1978 5492 2141 5545 misso
2179 5508 2267 5546 eas
2293 5504 2699 5549 commovente:
2731 5507 2782 5550 ut
2817 5499 3017 5552 medica
3047 5501 3129 5555 illa
3175 5506 3250 5556 vis
3276 5510 3546 5575 sanguinis

1977 5598 2401 5652 quaquaversum
2450 5587 2923 5653 reminisceretur,
2965 5606 3082 5658 qua:
3129 5592 3210 5643 hic.
3255 5594 3321 5649 de
3362 5603 3548 5656 nuntio

1978 5676 2400 5728 comminiscitur
2419 5717 2431 5739 ,
2458 5691 2487 5728 a
2517 5677 2702 5731 Grotio
2725 5689 2805 5733 εει
2838 5689 3130 5746 mutuatus;
3168 5682 3308 5740 hune
3336 5690 3453 5744 vide
3482 5695 3547 5748 ad

1978 5765 2196 5821 citatum
2224 5763 2443 5821 Joannis
2476 5766 2673 5821 locum.
2704 5765 2959 5838 Quodque
2985 5768 3143 5827 tidem
3171 5789 3419 5850 superat,
3445 5799 3550 5840 uno
