3902 6454
326 314 395 371 35
1667 315 2196 374 PROLEGOMENA.
2979 364 2982 366 -
3489 326 3561 384 56

332 431 604 481 dumtaxat
630 429 932 494 quotannis,
962 444 990 481 c
1019 437 1094 481 tot
1114 449 1140 479 ιι
1160 430 1268 496 gris
1296 428 1382 494 qui
1416 394 1554 481 inibi.
1577 429 1886 481 bent-licium
1916 431 1960 486 Α
1993 444 2060 489 ιι,
2099 428 2125 496 §
2167 429 2257 480 127
2296 429 2483 498 (alicrt
2525 430 2608 484 hic
2646 431 2830 487 Graeca
2859 429 3056 486 Laertii
3083 471 3098 498 ,
3124 446 3242 502 qua:
3283 408 3563 492 brevitatis

332 518 462 572 illud
495 519 962 592 'lI'JBSlOlilblllllllf,
991 519 1042 571 in
1074 521 1303 572 salutare
1331 519 1598 572 lavacrum
1626 520 1887 573 introeun-

332 620 404 663 te.
437 609 714 674 Quasi'aut
740 624 844 662 non
882 608 1163 678 interesset
1190 610 1398 662 caeteris
1427 609 1584 662 etiam
1621 608 1890 677 prospice-

331 715 390 754 re
417 718 430 750 :
462 707 553 752 aut
579 698 784 753 medica
813 698 892 752 vis
912 699 1000 752 uni
1029 707 1231 751 tantum
1257 699 1388 752 satis
1414 708 1556 752 esset
1582 698 1777 752 futura.
1808 698 1896 751 Ad

328 807 513 846 omnes
542 801 796 860 pratterea
825 792 1038 845 morbos
1073 791 1212 844 facto
1250 790 1486 844 remedio
1513 790 1643 843 illo:
1675 790 1891 843 claudo-

330 897 446 935 rum
501 881 742 944 scilicet,
796 881 1106 946 aridorum,
1157 896 1462 946 caecorum,
1518 881 1886 950 aliorumque,

329 987 465 1041 quos
494 973 543 1024 in
576 971 908 1027 multitudine
935 972 1022 1026 illa
1060 972 1421 1040 languentium
1459 972 1620 1026 fuisse
1661 989 1755 1039 par
1785 983 1887 1038 est,

329 1075 382 1119 et
410 1064 548 1133 quod
585 1065 821 1118 medicos
862 1079 1050 1118 omnes
1081 1064 1353 1132 hucusque
1382 1063 1551 1118 latuit.
1586 1064 1724 1131 Quot
1746 1064 1890 1118 enim

328 1157 453 1210 (ιωεὶ
478 1157 567 1227 (ne
587 1155 931 1224 :egritudines
952 1156 1082 1209 alias
1104 1157 1424 1209 inveteratas
1445 1169 1888 1221 commemorem,

330 1260 448 1313 quae
473 1243 690 1298 medicis
722 1237 880 1299 etiam
908 1245 1231 1299 doctissimis
1260 1260 1471 1299 crucem
1503 1244 1665 1312 figere
1695 1244 1889 1314 solent)

333 1336 383 1388 in
412 1334 736 1403 principibus
773 1334 986 1387 familiis
1026 1335 1258 1402 opulenti
1294 1349 1505 1403 gregem
1541 1349 1701 1387 unum
1729 1342 1782 1387 et
1813 1333 1891 1386 al-

333 1436 500 1479 terum
539 1425 874 1479 mactandum
904 1423 1207 1487 dedissent,
1239 1438 1270 1478 e
1313 1424 1547 1478 tenebris
1581 1423 1686 1476 illis
1729 1431 1783 1475 ut
1823 1421 1890 1476 ad

331 1517 506 1570 lumen
559 1516 836 1583 pristinum
887 1515 1062 1568 redire
1110 1515 1373 1583 possent?
1417 1513 1612 1582 insigni
1652 1510 1892 1580 profecto

331 1608 574 1676 exemplo
595 1648 610 1672 ,
641 1623 796 1676 quam
835 1606 989 1660 facile
1024 1607 1410 1660 excellentibus
1438 1615 1631 1658 caetera
1667 1603 1891 1673 ingeniis

334 1699 580 1752 illecebra
609 1695 860 1750 novitatis
888 1697 1139 1762 imponat.
1171 1694 1330 1748 Certe
1350 1733 1364 1756 ,
1394 1694 1717 1762 quicumque
1744 1707 1892 1745 com-

1991 518 2156 585 gratia
2201 517 2586 587 relinquimus,
2615 531 2669 575 et
2707 521 2942 590 ejusdem
2975 523 3133 576 latina
3164 523 3397 593 damus).
3432 522 3565 578 Irri-

1992 608 2138 660 debat
2180 610 2344 674 enim,
2377 620 2422 664 et
2453 611 2972 686 libereloquebatur;
3007 629 3165 682 quare
3200 630 3312 667 cum
3361 612 3564 669 adoles-

1992 715 2108 754 cens
2151 697 2387 754 adversus
2429 703 2576 755 illum
2621 721 2793 774 aspere
2842 705 2964 770 quid
3010 706 3259 771 dixisset,
3300 700 3564 774 respondit

1990 790 2193 857 quidem
2232 791 2386 856 nihil,
2427 793 2516 846 sed
2565 805 2766 862 sumpta
2819 799 3012 862 festuca
3060 796 3296 866 pingebat
3345 797 3565 868 ﬁgurant

1992 880 2255 933 muliebria
2277 884 2560 950 patientis,
2605 885 2760 938 donec
2787 885 3068 939 videntibus
3095 887 3323 939 omnibus
3366 886 3565 940 adoles-

1989 988 2103 1025 cens
2125 1012 2139 1036 ,
2164 973 2414 1028 intellecta
2455 979 2787 1042 contumelia,
2817 977 3071 1031 abscessit.
3103 977 3259 1032 Tanti
3287 987 3401 1032 erat
3434 977 3564 1033 Cle-

1991 1063 2104 1116 rico
2159 1064 2446 1121 frustillunt
2483 1054 2831 1135 eruditionis,
2861 1085 2960 1137 qua
3003 1083 3132 1124 sane
3180 1077 3236 1124 et
3274 1070 3416 1123 varia
3441 1108 3458 1136 ,
3506 1069 3569 1126 'es

1992 1153 2310 1223 multiplici,
2341 1157 2513 1212 dicam
2545 1159 2701 1212 etiam
2723 1198 2735 1222 ,
2766 1160 2816 1211 in
2847 1157 3002 1211 rebus
3031 1157 3272 1225 plurimis
3299 1157 3566 1224 exquisita

1994 1243 2258 1310 pollebat,
2290 1261 2356 1300 ne
2399 1246 2627 1315 periret,
2667 1257 2726 1300 ut
2772 1246 2838 1301 ad
2880 1247 3252 1316 gravissimum
3283 1261 3568 1317 argumen-

1991 1343 2100 1386 tum
2129 1337 2304 1403 turpia
2336 1337 2431 1389 ista
2452 1377 2468 1402 ,
2492 1346 2546 1391 et
2567 1376 2583 1403 ,
2615 1337 2659 1392 si
2689 1352 2796 1407 quo
2815 1337 2920 1391 alio
2948 1337 3002 1392 in
3030 1337 3179 1403 loco,
3209 1347 3355 1394 certe
3379 1339 3431 1392 in
3463 1339 3567 1394 hoc

1991 1437 2198 1477 summe
2249 1423 2526 1479 inhonesta
2576 1426 2789 1480 adferre
2835 1441 2938 1480 non
2991 1426 3284 1480 erubuerit.
3342 1427 3566 1495 Papiam

1993 1524 2280 1581 praeterea,
2314 1516 2488 1567 virum
2527 1517 2876 1583 aposwlic‘um
2911 1516 3126 1584 ineptiis
3165 1514 3312 1571 hisce
3348 1531 3567 1585 operam

1990 1600 2234 1656 dedisse!
2269 1603 2444 1656 Militis
2480 1613 2660 1659 tamen
2683 1620 2883 1672 ,‘quam
2913 1619 3032 1658 cum
3065 1605 3212 1658 illum
3240 1615 3293 1660 et
3320 1620 3514 1659 vanum
3542 1645 3560 1672 ,

1991 1698 2047 1743 et
2068 1691 2410 1758 impostorem
2438 1693 2714 1747 traducere
2739 1708 2843 1747 non
2874 1692 3247 1764 dubitavit(l).
3275 1693 3456 1762 Adde,
3488 1695 3558 1748 in-

333 1787 647 1843 mentarium
675 1787 804 1839 illud
841 1776 1151 1853 expenderit
1174 1825 1190 1847 ,
1219 1799 1454 1849 mecum,
1487 1791 1542 1836 ut
1579 1791 1705 1851 puto
1726 1823 1740 1844 ,
1768 1797 1891 1835 sen-
1923 1767 1972 1826 Β
1997 1781 2133 1849 signi
2179 1781 2339 1835 etiam
2384 1783 2816 1851 paracbronismo
2840 1824 2855 1848 ,
2899 1789 2940 1838 si
2981 1784 3228 1839 Laertius
3277 1785 3407 1839 vixit
3445 1794 3570 1856 post

333 1880 446 1932 tiet.
475 1877 725 1944 Quamvis
751 1876 984 1930 Clericus
1005 1913 1020 1939 ,
1052 1876 1247 1944 qui‘tot
1271 1874 1370 1925 alia
1395 1871 1450 1926 iu
1476 1886 1639 1953 opere
1673 1873 1761 1926 illo
1794 1886 1892 1925 no-

334 1973 399 2023 tis
447 1971 646 2024 criticis
705 1951 980 2022 illustravit
1031 1965 1208 2034 (Edit.
1252 1965 1411 2018 altera
1466 1951 1712 2032 Francof.
1759 1963 1895 2032 apud

335 2059 574 2115 Thomam
604 2055 890 2126 Fritsch.),
931 2054 1216 2131 πνράδοξον
1262 2053 1398 2106 istud
1444 2051 1801 2112 Haunnondi,
1843 2058 1897 2102 et

333 2152 568 2214 infirma,
599 2149 642 2202 si
684 2164 784 2217 qua
826 2161 1070 2213 umquam
1097 2185 1110 2209 ,
1158 2152 1466 2212 argumenta
1507 2143 1570 2194 ad
1613 2142 1751 2195 idem
1798 2140 1898 2194 ful-

331 2242 576 2298 ciendum
605 2241 760 2293 allata
789 2241 976 2291 tacitus
1005 2235 1342 2304 praeterierit.

401 2333 542 2386 Inter
567 2345 745 2384 naevos
771 2326 1006 2396 argentei
1041 2325 1239 2379 codicis
1268 2335 1352 2378 est
1376 2324 1532 2377 etiam
1568 2320 1790 2390 insignis
1817 2320 1896 2378 al-

334 2433 412 2476 ter
449 2421 516 2474 de
556 2417 908 2488 praetermissa
939 2414 1161 2469 Joannis
1198 2429 1290 2466 vm
1337 2413 1591 2486 adultique
1625 2411 1888 2488 historia;

332 2514 420 2582 qui
462 2485 632 2564 tamen
669 2518 751 2564 est
781 2507 858 2561 illi
885 2521 1006 2560 cum
1036 2502 1412 2572 vetustissimis
1455 2485 1722 2571 plerisque
1749 2514 1896 2554 com-

331 2605 523 2656 munis.
569 2601 673 2655 Nos
710 2601 760 2652 in
791 2597 1010 2651 materia
1041 2597 1137 2650 ista
1162 2636 1175 2660 ,
1207 2603 1392 2662 utpote
1431 2609 1460 2645 a
1491 2592 1616 2644 viris
1645 2589 1894 2644 doctissi-

332 2693 432 2745 mis
453 2691 563 2759 jam
593 2691 849 2744 exhausta
873 2726 887 2750 ,
921 2699 1086 2754 pauca
1117 2693 1318 2737 tantmn
1346 2682 1478 2736 alias
1498 2676 1787 2735 Observata
1810 2677 1896 2731 hic

330 2780 606 2832 addemus.
1773 2826 1775 2828 η

402 2871 552 2923 Mitto
591 2867 718 2920 illud
765 2865 933 2920 Grolii
977 2863 1194 2933 (Aduot.
1226 2863 1290 2915 ad
1329 2861 1381 2914 h.
1415 2861 1452 2914 ι.
1481 2859 1708 2928 Ιοαιι.),
1757 2856 1894 2910 haud

329 2965 574 3030 scriptam
622 2959 824 3014 Scilicet
869 2973 897 3011 a
937 2957 1175 3021 Joanne,
1226 2954 1318 3008 sed
1347 2955 1430 3007 tab
1478 2954 1630 3022 ipso,
1676 2950 1898 3019 aliisque

327 3053 581 3122 apostolis
604 3053 718 3104 viva
742 3065 870 3102 voce
895 3063 1034 3116 saepe
1064 3058 1327 3100 narratam
1352 3085 1363 3108 ,
1391 3054 1644 3097 attextam
1667 3041 1891 3095 Subinde

1999 1868 2226 1922 Marcum
2255 1871 2579 1924 Antoninum
2613 1881 2671 1924 ut
2707 1882 2854 1941 putat
2881 1871 3176 1933 Palmerius
3195 1913 3212 1938 ,
3243 1874 3413 1943 magis
3439 1890 3568 1940 vero

1997 1958 2042 2010 si
2071 1973 2212 2010 anno
2235 1958 2447 2013 circiter
2468 1974 2565 2013 cex
2593 1959 2715 2013 Jesu
2737 1959 2927 2014 Christi
2945 1999 2960 2023 ,
2990 1960 3173 2014 Severi
3221 1976 3364 2024 xvn,
3395 1975 3565 2028 xvm,

1999 2043 2242 2100 ﬂoruisse
2266 2047 2546 2113 credatur,
2580 2057 2635 2100 ut
2673 2048 2740 2100 ait
2772 2047 3175 2112 Tillemontius;
3215 2047 3351 2102 adde
3390 2046 3569 2103 Mena-

1995 2136 2138 2202 gium
2167 2137 2218 2188 in
2262 2135 2416 2190 Praef.
2448 2136 2512 2190 ad
2557 2137 2734 2191 Laert.
2769 2137 2957 2206 Papias
2999 2139 3140 2192 enim
3182 2139 3565 2209 quinquaginta

1996 2226 2060 2277 ad
2093 2229 2266 2280 minus
2287 2227 2439 2280 annis
2458 2267 2473 2292 ,
2506 2243 2570 2282 ex
2599 2227 2699 2283 hoc
2727 2229 2927 2283 calculo
2946 2269 2962 2296 ,
2991 2238 3347 2298 praemortuus
3366 2229 3566 2287 Laerto

2009 2316 2185 2370 fuerit.
3115 2363 3122 2371 .

2013 2386 2028 2402 ’
2075 2407 2276 2461 Desunt
2312 2409 2479 2480 etiam
2517 2410 2566 2463 in
2598 2410 2778 2465 codice
2819 2413 2954 2477 alia,
2985 2429 3103 2482 qua:
3144 2414 3194 2467 in
3233 2402 3564 2485 Vulgata-le-

1997 2508 2224 2566 guntur,
2281 2508 2336 2551 nt
2383 2500 2568 2554 Mallll.
2619 2517 2800 2567 xxvu,
2835 2503 2914 2556 8:
2966 2502 3185 2572 Propter
3222 2505 3320 2558 hoc
3362 2514 3570 2562 vocatus

1999 2596 2070 2639 est
2097 2603 2216 2656 ager
2253 2588 2341 2641 ille
2376 2588 2693 2642 Haceldama
2713 2632 2728 2654 ,
2758 2591 2850 2643 hoc
2879 2579 2951 2644 est
2995 2609 3116 2662 ager
3143 2595 3442 2664 sanguinis:
3470 2610 3568 2650 co-

1997 2674 2100 2731 dex
2126 2718 2140 2740 ,
2198 2679 2464 2746 pmterita
2510 2681 2696 2734 vocula
2755 2681 3100 2749 llaceldama,
3123 2692 3332 2739 vocatus
3356 2695 3572 2757 estager

1997 2769 2288 2837 sanguinis.
2316 2768 2450 2824 Tum
2477 2770 2712 2838 ejusdem
2743 2787 2924 2838 xxvu,
2951 2773 3054 2837 55,
3087 2773 3287 2843 integra
3317 2776 3566 2846 pericope
3601 2792 3608 2798 ·

1999 2856 2119 2921 illa,
2149 2867 2201 2909 ut
2239 2858 2533 2926 impleretur
2558 2861 2690 2928 quod
2732 2861 2921 2913 dictant
2967 2870 3039 2914 est
3083 2878 3174 2930 per
3217 2861 3523 2932 PrOphelam
3547 2902 3565 2929 ,

1998 2945 2286 3001 Diviserunt
2311 2950 2456 3034 .sibi,
2494 2961 2596 3005 etc.
2626 2951 2708 3007 Uti
2757 2953 2918 3006 etiam”
2960 2968 3082 3018 vm,
3115 2953 3182 3020 9,
3228 2971 3346 3008 nam
3386 2967 3432 3010 et
3477 2970 3570 3027 ego

1999 3036 2149 3091 homo
2185 3057 2299 3093 sum
2338 3043 2427 3094 sub
2460 3053 2702 3110 potestate
2738 3044 3066 3110 constitutus,
3094 3046 3298 3102 omissa
3346 3057 3471 3102 sunt
3513 3049 3568 3104 in

335 3149 496 3198 fuisse
530 3159 558 3196 a
601 3143 756 3210 Papia
778 3183 793 3206 ,
835 3141 1055 3208 aliisque
1090 3136 1310 3193 Joannis
1350 3134 1623 3202 discipulis
1659 3131 1894 3201 ejusdem
1923 3122 1968 3182 C
2002 3140 2184 3182 nostro
2205 3169 2219 3193 ,
2249 3131 2340 3183 sub
2370 3143 2609 3199 potestate
2637 3137 2972 3198 constitutus;
2999 3151 3113 3202 qua
3141 3137 3320 3191 versio
3339 3135 3565 3193 Gothica

330 3236 614 3304 Evangelio
631 3279 644 3300 ,
676 3244 730 3288 et
758 3233 824 3286 ab
847 3231 1077 3287 Ecclesia
1107 3229 1376 3300 probatam
1401 3244 1412 3278 :
1437 3225 1576 3296 quod
1596 3225 1723 3278 satis
1749 3231 1896 3276 certo

331 3326 637 3380 tcStimonio
682 3332 947 3377 constaret
975 3322 1040 3373 ab
1082 3318 1336 3388 apostolis
1377 3317 1642 3370 traditam.
1675 3313 1804 3367 Nam
1843 3321 1897 3366 et

339 3416 484 3469 nullo
515 3414 730 3466 omnino
758 3411 1103 3464 fundamento
1131 3407 1315 3460 nititur
1339 3406 1643 3474 coiijectnra
1676 3405 1811 3466 ista;
1844 3410 1898 3455 et

332 3518 415 3561 est
437 3507 594 3558 etiam
620 3518 704 3557 res
729 3501 944 3570 periculi
971 3502 1120 3567 plena
1137 3538 1151 3560 ,
1179 3499 1222 3551 si
1247 3497 1370 3566 quid
1389 3538 1403 3561 ,
1428 3511 1524 3549 ceu
1552 3494 1892 3555 canonicum,

331 3599 450 3653 addi
499 3611 529 3650 a
574 3594 788 3664 privatis
834 3591 1273 3659 evangelistarum
1327 3587 1565 3642 historiae
1616 3585 1742 3637 olim
1797 3597 1893 3652 po-

333 3683 499 3747 t'uisse
528 3687 825 3741 credamus.

404 3783 593 3836 Millius
623 3780 686 3832 ad
713 3778 851 3831 hunc
880 3775 1054 3828 locum
1073 3813 1087 3838 ,
1113 3769 1385 3825 memoriae
1410 3768 1558 3837 lapsu
1578 3807 1592 3830 ,
1621 3765 1890 3829 extitisse,

334 3873 536 3940 inquit,
567 3870 839 3923 historiam
877 3865 1014 3918 hanc
1055 3864 1105 3916 in
1148 3859 1436 3927 Evangelio
1463 3855 1752 3910 secundum
1794 3854 1896 3908 He-

333 3967 505 4019 brreos
529 3979 544 4014 :
573 3970 626 4014 ct
649 3959 839 4014 exinde
865 3956 987 4010 huic
1009 3962 1196 4008 nostro
1223 3955 1454 4004 as'sutam
1483 3963 1512 4000 a
1537 3947 1694 4016 Papia
1719 3987 1734 4010 ,
1764 3954 1896 4000 teste

336 4055 596 4118 Eusebio,
625 4053 687 4105 ll.
713 4052 775 4105 E.
800 4067 852 4104 ιιι
871 4092 886 4115 ,
913 4050 1003 4104 59.
1032 4046 1170 4101 Nihil
1193 4044 1332 4098 enim
1361 4041 1428 4094 de
1450 4041 1552 4093 hoc
1591 4047 1896 4093 assumento

335 4138 472 4214 apud
504 4142 783 4196 Eusebium
802 4179 816 4204 ,
847 4141 935 4206 qui
964 4145 1218 4205 prmterea
1259 4148 1354 4202 pro
1381 4132 1600 4185 muliere
1628 4129 1894 4194 adultera,

335 4236 600 4290 heminam
628 4231 784 4284 aliam
813 4228 1096 4280 multorum
1137 4225 1417 4277 criminum
1448 4237 1591 4275 ream
1622 4236 1726 4274 non
1752 4234 1898 4274 com-

337 4330 677 4380 memorasset
691 4358 704 4371 .
1136 4369 1140 4372 .

402 4415 639 4469 Clericus
665 4408 886 4461 miratur
913 4397 1300 4455 Hammondum
1324 4437 1337 4458 ,
1365 4392 1532 4450 Grmii
1562 4395 1897 4461 conjecturas

1998 3219 2240 3274 similiter
2282 3218 2554 3289 praeteriit.
2584 3223 2690 3279 Sed
2716 3223 2952 3279 delectus
2983 3225 3067 3279 isti
3093 3264 3109 3290 ,
3151 3241 3376 3294 quorum
3405 3228 3566 3296 pleri-

1997 3324 2100 3376 que
2124 3311 2479 3378 antiquissimi
2505 3325 2625 3366 sunt
2646 3355 2660 3378 ,
2693 3323 2798 3366 tum
2829 3315 2914 3368 alii
2951 3316 3110 3370 etiam
3135 3316 3343 3373 erudito
3377 3317 3566 3374 lectori

1997 3399 2172 3451 statim
2201 3402 2484 3466 patebunt:
2515 3419 2620 3457 non
2650 3419 2806 3458 secus
2835 3414 2992 3475 atque
3029 3419 3396 3462 assumcnlum
3434 3409 3566 3464 illud

1996 3489 2154 3544 Luca:
2183 3508 2264 3557 xi,
2297 3492 2364 3546 36
2385 3534 2398 3554 ,
2428 3503 2481 3548 et
2515 3510 2638 3559 xm,
2671 3496 2765 3559 l7,
2797 3483 3004 3565 aliaque
3032 3497 3355 3565 hujusmodi.

2020 3570 2268 3632 ~'Addatn
2298 3583 2574 3636 lectionem
2597 3593 2850 3653 argenteo
2870 3585 3037 3639 codici
3066 3588 3386 3655 peculiarem
3410 3589 3567 3646 Luem

1998 3686 2122 3733 χχι,
2148 3672 2235 3726 25.
2269 3673 2524 3742 Vulgata:
2562 3673 2626 3727 Et
2661 3677 2712 3728 in
2743 3677 2886 3730 terris
2910 3693 3141 3747 pressum
3188 3681 3410 3749 gentium
3458 3698 3568 3751 prta

1995 3762 2292 3830 confusione
2320 3765 2510 3816 sonitus
2537 3766 2690 3817 maris
2710 3805 2724 3829 ,
2757 3777 2802 3816 et
2831 3778 2992 3818 motus
3018 3769 3266 3834 ﬂuctuum
3292 3785 3310 3821 :
3337 3780 3521 3824 uoster
3545 3788 3562 3826 :

1998 3853 2065 3906 Et
2092 3855 2142 3905 in
2169 3863 2302 3905 terra
2326 3870 2562 3906 occursus
2588 3856 2811 3930 gentium
2840 3857 3094 3930 anxietate
3113 3896 3129 3921 ,
3163 3867 3215 3909 ut
3240 3859 3433 3912 sonitus
3456 3877 3568 3914 ma-

1997 3945 2101 4006 ris,
2141 3952 2187 3995 et
2232 3953 2394 3996 motus
2440 3928 2729 4012 ﬂuctuum;
2769 3960 2926 4013 quam
2980 3928 3449 4010 olim’putaveram
3496 3951 3565 4007 ad

1997 4034 2309 4088 Tertulliani
2353 4035 2524 4088 locum
2575 4035 2742 4107 (Adv.
2789 4035 2954 4089 Marc.
2997 4053 3084 4101 tv,
3123 4037 3216 4106 59)
3253 4040 3568 4098 adornatam

1997 4125 2180 4189 luisse,
2210 4125 2297 4178 ubi
2323 4125 2398 4178 ait
2422 4142 2434 4176 :
2468 4125 2572 4180 Sed
2602 4135 2877 4179 monstrato
2906 4126 3085 4179 dehinc
3114 4137 3335 4196 tempore
3358 4131 3566 4197 excidii,

1998 4232 2110 4268 cum
2139 4218 2362 4282 ccepisset
2384 4217 2563 4269 vallari
2593 4217 2887 4270 exercitibus
2919 4215 3232 4272 Hierusalem
3251 4261 3266 4285 ,
3291 4220 3436 4291 signa
3455 4223 3569 4292 jam

1998 4307 2162 4358 ultimi
2187 4306 2302 4371 ﬁnis
2339 4316 2574 4369 enarrat,
2607 4309 2726 4360 solis
2767 4317 2812 4361 et
2851 4308 3017 4372 lunaz,
3049 4309 3370 4379 siderumque
3391 4310 3570 4381 prodi-

1999 4396 2098 4462 gia.
2130 4394 2192 4446 Et
2232 4397 2285 4448 in
2337 4404 2469 4448 terra
2494 4398 2756 4466 angustias
2793 4398 3051 4451 nationum
3089 4382 3564 4467 obstupescentium.

334 4515 571 4559 secutum
599 4538 614 4559 ,
648 4496 920 4551 historiam
965 4492 1101 4542 hanc
1142 4487 1419 4540 retinuisse
1463 4483 1564 4555 (In
1595 4481 1719 4535 Not.
1749 4483 1816 4534 ad
1845 4483 1896 4534 h.
1925 4469 1976 4528 Ῐ)
2005 4483 2189 4538 γεω-ι’
2225 4502 2256 4538 Α
2296 4499 2479 4539 soutru
2512 4502 2667 4540 NABIS
2706 4503 3062 4543 FLUCTUANTIS
3107 4507 3199 4559 pro
3227 4493 3571 4560 expectatione

337 4601 398 4661 l.,
427 4595 562 4648 Edit.
593 4607 746 4658 supra
777 4569 964 4654 laud).
999 4583 1224 4649 Ipsemet
1247 4587 1420 4630 tamen
1445 4575 1496 4628 in
1522 4570 1899 4641 utromtetcxtu

339 4684 635 4740 Harmonia:
659 4666 1013 4746 "Et-angelica:
1055 4669 1275 4724 retinuit
1306 4685 1318 4718 :
1351 4674 1462 4720 tum
1491 4664 1544 4717 in
1577 4672 1904 4718 commenta-

340 4779 418 4831 rio
458 4772 708 4827 historico
755 4769 909 4822 latius
948 4764 1206 4833 digestam
1230 4800 1244 4823 ,
1292 4758 1344 4811 in
1384 4755 1674 4811 eanonibus
1725 4761 1902 4822 postea

339 4863 676 4934 Evangelicis
716 4859 783 4912 ad
811 4855 1110 4924 exemplum
1139 4850 1377 4906 adduxit.
1421 4846 1524 4904 Sed
1559 4845 1768 4934 potiori
1786 4843 1905 4911 jure

341 4933 670 5012 mirabuntur
707 4947 945 5017 profecto
992 4957 1180 4997 omnes
1206 4981 1220 5001 ,
1265 4939 1356 5008 qui
1407 4938 1631 5005 legerint
1674 4933 1900 4988 adducta

342 5050 536 5104 ibidem
559 5060 590 5098 a
613 5042 820 5098 Clerico
857 5036 923 5088 ad
963 5020 1151 5088 versic.
1180 5033 1214 5086 6
1233 5071 1249 5096 ,
1276 5030 1363 5086 ubi
1406 5028 1597 5082 dicitur
1634 5026 1792 5081 Jesus
1823 5023 1904 5077 in-

341 5140 568 5193 clinasse
603 5147 690 5194 se,
719 5127 958 5194 etdigito
997 5124 1051 5176 in
1082 5132 1228 5181 terra
1255 5118 1562 5188 scripsisse,
1591 5125 1703 5198 etc.
1731 5113 1903 5168 Verba

344 5223 458 5296 ejus
481 5232 639 5280 sunt:
676 5220 775 5285 Qui
815 5221 942 5270 hanc
969 5213 1227 5266 historiam
1255 5211 1487 5264 adsertam
1515 5209 1598 5260 hic
1637 5222 1744 5259 esse
1786 5222 1902 5258 cen-

349 5327 493 5381 sent,
527 5315 716 5382 possint
741 5306 984 5376 suspicari
1025 5302 1278 5370 Papiam,
1317 5308 1401 5353 aut
1446 5300 1606 5351 alium
1644 5297 1772 5348 hanc
1801 5297 1902 5349 cir-

351 5405 696 5455 rumstantiam
727 5405 1002 5452 mutuatum
1029 5393 1219 5461 cepisse
1253 5407 1314 5443 ea:
1339 5405 1419 5452 eo,
1448 5387 1582 5457 quod
1611 5390 1826 5455 refertur
1845 5386 1907 5437 de

355 5489 640 5544 Menedemo
663 5535 676 5555 ,
707 5501 752 5544 et
781 5486 914 5559 quod
952 5485 1025 5536 ita
1051 5489 1225 5535 narrat
1252 5478 1502 5549 Diogenes
1546 5475 1780 5529 Laertius
1816 5477 1904 5529 lib.

2006 4577 2396 4644 impendentium
2426 4579 2692 4633 malorunt.
2744 4581 2846 4636 Sed
2882 4581 3022 4635 unde
3061 4581 3276 4636 demum
3317 4598 3570 4640 manave-

2010 4668 2108 4729 rit;
2138 4674 2284 4719 certe
2317 4669 2610 4736 energetica
2637 4676 2751 4732 est,
2780 4684 2843 4722 ac
2887 4670 3019 4723 mire
3063 4671 3380 4745 exprimitur
3423 4689 3570 4728 mur-

2011 4771 2128 4806 mur
2162 4756 2431 4809 immensas
2457 4755 2602 4810 illius
2630 4757 2978 4811 multitudinis
3003 4759 3102 4813 sibi
3130 4760 3355 4816 invicem
3379 4774 3568 4816 occur-

2009 4844 2236 4898 santium
2276 4861 2384 4914 pne
2433 4846 2701 4901 anxietate
2751 4847 3103 4916 impendentis
3149 4849 3359 4918 ruinae,
3403 4850 3569 4906 veluti

2009 4943 2090 4988 est
2125 4937 2286 4989 maris
2315 4936 2518 4991 sonitus
2548 4935 2868 4994 fluctuantis.

2077 5024 2156 5077 En
2187 5025 2280 5080 tibi
2306 5025 2480 5080 locum
2508 5027 2670 5080 alium
2699 5029 2892 5098 egregii
2925 5029 3212 5101 scriptoris
3230 5049 3418 5101 ,quem
3441 5035 3570 5088 con-

2007 5124 2088 5170 tra
2108 5115 2426 5170 Marcionem
2455 5117 2559 5187 (Iv,
2589 5117 2690 5184 26)
2741 5130 2892 5185 urget
2943 5099 3234 5190 argumenti
3275 5099 3441 5193 gratia
3465 5163 3481 5187 ,
3513 5134 3570 5177 at

2008 5213 2285 5274 propterea
2306 5204 2384 5258 sic
2414 5207 2601 5259 lectum
2634 5209 2682 5259 in
2712 5209 3105 5276 exemplaribus
3129 5226 3344 5264 suorum
3363 5220 3570 5279 tempo-

2009 5309 2126 5348 rum
2158 5292 2548 5363 liquet..l\'eque
2581 5297 2720 5348 enim
2764 5297 3050 5365 objecisset
3076 5300 3354 5353 lectionem
3383 5299 3452 5352 ab
3482 5313 3570 5353 ar-

2013 5387 2251 5456 chetypis
2273 5387 2588 5448 abeuntem;
2615 5388 2772 5442 Luca:
2799 5391 3090 5456 prmsertim
3110 5430 3125 5453 ,
3142 5403 3298 5456 quem
3326 5398 3568 5458 apostata

2016 5479 2106 5532 ille
2135 5493 2242 5545 pra:
2285 5478 2494 5531 caeteris
2538 5481 2873 5548 evangelistis
2919 5480 3224 5548 selegerat:
3266 5480 3567 5552 longoque,

426 5613 501 5675 (ι)
541 5612 753 5664 Dissert.
806 5612 874 5664 de
916 5609 1070 5665 Auct.
1123 5603 1526 5673 Evangeliorum
1568 5603 1633 5658 ad
1683 5604 1880 5660 calcem
1922 5603 2104 5658 llarm.
2154 5601 2248 5654 Ev.
2301 5601 2546 5663 Observa
2577 5600 2642 5656 ad
2683 5601 2880 5656 llerod.
2927 5599 3018 5654 lib.
3059 5614 3114 5666 t,
3159 5595 3422 5655 Chronol.
3463 5599 3532 5654 ad

364 5687 518 5736 linem
543 5688 667 5732 tum.
695 5697 772 5734 tu.
