4288 6520
274 347 337 402 '57
1047 342 1264 400 EPIST.
1305 337 1549 398 PHILIP.
1588 336 1951 404 GARBELLI,
1987 335 2076 394 DE
2112 336 2357 395 CODICE
2395 335 2740 396 BRIXIANO.
3455 339 3527 399 38

274 459 510 527 quamvis
566 469 814 525 perverso
840 471 936 510 usu
970 458 1214 511 caflehat.
1244 455 1414 509 Locus
1455 462 1537 509 est
1567 453 1722 515 Lucae
1748 468 1801 505 χι
1827 493 1842 511 .
1873 457 1924 514 Α
1952 451 2345 519 interpolationi
2373 495 2386 517 ,
2438 469 2613 518 mera,
2671 463 2725 508 et
2776 453 2990 522 quidem
3045 472 3098 510 in
3121 470 3177 510 re
3225 456 3345 510 facti
3385 455 3528 511 haud

276 552 369 614 15,
409 551 492 601 nhi
543 547 795 615 Vulgata:
820 546 1020 612 Quanto
1052 548 1209 614 magis
1241 544 1396 596 Pater
1439 558 1596 596 vester
1635 543 1697 595 de
1725 543 1849 594 caelo

275 642 407 694 dabit
445 640 692 707 Spiritum
724 653 892 692 BONIlIl
940 638 1220 707 petentibus
1259 653 1312 689 se
1335 651 1353 698 ;
1407 634 1578 688 codex
1626 640 1808 685 noster
1835 673 1848 697 ,

277 732 523 799 Spiritum
567 745 841 788 sanorum.
893 739 948 782 ut
986 729 1171 784 Graeca
1218 728 1384 782 ferme
1435 726 1611 779 omnia
1655 731 1851 795 Πνεῦμα

275 823 432 896 ἅγιον.
463 822 820 876 Tertullianus
842 861 856 882 ,
887 822 1113 891 Agnosce
1141 821 1295 891 igitur
1324 829 1368 872 et
1419 818 1624 871 Patrem
1645 855 1662 881 ,
1693 814 1850 886 quem

275 916 423 967 etiam
452 914 681 984 appellas
712 922 1006 966 creatorem.
1039 911 1062 963 l
1073 927 1160 980 pse
1204 919 1304 973 est,
1352 910 1439 977 qui
1463 908 1557 960 scit
1608 907 1733 976 quid
1753 906 1850 975 ﬁlii

276 1005 545 1073 postulent.
594 1003 732 1056 Nam
772 1014 819 1057 et
874 1018 1055 1071 panem
1105 1001 1380 1069 petentibus
1439 999 1501 1052 de
1542 998 1667 1050 caelo
1715 996 1851 1050 dedit

277 1112 479 1160 manna,
504 1105 548 1149 et
564 1110 766 1147 carnem
790 1092 1190 1147 desiderantibus
1225 1090 1390 1143 emisit
1425 1089 1851 1157 Ortigometram;

277 1202 373 1239 non
394 1194 673 1254 serpentem
702 1200 792 1254 pro
823 1187 956 1253 pisce
976 1223 990 1246 ,
1023 1199 1124 1235 non
1168 1182 1418 1250 scorpium
1443 1195 1534 1247 pro
1557 1195 1666 1231 ovo.
1699 1177 1852 1232 Illius

277 1285 444 1327 autem
469 1276 562 1327 erit
587 1290 685 1326 non
715 1275 838 1326 dare
859 1268 1049 1325 malum
1080 1288 1172 1340 pro
1195 1271 1355 1336 bono,
1390 1270 1537 1338 cujus
1581 1280 1852 1340 utrumque

275 1369 362 1421 sit.
400 1365 648 1421 Carterum
696 1366 833 1421 Deus
875 1366 1156 1420 Marcionis
1201 1384 1301 1419 non
1328 1366 1516 1418 habens
1546 1367 1848 1433 scorpium,

279 1475 378 1512 non
407 1469 598 1525 poterat
621 1460 675 1512 itl
700 1476 752 1512 se
774 1460 936 1511 dicere
963 1475 1061 1510 non
1094 1458 1365 1523 daturum,
1394 1458 1528 1526 quod
1570 1473 1672 1508 non
1702 1457 1852 1510 liabe-

208 1618 211 1622 ~
278 1548 392 1612 bat;
422 1551 509 1602 sed
535 1548 624 1603 ille
645 1549 731 1618 qui
760 1549 942 1602 habens
970 1559 1016 1601 ct
1037 1550 1293 1616 scorpium
1324 1564 1422 1600 non
1449 1548 1555 1598 dat.
1592 1546 1768 1609 Itaque
1806 1554 1852 1599 et

278 1640 531 1695 Spumea
545 1656 786 1696 ssncruu
816 1643 858 1694 is
881 1641 1050 1708 dabit,
1081 1641 1221 1710 apud
1235 1657 1384 1710 quem
1405 1651 1476 1693 est
1500 1651 1544 1692 et
1576 1655 1675 1692 non
1698 1654 1853 1694 sauc-

280 1747 397 1786 ’I'US.

1953 558 2168 609 semper
2212 542 2370 608 felix,
2403 543 2708 611 coojt-ctnra
2733 553 2834 598 est.
2880 544 3015 599 Illud
3046 548 3220 611 enim,
3273 547 3413 616 quod
3459 547 3529 601 ad

1951 632 2277 686 secernenda
2305 633 2371 686 ab
2396 633 2681 702 adjectitiis
2705 635 2931 703 genuina
2956 678 2970 701 ,
3002 637 3054 690 in
3087 638 3289 691 criticis
3314 637 3529 706 judiciis

1956 724 2237 792 plurimum
2287 725 2464 788 valet;
2523 741 2715 794 nempe
2767 727 2810 780 si
2861 727 3000 780 ratio
3055 728 3198 780 nulla
3247 728 3531 783 amovendi

1951 816 2148 884 aliquid
2180 832 2209 870 a
2232 826 2473 872 veterum
2509 817 2751 886 scriptis,
2801 820 3094 887 probabilis
3123 835 3256 874 vero
3296 820 3530 876 addendi

1952 904 2114 960 fuisse
2135 905 2412 972 videatur,
2443 923 2546 960 non
2577 923 2702 962 raro
2742 907 2924 963 fallere
2965 918 3160 976 potest.
3212 911 3346 966 Sunt
3374 911 3529 980 plura

1952 995 2018 1050 ab
2063 998 2412 1052 oscitantibus
2465 998 2695 1074 librariis
2741 1000 3010 1068 praeterita
3066 1000 3168 1054 alia
3213 1002 3528 1056 dictantium

1952 1087 2160 1153 oculos,
2177 1087 2279 1140 alia
2301 1102 2455 1142 aures
2470 1088 2845 1157 excipientium
2863 1088 3045 1144 fallere
3070 1091 3331 1158 solebant,
3351 1092 3532 1161 cujus-

1955 1179 2096 1232 modi
2125 1180 2202 1233 rei
2231 1181 2480 1248 exempla
2509 1195 2612 1234 non
2646 1197 2808 1250 pauca
2839 1183 2889 1235 in
2937 1198 3066 1237 mss.
3099 1185 3226 1252 ipsis
3256 1183 3318 1237 N.
3349 1183 3412 1238 Τ.
3449 1185 3526 1238 le-

1953 1271 2198 1337 gentibus
2223 1279 2546 1337 occurrunt,
2578 1273 2651 1324 uti
2674 1281 2755 1326 est
2779 1273 2984 1342 insigne
3014 1274 3142 1327 illud
3173 1274 3331 1329 Joan.
3362 1292 3413 1340 γ,
3444 1275 3479 1330 4
3509 1316 3525 1342 ,

1953 1364 2094 1432 quod
2139 1365 2292 1432 paulo
2314 1377 2439 1419 ante
2484 1366 2916 1421 ohservabamus.
2952 1369 3235 1436 Propterea
3268 1369 3529 1423 incertum

1952 1457 2170 1508 omnino
2200 1467 2281 1509 est
2310 1455 2487 1510 deleta
2517 1474 2582 1511 ne
2628 1456 2828 1511 fuerint
2852 1458 3009 1512 verba
3039 1459 3159 1526 illa,
3189 1475 3254 1514 an
3304 1472 3527 1530 prseter-

1956 1547 2114 1600 missn
2140 1547 2191 1600 in
2221 1549 2548 1618 antigraphis
2569 1588 2583 1609 ,
2616 1550 2665 1602 in
2694 1551 2885 1618 quibus
2910 1551 3123 1606 desunt.

2025 1638 2212 1692 Obstat
2236 1641 2394 1692 etiam
2451 1641 2758 1708 conjectura
2797 1641 2946 1694 Millii
2985 1642 3124 1696 inter
3170 1643 3388 1698 criticas
3418 1645 3535 1699 ani-

1957 1728 2356 1783 madversiones
2409 1728 2540 1783 illa:
2600 1729 2768 1799 magis
2818 1746 3011 1800 nempe
3061 1741 3364 1801 suspectam
3411 1749 3533 1790 esse

349 1818 655 1892 Expendam
699 1823 786 1879 hic
830 1824 1113 1877 lectionem
1158 1822 1313 1875 aliam
1358 1823 1595 1892 argentei
1654 1822 1854 1877 codicis
1884 1829 1929 1887 Β
1959 1820 2266 1882 lectionem,
2288 1837 2406 1887 qur
2433 1837 2463 1874 a
2495 1822 2677 1889 paucis
2706 1822 3175 1893 eodicibus,quam
3202 1841 3319 1894 quae
3349 1842 3378 1880 a
3410 1827 3532 1895 plu-

280 1916 435 1971 Luca:
454 1933 535 1977 nt.
564 1915 632 1972 54
654 1957 666 1977 ,
692 1932 849 1984 quam
873 1926 1086 1970 secutus
1103 1931 1270 1969 necne
1294 1915 1450 1967 fuerit
1471 1914 1848 1978 Tertullianus,

280 2005 588 2074 ambigitur.
621 2006 693 2060 Ea
720 2016 802 2059 est
835 2002 1112 2070 :Donzine,
1147 2006 1219 2057 vis
1260 2001 1470 2068 dic'imus
1503 2014 1555 2056 ut
1593 2006 1723 2074 ignis
1766 2006 1854 2057 de-

281 2099 485 2151 scendat
522 2098 769 2160 de'cmlo,
821 2108 865 2152 et
913 2107 1170 2151 consumat
1211 2098 1360 2162 illos,
1393 2113 1540 2152 sncur
1561 2114 1628 2151 er
1655 2098 1854 2151 lleuss

282 2205 432 2244 recns
460 2208 472 2241 :
505 2205 624 2266 qua:
661 2190 848 2246 ultima
880 2190 1037 2243 verba
1072 2191 1125 2242 in
1166 2188 1402 2257 Vulgata:
1459 2188 1852 2256 exemplaribus

279 2280 496 2334 desunt.
1513 2343 1516 2346 .

350 2366 657 2422 Lectionem
677 2367 814 2422 hanc
832 2369 1006 2422 omnia
1026 2368 1140 2424 fere
1159 2383 1287 2422 mss.
1321 2368 1645 2436 exemplaria
1669 2367 1854 2422 Grmca

281 2460 570 2526 exhibent,
595 2468 729 2514 teste
773 2460 942 2515 Millio
967 2461 1032 2515 ab
1056 2461 1111 2514 h'.
1147 2462 1180 2514 Ι.
1201 2501 1216 2528 ,
1274 2470 1380 2513 tum
1413 2460 1614 2529 Syrus,
1647 2460 1815 2513 Arabs
1837 2500 1852 2524 ,

283 2549 506 2619 Ethiops
533 2592 546 2614 ,
605 2549 861 2604 Gothieus
907 2551 1227 2618 interpretes
1255 2591 1270 2615 ,
1318 2551 1596 2618 ipsamque
1638 2551 1854 2604 retinuit

284 2645 537 2698 Erasmus
565 2645 614 2696 in
648 2644 881 2699 editione
894 2644 955 2697 N.
976 2643 1036 2697 T.
1055 2661 1106 2697 Α.
1127 2657 1322 2696 unum
1343 2682 1359 2707 ,
1384 2644 1520 2710 apud
1539 2643 1849 2696 ltovillium.

284 2736 352 2789 Et
378 2737 454 2790 sic
475 2736 668 2804 legisse
698 2736 1081 2790 Tertulliannm
1105 2745 1380 2804 potaverat
1406 2734 1622 2788 Millius.
1650 2735 1852 2788 Astubi

287 2826 353 2879 ad
377 2827 758 2895 Prolegomena
787 2826 999 2881 tandem
1031 2825 1339 2888 descendit,
1365 2825 1417 2878 in
1444 2824 1707 2879 diversam
1736 2840 1854 2876 oin-

285 2917 410 2971 nino
435 2917 753 2971 sententiam
779 2917 907 2970 abiit
933 2915 1042 2984 (N.
1068 2916 1122 2981 4,
1153 2916 1277 2983 18).
1306 2915 1475 2970 Verba
1504 2916 1618 2984 ejus
1645 2915 1851 2977 damus,

285 3015 466 3076 utpote
495 3024 614 3076 qua:
642 3009 706 3061 ad
734 3009 1006 3062 criterium
1037 3007 1257 3074 hujusce
1287 3007 1388 3059 loci
1435 3022 1537 3060 non
1564 3021 1746 3074 parum
1776 3005 1853 3058 fa-

283 3099 430 3153 ciant
483 3098 784 3168 Sequentia,
826 3099 1026 3167 inquit,
1060 3101 1127 3158 ὡς
1153 3101 1234 3152 καὶ
1277 3095 1438 3158 Ἠλίας
1481 3099 1716 3162 ἐποίησε,
1745 3111 1859 3166 qua:

1956 1910 2106 1964 rimis
2137 1910 2471 1964 exhibentur.
2495 1911 2718 1966 Difﬁcile
2747 1912 2888 1966 enim
2919 1923 3001 1967 est
3027 1915 3534 1971 creditutotexem-

1957 2000 2120 2066 plaria
2146 2041 2162 2063 ,
2199 2017 2301 2052 non
2329 2015 2433 2055 uno
2463 2001 2580 2055 loco
2603 2041 2618 2066 ,
2650 2016 2712 2055 ac
2741 2011 2978 2070 tempore
2999 2018 3116 2057 cum
3140 2006 3206 2060 ab
3220 2006 3535 2075 antiquariis

1957 2091 2020 2145 ad
2046 2092 2309 2160 publicum
2339 2106 2488 2145 usum
2515 2134 2528 2157 ,
2565 2102 2670 2144 tum
2715 2108 2744 2145 a
2795 2093 3114 2160 privatorum
3144 2095 3383 2162 pluribus
3426 2097 3530 2152 sibi

1957 2181 2088 2248 ipsis
2127 2191 2306 2249 parata
2327 2221 2342 2244 ,
2369 2197 2398 2235 e
2420 2191 2670 2250 corrupto
2721 2183 2970 2252 qUopiam
3002 2184 3208 2252 singula
3267 2187 3529 2255 prodiisse

1956 2274 2096 2342 quod
2152 2289 2183 2328 e
2222 2283 2406 2328 contra
2464 2275 2642 2341 pzmcis
2687 2275 2930 2329 accidere
2979 2275 3228 2331 facillime
3277 2288 3524 2347 poterat;

1955 2373 2064 2417 tum
2090 2364 2282 2434 Syrum
2304 2407 2318 2429 ,
2368 2365 2597 2417 Arabem
2623 2407 2638 2430 ,
2669 2364 2973 2434 tEthiopem
2999 2407 3014 2433 ,
3043 2367 3323 2422 Gothicum
3366 2369 3532 2424 inter-

1958 2455 2186 2522 polatis,
2237 2454 2322 2508 hic
2361 2455 2506 2519 loci,
2558 2470 2745 2509 omnes
2809 2457 3136 2526 antigraphis
3183 2474 3325 2514 usos.
3377 2459 3528 2516 Adde

1957 2545 2140 2601 Graeca
2165 2544 2331 2600 ferme
2359 2546 2557 2610 omnia,
2586 2545 2784 2599 fatente
2801 2547 2986 2613 Millio,
3010 2548 3086 2602 sic
3109 2550 3310 2619 legere,
3335 2551 3528 2620 quibus

1958 2645 2134 2690 tamen
2185 2637 2250 2690 ab
2297 2636 2564 2690 adnotatis
2617 2652 2644 2688 a
2678 2638 3046 2704 Tertulliano,
3078 2641 3306 2706 aliisve,
3355 2658 3451 2697 seu
3495 2658 3529 2698 a

1957 2725 2157 2779 Latinis
2211 2725 2605 2794 exemplaribus
2675 2726 2835 2780 verba
2857 2727 2947 2782 illa
3000 2729 3318 2799 irrepsisse,
3372 2735 3529 2802 pauci

1955 2816 2056 2870 sibi
2097 2816 2464 2884 persuadeant.
2499 2816 2666 2871 Rarus
2695 2819 2834 2873 cnim
2861 2860 2875 2886 ,
2904 2836 3024 2876 cum
3084 2822 3283 2878 Latinze
3311 2827 3524 2896 linguis,

1957 2915 2066 2961 tum
2098 2909 2206 2960 Afri
2232 2907 2373 2962 illius
2399 2950 2412 2972 ,
2437 2907 2770 2980 aliorumque
2787 2927 2816 2965 e
2839 2915 3036 2968 nostris
3056 2916 3374 2986 scriptorum
3398 2935 3527 2976 usus

1957 3000 2103 3068 apud
2140 2999 2436 3056 Orientales
2469 3011 2594 3056 tunc
2627 3005 2878 3071 temporis
2907 3005 3023 3061 fuit.
3080 3007 3272 3064 Rarior
3317 3010 3529 3080 Vulgati

1959 3091 2266 3159 interpretis
2293 3132 2307 3156 ,
2336 3101 2426 3146 aut
2452 3094 2628 3148 verius
2664 3095 2881 3161 nullus,
2905 3112 3010 3166 quo
3059 3100 3278 3155 minime
3325 3101 3530 3172 indige-

282 3192 576 3244 sententiam
595 3190 773 3244 Jacobi
804 3200 852 3243 et
878 3189 1095 3244 Joannis
1126 3199 1232 3242 tam
1265 3191 1532 3260 insigniter
1562 3191 1852 3252 illustrant,
1881 3181 1924 3242 C
1960 3182 2102 3235 batil-

285 3283 354 3336 ad
398 3284 673 3354 marginem
699 3281 814 3334 libri
841 3299 872 3333 a
901 3282 1124 3334 studioso
1142 3281 1358 3349 quodam
1407 3282 1668 3347 adscripta
1703 3281 1860 3349 fuisse

286 3376 626 3428 commentarii
669 3376 812 3438 loco,
853 3375 1063 3442 indeque
1106 3374 1368 3427 transiissc
1412 3374 1464 3425 in
1516 3388 1699 3440 corpus
1740 3388 1861 3424 con-

288 3473 490 3528 textus,
515 3481 594 3516 res
622 3465 734 3532 ipsa
777 3463 982 3517 clamat.
1014 3463 1139 3527 Quis
1168 3463 1302 3514 enim
1329 3478 1483 3514 sanus
1515 3473 1616 3513 tam
1643 3461 1861 3530 insignia

285 3554 564 3608 deiecerit?
587 3551 616 3606 Ι
621 3571 728 3617 mo,
760 3553 893 3622 quod
921 3557 1176 3606 sententia:
1203 3553 1547 3622 apostolorum
1571 3550 1698 3604 lucis
1723 3551 1858 3602 haud

284 3664 464 3710 parum
490 3647 815 3716 effunderent
833 3688 846 3711 ,
873 3658 1075 3715 arrepta
1101 3645 1237 3698 haud
1257 3645 1430 3697 dubito
1450 3645 1502 3697 in
1526 3652 1738 3697 teatum.
1759 3642 1862 3697 Ca:-

285 3748 448 3790 terum
475 3755 504 3788 a
527 3736 844 3789 Tertulliano
869 3737 996 3789 lecta
1018 3738 1174 3805 fuisse
1196 3736 1303 3789 lucc
1339 3735 1475 3805 quod
1500 3753 1590 3788 nos
1631 3734 1752 3788 olim
1807 3737 1860 3787 in

285 3828 416 3881 notis
435 3828 617 3881 nostris
628 3826 986 3893 aﬁirmavimus
1001 3866 1017 3891 ,
1042 3842 1139 3878 non
1169 3827 1238 3878 ita
1257 3827 1525 3894 liquidum.
1540 3825 1683 3878 Illud
1702 3829 1860 3894 magis

287 3917 570 3970 verosimile
609 3925 711 3978 est,
759 3919 1044 3986 exemplum
1088 3914 1256 3980 Elite,
1303 3917 1366 3968 ab
1407 3917 1516 3986 ipso
1545 3915 1708 3970 lib.tv
1739 3916 1855 3970 adv.

289 4004 605 4060 Marcionem
624 4047 639 4071 ,
665 4006 765 4072 25;
797 4007 1008 4076 aliisque
1039 4013 1264 4058 notatum
1287 4007 1353 4059 ad
1379 3988 1514 4059 hunc
1540 4006 1734 4072 locum,
1775 4023 1862 4060 oc-

285 4099 542 4152 casionem
562 4097 762 4152 dedisse
788 4099 908 4151 huic
937 4098 1331 4167 interpolationi.

359 4188 606 4244 Profecto
637 4189 777 4242 haud
823 4188 952 4243 satis
983 4189 1240 4259 liquidum
1286 4189 1427 4242 itane
1459 4188 1510 4240 in
1556 4186 1860 4255 apographo

287 4281 446 4336 Luce
467 4280 654 4349 legerit
681 4279 1064 4345 Tertullianus,
1080 4294 1146 4332 an
1172 4281 1397 4345 ipsemet
1413 4276 1540 4329 Elia:
1555 4277 1856 4344 exemplum

285 4371 570 4426 addiderit.
601 4368 774 4424 Verba
805 4368 918 4437 ejus
944 4376 1067 4422 sunt
1092 4386 1105 4422 :
1146 4367 1499 4436 Repraesentat
1549 4363 1756 4418 Creator
1784 4367 1860 4435 ig-

285 4465 424 4519 nium
442 4464 675 4534 plagam,
699 4461 852 4515 Helia
872 4461 1159 4530 postulante
1173 4501 1187 4525 ,
1203 4461 1254 4512 in
1276 4461 1364 4512 illo
1385 4457 1858 4527 PseudoprOpheta.

2033 3276 2127 3326 Ast
2153 3313 2168 3339 ,
2197 3274 2336 3342 quod
2386 3289 2470 3328 me
2499 3275 2665 3343 magis
2695 3275 2898 3330 inducit
2928 3287 2982 3331 ut
3007 3277 3218 3333 credam
3246 3321 3261 3347 ,
3291 3279 3362 3335 ita
3389 3280 3526 3336 anti-

1962 3365 2142 3432 quitus
2173 3365 2367 3417 lectum
2393 3406 2407 3428 ,
2436 3376 2516 3419 est
2545 3365 2664 3418 facti
2693 3367 2855 3433 ipsius
2877 3367 3089 3434 raritas,
3117 3384 3178 3424 ac
3199 3371 3528 3441 magnitudo.

1963 3451 2139 3521 ignem
2187 3454 2384 3507 scilicet
2410 3454 2476 3507 de
2526 3455 2663 3509 coelo
2693 3455 2744 3508 in
2776 3457 3218 3513 contumeliosum
3272 3461 3527 3530 oppidum

1964 3546 2163 3612 precari
2192 3546 2460 3614 apostolos
2488 3545 2624 3600 velle
2653 3586 2666 3611 ,
2691 3548 2936 3616 exemplo
2963 3551 3108 3602 nullo
3139 3562 3427 3620 praeeunte.
3453 3554 3531 3609 Ac

1965 3646 2241 3704 propterea
2287 3649 2412 3689 vero
2441 3635 2764 3689 simillimum
2797 3646 2913 3702 est,
2947 3639 3072 3693 Elite
3119 3640 3250 3696 illud
3275 3682 3289 3704 .
3345 3653 3531 3711 utpote

1963 3726 2172 3795 insigne
2201 3727 2334 3781 adeo
2359 3768 2374 3793 ,
2407 3737 2568 3797 atque
2619 3730 2756 3784 inter
2781 3729 2994 3786 Judazos
3026 3736 3288 3788 notarium
3314 3736 3529 3791 Christo

1962 3817 2247 3874 adduxisse
2274 3861 2288 3883 ,
2320 3827 2375 3872 ut
2401 3819 2642 3874 eamdem
2670 3861 2684 3885 ,
2734 3837 2850 3889 qua:
2874 3823 2998 3876 olim
3050 3825 3319 3892 prophetia
3362 3825 3483 3881 data
3506 3869 3525 3895 ,

1968 3916 2284 3977 potestatem
2316 3909 2559 3978 ipsismet
2578 3907 2797 3965 faceret.

2031 3998 2181 4065 Quod
2211 4013 2371 4067 supra
2415 3985 2721 4054 dicebamus
2746 4041 2760 4064 ,
2817 3999 2962 4065 plura
2990 3999 3057 4053 ab
3105 4003 3527 4074 exscriptoribus

1963 4091 2061 4144 hac
2092 4090 2251 4143 illhac
2271 4091 2602 4159 praetermitti
2641 4089 2894 4158 potuisse,
2929 4093 3134 4148 monuit
3162 4111 3247 4150 me
3275 4081 3374 4152 loci
3398 4098 3532 4155 alte-

1962 4179 2072 4232 rius
2091 4178 2246 4230 Lucae
2273 4193 2341 4240 vt,
2371 4179 2440 4230 26
2461 4220 2474 4241 ,
2501 4179 2588 4231 ubi
2619 4179 2831 4247 Vulgata
2858 4195 2978 4233 cum
3001 4181 3202 4238 Graecis
3220 4183 3389 4242 ferme
3411 4205 3530 4244 om-

1962 4267 2118 4319 nibus
2151 4282 2163 4317 :
2192 4266 2486 4320 Secundum
2509 4266 2619 4321 hinc
2641 4270 2773 4321 enim
2805 4271 3056 4336 faciebant
3083 4276 3532 4349 pseudoprophetis

1961 4367 2128 4426 patres
2153 4373 2326 4410 eorum
2345 4399 2362 4425 ,
2389 4360 2660 4429 exemplar
2682 4371 2918 4416 nostrum
2936 4404 2950 4427 ,
2974 4365 3226 4434 faciebant
3253 4379 3302 4423 et
3314 4373 3535 4440 prophe-

1961 4449 2044 4501 tis.
2093 4449 2155 4502 Et
2203 4451 2280 4504 sic
2335 4449 2548 4505 codices
2577 4453 2735 4522 aliqui
2781 4463 2905 4510 ante
2951 4457 3364 4530 Hieronymum,
3397 4473 3534 4519 teste

288 4557 516 4626 Agnosce
529 4554 726 4621 judicis
754 4553 1077 4606 severitatem.
1102 4547 1151 4602 Ε
1178 4559 1354 4603 contra
1383 4547 1572 4603 Christi
1600 4549 1850 4602 lenitatem
1878 4546 1928 4604 D
1955 4539 2136 4595 Μίιιίοο
2183 4541 2249 4596 Et
2293 4543 2370 4597 Sic
2424 4544 2631 4614 legebat
2695 4545 3054 4604 Tertullianus
3095 4551 3117 4622 (
3142 4551 3256 4608 Lib.
3295 4570 3349 4608 IV
3413 4561 3533 4610 adv.

284 4644 592 4712 increpantis
614 4641 838 4695 eamdem
864 4639 1345 4694 animadversionem
1375 4637 1681 4691 destinantes
1702 4639 1856 4707 disci-

283 4731 436 4799 pulos
454 4746 605 4799 super
631 4729 777 4784 illum
822 4729 1042 4783 viculum
1082 4727 1475 4783 Samaritarum.
1509 4726 1700 4792 Certe,
1733 4740 1853 4780 cum

282 4821 355 4878 ad
404 4821 668 4876 laudatam
697 4821 856 4876 Luca:
884 4819 1172 4890 pericopen:
1203 4818 1498 4886 respiceret
1533 4816 1625 4870 lib.
1650 4816 1716 4872 de
1755 4815 1853 4869 Pa-

287 4912 472 4968 timitia
495 4912 550 4972 3.
577 4911 708 4966 Elia:
732 4927 836 4966 non
859 4911 1120 4966 meminit.
1143 4908 1318 4964 Verba
1336 4908 1456 4977 ejus
1478 4907 1666 4962 damus
1682 4921 1712 4960 a
1733 4906 1852 4960 Mil-

289 4999 364 5056 lio
380 5016 482 5056 non
506 5001 785 5056 observata
806 5019 818 5053 :
842 5000 962 5055 Non
980 5011 1263 5070 peccatores
1276 4999 1298 5070 (
1311 4998 1481 5068 inquit
1493 4998 1853 5055 Tertulliauus

288 5092 359 5147 de
383 5089 596 5146 Christo
620 5092 842 5162 loquens
859 5093 898 5164 ),
928 5111 1028 5148 non
1054 5091 1363 5145 Publicanos
1409 5101 1708 5161 aspernatus
1756 5102 1852 5146 est.

293 5179 414 5235 Non
452 5180 530 5234 illi
565 5181 743 5233 saltem
769 5183 990 5249 civitati,
1017 5196 1130 5251 qua
1148 5197 1264 5235 eum
1309 5182 1534 5250 recipere
1580 5181 1812 5234 noluerat
1837 5220 1852 5244 ,

292 5275 447 5328 iratus
474 5284 583 5339 est;
607 5288 721 5325 cum
740 5275 889 5326 etiam
899 5275 1136 5343 discipuli
1165 5283 1267 5326 tant
1285 5273 1648 5326 contumelioso
1671 5271 1857 5342 oppido

287 5368 512 5421 ctulestes
531 5367 666 5437 ignes
693 5367 1043 5431 repraesentari
1070 5366 1359 5419 voluissent.

363 5456 625 5512 thterum
647 5459 803 5510 verba
835 5454 923 5506 illa
952 5471 979 5506 τι
1011 5457 1236 5522 quodam
1265 5455 1465 5510 codicis
1494 5453 1577 5508 sui
1629 5453 1853 5522 margini

291 5549 578 5618 adscripta,
601 5558 658 5601 ut
676 5545 1088 5608 asseritblillius,
1115 5547 1239 5602 inde
1282 5549 1332 5601 in
1357 5555 1850 5602 contextnmtraus-

294 5643 417 5695 iisse
446 5659 458 5692 :
484 5651 591 5694 tum
620 5640 686 5693 ah
725 5635 845 5694 aliis
865 5641 1022 5694 etiam
1046 5679 1058 5700 ,
1077 5639 1152 5690 uti
1184 5641 1329 5706 prius
1362 5640 1719 5694 Tertullianus
1739 5679 1754 5704 ,
1784 5637 1852 5691 ad

295 5718 463 5787 locum
515 5731 661 5786 illum
691 5731 843 5786 Lucas
888 5739 1065 5787 notata
1091 5729 1427 5786 occasionem
1479 5732 1692 5787 dedisse
1728 5729 1852 5786 huic

1961 4631 2125 4686 Marc.
2149 4630 2190 4704 ).
2215 4633 2532 4690 observante
2547 4637 2756 4693 eodem.
2778 4639 2950 4696 Verba
2978 4643 3093 4712 ejus
3114 4652 3270 4698 sunt:
3305 4645 3397 4700 Vte
3415 4665 3532 4701 cum

1958 4724 2096 4778 vobis
2148 4725 2490 4780 benedia'erint
2518 4728 2746 4785 homines
2772 4748 2791 4784 :
2815 4733 3084 4787 secundum
3137 4735 3243 4789 hcc
3278 4739 3533 4808 faciebant

1957 4825 2004 4869 ct
2017 4817 2285 4886 praplietis
2302 4827 2466 4887 patres
2496 4818 2717 4872 illorum.
2737 4819 2910 4889 quue
2931 4822 3137 4878 Creator
3175 4827 3534 4885 benedictionis

1955 4916 2002 4962 et
2025 4908 2192 4961 laudis
2218 4907 2455 4961 humana!
2482 4920 2750 4964 sectatores
2777 4912 2974 4966 incusat
3005 4932 3093 4983 per
3139 4916 3364 4972 Esaiam.
3425 4919 3533 4976 Po-

1953 5000 2104 5069 pulus
2125 5015 2264 5052 meus
2279 5039 2294 5064 ,
2317 4999 2403 5066 qui
2429 5014 2514 5053 cos
2538 5000 2706 5056 beatos
2727 5003 2928 5070 dicunt,
2951 5007 3194 5062 seducunt
3213 5025 3297 5064 vos
3313 5051 3329 5076 ,
3351 5021 3398 5064 et
3425 5013 3532 5065 vias

1955 5091 2138 5160 pedum
2165 5098 2437 5142 vestrorum
2465 5091 2753 5146 disturbant
2779 5093 2937 5165 (Esai
2960 5137 2975 5157 .
3002 5112 3082 5164 In,
3107 5097 3230 5169 12).
3259 5099 3524 5168 Legenda,

1956 5195 2073 5249 quia
2101 5178 2166 5232 ad
2223 5179 2364 5234 hunc
2409 5180 2585 5236 locum
2615 5183 2830 5240 adducit
2867 5187 3097 5252 Millius;
3147 5197 3256 5243 tum
3313 5189 3528 5246 Erasmi

1953 5271 2210 5340 judicium
2235 5314 2249 5335 ,
2277 5273 2365 5342 qui
2397 5275 2614 5342 putabat
2650 5268 3012 5333 diversitatem
3067 5279 3202 5336 hanc
3231 5282 3300 5336 ab
3349 5283 3528 5338 erudi-

1953 5362 2063 5416 tulo
2089 5363 2315 5433 quodam
2357 5365 2408 5417 in
2437 5364 2648 5420 codices
2673 5367 2918 5433 primitus
2947 5369 3246 5438 irrepsisse.
3277 5372 3385 5440 Ego
3416 5387 3529 5429 non

1953 5453 2168 5517 dubito,
2198 5454 2452 5524 quidquid
2491 5465 2765 5523 peccatum
2807 5459 2877 5513 sit
2896 5459 3115 5514 librario
3168 5462 3384 5526 deberi,
3433 5466 3528 5534 qui

1952 5561 2072 5600 eum
2107 5546 2427 5613 praecedenti
2470 5557 2735 5603 commate
2759 5549 2864 5616 25,
2891 5549 3078 5604 eadem
3125 5552 3343 5604 omnino
3363 5555 3529 5611 verba

1954 5636 2206 5705 legisset,
2237 5645 2329 5690 aut
2366 5635 2454 5692 hic
2478 5637 2580 5691 loci
2608 5638 2882 5692 retinenda
2929 5639 3169 5705 censuit,
3201 5641 3384 5712 sicque
3421 5646 3531 5715 pri-

1955 5743 2068 5786 mas
2095 5728 2329 5800 syllabas
2373 5729 2426 5784 in
2471 5728 2914 5800 psadoprophctis
2943 5732 3230 5801 prateriit;
3263 5743 3390 5806 aut,
3431 5737 3534 5798 fat.
