3902 6426
400 312 470 372 39
1731 333 2263 396 l’ROLEGOMENA.
3567 364 3638 418 40

396 430 629 487 lcntibus
656 437 1082 501 oculis,comma
1110 440 1234 496 illud
1263 455 1360 511 pro
1389 443 1557 498 altero
1579 445 1787 501 iterum
1814 451 1956 518 legit.
1990 454 2036 512 Α
2068 462 2174 519 pta,
2208 454 2327 521 quia
2373 455 2423 508 in
2470 456 2723 514 Africana
2764 458 3007 517 Ecclesia
3052 465 3153 521 soli
3202 468 3417 525 codices
3462 470 3635 529 Latini

395 516 557 574 Certe
585 522 650 575 ad
696 524 974 581 laudatum.
996 528 1166 584 Esaia:
1215 531 1388 586 locum
1416 535 1712 601 resltexisse
1761 538 1967 594 videtur

393 606 640 664 Salvator
670 626 870 669 noster.
918 617 987 671 Et
1013 620 1157 687 quod
1200 622 1329 674 olim
1362 624 1837 695 pseudopmpltcta:
1867 631 1960 694 illi,

392 699 483 765 qui
515 700 695 757 videre
716 704 844 759 falsa
866 746 880 770 ,
905 718 958 761 et
985 707 1223 775 divinare
1245 713 1439 781 populo
1463 716 1792 772 mendacium
1820 721 1964 774 dice-

392 787 587 845 bantur
605 833 620 855 ,
648 792 720 847 ita
744 796 904 851 ctiant
925 812 1031 853 non
1060 800 1356 868 defuturos,
1379 806 1467 874 qui
1490 849 1503 873 ,
1534 808 1597 861 ad
1622 818 1961 867 contumaces

390 878 700 937 Iudaeorum
728 886 933 941 animos
976 890 1368 958 obﬁrmandos,
1418 894 1549 951 bona
1576 907 1631 953 et
1680 900 1847 955 fausta
1894 903 1959 959 iis

386 987 644 1042 oggerere
673 991 776 1031 non
804 978 1142 1047 desinerent;
1173 1000 1306 1054 quos
1332 998 1607 1056 propterea
1632 992 1957 1061 pseudopro-

388 1064 563 1133 pltetis
602 1068 935 1123 assimilavit.
970 1072 1037 1125 Et
1064 1088 1225 1140 sane,
1258 1076 1360 1131 nisi
1405 1078 1639 1136 obstaret
1664 1097 1957 1139 consensus

383 1157 621 1209 omnium
652 1159 927 1228 hucusque
976 1163 1224 1217 codicum
1251 1205 1266 1229 ,
1301 1166 1580 1236 legendum
1636 1171 1904 1227 videretur
1935 1215 1951 1237 ,

382 1242 675 1297 Secundum
705 1248 813 1300 lucc
833 1251 962 1303 enim
984 1254 1233 1321 faciebant
1252 1258 1699 1329 psetrd0pr0pltettv
1726 1264 1953 1331 patribus

379 1333 604 1389 illorum.
635 1338 738 1391 Sed
769 1340 869 1394 hoc
892 1351 946 1395 ut
971 1346 1331 1413 conjecturam
1358 1350 1653 1419 simplicem
1678 1354 1884 1411 damus.

450 1444 683 1515 Longior
711 1449 831 1513 sim,
861 1451 904 1504 si
932 1454 1229 1519 peculiares
1252 1456 1505 1514 lectiones
1527 1462 1660 1517 alias
1690 1464 1739 1516 in
1764 1465 1949 1520 codice

376 1546 561 1589 nostro
586 1552 614 1589 a
647 1538 861 1608 Vulgata
894 1542 1173 1609 abeuntes,
1209 1548 1492 1603 nonnullas
1540 1553 1697 1604 ctiam
1752 1554 1946 1608 frustra

374 1638 405 1675 a
456 1624 583 1680 viris
629 1626 799 1682 doctis
848 1632 1159 1687 sollicitatas
1208 1638 1512 1705 expendere
1572 1640 1655 1695 hic
1706 1658 1939 1711 pergam.

372 1714 669 1780 prmsertim
687 1731 828 1782 cum,
846 1735 966 1789 quzc
979 1737 1078 1776 nos
1100 1723 1307 1778 adferre
1324 1740 1619 1793 possemus,
1651 1732 1940 1786 atltulct'iut

2072 542 2476 611 Evangeliorum
2506 549 2839 618 legebantur.

2136 632 2243 687 Cur
2269 634 2337 687 ita
2371 639 2599 692 senserit
2641 640 2899 709 Rigaltius
2927 644 3102 701 fateor
3129 662 3216 703 me
3243 664 3349 705 non
3390 652 3629 724 adsequi.

2063 720 2173 776 Nisi
2220 724 2263 777 si
2315 724 2451 781 forte
2480 729 2620 783 haud
2650 731 2762 785 ﬁeri
2792 736 3029 802 potuisse
3052 738 3428 813 arbitrabatur,
3457 752 3515 798 ut
3537 720 3630 800 ar-

2061 811 2289 883 chetypa
2320 818 2683 885 apostolorum
2728 821 2795 876 ad
2828 822 3140 881 Tertulliani
3179 844 3347 900 usque
3392 840 3627 904 tempora

2061 916 2427 970 superessent.
2462 906 2530 963 Ut
2567 909 2695 980 quid
2746 912 2888 968 enim
2929 914 3060 971 Afer
3087 917 3186 974 istc
3214 920 3280 975 ad
3309 920 3432 978 illas
3472 925 3625 980 dum-

2061 999 2204 1048 taxat
2230 995 2502 1055 Ecclesias
2522 1014 2890 1071 provocasset,
2920 1007 2984 1061 ad
3015 1024 3147 1079 quas
3166 1009 3625 1081 Apostolumscri-

2057 1083 2231 1149 psisse
2258 1096 2592 1157 compertum
2623 1094 2745 1146 est?
2770 1093 2853 1148 An
2883 1112 2986 1152 non
3027 1109 3081 1156 et
3128 1102 3268 1172 apud
3295 1104 3445 1166 alias
3492 1106 3624 1176 apo-

2056 1179 2257 1246 grapha
2324 1180 2687 1249 Epistolarum
2740 1186 2890 1245 Pauli
2940 1192 3281 1265 authentica,
3339 1200 3385 1253 si
3439 1198 3626 1259 Graece

2053 1268 2250 1337 scripta
2266 1270 2289 1323 τ

2121 1358 2412 1429 Simonius,
2462 1373 2520 1418 ut
2564 1366 2616 1421 in
2666 1370 2933 1443 plerisque
2984 1374 3117 1445 locis
3162 1377 3404 1436 historia:
3451 1382 3619 1453 illius,

2052 1464 2152 1504 nec
2193 1452 2323 1505 satis
2352 1470 2576 1529 memor,
2607 1468 2661 1513 et
2692 1475 2873 1529 parum
2906 1464 3006 1519 sibi
3051 1467 3152 1535 ipsi
3195 1481 3446 1527 constans
3494 1490 3617 1531 cum

2048 1542 2287 1606 apprime
2320 1545 2544 1599 ﬁdenter
2572 1548 2794 1605 dixisset
2833 1553 2931 1624 (ΙΙ.
2972 1555 3028 1610 C.
3063 1556 3220 1616 Parte
3248 1561 3288 1625 Ι,
3322 1563 3387 1631 ι),
3434 1565 3620 1633 primis

2048 1627 2154 1682 illis
2184 1629 2436 1687 Ecclesia:
2468 1643 2798 1706 temporibus
2827 1643 3043 1702 difﬁcile
3085 1648 3249 1706 fuisse
3290 1669 3446 1708 veros
3491 1672 3619 1726 apo-

2044 1720 2326 1789 stolorum,
2360 1736 2447 1779 attt
2492 1728 2872 1799 discipulorum
2920 1737 3081 1793 libros
3110 1742 3176 1795 ab
3218 1742 3286 1798 iis
3310 1760 3615 1815 secernere,

370 1804 599 1862 {amasse
649 1811 773 1875 alii,
839 1828 1063 1879 “uorum
1110 1830 1274 1883 opem
1328 1817 1590 1886 inspicere
1639 1824 1791 1877 nobis
1839 1840 1943 1878 ηοη
1974 1816 2020 1873 Β
2048 1825 2181 1877 quos
2212 1812 2447 1871 hasrctici
2480 1819 2613 1873 lictis
2643 1837 2826 1877 eorum
2878 1828 3183 1885 nominibus
3230 1832 3613 1903 inscribebant,

371 1893 537 1949 licuit.
568 1896 751 1966 Itaque
776 1902 940 1954 satius
967 1902 1070 1955 erit
1114 1903 1177 1956 ad
1222 1904 1585 1974 hujuscemodi
1616 1913 1941 1979 exemplaria

368 1998 678 2053 conversos,
728 1991 866 2044 unde
915 2006 980 2046 ea
1035 1993 1245 2049 demum
1298 1995 1582 2053 lectionum
1634 2003 1883 2068 varietas,
1913 2021 1941 2059 a

366 2076 583 2145 quibus,
618 2088 703 2131 aut
732 2082 942 2149 quando
970 2084 1146 2139 invehi
1177 2096 1372 2155 empta,
1403 2099 1659 2158 quantum
1693 2094 1939 2163 equidem

365 2174 421 2220 et
450 2167 745 2222 obscuritas
785 2181 1105 2241 temporum,
1139 2185 1187 2231 et
1237 2177 1434 2247 ingenii
1465 2179 1606 2237 vires
1648 2185 1938 2253 patiuntur,

364 2256 683 2327 disquirere.

435 2370 650 2426 Certum
680 2384 780 2437 est,
817 2386 871 2428 ttt
894 2388 1049 2431 antea
1078 2380 1405 2448 dicebamus,
1448 2385 1628 2442 divina
1672 2392 1939 2454 apostolo-

364 2471 482 2513 rum
538 2474 901 2529 monumenta,
952 2477 1007 2519 ut
1050 2485 1273 2537 qumque
1323 2476 1621 2542 prodibant,
1670 2478 1938 2536 Ecclesias

358 2549 496 2603 illas.
528 2553 719 2621 quibus
750 2556 920 2623 primo
950 2558 1309 2625 innotuerant,
1361 2563 1415 2616 in
1461 2566 1674 2620 codices
1701 2584 1825 2623 suos
1854 2588 1937 2625 rc-

360 2642 576 2707 tulisse;
611 2653 718 2697 tum
749 2661 933 2699 earum
978 2651 1283 2719 apographa
1334 2655 1688 2722 prOpioribus,
1734 2658 1935 2728 hasque

358 2735 583 2788 invicem
611 2737 729 2791 aliis
754 2744 1177 2799 communicasse
1208 2744 1474 2813 ﬁdelibus,
1511 2758 1567 2802 ut
1594 2760 1788 2819 praesto
1813 2768 1934 2810 esse

358 2836 578 2892 possent
608 2844 620 2879 :
656 2844 717 2881 ea
751 2831 990 2899 profecto
1018 2849 1144 2888 cura
1184 2835 1471 2907 descripta,
1502 2856 1617 2909 qua:
1647 2845 1931 2912 puritatem

356 2920 625 2973 nascentis
668 2922 942 2989 Ecclesiae,
992 2936 1152 2996 atque
1180 2944 1302 2996 una,
1333 2932 1656 3002 scriptorum
1681 2951 1931 2992 reveren-

356 3005 507 3071 tiam,
559 3009 973 3084 dignitatemque
1023 3017 1245 3073 decebat
1290 3039 1304 3073 :
1358 3021 1509 3088 viris,
1558 3036 1615 3080 ut
1663 3028 1807 3083 credi
1834 3046 1931 3100 par

353 3105 457 3160 cst,
489 3098 552 3151 ad
583 3115 776 3154 munus
818 3104 947 3159 illud
996 3106 1217 3163 delectis
1238 3152 1251 3174 ,
1282 3125 1503 3181 quorum
1530 3115 1597 3171 de
1627 3118 1729 3174 ﬁde
1760 3098 1929 3176 acidi-

2046 1900 2417 1962 deﬁcientibus
2480 1911 2751 1980 archivis,
2813 1919 2877 1971 ad
2925 1935 3044 1987 qua:
3090 1939 3380 1991 provocare
3429 1900 3616 1988 ﬁdeles

2048 2005 2285 2061 possent,
2333 2014 2437 2051 non
2465 2004 2644 2070 .multo
2676 2016 2856 2073 postea
2906 2010 3180 2069 intervallo
3224 2017 3509 2088 subjungit.
3558 2022 3613 2079 Si

2044 2082 2255 2148 quando
2284 2089 2542 2143 sectaritts
2571 2092 2765 2161 aliquis
2791 2096 2911 2150 ﬁcta
2941 2099 3223 2171 Evangelia
3254 2107 3610 2179 opposuisset,

2043 2169 2161 2225 falsi
2188 2176 2488 2231 convictum
2519 2196 2545 2232 a
2578 2180 2844 2248 Patribus,
2888 2186 2950 2239 ad
2982 2204 3101 2243 vera
3152 2193 3237 2246 illa
3274 2201 3608 2263 provocanti-

2044 2260 2163 2323 Ιιυς,
2195 2278 2314 2331 qua:
2362 2268 2410 2319 in
2457 2269 2707 2327 Ecclesiis
2758 2279 3081 2343 apostolicis,
3113 2284 3332 2349 perinde
3361 2303 3423 2342 ac
3464 2288 3509 2343 si
3558 2292 3608 2346 in

2038 2352 2293 2419 archivis,
2323 2361 2691 2418 servabantur.
2724 2363 2801 2417 Ils
2845 2368 2967 2421 l'aut
2995 2375 3273 2427 conruaincn
3302 2377 3365 2431 de
3388 2379 3439 2431 la
3464 2381 3609 2449 {aus-

2037 2446 2140 2496 seté
2164 2446 2250 2496 des
2280 2458 2435 2511 acres,
2460 2453 2584 2516 qu’il
2600 2456 2884 2521 produisait
2912 2477 3038 2525 pour
3056 2463 3127 2517 les
3153 2446 3492 2539 vtntraeaes,
3520 2476 3608 2542 qui

2038 2547 2090 2582 se
2120 2537 2462 2589 conservaient
2499 2540 2627 2593 dmts
2680 2542 2749 2595 les
2794 2543 2991 2614 Eglises
3032 2556 3392 2620 apostoliqucs,
3438 2537 3485 2613 ct
3521 2537 3606 2628 qui

2036 2623 2256 2675 tcttaimt
2279 2625 2379 2678 liett
2410 2628 2871 2699 d‘arcltives.'Quid
2906 2638 3078 2705 itaque
3105 2642 3220 2694 alia!
3248 2661 3350 2698 non
3383 2659 3602 2717 aposto-

2035 2710 2149 2767 liee
2194 2716 2280 2769 ubi
2328 2732 2461 2787 Opus
2501 2725 2682 2776 esset?
2726 2725 2857 2780 Tum
2905 2731 3041 2797 quod
3075 2733 3125 2785 in
3168 2734 3383 2801 Africus,
3420 2738 3601 2810 Italia),

2033 2799 2348 2873 Galliarum,
2378 2808 2602 2880 aliisque
2640 2813 2941 2872 Occidentis
2982 2820 3233 2879 Ecclesiis
3280 2828 3327 2881 itt
3357 2799 3600 2888 Latinam

2031 2891 2263 2962 linguam
2314 2901 2569 2956 translata
2619 2905 2900 2977 Evangelia
2941 2911 3261 2982 legerentur,
3308 2936 3433 2976 num
3476 2941 3599 2992 pro-

2033 2992 2211 3048 nterea
2239 3003 2385 3054 vera,
2416 3002 2575 3062 atque
2599 2998 2900 3055 authentica
2920 3017 3038 3058 esse
3076 3005 3385 3065 desierant?
3408 3011 3605 3081 Quam:

2034 3076 2111 3130 vis
2159 3072 2262 3153 non
2312 3081 2378 3136 de
2428 3084 2749 3156 Evangeliis,
2798 3092 2893 3147 sed
2938 3093 3005 3149 de
3061 3096 3298 3157 Paulinis
3342 3072 3596 3175 Epistolis

1007 3159 1025 3160 Ὗ
1045 3159 1213 3163 Vini"
1238 3159 1251 3174 ’
1287 3159 1501 3181 “””“”’
1532 3159 1596 3171 ’Ν
1627 3159 1729 3174 mw
1760 3159 1823 3174 ’“’
1847 3159 1929 3176 “’“
1954 3159 1998 3220 C
2032 3168 2098 3221 Ιο(
2123 3180 2275 3224 natur
2303 3172 2431 3228 inibi
2458 3175 2836 3236 'l‘ertullianns.

374 3186 563 3236 iccntia
592 3191 784 3236 ambigi
818 3194 1035 3236 minima
1079 3208 1252 3236 nocent
1280 3216 1293 3228 -
1323 3210 1374 3236 ns
1415 3205 1492 3236 ειη
1520 3207 1784 3236 ...ελ-ιιι..-
1815 3226 1889 3236 η..
2102 3185 2115 3236 l

348 3183 563 3255 ligentia
592 3191 784 3261 ambigi
818 3194 1035 3251 minime
1079 3208 1294 3265 posset;
1323 3210 1378 3257 et
1415 3205 1493 3258 sic
1520 3207 1786 3273 prioribus
1813 3226 1921 3266 sa:-

350 3275 486 3330 CuIis
526 3279 577 3331 itt
609 3279 814 3334 illarum
844 3287 1095 3341 sacrariis
1123 3288 1419 3346 castissime
1448 3292 1649 3360 habita,
1696 3297 1923 3356 fortasse

350 3367 510 3420 etiam
539 3371 675 3438 apud
720 3375 973 3441 privatos,
1020 3378 1108 3447 qui
1156 3379 1273 3449 plus
1315 3396 1524 3453 sapere,
1573 3400 1730 3467 quam
1761 3404 1922 3459 opor-

350 3462 509 3523 teret,
544 3462 775 3516 nondum
802 3464 1133 3523 didicissent.

420 3570 488 3624 Et
516 3588 645 3629 sane
672 3592 777 3631 non
829 3581 1001 3635 solum
1033 3584 1172 3639 haud
1218 3588 1472 3656 proclive,
1503 3591 1597 3647 sed
1641 3610 1815 3665 neque
1840 3606 1921 3654 tu-

349 3666 461 3713 tum
494 3670 617 3718 tunc
645 3678 779 3732 crat,
812 3672 1120 3742 quidquam,
1154 3679 1293 3745 quod
1317 3681 1385 3732 ab
1405 3683 1711 3755 archetypis
1739 3688 1923 3745 differ-

345 3759 450 3815 ret,
484 3754 534 3806 itt
562 3758 865 3827 apographa
893 3760 1167 3819 intrudere
1198 3784 1210 3817 :
1258 3768 1363 3823 illis
1388 3770 1563 3826 adhuc
1596 3754 1735 3843 apud
1768 3780 1917 3847 prin-

345 3840 493 3909 cipcs
519 3843 792 3902 Ecclesias
819 3852 1177 3919 manentibus,
1207 3855 1275 3909 ad
1306 3872 1439 3927 quas
1466 3875 1761 3931 provocare
1791 3869 1918 3925 lice-

345 3940 448 3983 ret.
483 3932 631 3997 Quod
664 3934 856 3994 fecisse
885 3940 1093 3996 videtur
1120 3944 1474 4005 Tertullianus
1518 3951 1619 4023 (De
1646 3962 1910 4031 prtescrip.

347 4015 546 4072 liceret.
578 4027 783 4095 xxxvi),
834 4037 887 4083 et
933 4032 1147 4099 quidem
1191 4047 1437 4093 conserta
1481 4056 1599 4095 cum
1651 4044 1916 4105 hazreticis

344 4124 538 4176 manu;
568 4115 654 4181 qui
686 4116 733 4170 si
762 4118 1057 4189 fefellisset,
1107 4132 1199 4178 aut
1237 4126 1507 4184 credulum
1552 4148 1671 4187 eum
1716 4136 1911 4205 ridere,

343 4207 433 4251 aut
480 4202 789 4259 mendacem
836 4210 1113 4268 traducere
1156 4223 1418 4282 poterant.
1460 4218 1547 4274 Ait
1595 4224 1780 4278 enim:
1812 4202 1916 4297 Age

332 4289 468 4357 jam,
499 4290 584 4355 qui
610 4293 745 4344 uoles
774 4300 1117 4353 curiositatem
1146 4306 1322 4361 melius
1360 4325 1594 4365 exercere
1622 4315 1675 4366 in
1715 4320 1913 4386 negotio

338 4380 521 4433 salutis
549 4391 666 4445 luat,
699 4401 936 4452 percurre
966 4388 1220 4444 Ecclesias
1248 4400 1569 4465 apostolicos,
1609 4408 1750 4470 apud
1778 4380 1913 4475 ⁷(μιαί

338 4470 464 4539 ipsa:
492 4471 661 4523 adhuc
688 4475 941 4529 cathedra:
966 4481 1309 4545 apostolorum
1336 4487 1444 4538 suis
1470 4489 1591 4542 locis
1614 4470 1907 4563 prmsident,
1936 4514 1986 4571 ι)

336 4561 478 4631 apud
504 4577 627 4629 quas
654 4563 779 4632 ipsrc
807 4580 1155 4623 AUTHINTICE
1188 4572 1368 4627 littera
1393 4592 1568 4631 eorum
1606 4584 1901 4654 recitantur,

335 4662 568 4707 sonantes
582 4670 769 4721 vocent,
788 4664 832 4707 et
854 4669 1270 4727 repraaseutantes
1295 4667 1476 4732 [aciem
1491 4671 1902 4743 uniuscuiusque.

336 4740 586 4797 Proxima
632 4754 706 4797 est
754 4747 843 4799 tibi
874 4746 1107 4801 Achaia?
1135 4752 1285 4805 habes
1332 4752 1651 4811 Corinthum.
1700 4763 1759 4815 Si
1799 4740 1905 4820 non

335 4830 483 4901 longe
508 4849 559 4886 es
585 4852 617 4887 a
659 4836 984 4905 Macedonia,
1013 4840 1164 4896 habes
1192 4842 1480 4917 Philippos,
1516 4851 1663 4905 habes
1688 4852 1904 4911 Thessa-

332 4922 572 4976 lonicam.
605 4925 666 4980 Si
695 4939 833 4997 potes
863 4934 917 4984 in
942 4933 1113 4987 Asiam
1150 4938 1372 5005 tendere,
1420 4940 1572 4996 habes
1616 4944 1895 5013 Ephesum.

333 5010 397 5067 Si
430 5024 595 5067 autem
638 5014 809 5070 Italia:
846 5020 1073 5091 adjaces,
1105 5026 1340 5094 Romam,
1374 5033 1506 5087 unde
1534 5010 1676 5088 nobis
1703 5054 1898 5107 quoque

330 5104 606 5156 auctoritas
632 5116 814 5172 prtesto
840 5117 931 5161 est.
963 5109 1076 5165 Non
1104 5129 1187 5168 me
1217 5116 1348 5171 latet
1372 5136 1488 5187 qua:
1519 5104 1721 5179 fuerint
1759 5104 1897 5195 apud

332 5189 617 5258 Rigaltium
649 5192 828 5261 (Notis
855 5196 915 5249 ab
950 5198 1007 5276 ’It.
1040 5201 1120 5268 t.).
1156 5202 1367 5263 Litterre
1394 5208 1510 5264 istae
1547 5189 1892 5284 authenticre,

329 5278 398 5331 ad
446 5295 577 5348 quas
625 5294 878 5349 provocat
923 5287 1301 5361 Tcrtullianus,
1349 5298 1526 5367 lingua
1566 5304 1771 5361 scilicet
1800 5278 1892 5364 ea;

328 5366 471 5433 dem,
506 5384 609 5437 qua
639 5371 847 5427 fuerant
872 5376 939 5429 ab
966 5382 1216 5447 apostolis
1241 5366 1578 5457 conscriptae.

401 5480 695 5547 Simonius,
749 5483 1028 5553 liigaltium
1056 5501 1289 5559 secutus,
1318 5497 1415 5567 (11.
1445 5501 1503 5555 C.
1537 5502 1612 5558 Ν.
1648 5505 1706 5558 Τ.
1737 5507 1895 5565 Parte

330 5563 372 5617 l.
402 5568 495 5635 tv),
525 5572 663 5639 ideo,
715 5574 903 5645 inquit,
951 5592 1069 5633 cum
1114 5581 1179 5635 ad
1225 5563 1521 5645 autbentica
1562 5599 1889 5668 exemplaria

330 5666 660 5728 provocarct,
688 5679 793 5720 non
819 5667 920 5723 alia
949 5668 1305 5742 intellexisse,
1348 5693 1505 5748 quam
1536 5666 1884 5746 Graecescri-

2096 3258 2277 3328 Itaque
2325 3277 2669 3330 superessent
2711 3272 2997 3329 etiamnum
3039 3277 3182 3333 illius
3208 3298 3321 3343 tevo
3350 3295 3596 3357 autogra-

2026 3347 2125 3413 pha
2158 3348 2399 3421 Apostoli
2429 3354 2481 3408 itt
2513 3362 2824 3415 memoratis
2874 3364 3152 3435 Ecclesiis,
3182 3386 3371 3439 necne,
3416 3380 3590 3445 profe-

2026 3444 2112 3489 cto
2136 3439 2252 3494 siue
2280 3441 2485 3498 idoneis
2518 3452 2892 3517 monumentis,
2925 3456 2977 3510 in
3008 3473 3065 3513 re
3102 3459 3243 3526 facti,
3274 3475 3328 3518 ut
3357 3464 3456 3523 hoc
3485 3480 3588 3539 cst,

2024 3542 2181 3582 nemo
2226 3538 2427 3587 statuat
2471 3538 2724 3605 prudens.
2775 3542 3021 3603 Attamen
3062 3550 3201 3620 quod
3251 3559 3453 3615 servari
3498 3538 3592 3631 po;

2023 3618 2238 3683 tuerint,
2291 3623 2419 3679 nihil
2466 3637 2629 3682 vetat.
2682 3631 2790 3686 lmo
2832 3635 2973 3704 quod
3021 3618 3266 3709 servata,
3313 3646 3468 3718 longe
3498 3618 3590 3707 .cst

2022 3714 2399 3771 verosimilius.
2447 3719 2501 3774 Si
2560 3725 2700 3777 enim
2744 3734 2820 3780 tot
2857 3741 3067 3799 ectypa,
3108 3748 3205 3789 cur
3250 3753 3354 3792 non
3401 3742 3590 3800 arche-

2023 3810 2181 3869 typa,
2234 3805 2375 3861 unde
2424 3815 2802 3869 manaverantl
2852 3817 2904 3873 in
2952 3822 3143 3891 quibus
3200 3836 3253 3881 et
3298 3832 3585 3889 maximum

2022 3890 2383 3950 Ecclesiarum
2433 3898 2631 3968 decus,
2676 3904 2739 3958 ad
2786 3904 2917 3975 quas
2963 3890 3099 3966 data:
3149 3915 3401 3984 Epistolas
3451 3923 3582 3988 illae,

2016 3996 2215 4049 quaeso
2270 3987 2337 4037 ab
2366 3987 2621 4055 Apostolo
2665 3993 2906 4049 fundatas
2954 4000 3145 4055 merito
3186 4004 3580 4077 gloriabantur;

2018 4081 2071 4123 et
2115 4084 2308 4139 prazsto
2355 4090 2567 4146 semper
2609 4084 2899 4137 auctoritas
2943 4098 3127 4143 contra
3175 4104 3483 4163 novatorcs,
3535 4102 3579 4154 si

2016 4160 2140 4227 quid
2168 4162 2219 4215 in
2249 4168 2568 4235 apograpltis
2609 4171 2793 4226 dolose
2819 4173 3032 4240 addere,
3066 4180 3330 4248 omittere,
3367 4201 3580 4252 pcrvcr-

2018 4259 2128 4305 tere
2161 4254 2473 4311 niterentur.
2504 4258 2579 4313 Ae
2606 4273 2905 4331 preptcrea,
2954 4281 3058 4321 non
3086 4270 3206 4338 quia
3237 4272 3420 4329 Grzecc
3449 4280 3579 4332 scri—

2017 4350 2117 4409 pta:
2160 4344 2211 4397 in
2257 4348 2613 4414 peculiaribus
2638 4351 2746 4407 illis
2788 4354 3061 4424 Ecclesiis,
3094 4374 3212 4413 nam
3241 4378 3390 4432 teque
3418 4367 3467 4418 in
3503 4378 3579 4422 tot

2013 4432 2154 4495 aliis,
2187 4435 2281 4488 sed
2313 4440 2450 4504 quod
2476 4440 2749 4519 ἶδιὸχειραι
2776 4446 2902 4514 ipsa:
2930 4448 3076 4502 Pauli
3111 4450 3361 4520 Epistolis:
3390 4471 3575 4526 supcr-

2087 4530 2162 4573 tes
2187 4534 2381 4589 essent,
2416 4530 2481 4582 ad
2510 4531 2604 4586 has
2633 4540 2996 4602 provocaverit
3022 4540 3395 4599 'l'ertullianns.

2082 4609 2161 4663 Ad
2208 4614 2486 4686 Evangelia
2534 4624 2671 4689 quod
2718 4638 2942 4697 spectat,
2991 4636 3232 4702 quamvis
3280 4637 3571 4709 Simonius,

2008 4698 2126 4751 loco
2170 4706 2576 4775 supralaudato,
2622 4728 2826 4772 servata
2879 4722 2931 4775 in
2967 4723 3221 4781 Ecclesiis
3264 4734 3572 4799 aposmlicis

2007 4802 2190 4843 eorum
2249 4795 2533 4868 archetypa
2582 4806 2814 4863 sensisse
2857 4812 3118 4881 videatur,
3169 4833 3327 4875 nemo
3370 4831 3565 4890 tamen,

2006 4880 2147 4945 quod
2175 4882 2363 4951 sciam,
2399 4892 2619 4955 prmcisc
2661 4896 2725 4950 ad
2756 4898 2965 4956 illorum
2998 4905 3209 4975 aliquod
3239 4914 3565 4981 provocavit,

2006 4983 2197 5037 prmter
2245 4976 2455 5033 Petrum
2503 4984 2917 5048 Alexandrinum
2948 4994 3001 5050 in
3032 4976 3328 5069 fragmento
3366 5002 3433 5058 de
3462 5003 3567 5059 Pa-

2003 5063 2204 5127 scbate,
2235 5067 2301 5120 de
2324 5084 2427 5136 quo
2456 5085 2658 5140 postea.

2074 5155 2290 5222 Verum,
2343 5172 2627 5235 utcumque
2673 5186 2738 5226 ex
2784 5176 2884 5230 hoc
2932 5176 3047 5245 ipso
3083 5185 3221 5250 quod
3251 5187 3561 5257 primigenia
3654 5204 3657 5207 '

2000 5244 2129 5298 Novi
2176 5247 2416 5305 Fmdcris
2464 5270 2802 5314 monumenta
2861 5264 2912 5317 in
2956 5273 3260 5335 apostolicis
3307 5276 3563 5330 Ecclesiis

2001 5347 2360 5405 servarentur,
2392 5342 2607 5401 difﬁcile
2638 5349 2793 5404 fuerit
2820 5354 2870 5406 in
2900 5372 3082 5413 eorum
3116 5360 3437 5431 apograpltis
3463 5366 3561 5418 ali-

1999 5426 2124 5494 quid
2153 5431 2463 5497 itutnntare;
2515 5437 2638 5491 nihil
2671 5452 2841 5497 tamen
2871 5449 3004 5504 adeo
3034 5452 3220 5506 efficax
3265 5454 3329 5505 ad
3376 5466 3557 5510 custo-

1998 5516 2240 5571 diendam
2284 5522 2492 5577 illorum
2539 5528 2887 5599 integritatem
2921 5549 3043 5593 tunc
3075 5543 3327 5609 temporis
3354 5544 3471 5613 fuit,
3502 5558 3559 5602 ut

1996 5620 2120 5659 cura
2150 5608 2281 5676 ipsa,
2311 5622 2362 5665 et
2388 5620 2679 5673 reverentia
2720 5638 2989 5680 sacrorum
3028 5629 3291 5697 codicum,
3334 5648 3452 5689 cum
3498 5638 3557 5691 li-

1996 5695 2195 5753 dclium
2225 5702 2560 5772 simplicitate
2589 5714 2889 5784 conjuncta.
2922 5717 2990 5773 Et
3016 5718 3111 5789 ita,
3144 5695 3384 5793 quamvis
3422 5744 3556 5786 non-
