3902 6430
267 319 328 376 41
1038 318 1249 376 EPIST.
1293 317 1533 376 PHlLlP.
1575 315 1939 382 GARBELLI,
1981 317 2068 374 DE
2106 317 2348 377 CODICE
2387 318 2727 379 BRIXIANO.
3443 332 3511 388 η

235 425 399 516 pulli
439 427 490 481 in
515 425 627 482 suis
668 426 1061 497 exemplaribus
1089 429 1284 483 audere
1319 428 1518 497 aliquid
1547 427 1832 497 potuerint,
1864 433 1916 490 Α
1941 427 2043 480 tius
2089 429 2345 484 sumenda
2375 434 2479 484 sint
2515 431 2654 485 beati
2700 431 2988 500 Scriptoris
3027 435 3209 502 verba,
3259 436 3396 492 haud
3438 441 3506 496 ita

265 519 318 573 in
347 517 721 573 ecclesiasticis
751 528 926 573 tamen
957 520 1008 575 id
1039 521 1152 574 ﬁeri
1185 522 1442 589 potuisse,
1468 520 1835 573 difﬁcillimum

264 618 415 677 puto.
445 607 552 663 Aut
576 608 721 664 enim
753 611 996 679 privatim
1022 626 1050 664 a
1073 613 1240 665 sacris
1271 612 1526 666 duntaxat
1557 613 1831 676 ministris,

261 709 353 753 aut
382 699 593 768 publice
620 715 650 755 a
683 701 991 764 lectoribus,
1024 709 1078 756 et
1102 702 1317 771 quidem
1346 704 1696 770 prmsentibus
1726 705 1836 758 fere

268 807 483 861 semper
506 793 771 863 episcopis
794 792 1126 863 legebantur.

329 885 382 939 Si
410 884 533 954 quid
568 885 1038 954 tamen-conjicere
1067 886 1212 951 licet,
1253 901 1356 942 non
1389 886 1588 956 primo,
1629 887 1722 941 sed
1753 887 1831 939 al-

257 983 375 1029 tero
421 974 649 1029 fortasse
693 975 924 1038 saeculo,
976 976 1238 1030 incertum
1281 975 1718 1045 praesnmplione,
1766 990 1834 1030 an

253 1067 607 1131 credulitate,
661 1080 945 1135 paucorum
1001 1067 1218 1122 scholiis
1268 1069 1458 1123 tentari
1490 1079 1662 1136 empta
1710 1083 1831 1122 cum

253 1159 585 1225 Griecprum,
621 1171 728 1214 tum
769 1160 1079 1216 Latinorum
1109 1161 1349 1218 codicum
1381 1161 1559 1215 facies.
1596 1161 1715 1214 Mox
1740 1175 1832 1214 au-

252 1262 336 1305 cta
377 1253 428 1305 in
467 1253 598 1306 dies'
619 1261 672 1306 et
719 1253 944 1318 litteris,
985 1263 1039 1308 et
1077 1254 1272 1308 divitiis
1317 1253 1574 1316 Ecclesia,
1613 1252 1832 1306 libertas

251 1342 425 1411 major
465 1343 694 1411 gliscere
720 1342 914 1411 'ecepit.
978 1343 1209 1398 Eruditis
1248 1343 1555 1397 Graecorum
1605 1341 1832 1409 ingeniis

249 1437 563 1503 apostolica:
616 1437 666 1489 in
725 1438 1011 1492 scribendo
1071 1437 1457 1506 simplicitatis,
1517 1435 1829 1488 Latinorum

253 1541 381 1580 vero
407 1528 570 1595 illius,
601 1542 702 1595 qua
736 1528 891 1596 primi
935 1530 1275 1597 interpretes,
1311 1528 1372 1582 ad
1409 1529 1590 1597 populi
1617 1535 1830 1595 captum

246 1615 611 1681 ἰδιωτιῦοντες,
645 1619 724 1671 usi
759 1619 809 1672 in
855 1620 1229 1675 transferendo
1260 1618 1493 1684 fuerant,
1534 1620 1672 1675 male
1712 1636 1832 1687 per-

251 1707 416 1761 tazsis.
447 1707 638 1762 Adhuc
668 1717 864 1770 tamen,
893 1710 944 1762 ni
975 1709 1151 1773 fallor,
1181 1711 1318 1762 intra
1346 1710 1669 1778 privatorum
1701 1725 1832 1762 can-

1938 517 2170 580 proelive
2205 530 2287 573 eSI.
2317 520 2520 574 creditu
2551 521 2734 589 primis
2774 522 2878 576 illis
2918 523 3043 578 ﬁdei
3073 529 3399 594 temporibus
3432 538 3510 584 tot

1935 608 2168 674 privatos
2216 613 2533 683 interpretes
2567 617 2758 683 passim
2801 617 2984 680 fuisse,
3029 620 3183 688 longe
3216 637 3339 676 vero
3369 622 3508 676 difﬁ-

1935 698 2108 764 cilius,
2133 701 2178 754 si
2204 702 2271 756 de
2287 703 2494 759 Veteris
2523 705 2862 760 lnstrumemi
2887 709 3224 766 versiouibns
3251 713 3391 781 loqui
3415 728 3509 767 vo-

1935 787 2115 853 luerit,
2147 794 2284 859 quod
2310 794 2375 849 de
2409 795 2540 850 Novi
2572 797 2733 851 etiam
2765 798 3094 855 Testamenti
3128 803 3509 872 interpretibus

1933 879 2218 935 dicendum
2250 893 2398 951 puto,
2425 902 2545 940 cum
2567 929 2580 950 ,
2610 890 2697 956 qui
2726 889 2791 943 ad
2808 889 2927 944 ﬁdei
2958 906 3349 948 sacramentum
3384 906 3510 950 tunc

1933 972 2302 1039 vocabantur,
2351 977 2550 1034 ittdOCti
2590 991 2644 1033 ut
2687 977 3011 1049 plurimum,
3057 999 3118 1038 ac
3164 989 3388 1054 papulus
3423 1005 3508 1044 cs-

1932 1073 2071 1117 sent.
2102 1067 2177 1120 Ac
2201 1078 2480 1136 propterea
2514 1087 2615 1126 non
2642 1073 2708 1128 de
2728 1074 2896 1141 primo
2912 1078 3126 1134 sarculo.
3153 1094 3214 1132 ac
3240 1085 3503 1148 sequenti,

1935 1159 2025 1211 sed
2058 1159 2124 1212 de
2157 1161 2219 1213 iis
2250 1165 2578 1230 temporibus
2606 1165 3006 1235 intelligendum
3039 1171 3289 1224 existimo
3320 1171 3504 1226 lauda-

1936 1258 2043 1299 tum
2076 1250 2173 1302 viri
2206 1252 2527 1306 sanctissimi
2558 1255 2754 1318 locum,
2781 1272 2897 1325 quae
2928 1273 3086 1326 supra
3119 1261 3382 1329 tetigimus
3437 1261 3503 1316 Et

1932 1335 2008 1388 sic
2053 1336 2211 1390 etiam
2264 1340 2423 1395 latius
2465 1344 2755 1398 stnnendos
2808 1345 3125 1414 interpretes
3185 1349 3338 1415 illos,
3394 1367 3498 1405 non

1933 1429 2083 1495 quasi
2129 1431 2402 1487 versiones
2430 1435 2666 1504 integras
2702 1437 2978 1503 cuderent,
3027 1440 3120 1494 sed
3161 1442 3317 1496 veluti
3345 1447 3502 1497 scho-

1933 1519 2133 1585 liastas,
2167 1523 2253 1590 qui
2278 1524 2517 1580 locorum
2541 1527 2758 1595 aliquot,
2792 1537 2849 1582 ut
2879 1531 2977 1584 sibi
3002 1532 3133 1600 ipsis
3159 1533 3496 1602 videbantur,

1931 1612 2338 1676 emendatores,
2397 1624 2487 1668 aut
2542 1617 2898 1674 illustratores
2953 1633 3154 1676 essent.
3206 1625 3319 1680 Non
3379 1642 3495 1683 rare

1930 1701 2088 1756 etiam
2119 1703 2319 1759 Graecae
2347 1705 2541 1777 lingua:
2571 1709 2832 1777 imperiti;
2880 1721 2935 1764 ut
2958 1723 3235 1782 propterea
3258 1717 3498 1774 tnalein-

245 1800 414 1855 cellos
440 1801 1202 1871 coactalicentia,intactisque
1227 1801 1613 1855 Ecclesiasticis
1641 1816 1824 1855 exem-
1854 1795 1897 1851 Β
1929 1797 2137 1850 Iellccta
2165 1800 2317 1867 pejus
2359 1801 2669 1856 redderent.
2703 1801 2868 1871 Cujus
2913 1806 2987 1858 rei
3030 1805 3287 1874 liquidum
3328 1823 3504 1864 exem-

245 1893 505 1960 plaribus.
542 1895 737 1960 Donec,
788 1895 1065 1948 ruentibus
1102 1895 1151 1948 in
1192 1895 1371 1962 pejus,
1416 1903 1550 1949 teSte
1591 1895 1820 1949 Eusebio

244 1983 264 2054 (
301 1983 371 2037 Η.
398 1983 463 2036 E.
492 1999 607 2049 vni,
634 1985 659 2038 l
687 1985 703 2055 )
732 2025 747 2050 ,
792 2000 910 2040 cum
939 1986 1139 2055 populi,
1174 1995 1282 2039 tum
1321 1986 1615 2040 antistitum
1659 1988 1822 2040 mori-

242 2074 362 2140 bus,
391 2074 497 2130 Deo
523 2076 599 2129 sic
627 2077 988 2144 permittente,
1020 2077 1238 2145 ingratae
1258 2077 1425 2130 vinea:
1452 2092 1561 2131 suae
1591 2076 1822 2131 horribi-

240 2167 307 2221 lis
327 2168 416 2221 illa
447 2177 846 2236 persecuturum
881 2179 1169 2238 tempestas
1194 2170 1432 2224 incubuit
1463 2170 1547 2236 (Α.
1575 2168 1632 2221 (ἐ.
1667 2167 1815 2237 505).

312 2258 464 2312 Tune
489 2261 679 2327 prima,
703 2269 756 2314 et
784 2261 994 2329 quidem
1040 2261 1328 2313 Inctuosior
1363 2274 1637 2312 sacrorum
1667 2259 1816 2313 codi-

240 2364 361 2403 cum
412 2349 592 2403 clades
632 2349 751 2413 fuit,
794 2348 955 2417 jussis
1009 2348 1204 2416 ubique
1237 2349 1652 2418 magistratibus,
1712 2363 1818 2402 non

239 2440 414 2495 solum
441 2439 709 2495 Ecclesias
740 2439 973 2504 diruere,
1017 2441 1109 2492 sed
1144 2455 1250 2508 prae
1281 2441 1488 2494 caeteris
1519 2440 1725 2496 divinos
1755 2439 1820 2494 li-

240 2532 365 2588 bros
394 2531 754 2606 abepiseOpis
781 2533 922 2600 ipsis,
960 2546 1249 2601 eorumque
1275 2532 1534 2587 ministris
1559 2533 1818 2587 acerrime

240 2625 493 2695 quaesitos
534 2622 585 2676 in
620 2621 806 2690 plateis
848 2621 1052 2690 publice
1101 2634 1278 2676 urere.
1312 2621 1453 2688 Quot
1503 2621 1723 2690 proinde
1765 2623 1818 2676 in

243 2703 434 2778 ruinis,
462 2721 616 2767 antea
648 2712 843 2778 czelati,
882 2710 1172 2779 perierint;
1207 2713 1336 2779 quot
1363 2711 1413 2763 vi
1453 2726 1515 2765 ac
1541 2713 1821 2766 tormentis

240 2807 461 2868 extorti,
491 2814 621 2873 quot
648 2820 677 2857 a
699 2807 888 2871 servis,
916 2806 981 2860 ab
1010 2805 1234 2870 ancillis,
1267 2820 1295 2858 a
1321 2804 1604 2872 transfugis
1630 2803 1815 2870 delati,

241 2896 387 2964 quoti
411 2894 624 2950 demunt
665 2901 806 2950 metu
836 2911 865 2949 a
899 2895 1162 2961 ﬁdelibus,
1192 2896 1296 2950 imo
1324 2911 1354 2950 a
1379 2895 1690 2966 prtesidibus
1713 2895 1816 2949 Ec-

240 2987 561 3054 elesiarunt,
607 3004 901 3059 eorumque
951 2988 1209 3043 ministris
1253 2989 1554 3043 miserrime
1598 2987 1814 3058 proditi,

165 3154 167 3156 η
241 3080 381 3135 unde
412 3081 726 3136 traditorum
770 3097 964 3136 nomen
1003 3081 1247 3150 usurpari
1285 3091 1537 3150 emptum,
1579 3081 1818 3150 quicum-

239 3186 339 3240 que
381 3171 735 3226 tristissimam
775 3172 919 3226 illam
960 3172 1212 3226 Ecclesiai
1244 3171 1433 3226 faciem
1472 3172 1523 3224 in
1563 3171 1816 3224 Historiis

237 3269 539 3330 temporum
584 3261 800 3326 viderit,
847 3263 891 3316 is
933 3276 1112 3316 secum
1155 3269 1383 3329 reputet.
1426 3260 1554 3315 inde
1593 3259 1812 3327 factum,

239 3351 433 3407 dirutis
465 3352 751 3417 Ecclesiis,
784 3367 1072 3421 earumque
1112 3352 1511 3421 exemplaribus
1541 3360 1632 3405 aut
1670 3365 1816 3404 com-

237 3446 409 3499 buStis
435 3455 526 3499 aut
554 3445 706 3498 aliter
729 3445 1078 3513 consumptis,
1107 3454 1349 3497 cessante
1387 3441 1600 3495 demum
1634 3454 1815 3509 perse-

235 3537 473 3601 cutione,
510 3524 919 3605 ut'privatorum
948 3532 1272 3602 apographa,
1304 3546 1526 3599 quorum
1561 3532 1810 3598 pleraque

233 3636 324 3681 aut
349 3627 515 3682 latere
547 3624 776 3690 facilius,
826 3635 916 3680 aut
955 3625 1080 3679 ferri
1109 3625 1214 3678 alio
1241 3630 1540 3692 potuerant,
1585 3623 1634 3674 iu
1668 3622 1812 3692 prio-

233 3734 346 3770 rum
373 3716 667 3770 subsidium
692 3717 923 3770 adhibita
954 3716 1162 3769 interim
1188 3729 1217 3767 a
1239 3714 1460 3767 notariis
1480 3712 1809 3768 ecclesiasti-

231 3808 306 3860 cis
333 3805 562 3869 fuerint;
620 3815 729 3859 tunt
758 3819 786 3857 a
817 3805 1054 3858 librariis
1095 3807 1151 3856 nt
1189 3805 1420 3858 fidelium
1452 3804 1631 3872 pietati
1655 3805 1809 3859 satis-

231 3896 401 3953 ﬁeret.
456 3897 519 3951 Et
550 3896 621 3950 ita
663 3911 692 3950 a
736 3896 988 3967 prinueva
1039 3895 1126 3949 illa
1167 3895 1408 3949 codicum
1439 3896 1667 3965 puritate
1715 3896 1808 3951 de-

232 3990 450 4056 flexum,
480 3989 711 4046 Scholiis
738 3989 986 4054 subinde,
1035 3989 1370 4044 librariorum
1397 3991 1690 4058 praesertim
1717 3998 1809 4045 aut

229 4082 547 4151 ignorantia,
568 4092 624 4136 ut
648 4083 901 4136 novitatis
931 4081 1184 4150 impulsu,
1207 4095 1346 4148 qum,
1370 4079 1593 4150 perinde
1615 4095 1676 4133 ac
1696 4094 1799 4133 ca:-

232 4177 357 4231 teris
388 4175 678 4240 mercibus,
729 4175 955 4244 pretium
990 4172 1141 4227 libris
1165 4187 1362 4240 augere
1390 4172 1548 4237 solet,
1597 4173 1649 4225 in
1686 4181 1804 4226 tex-

230 4276 338 4321 tum
368 4267 606 4323 adscitis.

297 4358 379 4413 Ad
410 4373 471 4412 ea
511 4357 688 4426 itaque
719 4364 955 4421 tempora
1001 4351 1336 4405 referendum
1377 4362 1572 4403 censeo
1603 4357 1799 4402 statum

228 4449 378 4504 illum
402 4449 706 4506 Latinorum
732 4445 1137 4512 exemplarium,
1155 4444 1206 4496 in
1230 4442 1420 4514 quibus
1444 4443 1607 4495 multa
1635 4440 1800 4496 fuisse

227 4556 255 4594 a
288 4541 492 4595 vitiosis
521 4537 900 4607 interpretibus
931 4538 1068 4590 male
1106 4536 1342 4601 reddita,
1391 4551 1418 4589 a
1452 4544 1802 4604 praesumpto-

226 4633 372 4687 ribus
400 4630 660 4699 imperitis
687 4628 964 4683 emendata
996 4628 1318 4696 perversius,
1347 4643 1375 4680 a
1407 4627 1640 4681 librariis
1677 4626 1800 4680 dor-

226 4720 535 4774 mitantibus
549 4718 635 4773 vel
665 4719 864 4781 addita,
887 4717 973 4772 vel
1000 4726 1221 4783 mutata,
1247 4718 1407 4771 mixta
1440 4717 1653 4771 demum
1685 4731 1800 4771 om-

225 4813 309 4866 nia
339 4812 392 4864 in
423 4810 831 4880 Evangeliorum
865 4808 1001 4862 serie
1031 4809 1354 4878 querebatur
1384 4815 1568 4877 postea
1615 4807 1799 4860 Hiero-

225 4893 417 4971 nvmus
464 4899 616 4972 (Ep.
644 4901 728 4954 ’ad
778 4900 980 4970 Dant.),
1029 4909 1104 4954 tot
1144 4914 1299 4967 paene
1348 4899 1508 4953 fuisse
1552 4907 1797 4954 asserens

223 4995 548 5063 exemplaria
589 5004 717 5062 quot
767 4993 999 5047 codices.
1055 4990 1181 5044 lude
1209 5000 1324 5044 orta
1375 4990 1554 5058 opinio
1599 4987 1687 5041 illa
1730 4986 1797 5041 de

225 5085 465 5153 pluribus
509 5083 574 5138 N.
605 5085 666 5139 Τ.
704 5084 911 5138 Latinis
940 5081 1306 5145 versionibus;
1338 5095 1496 5150 quam
1529 5077 1798 5148 promovit

224 5178 274 5232 in
323 5176 496 5244 majus
549 5177 831 5245 Augustini
862 5177 1012 5240 locus
1050 5174 1185 5228 alter
1234 5172 1351 5246 (De
1399 5171 1550 5225 Doct.
1603 5169 1793 5224 Christ.

222 5269 260 5322 Ι.
286 5284 323 5325 tt
351 5267 394 5340 ),
428 5263 518 5321 ubi
563 5264 659 5331 ait,
682 5269 769 5333 qui
799 5267 1103 5337 Scripturas
1143 5281 1207 5320 ex
1257 5264 1478 5319 Hebraea
1525 5264 1698 5331 lingua
1743 5261 1795 5314 in

223 5361 467 5416 Gmcam
498 5364 788 5419 verterant,
820 5357 1091 5428 numerari
1123 5370 1314 5428 posse,
1371 5355 1588 5409 Latinos
1618 5362 1795 5406 autem

224 5453 546 5522 lnterpretes
576 5449 720 5507 nullo
760 5419 955 5503 modo.’
984 5451 1053 5506 Ut
1086 5419 1230 5506 enim
1256 5449 1469 5519 cuique,
1519 5447 1704 5516 primis
1736 5443 1796 5496 ﬁ-

224 5543 306 5598 dei
342 5543 698 5614 temporibus,
730 5542 782 5596 in
814 5555 1001 5596 manus
1024 5551 1244 5597 venerat
1279 5541 1445 5596 codex
1475 5540 1715 5600 Graecus,
1745 5544 1799 5592 et

224 5637 614 5704 aliquantulum
646 5634 910 5692 facultatis
934 5632 1036 5686 sibi
1067 5636 1347 5703 utriusque
1375 5633 1570 5703 linguae
1599 5630 1798 5684 habere

224 5723 529 5793 videbatur,
557 5740 745 5781 ausum
777 5725 941 5779 fuisse
961 5722 1320 5791 interpretari.
1349 5722 1568 5787 Verum,
1594 5711 1698 5807 nisi
1724 5718 1800 5775 la-

709 5817 981 5878 l’naox.
1029 5813 1171 5876 XII.

1932 1885 2074 1952 plum
2108 1888 2256 1942 dabit
2294 1891 2442 1944 locus
2472 1893 2709 1960 argentei
2751 1893 2973 1959 codicis,
3021 1896 3107 1949 ubi
3138 1897 3378 1967 privatus
3415 1899 3506 1954 ille

1924 1989 2042 2027 cum
2067 1975 2258 2031 Latino
2284 1979 2614 2049 apograpbo,
2630 1983 2950 2050 exemplaris
2974 1982 3146 2040 Graeci
3167 1985 3506 2044 collationem

1927 2068 2232 2135 instituens,
2283 2071 2441 2125 verba
2501 2071 2590 2126 illa
2634 2073 2792 2128 ance
2839 2077 2994 2146 n.4,
3024 2079 3078 2140 ἓξ
3117 2077 3253 2133 οἶκου
3295 2085 3377 2134 καὶ
3413 2091 3504 2142 τῆς

1923 2169 2144 2235 ῐΙατριας
2175 2161 2352 2226 Δαϐὶδ,
2383 2161 2634 2222 reddidit,
2669 2165 2732 2215 (fe
2751 2164 2901 2216 domo
2925 2175 2970 2217 et
3003 2181 3192 2221 PATRIA
3221 2167 3406 2223 David.

1996 2251 2098 2302 Sed
2122 2265 2238 2318 qua:
2263 2251 2430 2320 magis
2459 2267 2543 2305 me
2575 2265 2789 2308 movent
2817 2265 2868 2308 ut
2910 2257 3145 2321 credam,
3179 2260 3500 2330 pluresillas

1922 2337 2136 2392 Latinas
2165 2341 2441 2395 versiones
2485 2341 2617 2396 nihil
2666 2344 2804 2396 aliud
2851 2344 3034 2410 fuisse,
3083 2362 3238 2415 quam
3272 2350 3499 2417 privato-

1921 2443 2059 2494 rutn,
2093 2440 2150 2482 ut
2174 2430 2428 2497 diximus,
2456 2432 2571 2497 hac,
2607 2432 2764 2488 illhac
2791 2435 2840 2487 in
2867 2435 3148 2492 codicibus
3165 2440 3272 2492 suis
3297 2439 3500 2494 addita-

1922 2529 2123 2586 menta,
2155 2522 2262 2575 duo
2295 2524 2588 2590 praesertim
2615 2534 2755 2577 sunt.
2793 2525 2999 2589 Unum,
3025 2532 3134 2594 jam
3177 2529 3360 2598 primis
3390 2530 3498 2584 illis

1921 2612 2045 2687 fidei
2078 2614 2402 2686 temporibus
2441 2629 2712 2670 sacrorum
2743 2627 3231 2684 monumentorum,
3267 2631 3321 2673 ut
3347 2636 3497 2691 qua:-

1921 2718 2042 2773 que,
2066 2703 2133 2757 ab
2162 2705 2543 2773 apostolorum,
2581 2714 2672 2757 aut
2702 2705 3085 2772 discipulorum
3119 2711 3362 2764 manibus
3386 2711 3498 2766 exi-

1920 2799 2126 2853 verant,
2178 2793 2488 2872 adornatam
2535 2810 2561 2847 a
2595 2793 2851 2848 Romana:
2893 2798 3148 2854 Ecclesiae
3197 2801 3497 2871 interpreti-

1920 2880 2018 2934 bus
2062 2881 2357 2937 versionem
2400 2883 2600 2948 Italize,
2649 2900 2712 2940 ac
2764 2887 2984 2955 proinde
3037 2890 3227 2945 vicina:
3276 2893 3489 2960 Africa),

1919 2975 2142 3044 aliisque
2170 2976 2459 3030 occidentis
2487 2979 2736 3033 Ecclesiis
2764 2988 2957 3046 praesto
2987 2979 3170 3049 fuisse,
3202 2983 3340 3039 unde
3363 2985 3505 3041 fide;

1921 3067 2046 3122 lium
2077 3071 2256 3138 pietati
2286 3072 2674 3126 consuleretur.
2730 3074 2966 3129 Alterum
2996 3079 3308 3148 antigrapha
3338 3097 3364 3132 e
3398 3095 3492 3135 ve-

1845 3133 1888 3195 Ο
1922 3161 2253 3225 iustioribus,
2286 3176 2404 3230 quae
2434 3172 2558 3216 ante
2598 3163 3001 3234 Hieronymum,
3048 3178 3207 3236 atque
3239 3168 3484 3238 Augusti-

1919 3266 2042 3303 num
2090 3252 2414 3318 ferebantur,
2467 3267 2751 3320 expressa;
2793 3259 2842 3308 in
2887 3257 3078 3323 quibus
3127 3259 3484 3313 additamenta

1914 3341 2003 3394 illa
2033 3343 2268 3409 quidem,
2318 3345 2410 3398 sed
2435 3343 2654 3409 fundus,
2695 3355 2854 3414 atque
2881 3345 3170 3419 ἱδιωτισμός
3211 3351 3486 3418 Sttpralau-

1913 3433 2049 3487 datze
2072 3436 2331 3488 versionis
2357 3437 2787 3491 manifestissime
2812 3449 3088 3507 apparent.

1984 3523 2106 3576 Dixi
2139 3526 2476 3592 interpretes.
2499 3525 2654 3592 Nam,
2683 3527 2824 3596 quod
2855 3529 2919 3581 ad
2947 3539 2997 3584 te
3023 3529 3150 3583 olim
3175 3532 3480 3601 perscripsi,

1913 3612 2050 3666 haud
2083 3631 2276 3681 unum,
2318 3616 2674 3682 eumdemque
2717 3616 2903 3682 fuisse,
2953 3632 3072 3671 cum
3107 3622 3243 3674 ratio
3280 3631 3484 3690 tempo-

1910 3722 2026 3760 rum
2057 3707 2102 3761 si
2138 3723 2165 3760 a
2206 3708 2376 3776 primo
2398 3750 2410 3773 ,
2441 3707 2669 3762 blattbzei
2691 3747 2706 3773 ,
2739 3709 2801 3761 ad
2831 3709 3203 3775 novissimum,
3237 3712 3478 3777 Joannis,

1911 3799 2290 3869 Evangelium,
2347 3801 2434 3869 qui
2486 3801 2804 3854 efﬁnxcrant
2853 3801 2978 3854 anni
3031 3812 3306 3869 putentur;
3365 3809 3474 3853 tttm

1909 3891 2139 3944 maxime
2169 3891 2365 3944 evincit
2395 3889 2520 3960 styli
2562 3890 2856 3952 diversitas,
2909 3901 2964 3942 ut
2995 3890 3243 3942 observat
3284 3889 3478 3944 Millius

1909 3982 1926 4049 (
1957 3980 2164 4054 Proleg.
2200 3997 2238 4048 f,
2263 3981 2330 4034 ad
2348 3982 2490 4034 Edil.
2520 3979 2616 4034 Eu.
2646 3980 2830 4033 Matth.
2854 3979 2902 4047 );
2932 3994 2960 4032 e
2983 3994 3082 4045 qua
3111 3981 3369 4034 nonsatis
3395 3991 3475 4035 at-

1910 4083 2052 4128 tente
2075 4074 2440 4136 Marzianaens,
2463 4086 2567 4125 non
2594 4085 2748 4125 secus
2770 4079 2927 4135 atque
2953 4084 2983 4122 e
3009 4067 3257 4123 dissimili
3285 4073 3478 4124 sectiu-

1905 4181 2054 4229 num,
2087 4176 2138 4218 et
2163 4165 2516 4232 capitulorum
2549 4163 2600 4214 in
2633 4161 2906 4215 codicibus
2937 4160 3088 4224 facie,
3119 4163 3299 4230 plures
3335 4164 3477 4219 Lati-

1906 4271 1999 4309 nas
2045 4256 2320 4308 versiones
2360 4254 2607 4306 asseruit.
2657 4251 2791 4306 Tum
2839 4263 2921 4307 est
2957 4268 3084 4308 vero
3124 4256 3375 4321 similius,
3422 4259 3474 4310 in

1905 4343 2144 4398 Ecclesia
2192 4352 2506 4397 creterarum
2562 4342 2799 4397 omnium
2858 4344 3095 4411 principe
3149 4361 3252 4400 non
3309 4361 3470 4398 unum

1904 4437 2179 4491 dumtaxat
2230 4438 2574 4504 interpretem
2631 4433 2896 4497 ﬂoruisse,
2949 4435 3044 4489 sed
3080 4436 3292 4502 plures;
3323 4446 3396 4496 ut,
3429 4437 3477 4490 si

1905 4530 2022 4598 quis
2069 4528 2303 4592 illorum,
2345 4528 2426 4581 cui
2476 4525 2828 4580 transferendi
2875 4521 3068 4578 m'unns
3119 4527 3470 4591 incumberet,

1903 4631 1992 4674 aut
2022 4619 2347 4687 temposibns
2371 4617 2643 4680 exclusus,
2684 4626 2770 4668 aut
2791 4615 3103 4684 aegritudine
3127 4617 3467 4682 praepeditus,

1902 4720 1992 4765 aut
2013 4711 2225 4764 demum
2257 4718 2426 4762 morte
2459 4717 2756 4775 praeventus
2787 4720 3003 4758 vacuam
3032 4705 3358 4772 provinciam
3385 4723 3471 4760 re-

1902 4800 2395 4870 liquissettprmsto
2437 4806 2578 4851 esset
2616 4794 2771 4856 alter,
2814 4793 2900 4860 qui
2943 4792 3185 4845 eamdem
3232 4806 3466 4848 curaret.

1900 4895 2052 4958 Nam,
2090 4893 2230 4963 quod
2254 4886 2512 4946 Vallonus
2547 4887 2775 4941 asseruit
2814 4884 3063 4955 (Proleg.
3098 4903 3151 4944 x,
3181 4886 3206 4957 §
3246 4889 3266 4941 1
3297 4888 3338 4957 ),
3373 4889 3473 4942 La-

1897 4989 2059 5042 tinam
2093 4987 2282 5052 nempe
2327 4980 2619 5035 Ecclesiatn
2669 4979 2785 5032 sine
2824 4978 3007 5032 Latina
3039 4983 3284 5033 versione
3325 4990 3471 5036 stare

1900 5094 2003 5134 non
2031 5077 2290 5146 potuisse,
2335 5075 2405 5128 ita
2439 5072 2659 5129 evidens
2684 5086 2804 5126 esse
2831 5071 3084 5136 arbitror,
3111 5082 3169 5124 ut
3197 5071 3326 5125 nihil
3358 5089 3472 5126 ma-

1898 5170 1996 5240 gis.
2030 5167 2140 5235 Qua
2171 5165 2312 5220 enim
2344 5165 2520 5234 lingua
2562 5164 2610 5216 in
2641 5161 2935 5232 synaxibus
2975 5176 3248 5215 sacrorum
3277 5161 3467 5216 Libro-

1899 5274 2015 5314 rum
2061 5258 2215 5313 lectio
2246 5255 2313 5309 ad
2349 5254 2597 5325 populum
2640 5253 2811 5314 ﬁeret,
2853 5251 2952 5304 nisi
2985 5265 3076 5311 ea,
3128 5267 3244 5318 qum
3291 5253 3470 5319 populi

1899 5350 2076 5406 esset?
2119 5350 2195 5404 Ac
2218 5354 2522 5416 prnpterea,
2551 5343 2689 5410 quod
2727 5351 2996 5408 praeeunte
3022 5339 3231 5403 Grotio,
3265 5341 3468 5406 putavit

1903 5443 2096 5497 blillins
2129 5442 2148 5509 (
2175 5440 2340 5492 Adnot
2376 5439 2426 5487 iu
2470 5433 2632 5486 Marc.
2667 5432 2709 5504 ),
2741 5433 2970 5500 linguam
2997 5432 3198 5485 scilicet
3226 5430 3464 5488 Gtmcam

1905 5533 2086 5586 Roma:
2113 5541 2235 5583 tunc
2263 5525 2537 5594 temporis,
2563 5535 2718 5588 atque
2747 5522 2910 5574 [taliae
2937 5519 3249 5573 familiarem
3281 5520 3469 5590 fuisse,

1904 5621 2167 5677 somnium
2198 5616 2324 5684 mihi
2351 5622 2450 5669 est.
2489 5613 2566 5667 En
2595 5613 2741 5666 illius
2772 5610 2953 5668 verba,
2985 5609 3176 5677 quibus
3203 5610 3467 5671 laudatam

1904 5711 2119 5767 Valtoni
2145 5707 2454 5779 opinionem
2486 5717 2733 5760 eversum
2765 5701 2873 5754 ivit.

2893 5788 2934 5846 2
