3902 6388
401 276 472 333 η
1784 227 2311 318 metuentium.
3580 258 3651 323 tt

476 383 674 455 Nempe
708 380 848 435 haud
903 384 1166 443 notarunt,
1210 374 1384 447 inquit
1418 372 1670 447 (Proleg.
1718 390 1771 426 τι.
1804 373 1905 426 577
1928 372 1974 443 ),
2005 376 2052 435 Α
2081 376 2260 431 sebius
2287 374 2385 443 (Η,
2406 370 3656 446 15.1mm);'etquimgismsutpmeepmelo,

406 492 496 547 per
525 490 703 537 annos,
732 488 763 525 a
790 470 1088 541 fundatione
1112 470 1258 521 istius
1290 465 1554 529 Ecclesiae,
1573 464 1640 518 ad
1670 463 1983 517 constitutio-

406 584 521 622 nem
547 580 701 635 usque
724 563 929 616 canonis
962 558 1034 613 N.
1068 560 1127 612 T.
1156 563 1258 628 fere
1287 556 1672 639 quinquaginta,
1719 552 1984 621 nequidem

409 659 690 728 coqitatunt
734 654 891 725 fuisse
919 653 981 704 de
1019 652 1220 719 scriptis
1252 649 1672 718 evangelistarum
1708 654 1754 698 et
1784 653 2001 713 αροδιο-Δ

415 752 582 804 larunt
623 750 675 802 in
712 736 872 801 unum
915 743 1243 814 colligendis;
1284 741 1638 795 multominus
1666 738 1727 790 de
1770 740 1983 805 transfe-

406 842 579 895 rendis
623 839 727 891 illis
764 839 816 889 in
856 836 986 889 alias
1020 836 1260 905 linguas;
1310 845 1415 884 tum
1453 847 1566 884 vero
1608 829 1829 883 nascenti
1869 822 1985 879 huic

408 931 654 985 Ecclesia:
680 928 968 995 neutiquam
995 941 1123 990 Opus
1147 924 1301 993 fuisse
1332 923 1513 975 Latina
1540 922 1783 974 versione.
1827 918 1986 970 Fide—

406 1022 541 1075 libus
567 1020 819 1082 nimirum,
841 1018 929 1086 qui
942 1020 1057 1088 jam
1083 1014 1257 1068 Rontte
1272 1012 1507 1083 agebant,
1538 1010 1743 1063 advenis
1762 1008 1981 1071 Iudicis,

407 1109 692 1181 Egyptiis,
726 1108 839 1159 aliis
869 1106 1044 1175 lingua
1070 1102 1249 1157 Grteca
1279 1102 1603 1171 familiariter
1628 1109 1746 1152 nota
1773 1106 1899 1161 erat,
1922 1113 1983 1148 ac

407 1200 559 1269 plane
586 1196 875 1250 vernacula.
912 1193 1062 1260 Quod
1092 1193 1226 1245 idem
1253 1201 1299 1243 et
1330 1191 1390 1243 de
1415 1188 1825 1258 provincialibus,
1857 1188 1984 1238 alia-

405 1304 617 1358 rumque
649 1292 981 1355 qnarumdant
1026 1283 1160 1335 orbis
1206 1282 1430 1353 partium
1468 1278 1771 1333 Christianis
1816 1278 1988 1330 dicen-

413 1382 555 1434 dum.
589 1375 783 1431 Notum
820 1375 953 1429 illud
980 1383 1180 1443 poetas:

505 1488 644 1538 Nunc
666 1495 794 1537 totus
815 1485 979 1547 graias
1003 1484 1149 1532 habet
1170 1482 1301 1531 orbis
1324 1482 1561 1547 Athenas.

1396 1542 1616 1606 (Juven.,
1644 1543 1747 1591 Sat.
1774 1544 1882 1604 xv.)

485 1654 591 1709 Sed
618 1662 668 1707 et
696 1652 1041 1720 Hieronymus
1064 1650 1123 1703 de
1166 1647 1508 1700 Orientalibus
1555 1648 1709 1701 etiam
1738 1648 1827 1701 sui
1847 1642 1940 1699 wvi
1972 1658 1991 1697 :

428 1764 447 1798 ι
487 1745 731 1799 Sermone
760 1734 923 1812 grlzco
954 1741 1115 1794 omnis
1141 1739 1366 1801 loquitur
1397 1738 1642 1790 Oriens.»

489 1836 607 1890 Scis
637 1834 762 1903 quid
789 1831 857 1885 de
882 1829 1266 1885 constituttonc
1298 1827 1385 1881 illa
1422 1824 1655 1880 Canonis
1688 1830 1945 1881 senserim
1975 1843 1989 1891 ;

421 1941 585 1995 ψιςιηι
610 1965 625 1991 ,
669 1925 812 1977 nullo
846 1931 1000 1983 teste,
1027 1920 1197 1974 serius
1225 1935 1380 1987 quam
1416 1934 1507 1983 par
1546 1928 1692 1985 erat,
1724 1920 1995 1973 distulisse

424 2019 647 2073 )lillium
674 2030 776 2069 non
803 2013 1007 2068 dubito.
1041 2012 1212 2076 Nunc,
1239 2012 1438 2085 quode
1465 2026 1521 2063 re
1546 2021 1721 2065 nostra
1750 2021 1851 2070 est.
1879 2012 1998 2079 quis

419 2122 649 2175 unquam
678 2091 890 2167 crédat,
916 2120 979 2157 ex
1006 2102 1133 2156 solis
1155 2100 1431 2154 dumtaxat
1452 2100 1672 2165 Jttduris,
1705 2100 1994 2170 ASgyptiis,

431 2200 656 2265 aliisque
700 2194 1059 2250 Oiientalibus
1101 2202 1408 2246 nascentem
1471 2192 1653 2245 Romae
1706 2192 1997 2246 Eetslesiam

424 2288 763 2344 constitisse?
794 2285 932 2353 Quid
965 2285 1035 2337 ibi
1076 2284 1286 2337 l‘etrunt
1312 2324 1325 2347 ,
1357 2284 1483 2351 quid
1528 2283 1747 2336 Paulum
1788 2282 2001 2336 biennio

434 2382 547 2446 illo,
582 2394 687 2449 quo
714 2378 881 2431 libera
909 2378 959 2428 in
987 2374 1224 2428 custodia
1255 2375 1483 2437 mansit,
1517 2374 1687 2442 egisse
1724 2383 1998 2441 putemus,

432 2473 619 2529 nisiut
662 2469 906 2524 omnibus
931 2507 947 2533 ,
987 2467 1075 2535 qui
1115 2464 1180 2518 ad
1229 2463 1549 2517 audiendum
1593 2464 1997 2528 convenissent,

436 2561 767 2631 EVangelica:
802 2550 1056 2612 doctrina:
1092 2556 1269 2608 lumen
1309 2552 1681 2617 aliunderent;
1722 2554 1833 2607 sive
1855 2552 2003 2606 Grae-

426 2654 540 2717 cis,
568 2654 679 2706 sive
720 2650 997 2711 Barbaris,
1029 2648 1218 2715 quibus
1259 2661 1316 2700 se
1356 2646 1653 2699 debitorem
1700 2645 1989 2712 Apostolus

428 2742 729 2798 fatebatur?
777 2738 925 2793 Adde
955 2738 1245 2804 disripulos
1268 2780 1283 2800 ,
1318 2752 1487 2804 neque
1515 2751 1607 2790 eos
1638 2744 1874 2802 tantum,
1906 2734 2000 2789 sed

428 2849 459 2889 e
488 2833 745 2890 Gentibus
776 2846 962 2886 recens
987 2829 1050 2883 ad
1075 2828 1230 2882 ﬁdem
1256 2843 1567 2893 conversos,
1594 2828 1915 2897 ubicumque
1942 2842 2001 2881 se

433 2927 653 2980 offerret
672 2924 910 2987 occasio,
940 2921 1210 2984 eamdem,
1251 2920 1615 2991 apostolorum
1647 2920 1925 2987 exemplo,
1948 2920 2001 2973 in

431 3018 777 3073 familiaribus
802 3056 816 3077 ,
848 3012 1316 3067 contubernalibus
1335 3052 1350 3077 ,
1386 3012 1521 3065 notis
1547 3026 1725 3064 serere
1759 3022 1998 3079 satagen-

2086 465 2321 532 quentiae
2347 464 2676 516 ornamentis
2708 479 2977 533 exponere
3013 464 3129 519 οὔτε
3158 465 3373 532 ﬁdae-av,
3400 466 3515 527 οὔτε
3548 469 3653 521 ἑνε-

2086 556 2314 623 χείρουν.
2344 552 2441 616 Qui
2474 554 2613 606 enim
2642 553 2692 605 in
2720 554 3149 621 persuasibilibus
3174 556 3415 611 humanae
3440 558 3654 624 sapien-

2089 644 2176 695 tiae
2205 645 2380 697 verbis
2424 644 2713 710 praedicare
2750 643 3022 698 Christum
3048 686 3062 709 ,
3098 656 3151 699 et
3182 646 3321 699 hunc
3345 648 3653 701 cruciﬁxum

2086 736 2386 798 nescirent,
2411 737 2605 803 quibus
2632 736 2915 813 pigmentis
2937 738 2985 791 id
3010 738 3185 793 facere
3210 738 3654 808 aggrederentur?

2086 823 2154 877 Et
2181 826 2256 877 sic
2286 825 2636 889 expediebat,
2678 827 2849 895 inquit
2883 829 3137 882 EraSnius
3170 828 3345 899 (Edit.
3380 847 3411 884 v
3432 872 3446 893 ,
3475 829 3547 883 N.
3572 830 3614 883 T
3634 871 3651 895 ,

2085 932 2169 983 ap.
2207 916 2430 969 Froben.
2476 927 2522 969 et
2560 915 2927 988 EpiscOpium)
2950 960 2963 981 ,
3006 922 3280 990 apostolos
3316 938 3379 974 eo
3410 936 3656 977 sermone

2089 1008 2195 1073 nti,
2226 1008 2313 1076 qui
2348 1009 2605 1063 latissime
2650 1012 2888 1078 patebat;
2922 1020 2977 1065 et
3023 1029 3052 1064 a
3097 1013 3343 1066 litteratis
3374 1014 3569 1082 pariter
3594 1028 3657 1069 ac

2088 1096 2352 1151 iilitcratis
2393 1099 2804 1168 intelligebatur.
2852 1101 3003 1166 Quod
3059 1114 3240 1170 postea
3279 1103 3343 1156 de
3394 1106 3658 1172 primixvis

2090 1188 2474 1257 interpretibus
2502 1190 2766 1256 afﬁrmat,
2798 1192 2936 1245 idem
2967 1194 3169 1247 scilicet
3199 1195 3262 1249 de
3290 1177 3511 1249 istorum
3538 1210 3659 1249 ora-

2090 1279 2257 1343 tione,
2300 1295 2360 1333 ac
2383 1280 2448 1334 de
2476 1295 2722 1337 sermone
2744 1284 3039 1350 apoSIolico
3062 1286 3272 1349 valere;
3297 1301 3458 1355 quum
3480 1301 3658 1341 sermo

2090 1369 2363 1422 Romanus
2405 1370 2580 1425 adhuc
2617 1383 2760 1426 esset
2790 1374 3103 1440 promiscua;
3142 1375 3464 1429 multitudini
3508 1390 3658 1429 com-

2092 1462 2287 1514 munis.
2321 1461 2396 1515 Ac
2422 1472 2704 1531 propterea
2732 1465 2893 1517 multa
2929 1466 3047 1520 illos
3080 1467 3131 1520 in
3166 1469 3533 1522 transferendo
3564 1470 3657 1523 tri-

2091 1550 2269 1606 buisse
2295 1552 2453 1621 vulgo
2479 1553 2782 1619 idiotarum,
2812 1556 3003 1624 quibus
3032 1572 3093 1611 ea
3122 1569 3228 1611 tum
3260 1560 3655 1614 scribebantur.

2163 1643 2311 1708 Quod
2348 1659 2475 1698 vero
2529 1662 2624 1713 pro
2655 1646 2939 1707 ,coronide
2990 1663 3053 1703 ex
3116 1650 3437 1720 lliemnymo
3490 1650 3664 1703 attulit

2033 1740 2080 1800 Β
2107 1731 2329 1797 Millius,
2358 1749 2387 1789 e
2418 1744 2554 1787 tanta
2598 1735 2998 1791 adnotationum
3030 1754 3224 1805 messe,
3256 1755 3415 1809 quam
3442 1757 3470 1795 a
3497 1745 3661 1811 scrip-

2098 1827 2306 1880 toribus
2350 1828 2729 1883 ecclesiasticis
2773 1844 2977 1883 sumnta
3024 1831 3299 1901 diligentia
3339 1834 3663 1904 collegerat,

2102 1917 2152 1969 in
2186 1927 2315 1970 tL‘Sllt
2353 1918 2443 1971 illo
2475 1935 2649 1971 rerum
2696 1920 2800 1973 alio
2838 1922 3097 1989 spectanti
3125 1933 3273 1976 extra
3316 1939 3493 1978 aream
3525 1926 3668 1980 exci-

2099 2008 2242 2062 disse
2282 2008 2621 2063 manifestum
2662 2020 2762 2063 est.
2812 2010 2952 2065 Nihil
2989 2013 3128 2066 enim
3158 2014 3389 2068 Orientis
3416 2030 3535 2070 cum
3564 2019 3664 2071 0c—

2098 2099 2307 2153 cideute
2355 2100 2592 2153 instituta
2645 2101 2771 2154 inibi
2804 2105 3131 2171 comparatio
3182 2104 3247 2157 ad
3294 2105 3459 2160 hocce
3501 2122 3659 2177 argu-

2100 2200 2337 2259 mentum
2370 2188 2547 2244 facere
2574 2201 2797 2260 poterat.
2831 2192 3014 2262 Neque
3040 2194 3252 2249 obstant
3281 2212 3398 2266 quae
3429 2210 3666 2267 postmo-

2102 2283 2224 2337 dum
2253 2286 2477 2351 adjecit;
2505 2302 2609 2341 non
2640 2287 2817 2339 statim
2840 2303 2868 2340 a
2898 2298 3141 2357 suscepta
3176 2289 3278 2343 ﬁde
3304 2291 3497 2345 Christi
3522 2334 3538 2358 ,
3567 2292 3658 2348 sed

2105 2383 2225 2442 post
2263 2390 2521 2427 annorum
2570 2376 2920 2443 complurium
2953 2378 3286 2433 intervallum
3318 2380 3665 2435 deliberatum

2104 2463 2173 2517 de
2205 2464 2639 2517 translationibus
2683 2464 2970 2519 Bibliorum
2998 2508 3011 2530 ,
3046 2476 3135 2520 aut
3176 2467 3363 2520 saltem
3412 2469 3664 2524 librorum

2103 2554 2306 2622 aliquot
2342 2554 2404 2609 N.
2432 2554 2493 2608 Τ.
2539 2556 2591 2609 in
2633 2570 2782 2610 usum
2818 2558 3087 2627 publicum
3119 2560 3483 2613 conﬁciendis.
3531 2562 3667 2615 Itali-

2104 2662 2219 2703 cam
2249 2662 2395 2707 vero,
2419 2662 2537 2700 cum
2568 2647 2704 2716 apud
2740 2648 2897 2701 italos
2920 2690 2934 2712 ,
2968 2658 3020 2702 et
3041 2650 3291 2717 auspiciis
3312 2691 3325 2713 ,
3356 2661 3411 2705 ut
3450 2653 3665 2706 omnino

2103 2739 2361 2793 credibile
2410 2749 2585 2806 putat,
2644 2739 2897 2793 Ecclesiae
2951 2740 3200 2794 Romanae
3250 2743 3538 2810 prodierit,
3584 2744 3667 2798 vix

2105 2845 2223 2884 esse
2255 2839 2309 2883 tit
2338 2830 2479 2883 edita
2507 2841 2783 2885 censi-stur
2805 2839 2927 2885 ante
2952 2842 3184 2901 tempora
3214 2833 3291 2886 Pii
3322 2850 3497 2902 papas;
3530 2835 3669 2904 quod

2105 2920 2148 2973 is
2172 2932 2315 2973 es~ct
2340 2930 2445 2972 tum
2478 2920 2786 2974 Latinorum
2815 2922 3054 2989 primus;
3094 2931 3148 2976 et
3170 2938 3254 2976 res
3276 2922 3531 2978 Ecclesiae
3557 2925 3673 2979 diu-

2110 3012 2215 3064 tius
2264 3012 2450 3080 paulo,
2485 3029 2581 3081 per
2628 3028 2796 3066 annos
2825 3014 3029 3067 scilicet
3068 3016 3371 3083 quindecim
3420 3015 3670 3070 adminis-

438 3118 537 3163 tes.
572 3105 729 3174 Quod
774 3114 1051 3173 propterea
1075 3142 1089 3166 ,
1123 3118 1228 3155 non
1267 3117 1331 3155 ex
1374 3104 1489 3155 solo
1518 3101 1765 3165 Oriente,
1811 3102 1863 3153 in
1892 3116 2005 3152 ant-
2030 3108 2074 3166 (ζ
2108 3113 2319 3156 trasset.
2354 3104 2486 3156 Nam
2517 3107 2693 3156 caueri
2726 3105 3023 3171 pontifices,
3064 3105 3265 3174 inquit,
3290 3121 3527 3176 eousque
3558 3107 3667 3163 fere

434 3202 677 3273 piissimo
718 3198 807 3251 illo
837 3194 1119 3249 Nationum
1163 3194 1370 3262 gurgite
1399 3193 1695 3245 caelestium
1722 3192 2009 3243 Cltttl‘isllta-

438 3301 549 3347 tum
582 3292 864 3361 participes
887 3287 1040 3341 laeti?
1064 3288 1131 3339 At
1150 3284 1424 3354 Satyricus
1450 3282 1667 3340 diffusas
1698 3297 1790 3350 per
1814 3280 2006 3333 Orbem
2030 3304 2034 3309 ο

441 3384 655 3440 Grmcas
685 3382 885 3435 litteras
907 3375 1141 3445 scripsit.
1170 3377 1295 3428 Esto
1322 3393 1334 3428 :
1358 3374 1563 3443 poetica
1590 3373 1706 3426 licet
1733 3372 2005 3447 ὑπερϐολῇ.

443 3477 577 3529 Addi
619 3475 743 3543 quin
790 3473 947 3527 etiam
998 3477 1203 3537 poterat
1246 3468 1399 3521 locus
1444 3466 1581 3520 alter
1620 3463 1846 3546 (Satyro
1897 3466 2002 3528 vt),

438 3564 533 3619 ubi
585 3563 843 3630 putidulas
887 3559 1140 3629 quasdam
1188 3573 1282 3625 pro
1322 3557 1511 3609 nativis
1551 3556 1725 3607 anima
1771 3563 1823 3608 et
1866 3553 2007 3617 vita,

444 3654 625 3723 ψυχὴν
663 3665 723 3704 ac
762 3656 876 3713 ζοήν
918 3648 1222 3701 eﬁ’utientes
1266 3647 1489 3699 irridet:
1525 3644 1859 3697 Griecanicos
1889 3642 2011 3695 inde

447 3743 631 3801 ear'utn
659 3740 972 3798 concubitus
994 3740 1134 3793 salse
1156 3735 1590 3790 comminiscens.
1628 3733 1694 3786 Et
1714 3741 1865 3787 erant
1894 3749 2011 3801 pro-

443 3835 585 3892 fecto
614 3835 794 3888 Romae
821 3827 1151 3900 grammatici
1184 3828 1363 3895 plures
1383 3866 1396 3889 ,
1440 3826 1529 3894 qui
1559 3824 1773 3879 Grtecas
1810 3824 2011 3901 litteras

440 3926 714 3980 docerent.
748 3925 912 3976 Erant
942 3932 995 3976 et
1021 3922 1071 3973 in
1095 3918 1362 3987 opulentis
1385 3916 1716 3984 privatorum
1744 3913 2008 3976 domibus,

446 4032 669 4087 quorum
702 4015 852 4069 multi
906 4014 1088 4069 Griece
1134 4011 1395 4064 sciebant.
1446 4008 1641 4062 Demus
1696 4006 1796 4060 hoc
1842 4006 2012 4075 ipsum

450 4109 612 4163 Italia:
642 4107 880 4170 urbibus,
904 4105 1091 4159 demus
1123 4102 1332 4165 Gallias,
1366 4100 1651 4154 Britannice
1695 4116 1707 4151 :
1736 4098 1779 4152 si
1810 4098 2012 4165 placet,

444 4203 610 4257 etiam
660 4198 851 4251 Africa:
892 4196 1098 4247 demus.
1142 4196 1277 4258 Quid
1321 4194 1467 4246 tum?
1502 4192 1573 4247 Ut
1602 4206 1699 4245 nos
1735 4190 2010 4255 Latinam,

450 4291 529 4345 sic
556 4289 677 4342 illos
705 4286 939 4340 Graecam
968 4283 1231 4348 linguam,
1263 4294 1369 4332 non
1398 4282 1692 4333 domestico
1723 4294 1840 4341 usu,
1863 4282 1953 4332 sed
1984 4294 2014 4331 a

450 4377 867 4452 prteceptoribns
894 4374 1098 4456 discere
1134 4369 1413 4435 Oportebat
1451 4390 1463 4425 :
1497 4370 1647 4437 cujus
1674 4371 1749 4422 rei
1774 4369 2013 4437 exempla

2108 3192 2276 3247 GI'tBCi
2312 3193 2537 3247 fuerant.
2573 3194 2693 3247 Hinc
2721 3198 2860 3247 enim
2884 3195 3061 3247 omnia
3104 3196 3208 3248 duo
3250 3199 3542 3264 praesertim
3582 3200 3662 3252 in-

2111 3285 2324 3338 ﬁrmant
2353 3303 2364 3336 :
2398 3301 2585 3350 unum,
2612 3285 2750 3354 quod
2782 3287 3003 3354 ipsemet
3034 3288 3335 3352 asserebat,
3372 3290 3509 3344 haud
3540 3306 3670 3359 opus

2110 3376 2276 3431 fuisse
2311 3377 2467 3431 latina
2496 3379 2741 3432 versione
2762 3420 2777 3443 ,
2809 3393 2979 3447 graeca
3012 3378 3207 3450 Lingua
3236 3382 3341 3449 jam
3388 3381 3569 3435 Romth
3602 3399 3672 3452 ac

2112 3468 2522 3534 provincialibus
2558 3469 2836 3533 familiari,
2872 3469 2970 3523 nisi
3001 3472 3043 3524 si
3083 3470 3216 3524 forte
3258 3470 3393 3527 hanc
3433 3472 3508 3527 Pii
3544 3482 3674 3528 tem-

2111 3560 2330 3628 poribus
2371 3560 2650 3613 evanuisse
2688 3559 3044 3615 arbitrabatur
3073 3580 3085 3612 :
3114 3562 3255 3629 quod
3298 3556 3473 3616 tamen
3515 3580 3674 3633 expe-

2112 3650 2305 3703 rientia
2344 3650 2449 3716 ipsa
2482 3649 2697 3702 refellit.
2724 3649 2938 3721 Lingua:
2978 3654 3120 3707 enim
3151 3654 3464 3722 populorum
3489 3671 3674 3712 omnes

2116 3737 2273 3806 longo
2314 3754 2409 3791 usu
2452 3739 2759 3804 ﬁrmantur,
2795 3756 2967 3808 neque
3018 3752 3107 3796 aut
3157 3746 3325 3798 emori
3372 3747 3520 3811 illas,
3576 3748 3673 3802 nisi

2113 3844 2300 3884 everso
2348 3830 2557 3898 penitus
2584 3847 2760 3885 rerum
2806 3841 2943 3885 statu
2970 3873 2984 3895 ,
3026 3842 3118 3885 aut
3157 3836 3407 3900 paulatim
3438 3837 3676 3892 obsoles-

2114 3933 2269 3981 cere,
2316 3918 2414 3971 nisi
2445 3929 2746 3972 exterarum
2789 3919 3034 3974 Gentium
3074 3920 3339 3975 alluvione
3378 3924 3672 3994 contingit:

2114 4022 2341 4078 quorum
2386 4018 2628 4062 neutrum
2655 4049 2667 4072 ,
2697 4009 2918 4061 florente
2940 4048 2952 4071 ,
2983 4020 3039 4059 ut
3077 4019 3218 4073 erat,
3256 4010 3509 4079 imperio,
3540 4014 3677 4068 acci-

2116 4098 2258 4152 disse
2289 4106 2618 4165 compertum
2663 4106 2763 4151 est.
2796 4097 3066 4161 Alterum,
3112 4098 3384 4166 pontifices
3428 4102 3493 4155 ad
3526 4096 3676 4157 Pium

2117 4204 2284 4259 usque
2312 4189 2479 4243 ferme
2509 4188 2758 4253 Graecos,
2792 4198 2899 4241 tum
2932 4188 3073 4243 hunc
3108 4189 3416 4265 Latinorum
3453 4194 3678 4259 primum

2116 4280 2301 4334 fuisse.
2338 4281 2657 4335 Exciderant
2699 4296 2890 4351 nempe
2930 4284 3044 4336 viro
3087 4282 3444 4339 eruditissimo
3482 4286 3679 4354 primus

2121 4379 2242 4436 post
2270 4370 2488 4423 Petrum
2535 4371 2729 4436 Linus,
2778 4383 2898 4439 post
2927 4372 3065 4426 hunc
3095 4373 3320 4429 fortasse
3354 4381 3513 4430 etiam
3561 4377 3679 4431 Cle-

451 4489 560 4530 non
602 4482 763 4540 pauca
795 4465 860 4517 ab
886 4461 1195 4527 antiquitate
1226 4470 1423 4528 prtesto
1445 4466 1656 4519 essent.
1700 4459 1741 4511 si
1772 4473 1904 4525 opus
1944 4460 2018 4511 fo-
2044 4463 2096 4522 Β
2122 4466 2237 4523 tus,
2268 4469 2410 4513 certe
2434 4460 2624 4512 tertius
2649 4459 2895 4514 Clemens
2926 4463 3120 4517 Latini.
3148 4465 3214 4518 Et
3242 4465 3452 4535 quidem
3489 4466 3678 4521 Linum

452 4574 557 4622 ret.
601 4564 679 4616 An
720 4559 855 4613 idem
886 4562 1165 4624 protiterea
1214 4551 1280 4605 de
1308 4551 1513 4604 caeteris
1553 4550 1798 4604 omnibus
1837 4550 2020 4603 dicen—

454 4656 616 4712 dum?
642 4651 776 4718 Quid
809 4652 993 4717 ingens
1026 4644 1114 4715 illa
1140 4643 1191 4696 in
1222 4643 1351 4696 urbe
1374 4682 1389 4707 ,
1419 4645 1467 4695 in
1495 4642 1634 4710 agris
1656 4683 1669 4705 ,
1700 4657 1793 4709 per
1814 4642 2014 4697 Italiam

454 4758 734 4801 servorum
757 4736 1051 4793 colluvies?
1075 4735 1209 4800 Quid
1237 4734 1467 4802 propolae
1486 4776 1499 4799 ,
1532 4733 1825 4797 institores,
1853 4732 2013 4799 lanii,

454 4834 620 4893 fabri,
656 4831 907 4888 fullones,
956 4836 1163 4879 sutores
1207 4826 1492 4895 (ridiculus
1531 4826 1665 4889 sim,
1696 4824 1739 4878 si
1763 4821 1843 4877 'tot
1876 4835 2019 4877 artes

454 4933 751 4992 operasque
797 4915 861 4968 ad
913 4928 1129 4965 Censum
1175 4896 1363 4965 vocare
1402 4915 1621 4983 velim),
1666 4930 1771 4966 uno
1813 4914 2014 4979 verba,

456 5012 581 5082 quid
615 5018 757 5062 tanta
788 5005 1031 5057 riliorunt
1064 5002 1291 5067 Cupitum
1321 5002 1601 5055 multitudo
1628 5005 1829 5069 Roma},
1858 5006 1908 5058 in
1932 5020 2011 5059 c0-

452 5102 643 5164 loniis,
691 5100 741 5151 in
774 5092 1112 5159 municipiis,
1164 5090 1387 5157 ubique;
1436 5101 1541 5142 tum
1574 5102 1628 5144 et
1678 5096 2015 5150 honestorum

453 5193 761 5245 hominum,
790 5184 982 5253 quibus
1026 5190 1167 5233 arcta
1215 5195 1301 5233 res
1332 5179 1472 5232 domi
1512 5180 1689 5232 esset?
1728 5183 1857 5235 Num
1884 5194 1935 5237 et
1966 5186 2018 5238 hi

454 5282 689 5337 dieculae
718 5279 768 5329 in
801 5276 924 5327 hqu
968 5274 1249 5332 triverunt,
1284 5288 1457 5340 grtcce
1498 5273 1640 5340 loqui
1673 5280 1731 5324 ut
1772 5274 2013 5331 addisce-

452 5372 610 5425 rent?
640 5371 702 5421 Et
730 5342 903 5420 tamen
933 5380 996 5418 ex
1027 5366 1089 5418 iis
1115 5374 1172 5416 ut
1211 5346 1494 5429 plurimum
1538 5364 1719 5432 primis
1750 5364 1855 5418 illis
1896 5365 2015 5422 ﬁdei

454 5459 783 5525 temporibus
811 5454 1091 5510 constabat
1134 5452 1399 5515 Ecclesia,
1447 5452 1655 5509 inﬁrma
1687 5454 1867 5508 mundi
1918 5457 2014 5510 eli-

452 5555 613 5617 gente
661 5549 764 5599 Deo
803 5556 862 5601 ut
903 5546 1215 5613 sapientiam
1261 5545 1441 5597 szeculi
1472 5546 1836 5601 confunderet.
1878 5545 2013 5600 Hinc

453 5638 642 5691 merito
677 5638 944 5706 apostolos
981 5642 1071 5697 τὴν
1104 5637 1328 5709 γλῶτταν
1358 5634 1705 5701 ἰδιωτεύοντας
1740 5639 1878 5695 dixit
1909 5638 2013 5694 Eu-

2124 4548 2404 4621 duodecim
2435 4550 2590 4603 annis
2627 4565 2711 4605 res
2746 4552 3001 4606 Ecclesia:
3034 4555 3433 4612 adminiStrasse
3468 4573 3498 4611 a
3532 4568 3680 4614 vete-

2122 4640 2269 4695 ribus
2295 4624 2565 4695 discimus.
2594 4643 2699 4696 Cur
2720 4643 2895 4711 itaque
2925 4660 3028 4697 non
3050 4647 3148 4699 sub
3174 4646 3276 4700 hoc
3296 4650 3490 4716 potius,
3521 4667 3679 4719 quam

2132 4742 2257 4800 post
2287 4744 2389 4785 tam
2419 4735 2595 4787 laxum
2632 4736 2883 4803 temporis
2904 4737 3131 4803 spatium
3169 4739 3420 4793 adornata
3460 4744 3559 4797 sub
3586 4742 3682 4797 Pio

2121 4835 2391 4875 sacrorum
2423 4823 2487 4877 N.
2515 4822 2577 4877 Τ.
2611 4824 2863 4879 librorum
2906 4827 3180 4879 translatio
3211 4828 3405 4885 fuerit?
3432 4830 3513 4884 An
3556 4832 3683 4887 dee-

2123 4924 2244 4968 rant
2272 4916 2498 4983 principi
2542 4918 2773 4969 omnium
2808 4918 3062 4971 Ecclesia:
3086 4959 3100 4979 ,
3150 4920 3201 4972 in
3253 4922 3680 4988 frequentissimo

2120 5007 2356 5076 gentium
2386 5025 2414 5059 c
2440 5010 2725 5074 provinciis
2748 5009 2952 5076 imperii
2978 5010 3041 5061 ad
3073 5008 3271 5064 Urbem
3296 5014 3515 5081 appulsu
3537 5054 3554 5081 ,
3585 5030 3679 5070 eo-

2120 5113 2277 5163 rum,
2324 5098 2479 5152 simul
2516 5114 2578 5152 ac
2623 5100 2958 5167 prodierant,
2987 5101 3288 5169 apographa
3317 5144 3332 5166 ,
3365 5117 3419 5158 ut
3442 5122 3508 5162 ne
3540 5108 3676 5162 verti

2123 5191 2463 5247 commodum
2507 5193 2763 5260 possent?
2800 5195 2877 5245 An
2920 5192 3144 5247 fortasse
3174 5212 3277 5250 non
3318 5214 3485 5265 opus,
3524 5208 3680 5252 aucto

2120 5283 2175 5337 in
2204 5285 2317 5339 dies
2354 5284 2680 5338 credentium
2729 5300 2951 5337 numero
2976 5326 2989 5347 ,
3021 5297 3077 5339 ut
3128 5289 3495 5344 verterentur?
3538 5288 3679 5342 Neu-

2120 5381 2258 5426 trum
2296 5374 2552 5442 profccto,
2577 5376 2628 5427 ni
2660 5374 2829 5427 fallor.
2872 5374 2999 5438 Quae
3028 5380 3203 5431 omnia
3231 5380 3368 5431 dicta
3395 5377 3502 5433 sint
3522 5392 3678 5449 argu-

2118 5466 2281 5516 menti
2318 5464 2472 5532 hujus
2502 5466 2699 5533 gratia;
2734 5465 2783 5517 in
2810 5466 2948 5535 quod
2977 5468 3103 5521 olim
3135 5467 3345 5537 egregia
3375 5467 3524 5523 Millii
3546 5470 3676 5527 Pro-

2117 5550 2391 5618 legomena
2416 5557 2761 5611 observantes
2796 5572 2913 5611 cum
2945 5558 3350 5625 incidissemus,
3383 5559 3541 5615 dubia
3570 5563 3676 5632 pri-

2116 5657 2261 5696 mum
2299 5644 2472 5712 aliqua
2509 5647 2669 5702 cartis
2707 5648 3015 5713 inlevimus;
3048 5663 3187 5703 nunc
3215 5663 3338 5705 vero
3378 5666 3409 5705 e
3448 5664 3507 5706 re
3549 5661 3667 5706 nata
