3902 6420
367 304 435 356 ιτ
1740 291 1780 345 Ρ
1791 286 1951 344 ROLI

2063 271 2281 343 MENA.
3561 288 3628 345 is

369 417 524 470 sione
546 418 759 470 utentes
799 408 1002 464 inducit
1043 406 1238 461 ibidem
1262 445 1280 472 ,
1308 404 1530 468 dicens,
1569 403 1810 473 quoniam
1840 403 1945 472 (in-
1969 403 2023 464 Α
2048 416 2182 453 rum.
2220 417 2237 449 ι
2290 395 2472 450 deinde
2513 403 2780 468 generatus
2820 397 2888 448 ad
2916 395 3170 461 eiectum,
3211 413 3229 447 t
3266 395 3393 451 Cum
3431 405 3630 468 pararet

369 504 607 576 quiunt),
633 501 856 556 Vannii
875 513 1011 555 cano
1038 478 1231 568 factum
1258 506 1353 551 est.

440 615 547 671 Sed
569 613 755 668 nullibi
782 622 886 667 tam
909 619 1095 666 exerte
1114 610 1221 664 vim
1244 607 1448 662 vocula:
1470 604 1629 678 Λόγος
1653 603 1948 672 expressit,

369 721 527 776 quam
549 703 762 758 laudato
789 717 906 770 cap.
937 701 1002 754 21
1035 698 1366 769 Apologetici
1389 739 1402 762 ,
1422 698 1527 751 'ubi
1555 697 1622 750 de
1645 694 1844 750 Judazis
1872 694 1954 747 lo-

368 814 583 870 quens:
637 795 800 861 Quem
842 795 1033 866 igitur,
1075 793 1278 862 inquit,
1331 788 1648 844 solummodo
1697 786 1951 839 hominem

367 895 801 962 prcesumpserant
842 889 904 939 de
944 886 1261 948 humilitate,
1307 881 1600 951 sequebatur
1627 879 1699 932 uti
1746 892 1951 946 magum

367 983 677 1036 aestimarent
725 978 788 1032 de
827 984 1104 1046 potestate,
1151 989 1268 1027 cum
1305 973 1393 1026 ille
1419 971 1671 1025 daemonia
1716 967 1862 1022 uerbo
1889 966 1952 1020 de

368 1072 652 1125 hominibus
688 1077 977 1131 excuteret,
1025 1080 1186 1119 cacas
1225 1063 1588 1124 reluminaret,
1641 1059 1951 1129 paralyticos

366 1162 722 1230 restringeret,
754 1167 978 1210 mortuos
1007 1156 1220 1224 denique
1249 1155 1398 1207 uerbo
1428 1151 1660 1205 redderet
1676 1151 1819 1209 vita,
1844 1146 1950 1200 ele-

367 1260 540 1304 menta
567 1252 680 1316 ipsa
721 1248 990 1317 famularet
1017 1287 1031 1311 ,
1063 1260 1382 1314 compescens
1413 1241 1695 1310 procellas,
1744 1248 1790 1292 et
1821 1241 1951 1306 freta

362 1343 685 1412 ingrediens;
713 1340 982 1394 ostendens
1009 1353 1116 1391 sese
1155 1336 1316 1407 Λόγον
1360 1333 1458 1395 Dei
1476 1376 1491 1398 ,
1539 1333 1593 1384 id
1623 1341 1697 1386 est
1728 1331 1950 1385 Vsaeuu

362 1434 497 1487 illud
524 1431 855 1503 primordiale
899 1430 1326 1502 primogenitum,
1371 1426 1584 1487 uirtute,
1631 1432 1677 1476 et
1735 1420 1951 1474 Ratione

365 1525 659 1577 comitatum
675 1563 689 1587 ,
717 1530 766 1575 et
783 1522 968 1590 spiritu
989 1520 1200 1590 fultum.

394 1694 398 1699 _
431 1636 511 1692 Ex
533 1636 649 1701 his,
671 1647 792 1704 qua
819 1632 984 1687 fusius
1006 1632 1129 1686 data
1168 1643 1329 1699 opera
1369 1626 1648 1682 attulimus
1670 1666 1684 1690 ,
1716 1623 1848 1678 satis
1886 1621 1950 1676 li-

362 1735 525 1796 quet,
570 1740 678 1780 non
707 1725 846 1779 inter
893 1723 1276 1781 translatores,
1329 1719 1419 1786 qui
1464 1717 1770 1770 versionem
1807 1714 1946 1766 inte-

361 1834 512 1888 gram
533 1816 779 1872 cuderint
796 1855 812 1882 ,
837 1813 933 1868 sed
959 1815 1100 1867 inter
1120 1810 1433 1864 scholiastas
1452 1808 1575 1861 illos
1607 1805 1948 1860 referendum

364 1907 751 1962 Tertullianum
774 1946 790 1970 ,
834 1919 971 1974 quos
996 1918 1155 1970 supra
1203 1900 1516 1955 dicebamus
1557 1897 1750 1951 vetusti
1780 1897 1948 1949 inter-

371 2001 538 2068 pretis
577 1999 726 2053 locos
765 1996 866 2051 bac
918 1995 1041 2048 illac
1078 1993 1419 2047 sollicitasse.
1454 1989 1521 2044 Et
1559 1988 1774 2056 quidem
1803 1992 1970 2040 com-'

359 2090 558 2160 pendio
573 2087 750 2152 nullo,
780 2086 881 2140 nisi
910 2083 1166 2139 novitatis
1189 2126 1204 2148 ,
1233 2096 1390 2152 quam
1422 2081 1475 2134 in
1504 2079 1667 2133 rebus
1704 2077 1822 2131 istis
1848 2091 1951 2130 sae-

363 2195 432 2249 pe
492 2179 770 2244 inutilem,
821 2191 929 2230 non
973 2189 1095 2229 raro
1139 2173 1299 2227 etiam
1356 2170 1713 2240 periculosam
1769 2168 1951 2222 exitus

363 2270 753 2340 comprobavit.
800 2267 952 2322 Adde
976 2266 1137 2321 etiam
1167 2264 1308 2318 haud
1349 2265 1481 2318 satis
1505 2260 1787 2317 commode
1829 2259 1953 2315 Ser-

371 2379 569 2416 manem
597 2376 904 2429 usurpasse.
955 2359 1072 2413 iam
1102 2359 1246 2412 enim
1273 2372 1380 2410 non
1424 2356 1647 2410 Verbum
1673 2353 1808 2418 Dei,
1853 2352 1950 2408 sed

383 2454 544 2508 Verba
572 2459 756 2507 essent
781 2451 1126 2520 intelligenda
1159 2467 1171 2499 :
1198 2464 1261 2502 ac
1288 2455 1570 2517 propterea
1588 2488 1602 2511 ,
1627 2461 1748 2500 cum
1776 2445 1828 2498 in
1859 2443 1951 2497 ad-

367 2545 527 2599 ducto
553 2546 671 2599 loco
696 2543 955 2596 adversus
979 2541 1240 2596 Praxeam
1264 2539 1402 2607 apud
1430 2551 1559 2592 suos
1583 2536 1637 2588 in
1661 2549 1758 2588 usu
1783 2535 1949 2587 luisse

365 2635 440 2689 ait
463 2675 478 2696 .
512 2649 606 2702 per
635 2633 1030 2700 simplicitatem
1061 2628 1520 2697 interpretationis
1544 2626 1843 2680 Sermonem
1865 2623 1948 2675 di-

365 2742 478 2780 cere
496 2765 512 2791 ,
539 2733 688 2780 recte
705 2721 947 2778 Clericus
968 2761 985 2787 ,
1035 2736 1103 2792 qu
1124 2719 1277 2776 unvis
1324 2718 1432 2774 line
1455 2718 1562 2772 alio
1579 2757 1593 2781 ,
1620 2732 1717 2786 per
1743 2715 1954 2784 imperi~

364 2817 491 2870 tiam
513 2816 727 2884 adjecit.

434 2928 491 2980 In
529 2926 718 2980 eodem
745 2939 909 2979 censu
930 2963 947 2988 ,
969 2917 1282 2976 Latinorum
1308 2920 1443 2973 alter
1467 2959 1484 2986 ,
1513 2915 1828 2988 praesultore
1849 2927 1949 2968 suo

367 3017 537 3072 nihilo
561 3013 907 3074 consmntior,
934 3011 1103 3064 nihilo
1122 3011 1282 3063 etiam
1299 3008 1608 3076 castigatior
1637 3000 1949 3057 Lactantius

2053 491 2206 544 caelos
2231 488 2439 540 aderam
2469 487 2547 539 illi
2577 487 2750 540 simul.
2790 505 2810 538 ›
3606 538 3617 544 ,

2123 581 2370 635 Nimbata
2398 589 2522 634 sunt
2552 580 2686 642 haec.
2719 588 2776 634 ut
2801 580 3056 650 pleraque
3085 581 3190 634 alia
3215 581 3434 650 hujusce
3461 583 3629 652 scrip-
3707 573 3712 579 “

2053 673 2207 736 toris,
2234 688 2353 740 qua:
2383 670 2559 724 adhuc
2595 671 2766 725 lucem
2815 679 3129 739 expectant:
3162 671 3284 725 dua:
3307 673 3516 727 scilicet
3544 688 3633 728 na-

2052 765 2286 818 tivitates
2313 764 2418 818 illa:
2434 763 2934 830 Sermonis,conditi
2964 765 3194 833 primum
3221 765 3288 820 ad
3321 769 3629 834 cogitatum,

2051 857 2175 912 dein
2221 862 2460 928 generati
2502 857 2567 912 ad
2614 857 2884 919 effectum.
2926 859 3033 913 Sed
3076 858 3233 913 facile
3277 875 3340 914 ex
3387 861 3470 923 iis,
3517 877 3633 930 qua:

2052 949 2372 1018 prmstruxit,
2406 957 2518 1002 tum
2549 965 2612 1002 ex
2643 949 3092 1018 subsequentibus
3122 951 3387 1018 castigare
3423 950 3630 1016 eadem,

2051 1048 2213 1108 atque
2240 1039 2304 1093 ad
2334 1055 2522 1107 purum
2557 1038 2872 1108 recolligere
2904 1054 3210 1107 possumus.

2125 1133 2422 1200 Antequam
2458 1129 2523 1184 ad
2553 1129 2656 1183 alia
2685 1129 2945 1184 Lactantii
2974 1145 3214 1199 pergam,
3241 1139 3322 1185 est
3343 1130 3632 1186 observatu

2052 1221 2290 1291 dignum,
2321 1223 2463 1291 quod
2491 1223 2710 1292 scripsit
2739 1222 2970 1277 Hilarius
2993 1224 3134 1294 (Lib.
3157 1239 3193 1278 x
3221 1224 3283 1278 de
3313 1224 3482 1290 Trin.,
3506 1242 3632 1298 pag.

2053 1312 2159 1368 334
2182 1313 2306 1366 edit.
2335 1312 2575 1384 Veram),
2601 1314 2974 1368 haereticorum
3006 1316 3212 1384 aliquos
3237 1317 3482 1371 volentes
3515 1317 3639 1371 Uni-

2053 1405 2292 1473 genitum
2350 1404 2536 1469 Deum,
2585 1407 2674 1474 qui
2732 1407 2785 1458 in
2835 1407 3096 1475 principio
3137 1410 3278 1477 apud
3326 1409 3494 1463 Deum
3525 1418 3640 1463 erat

2055 1494 2195 1547 Deus
2234 1493 2492 1559 Verbum,
2539 1511 2645 1548 non
2699 1497 3089 1551 substantivum
3141 1499 3329 1565 Deum,
3374 1516 3516 1565 esse,
3542 1501 3638 1556 sed

2055 1583 2355 1638 Sermonem
2406 1586 2542 1639 vocis
2584 1586 2800 1648 emissae,
2854 1597 2930 1653 ut,
2979 1589 3120 1658 quod
3176 1590 3517 1659 loquentibus
3556 1599 3640 1645 est

2054 1690 2210 1730 suum
2236 1676 2482 1746 verbum,
2515 1677 2615 1732 hoc
2633 1679 2702 1731 sit
2731 1679 2872 1733 Patri
2903 1679 3015 1734 Deo
3041 1681 3246 1744 Filius;
3274 1693 3437 1754 atque
3465 1698 3530 1737 ex
3557 1684 3639 1738 his

1977 1777 2028 1836 Β
2054 1768 2411 1837 subrepentes
2440 1808 2456 1832 ,
2508 1784 2613 1823 non
2665 1770 2832 1824 Deum
2876 1771 3106 1826 Verbum
3153 1775 3428 1830 hominem
3471 1790 3530 1830 se
3573 1791 3638 1831 ex

2056 1867 2210 1927 partu
2262 1861 2491 1929 Virginis
2534 1861 2857 1935 efficientem
2901 1867 3166 1932 extitisse,
3199 1868 3314 1933 sed,
3346 1879 3402 1922 ut
3435 1870 3486 1922 in
3518 1884 3638 1940 pro:

2054 1951 2227 2017 phetis
2277 1952 2500 2018 spiritus
2531 1955 2848 2020 prophetiae,
2905 1957 2974 2007 ita
3027 1957 3081 2009 in
3127 1956 3254 2011 Jesu
3286 1959 3514 2014 Verbum
3544 1960 3636 2015 Dei

2053 2038 2220 2094 fuisse
2253 2039 2516 2115 dicentes.
2552 2041 2687 2094 Num
2731 2058 2797 2097 ex
2838 2046 3009 2097 vocali
3039 2045 3353 2101 Tertulliani
3400 2063 3462 2102 ac
3508 2050 3638 2104 Lac-

2052 2129 2204 2182 tantii
2236 2128 2502 2196 Sermone,
2533 2145 2687 2184 suum
2732 2132 2879 2185 illum
2923 2135 3058 2187 vocis
3085 2136 3293 2202 emissa!
3320 2137 3637 2194 effinxerant

2052 2230 2335 2274 novatores
2369 2221 2502 2274 isti?
2533 2223 2650 2291 quis
2680 2221 2927 2277 divinet?

2121 2312 2224 2365 Sed
2251 2311 2316 2365 ad
2349 2312 2682 2367 Lactantium
2710 2325 2765 2368 ut
2787 2315 3024 2382 redeam,
3046 2318 3156 2372 dixi
3184 2336 3289 2374 non
3313 2322 3640 2391 magisbunc

2051 2416 2210 2470 quam
2249 2402 2638 2456 Tertulliauutn
2690 2405 2791 2457 sibi
2832 2416 3104 2460 constare.
3151 2409 3463 2467 Promiscue
3492 2414 3638 2469 enim

2049 2491 2272 2545 vocibus
2327 2491 2545 2544 Verbum
2571 2501 2625 2545 et
2655 2493 2836 2547 Sermo
2879 2510 3028 2558 usus,
3061 2496 3148 2549 ubi
3189 2497 3453 2568 integrum
3478 2500 3640 2556 Joan-

2051 2581 2132 2634 nis
2160 2583 2330 2635 locum
2370 2583 2637 2638 adducere
2666 2587 2864 2640 voluit:
2915 2587 3149 2642 Joannes
3179 2606 3395 2660 quoque,
3439 2593 3536 2660 ait,
3567 2596 3641 2648 ita

2048 2675 2292 2727 tradidit:
2320 2694 2337 2724 ι
2374 2675 2437 2729 In
2467 2677 2718 2747 principio
2756 2689 2862 2730 erat
2901 2679 3143 2744 Verbum,
3187 2693 3235 2735 et
3273 2681 3492 2737 Verbum
3529 2693 3641 2740 erat

2048 2765 2187 2833 apud
2217 2764 2404 2829 Deum,
2443 2775 2490 2819 et
2526 2765 2668 2819 Deus
2706 2778 2813 2822 erat
2851 2769 3094 2825 Verbum.
3141 2772 3210 2826 At
3251 2776 3454 2840 statim,
3484 2775 3642 2845 quasi

2049 2871 2184 2925 aqua
2215 2857 2318 2912 ista
2342 2873 2374 2911 e
2403 2857 2539 2922 rivo,
2577 2873 2683 2913 non
2709 2875 2778 2913 cx
2805 2860 2949 2916 fonte
2981 2865 3168 2918 hausta
3197 2867 3372 2919 minus
3400 2878 3640 2936 saperet,

2049 2947 2400 3014 semetipsum
2418 2988 2432 3014 ,
2464 2956 2624 3014 atque
2651 2965 2754 3002 una
2781 2952 3127 3019 interpretem
3158 2954 3436 3023 corrigens
3460 2996 3474 3019 ,
3508 2958 3636 3013 sub-

2047 3036 2258 3104 jungit:
2287 3035 2392 3088 Sed
2420 3034 2599 3090 melius
2626 3037 2794 3092 Graeci
2814 3042 2971 3110 Λόγον
3000 3041 3193 3106 dicunt,
3219 3059 3370 3110 quant
3401 3059 3492 3097 nos
3517 3045 3645 3098 Ser-

369 3107 472 3162 fuit
496 3148 512 3172 ,
565 3105 662 3198 Dii
687 3103 851 3198 “litim
875 3114 1020 3198 “humi
1049 3099 1307 3198 velum:
1357 3096 1520 3198 [Toto
1546 3094 1952 3198 sm“???
1977 3120 2023 3183 Ο
2047 3094 2277 3177 nionem.
2301 3123 2461 3196 Λόγος
2492 3126 2625 3177 enim
2659 3136 2716 3178 et.
2739 3094 3028 3181 Sen-tonuit
3057 3094 3310 3198 signiﬁcat
3332 3171 3347 3196 ,
3372 3094 3645 3188 et

363 3199 571 3267 pellans
596 3193 698 3266 (De
731 3191 864 3248 Vera
891 3190 1159 3259 Sapientia
1184 3187 1329 3252 “,8,
1356 3186 1435 3255 9).
1458 3183 1591 3238 Cum
1617 3182 1760 3236 enim
1785 3179 1957 3234 dixis—

366 3298 471 3351 set,
505 3277 803 3342 Sermonem
831 3297 954 3338 esse
974 3279 1218 3348 spiritum
1249 3292 1371 3330 cum
1403 3289 1534 3328 voce
1555 3271 1758 3339 aliquid
1787 3267 1955 3338 signi-

371 3383 565 3435 ficante
596 3378 890 3446 prolatum;
917 3375 970 3427 in
1000 3374 1100 3425 hoc
1127 3382 1304 3423 tamen
1329 3367 1601 3435 angelicos
1627 3361 1870 3431 spiritus,
1901 3367 1958 3414 et

372 3471 610 3524 divinum
640 3468 786 3522 illum
829 3465 1149 3520 Sermonem
1177 3459 1392 3513 diﬂ‘erre
1420 3457 1532 3521 ait,
1578 3452 1721 3523 quod
1751 3449 1956 3504 scilicet

373 3560 583 3628 spiritus
608 3558 832 3627 naribus,
853 3572 938 3610 ore
965 3569 1128 3608 sermo
1153 3550 1392 3620 procedat
1417 3564 1435 3601 :
1463 3545 1680 3614 angelos
1707 3551 1954 3611 propter-

377 3667 442 3708 ea
463 3668 528 3706 ex
556 3650 667 3704 Deo
689 3650 880 3702 tacitos
921 3645 1146 3713 spiritus
1166 3643 1362 3696 exiisse
1386 3639 1569 3708 (bene,
1597 3634 1737 3703 quod
1765 3648 1871 3685 non
1886 3645 1954 3684 ex

370 3743 589 3798 naribus
622 3741 712 3796 Dei
745 3737 965 3803 dixerit)
995 3734 1120 3804 quia
1149 3746 1253 3784 non
1287 3729 1354 3782 ad
1378 3726 1677 3780 doctrinam
1719 3722 1813 3776 Dei
1843 3730 1952 3774 tra-

374 3833 602 3888 dendam
623 3871 638 3896 ,
671 3829 766 3884 sed
791 3827 858 3882 ad
886 3822 1245 3881 ministerium
1269 3817 1608 3873 creabantur.
1642 3813 1793 3867 Illum
1825 3825 1953 3866 vero

336 3954 339 3958 -
376 3937 499 3975 cum
521 3937 639 3974 voce
661 3936 724 3973 ae
744 3933 868 3973 sono
893 3931 958 3971 ex
984 3914 1079 3968 Dei
1124 3925 1218 3965 ore
1269 3906 1596 3977 processisse
1618 3943 1634 3968 ,
1675 3903 1795 3972 quia
1823 3917 1954 3956 voce

389 4193 606 4248 Verbum
631 4189 727 4244 Dei
753 4188 968 4241 dicitur.
1000 4205 1017 4235 ι

447 4300 698 4357 Vocalem
738 4297 879 4349 hunc
908 4294 1247 4352 Sermonem,
1277 4289 1432 4340 sicuti
1462 4288 1583 4349 alia,
1619 4301 1737 4352 quae
1767 4293 1950 4350 postea

374 4393 683 4455 aﬂ'eremus,
735 4386 983 4438 hauserat
1029 4395 1060 4433 e
1101 4376 1466 4436 Tertulliano;
1512 4372 1663 4438 cujus
1693 4372 1952 4438 insignem

372 4486 614 4558 profecto
643 4482 818 4535 locum
848 4474 1109 4528 habemus
1130 4469 1389 4521 adversus
1410 4465 1665 4558 Praxeam
1703 4462 1843 4558 (cap.
1864 4460 1950 4558 :1);

379 4548 446 4632 'Ut
475 4577 714 4647 primum,
742 4569 836 4633 ait,
875 4563 1016 4616 Deus
1039 4559 1197 4614 uoluit
1225 4574 1306 4620 ea,
1331 4569 1446 4624 quc
1472 4569 1588 4607 cum
1617 4551 1826 4647 Sophia:
1852 4548 1958 4647 lia-

375 4641 533 4730 tioue,
562 4676 608 4720 et
636 4664 882 4718 Sermone
923 4655 1246 4723 disposuerat
1270 4650 1407 4700 intra
1443 4661 1516 4710 se,
1549 4647 1604 4697 in
1625 4641 1951 4707 substantias,

371 4769 421 4815 et
459 4756 648 4824 species
692 4766 812 4804 suas
840 4747 1010 4808 edere,
1049 4744 1217 4812 ipsum
1248 4738 1466 4807 primum
1517 4733 1727 4802 protulit
1767 4745 1958 4824 sermo-

374 4820 512 4910 item,
540 4842 802 4896 habentem
834 4839 889 4888 in
932 4851 984 4887 se
1019 4830 1313 4885 individuus
1338 4843 1457 4880 suas
1495 4825 1763 4879 Rationem
1787 4830 1832 4873 et
1857 4820 1956 4899 So,-

370 4942 566 5014 pltiam,
621 4943 674 4986 ut
712 4945 800 5001 per
826 4929 990 4997 ipsum
1017 4924 1194 4990 ﬁerent
1224 4922 1483 4983 uniuersa,
1516 4933 1605 4987 per
1631 4931 1780 4984 quem
1810 4921 1954 4968 erant

371 5008 612 5102 cogitata,
642 5032 793 5090 atque
829 5013 1112 5083 disposita;
1151 5012 1251 5102 imo
1296 5019 1343 5062 et
1385 5008 1519 5074 facta
1538 5011 1673 5077 jam,
1704 5013 1952 5102 quantum

371 5097 544 5173 in'Dei
561 5128 734 5167 sensu.
772 5107 883 5161 Hoc
908 5105 1042 5157 enim
1067 5101 1138 5154 eis
1168 5099 1364 5160 deerat,
1399 5106 1453 5148 ut
1482 5112 1653 5148 coram
1675 5113 1868 5166 quoque
1896 5097 1950 5150 in

371 5207 479 5261 suis
506 5201 785 5271 speciebus,
815 5204 963 5262 atque
998 5187 1290 5244 substantiis
1329 5196 1774 5255 cognoscerentur,
1805 5196 1850 5238 et
1877 5196 1950 5238 te-

379 5301 629 5348 nerentur.
661 5287 802 5339 Tunc
819 5285 978 5354 igitur
1007 5282 1159 5334 etiam
1178 5279 1287 5345 ipse
1317 5275 1496 5329 Sermo
1515 5274 1762 5343 speciem,
1789 5283 1834 5325 et
1861 5290 1946 5327 or-

376 5393 552 5436 natum
577 5392 725 5433 suum
763 5374 938 5438 sumit,
959 5385 1152 5434 sonuu,
1185 5376 1235 5420 et
1263 5380 1457 5429 νοοειι,
1487 5378 1603 5416 cum
1627 5362 1749 5414 dicit
1784 5361 1940 5429 Deus,

379 5474 500 5526 Fiat
529 5473 636 5521 tux.
660 5467 786 5522 Haec
803 5479 897 5520 us'r
923 5475 1196 5516 sumus
1217 5470 1488 5510 psus-sc“
1516 5452 1800 5516 Ssauoms,
1825 5455 1946 5507 dum

377 5579 440 5616 ea:
470 5561 574 5612 Deo
603 5561 845 5626 procedit,
870 5555 1106 5609 conditus
1133 5568 1168 5604 a
1193 5548 1302 5602 Deo
1330 5551 1549 5617 primum
1575 5547 1644 5600 ad
1669 5548 1946 5617 cogitatum

367 5658 420 5710 in
440 5657 639 5708 nomine
667 5650 894 5718 Sophia,
928 5668 947 5702 ‹
977 5647 1229 5703 Dominus
1249 5641 1478 5699 condidit
1505 5657 1581 5696 me
1606 5641 1807 5697 initium
1830 5643 1942 5696 via-

2055 3227 2184 3277 κει,
2215 3213 2335 3281 quia
2363 3213 2453 3264 ille
2480 3222 2553 3265 est
2574 3227 2692 3279 vox,
2716 3223 2764 3267 et
2789 3216 3040 3283 sapientia
3062 3215 3180 3270 Dei.

2131 3302 2410 3354 Veteribus
2455 3303 2600 3356 hisce
2630 3304 2934 3358 scholiastis
2959 3308 3326 3362 accensendus
3351 3320 3435 3364 est
3463 3311 3632 3367 Joan—

2057 3407 2152 3446 nes
2177 3392 2438 3458 Clericus,
2475 3394 2562 3460 qui
2605 3403 2910 3464 utrumque,
2942 3398 2992 3450 in
3023 3399 3402 3454 additatnentis
3429 3404 3546 3456 suis
3575 3404 3644 3458 ad

2055 3482 2258 3537 Novum
2307 3483 2523 3538 Henrici
2577 3485 2896 3540 Hammondi
2926 3487 3327 3544 Testamentum
3366 3492 3534 3562 (Edit.
3567 3497 3646 3550 al—

2055 3583 2164 3626 tera
2195 3572 2515 3642 Francofurt
2546 3575 2703 3628 1714.
2749 3594 2866 3648 pag.
2908 3578 3060 3648 591),
3092 3590 3329 3647 secutus,
3371 3599 3478 3636 non
3511 3583 3645 3636 Ver-

2056 3664 2193 3728 bum,
2233 3672 2324 3717 aut
2377 3663 2696 3732 Sermonem,
2746 3667 2840 3720 sed
2882 3667 3152 3722 Rationem
3176 3680 3389 3726 vertere
3413 3672 3642 3727 maluit:

2055 3753 2212 3808 Initio
2256 3767 2362 3809 erat
2410 3757 2597 3823 ΒΑτιο,
2651 3775 2807 3828 eaque
2848 3760 3017 3818 ΒΑτιο
3062 3754 3168 3817 erat
3201 3767 3341 3836 apud
3381 3765 3572 3835 Deum,
3597 3775 3645 3821 et

2053 3843 2192 3900 Deus
2216 3857 2324 3900 erat
2351 3863 2412 3900 ea
2439 3847 2634 3903 RATIO.

2127 3936 2238 3988 Cur
2266 3937 2339 3988 ita
2369 3939 2603 3991 senserit
2633 3938 2712 3992 vir
2738 3939 2979 4007 profecto
3017 3943 3282 4010 eruditus,
3306 3945 3401 3998 sed
3428 3947 3599 4001 audax
3622 3988 3642 4014 ,

2053 4031 2110 4076 et
2138 4024 2240 4078 sibi
2281 4025 2382 4094 ipsi
2408 4028 2873 4096 quamszepissime
2913 4031 3072 4084 nimis
3101 4031 3403 4103 indulgens,
3428 4038 3646 4104 aperuit

2053 4113 2279 4182 ipsemet
2317 4116 2542 4183 epistola
2563 4117 2732 4172 altera
2751 4117 2817 4170 ad
2836 4118 3112 4185 lectorem,
3139 4123 3356 4191 praeﬁxa
3382 4126 3644 4181 Animado

2054 4204 2391 4260 versionibus
2419 4209 2531 4262 suis
2570 4208 2624 4262 in
2661 4225 2793 4263 xvnt
2833 4211 3002 4278 prima
3056 4224 3322 4268 commata
3365 4216 3642 4286 Evangelii

2049 4293 2300 4379 laminis;
2335 4298 2421 4352 ubi
2451 4307 2633 4354 tamen
2663 4299 2881 4369 fatetur,
2924 4318 3030 4358 non
3069 4304 3326 4369 defuisse,
3369 4308 3462 4376 qui
3492 4323 3641 4379 aegre

2053 4376 2274 4449 ferrent,
2328 4387 2598 4446 Rationem
2641 4408 2672 4446 a
2715 4408 2774 4448 se
2811 4397 2970 4460 verti,
3019 4412 3124 4451 non
3161 4397 3501 4469 Sermonem,
3548 4376 3645 4456 aut
3711 4431 3728 4454 .-

1980 4471 2036 4531 Ι)
2068 4471 2306 4529 Verbum.

2133 4562 2232 4627 Qui
2264 4563 2460 4619 fuerint
2486 4569 2594 4632 isti,
2627 4578 2683 4624 et
2706 4587 2774 4627 an
2796 4575 3208 4631 vetustissimam
3235 4578 3437 4634 Latinae
3456 4580 3644 4636 Eccle-

2061 4651 2155 4704 side
2177 4653 2498 4721 versionem,
2527 4659 2742 4726 scriptis
2769 4663 2878 4716 suis
2902 4671 3380 4736 pr0pugnaverint,
3407 4671 3642 4740 ingenue

2063 4740 2232 4796 fateor
2261 4758 2348 4798 me
2374 4748 2599 4801 nescire.
2631 4750 2683 4803 Si
2712 4752 2838 4819 quid
2881 4766 3166 4823 propterea
3203 4759 3270 4811 ad
3297 4759 3462 4815 hocce
3481 4776 3645 4830 argu-

2063 4843 2297 4886 mentum
2321 4836 2568 4900 attulero,
2592 4841 2732 4908 quod
2761 4844 2908 4908 prius
2934 4845 3033 4912 ipsi
3062 4848 3419 4917 vulgaverint,
3448 4851 3642 4905 honori

2055 4921 2186 4974 mihi
2235 4934 2438 4978 vertam
2469 4926 2653 4982 eadem
2684 4945 2805 4984 cum
2836 4933 3009 4989 doctis
3035 4936 3289 4993 sensisse.
3322 4940 3416 4994 Sin
3441 4941 3602 4997 aliter
3621 4983 3638 5009 ,

2051 5026 2405 5080 quaecumque
2426 5029 2488 5069 ea
2517 5015 2731 5072 demum
2753 5021 2880 5086 sint,
2906 5038 3022 5077 mea
3050 5035 3231 5080 erunt.

2120 5103 2332 5157 Asserit
2379 5107 2558 5173 itaque
2586 5107 2820 5164 Clericus
2848 5114 3149 5182 ambiguam
3176 5130 3276 5184 per
3306 5133 3366 5173 se
3390 5135 3512 5176 esse
3543 5137 3641 5178 vo-

2046 5209 2164 5250 cem
2191 5195 2371 5267 Λὸγος,
2395 5205 2450 5250 et
2476 5205 2583 5250 tam
2611 5198 2878 5254 Rationem
2921 5204 3060 5256 verti
3101 5220 3283 5275 posse,
3312 5226 3470 5279 quam
3505 5210 3639 5265 Ver-

2048 5285 2202 5351 bum;
2234 5285 2518 5355 statimque
2545 5289 2696 5342 addit
2719 5307 2731 5342 :
2763 5292 2824 5344 Si
2851 5297 3101 5362 posterior
3122 5300 3428 5370 signiﬁcatio
3456 5302 3509 5359 in
3537 5301 3638 5356 οο-

2047 5378 2248 5432 cidente
2294 5380 2532 5443 obtinuit,
2584 5382 2646 5434 ob
2685 5386 2881 5459 ueteris
2901 5388 3194 5458 interpretis
3222 5391 3396 5443 Latini
3422 5392 3638 5459 imperi-

2046 5469 2194 5534 tiam,
2219 5477 2307 5520 aut
2330 5471 2373 5522 si
2410 5472 2568 5522 mauis
2602 5472 2825 5563 inoo/am
2855 5455 3049 5549 linguai
3083 5479 3302 5544 Latina,
3335 5455 3505 5534 Graeci
3527 5472 3658 5536 Pa-l
3699 5505 3706 5511 λ

2049 5565 2151 5609 tres
2179 5559 2371 5625 passim
2406 5559 2843 5626 ostendunt,'cum
2874 5568 2970 5620 hac
2997 5570 3062 5620 de
3085 5583 3141 5620 re
3166 5578 3346 5637 agunt,
3372 5586 3427 5624 se
3449 5571 3631 5627 Ratio-

2045 5663 2156 5702 nem
2185 5665 2286 5704 non
2314 5650 2500 5720 minus,
2532 5668 2685 5721 quam
2709 5655 2927 5715 VEltlUl
2951 5656 3280 5713 intellexisse.
