3902 6402
238 378 314 438 sa
1020 376 1238 436 EPIST.
1276 373 1528 432 PHILIP.
1569 369 1938 438 causam,
1978 371 2069 430 DE
2097 370 2347 434 comas
2385 372 2735 454 summa.
3451 382 3521 441 so

312 500 368 555 Si
399 514 526 555 vera
570 501 689 559 haec
715 508 860 566 sunt,
893 507 954 555 ut
995 507 1145 554 certe
1167 494 1469 559 verissima,
1501 492 1656 565 Λόγον
1685 503 1839 560 ωψιθ
1865 495 1917 554 Α
1942 492 2169 560 patiatur
2192 511 2273 549 me
2296 512 2395 550 non
2424 498 2874 561 incommodiorem
2895 522 3167 580 usurpare,
3202 505 3263 561 ob
3287 503 3523 559 doctissi-

252 591 467 645 Verbum
503 592 831 663 signiﬁcare,
857 607 919 646 ac
948 590 1237 654 Rationem,
1253 595 1309 642 et
1330 586 1470 641 hanc
1493 599 1597 639 non
1628 583 1824 649 minus,

241 699 400 755 quam
426 685 553 739 illud
571 686 792 741 Grzecos
815 686 1002 741 Patres
1025 682 1377 746 intellexisse,
1409 695 1529 751 qum
1555 678 1831 734 fuitcausa

241 784 304 830 ut
328 784 598 831 vetustum
627 771 974 843 interpretem
1005 773 1351 830 sollicitaret?
1397 774 1478 825 An
1509 770 1649 825 illius
1673 772 1833 841 impe-

241 866 367 920 ritia
396 866 597 935 (quam
639 880 829 921 vocem
873 864 1088 921 Clerico
1130 863 1396 918 excidisse
1444 876 1550 916 non
1596 858 1832 929 dubito)?

242 954 394 1012 Haud
438 957 724 1028 equidem;
756 958 1061 1014 rectissime
1089 958 1234 1011 enim
1267 957 1450 1021 vertit,
1484 956 1528 1009 si
1557 953 1827 1023 ejusdem-

240 1061 355 1106 met
383 1051 593 1105 calculo
618 1052 754 1106 verti
795 1052 865 1106 ita
908 1060 1138 1119 poterat.
1184 1048 1266 1103 An
1300 1048 1481 1117 inopia
1514 1047 1705 1113 linguzr
1734 1043 1835 1097 La-

240 1139 412 1196 tinae?
453 1140 663 1211 Nempe
701 1142 1016 1213 mysterium
1047 1139 1242 1195 fuerint
1268 1138 1589 1193 Christianis
1621 1138 1831 1191 illorum

239 1240 543 1302 temporum
588 1232 926 1288 inaccessum
978 1246 1141 1286 voces
1195 1229 1346 1284 Ratio
1376 1239 1431 1283 ct
1472 1228 1740 1301 Sapientia
1768 1227 1835 1282 ab

238 1324 472 1381 ethnicis
520 1324 882 1394 scriptoribus
910 1324 962 1379 in
991 1323 1189 1377 divinis
1226 1321 1425 1390 passim
1456 1319 1734 1387 adhibitus,
1776 1328 1836 1374 ut

206 1490 211 1493 _
238 1422 525 1486 propterea
552 1416 732 1486 inopia
758 1429 1001 1487 pressus,
1030 1413 1165 1469 nihil
1201 1412 1345 1468 aliud
1387 1420 1583 1482 praeter
1615 1410 1835 1465 Verbum

236 1506 434 1564 an‘erre
463 1509 718 1578 potuerit.

310 1598 492 1670 Pergit
533 1599 730 1655 deinde
773 1598 1198 1670 inquienszlpsi
1225 1598 1423 1665 Latini,
1463 1598 1552 1666 qui
1583 1595 1837 1665 expende—

232 1701 358 1747 runt
380 1708 552 1747 uocem
580 1691 839 1759 ercam,
871 1693 1096 1761 fatentur
1118 1694 1290 1763 potius
1315 1691 1599 1746 Rmonsu
1621 1704 1726 1742 esse
1754 1688 1836 1740 in-

235 1783 586 1853 telligendam,
633 1799 784 1853 quam
827 1784 964 1853 quod
1006 1782 1188 1836 Latine
1214 1781 1403 1835 dicitur
1438 1779 1690 1842 Vnnsuu;
1717 1793 1833 1831 cum

1929 596 2131 635 morum
2158 582 2371 641 Patrum
2396 586 2694 647 Grecorum
2720 607 3019 666 perpetuum
3048 614 3220 651 usum.
3253 595 3401 651 Sinat
3438 596 3518 647 in-

1931 682 2068 728 terea
2102 692 2183 729 me
2207 676 2343 731 illico
2378 681 2670 751 signiﬁcare
2698 703 2816 742 uoce
2845 688 3038 751 Rtt'rto.
3067 688 3203 758 quod
3226 689 3334 759 ὄρεα
3364 700 3521 754 τ⁰9¹²“

1931 774 2011 818 tus
2030 766 2154 836 quid
2178 766 2274 819 sibi
2297 766 2522 843 Vsusuu
2550 776 2688 841 velit,
2717 780 2914 851 cogitur
2932 779 3136 833 tandem
3165 793 3343 833 uocare
3360 778 3520 829 inter-

1932 872 2053 909 num
2091 858 2418 928 Ssnuoneu,
2460 864 2554 917 hoc
2604 877 2707 932 est,
2754 868 3271 925 RATIOCINATIONBI.
3328 866 3527 921 Audiat

1932 947 2146 1017 denique
2165 949 2563 1019 Tertullianum,
2588 957 2673 1024 qui
2692 958 2764 1011 ita
2790 960 3031 1015 adversus
3044 959 3303 1015 Praxeam
3324 975 3439 1027 cap.
3458 957 3514 1025 5.

1934 1034 2169 1097 adducto
2198 1043 2425 1101 subinde
2456 1047 2599 1115 loco,
2627 1065 2785 1119 quem
2826 1068 2924 1107 nos
2954 1068 3115 1123 supra
3145 1054 3444 1108 retulimus.

1934 1176 1937 1177 ν
2006 1129 2164 1187 Ludit
2188 1149 2289 1189 nos
2319 1135 2579 1206 Clericus,
2623 1155 2744 1197 cum
2786 1142 3055 1199 Rationem
3084 1155 3137 1199 et
3170 1144 3393 1199 Verbum
3422 1158 3520 1199 nu-

1936 1222 2032 1279 das
2072 1240 2231 1287 voces
2283 1230 2667 1300 expendendas
2714 1235 2975 1303 obtrudit,
3017 1253 3135 1306 quae
3186 1238 3337 1305 plura
3384 1239 3519 1292 citra

1934 1317 2289 1373 substantiam
2316 1321 2617 1390 significare
2636 1338 2883 1394 possunt.
2908 1327 3100 1382 Divina
3122 1336 3247 1382 sunt
3272 1327 3439 1382 hocce
3466 1327 3519 1382 in

1936 1405 2075 1470 loco,
2109 1409 2303 1477 quibus
2332 1410 2399 1466 de
2443 1413 2672 1483 agimus.
2721 1418 2905 1473 Divina
2935 1420 3139 1475 scilicet
3185 1420 3358 1486 Ratio,
3401 1422 3459 1474 et
3489 1433 3522 1475 e

1936 1497 2158 1553 Ratione
2190 1499 2449 1568 Verbum;
2476 1506 2519 1559 si
2544 1508 2596 1561 ὲν
2620 1510 2766 1585 ἀρχῇ
2784 1510 2893 1579 jam
2923 1521 3207 1577 :eternum,
3253 1510 3365 1581 jam
3392 1512 3520 1566 sub-

1935 1593 2129 1645 stantia
2158 1606 2188 1647 e
2214 1592 2510 1648 substantia
2538 1610 2660 1650 cum
2686 1600 3019 1655 Tertulliano
3046 1602 3202 1674 (Adv.
3234 1600 3517 1669 Praxeam,

1935 1696 2050 1751 cap.
2081 1682 2161 1753 7),
2194 1694 2249 1738 et
2272 1686 2661 1743 substantivum
2686 1705 2806 1746 cum
2836 1693 3056 1760 Hilario,
3086 1704 3139 1749 et
3162 1695 3520 1750 consubstan-

1934 1776 2062 1836 tiale
2090 1790 2211 1831 cum
2243 1777 2503 1834 Ecclesia.

238 1888 342 1927 non
367 1873 514 1947 λόγον
540 1876 865 1951 προφορικόν,
892 1875 1097 1928 verbum
1131 1872 1409 1941 prolatum,
1441 1872 1529 1924 sed
1553 1868 1827 1926 ἓνδιάθιτον

2009 1869 2088 1921 An
2139 1884 2271 1923 vero
2314 1870 2652 1928 incommoda
2686 1890 2817 1931 voce
2849 1891 2977 1931 usus
3025 1877 3187 1932 fuerit
3230 1878 3517 1947 interpres,

156 2012 161 2015 _
234 1964 468 2032 insitum,
517 1982 605 2019 seu
653 1967 939 2029 internum,
982 1981 1082 2018 non
1124 1974 1387 2019 externum
1430 1979 1485 2017 se
1527 1961 1834 2015 intellexisse

237 2056 518 2111 dixerunt:
570 2055 711 2111 Nam
764 2058 888 2128 quid
942 2066 1016 2111 est
1060 2056 1283 2111 Vsasmt
1324 2057 1598 2120 internum,
1650 2063 1835 2123 prater

238 2147 544 2216 Rartonsu,
595 2165 685 2203 seu
732 2149 1252 2204 RATIOCINATIONEI.
1301 2147 1561 2201 Prteterea
1600 2146 1833 2198 universa

237 2237 476 2292 Ecclesia
496 2236 810 2304 Christiana,
838 2238 1018 2293 Cresco
1047 2248 1093 2291 et
1120 2238 1328 2302 Latina,
1358 2238 1501 2309 λόγον
1527 2236 1699 2288 miscet
1717 2249 1833 2287 cum

234 2330 409 2403 σοφίᾳ,
435 2344 549 2397 qua:
575 2331 750 2392 eadem
781 2338 853 2383 est
879 2345 995 2382 cum
1025 2328 1289 2393 RATIONE,
1320 2327 1409 2381 sed
1439 2324 1832 2379 diversissimaa

242 2416 411 2471 Verbo
439 2418 661 2487 prolato.
694 2418 720 2471 l
727 2420 889 2490 gitur,
930 2419 1160 2489 quamvis
1184 2436 1216 2471 a
1241 2417 1603 2473 consuetudine
1622 2417 1832 2471 Latino-

234 2527 351 2566 rum
399 2512 634 2567 nonnihil
677 2514 993 2579 recesserint,
1042 2513 1111 2566 ad
1153 2528 1339 2567 sonum
1380 2511 1518 2582 quod
1563 2513 1769 2577 attinet,
1800 2526 1832 2563 a

234 2606 405 2674 reipsa
432 2610 746 2673 nequaquam
777 2606 898 2658 abii.

307 2696 534 2764 Quinam
558 2697 756 2751 fuerint
771 2696 946 2751 Latini
966 2696 1071 2762 isti,
1086 2682 1562 2765 quiexpenderunt
1585 2692 1827 2747 Graecam

238 2801 431 2842 vocem
461 2789 646 2859 Λόγος,
675 2787 833 2842 facile
859 2798 941 2842 est
970 2790 1243 2855 conjicere
1268 2801 1337 2840 ex
1364 2785 1609 2839 adductis
1636 2799 1667 2838 e
1696 2783 1828 2837 Ter-

238 2878 487 2945 tulliano,
533 2888 692 2950 atque
754 2880 1035 2934 Lactantio
1086 2877 1515 2933 auctoritatibus.
1569 2876 1825 2944 Quamvis

236 2969 433 3023 mirum
464 2968 650 3024 videri
673 2970 865 3039 possit,
896 2962 1140 3024 exertum
1176 2969 1401 3043 hujusce
1432 2968 1632 3033 locum,
1663 2980 1823 3036 quem

239 3076 340 3117 nos
393 3063 737 3132 protulimus.
806 3062 1073 3119 Clericum
1126 3062 1472 3131 pmteriisse,
1520 3076 1639 3115 cum
1693 3060 1827 3115 alios

238 3155 481 3225 ejusdem
513 3156 794 3223 scriptoris
825 3171 893 3211 ex
924 3156 1051 3210 libb.
1084 3156 1152 3210 de
1180 3155 1259 3209 Ira
1298 3155 1393 3209 Dei
1444 3164 1498 3209 et
1534 3154 1706 3210 Divin.
1738 3153 1829 3207 ln-

1934 1974 2058 2013 cum
2106 1958 2269 2032 λόγον,
2310 1978 2415 2016 non
2459 1962 2769 2030 Rationem,
2817 1966 2911 2021 sed
2946 1966 3174 2023 Verbum
3223 1965 3520 2036 transtulit,

1929 2049 2175 2120 judicent
2214 2052 2434 2107 eruditi.
2484 2054 2658 2124 Eque
2689 2056 2971 2112 Rationem
3019 2073 3083 2113 ac
3118 2058 3355 2116 Verbum
3383 2061 3520 2115 verti

1935 2143 2195 2211 potuisse,
2225 2151 2335 2196 tum
2369 2145 2472 2201 hoc
2490 2162 2597 2201 non
2628 2148 2805 2202 minus
2828 2163 2987 2218 quam
3016 2149 3159 2203 illam
3186 2151 3518 2205 intellexisse

1934 2235 2153 2292 Graecos
2179 2237 2364 2292 Patres
2391 2238 2566 2295 fassus
2608 2252 2693 2295 est
2729 2241 3001 2307 Clericus;
3048 2256 3110 2297 ac
3141 2250 3422 2311 pr0pterea
3459 2257 3521 2297 se

1934 2329 2177 2383 nonnihil
2207 2344 2237 2383 a
2261 2330 2578 2386 Latinorum
2607 2334 3022 2398 consuetudine,
3056 2333 3122 2388 ad
3160 2347 3349 2389 sonum
3373 2334 3513 2403 quod

1932 2419 2159 2485 adtinet,
2194 2436 2299 2475 non
2333 2438 2463 2477 vero
2485 2438 2512 2477 a
2542 2439 2603 2479 re
2625 2424 2737 2494 ipsa
2761 2426 2977 2481 abiisse.

2004 2511 2158 2579 Quod
2189 2522 2372 2582 postea
2403 2514 2622 2571 Latinos
2654 2516 2929 2585 hucusque
2968 2531 3175 2581 omnes,
3206 2517 3319 2587 qui,
3349 2518 3517 2572 inter-

1934 2613 2140 2673 pretem
2182 2605 2375 2671 secuti,
2425 2607 2515 2661 Dei
2551 2606 2794 2675 Verbum,
2847 2623 2954 2663 non
2994 2608 3264 2663 Rationem
3305 2608 3510 2675 dixere,

1934 2694 2177 2749 indoctos
2207 2696 2457 2760 traducit,
2492 2710 2598 2749 non
2622 2698 2695 2751 ita
2720 2699 3039 2768 scripturum
3068 2698 3233 2753 luisse
3264 2711 3412 2767 puto,
3442 2700 3509 2763 si,

1931 2784 2241 2838 subsidente
2267 2795 2423 2850 arstu,
2454 2795 2510 2841 et
2536 2788 2907 2857 semetipsum,
2931 2796 2987 2842 et
3014 2803 3119 2842 una
3141 2796 3221 2843 tot
3241 2796 3505 2854 veterum,

1932 2875 2399 2947 recentiorumque
2456 2877 2800 2933 doctissimos
2854 2881 3109 2934 attentius
3166 2881 3507 2949 inspexisset.

1934 2965 2045 3021 Hoc
2097 2967 2435 3021 solummodo
2480 2968 2688 3035 dicam;
2716 2969 2857 3038 quod
2896 2971 3145 3024 omnibus
3187 2970 3239 3024 in
3278 2970 3378 3025 hac
3405 2972 3509 3024 vita

1932 3063 2249 3132 degentibus
2275 3062 2540 3119 familiare
2568 3074 2673 3129 est,
2706 3064 2848 3119 idem
2888 3065 3099 3121 Clerico
3144 3065 3421 3131 accidisse,
3455 3074 3512 3119 ut

1933 3171 2079 3225 saepe
2127 3157 2348 3210 humani
2391 3155 2591 3227 aliquid
2642 3165 2934 3225 pateretur.
2989 3160 3059 3211 At
3103 3156 3274 3212 δι’ωοὶ
3323 3156 3506 3210 Patres

239 3246 357 3301 stil.
389 3245 694 3301 adduxerit.
715 3246 827 3301 Nisi
855 3249 900 3301 si
930 3247 1091 3313 forte,
1126 3247 1266 3317 quod
1292 3245 1513 3301 Verbum
1536 3246 1831 3322 προφορικὸν
1859 3256 1905 3320 C
1936 3262 2066 3303 voce
2094 3248 2241 3322 λόγος
2268 3262 2485 3317 semper
2515 3256 2637 3301 sunt
2666 3248 2766 3301 usi.
2816 3247 3005 3321 Mirum
3037 3260 3185 3311 sane,
3215 3260 3318 3315 qua
3350 3244 3508 3314 igitur

239 3353 313 3395 ex
363 3352 461 3393 ore
514 3338 611 3393 Dei
660 3352 783 3393 cum
817 3354 953 3404 uoce,
1001 3353 1064 3393 ac
1091 3354 1217 3392 sono
1245 3337 1624 3407 procedentem
1656 3338 1833 3390 minus

236 3436 447 3483 attente
475 3428 868 3498 descripserat;
895 3444 1016 3483 cum
1050 3438 1225 3483 tamen
1267 3427 1418 3497 prius
1453 3442 1483 3481 a
1513 3427 1622 3481 Deo
1649 3436 1831 3482 mente

238 3524 585 3587 conceptum,
634 3518 879 3587 adeoque
922 3517 1202 3573 ἐνδιάθετον
1241 3518 1485 3572 dixisset.
1527 3515 1827 3583 Caeterum,

237 3608 517 3679 quodnon
548 3609 767 3663 verbum
795 3610 1087 3680 prolatum,
1118 3610 1253 3675 sive,
1294 3608 1434 3677 quod
1459 3606 1736 3662 Hmreticis
1763 3608 1831 3661 ab

238 3697 446 3751 Hilario
488 3702 802 3753 memoratis
847 3708 933 3754 est
978 3700 1320 3769 loquentibus
1369 3713 1523 3753 suum
1567 3696 1828 3765 Verbum,

239 3786 346 3865 hoc
373 3789 443 3841 sit
467 3788 611 3841 Patri
638 3788 748 3842 Deo
776 3790 938 3854 filius,
971 3793 1064 3844 sed
1111 3794 1354 3859 insitum,
1388 3794 1684 3863 ingenitum
1720 3792 1831 3846 Deo

249 3874 473 3933 Verbum
512 3878 630 3947 ejus
654 3880 1010 3949 unigenitum,
1044 3890 1097 3933 et
1128 3883 1441 3950 sapientiam
1468 3883 1663 3945 Patris,
1688 3896 1831 3936 sem-

242 3984 337 4039 per
383 3970 718 4027 intellexisse
768 3982 821 4025 et
850 3972 1092 4027 Graecam
1147 3983 1201 4027 et
1230 3974 1475 4027 Latinam
1530 3973 1826 4027 Ecclesiam

238 4062 359 4132 quis
385 4077 616 4132 unquam
646 4063 945 4117 dubitavit?
968 4065 1037 4118 At
1063 4064 1187 4133 quid
1218 4066 1285 4118 sit
1316 4064 1535 4118 Verbum
1559 4066 1825 4117 internum

239 4154 433 4222 quaerit
482 4152 743 4208 Clericus.
792 4153 959 4207 Recte
1004 4154 1167 4223 quod,
1215 4170 1335 4206 cum
1388 4154 1656 4207 Rationem
1706 4167 1827 4205 esse

240 4244 455 4307 dixerit,
488 4245 834 4312 semetipsum
867 4259 896 4298 e
924 4244 1145 4311 veSIigio
1177 4244 1513 4311 recolligens,
1554 4259 1643 4295 seu
1670 4243 1827 4293 ratio-

239 4335 545 4389 cinationem
589 4335 801 4402 adjecit.
846 4334 1009 4387 Sicuti
1047 4335 1191 4386 enim
1224 4334 1432 4384 interna
1468 4331 1701 4382 hominis
1732 4342 1821 4380 ra-

244 4426 518 4480 tiocinatio
560 4435 643 4481 est
690 4428 935 4479 humana:
969 4425 1167 4476 mentis
1196 4422 1443 4484 verbum,
1472 4421 1542 4473 ita
1567 4421 1689 4491 (nos
1718 4420 1820 4473 mi-

242 4520 348 4575 seri
374 4519 552 4573 divina
580 4518 703 4581 ista,
736 4526 894 4583 atque
924 4513 1483 4583 incomprehensibilia
1512 4513 1611 4564 nisi
1639 4510 1824 4565 huma-

1932 3340 2056 3405 alia,
2088 3341 2191 3393 nisi
2232 3338 2443 3403 Graeca,
2478 3338 2709 3394 Verbum
2741 3337 3140 3409 exprimerent?
3187 3336 3291 3393 Sed
3320 3350 3504 3405 parum

1932 3432 2109 3488 fuerat
2147 3430 2356 3487 Clerico
2402 3447 2433 3486 e
2471 3440 2737 3486 commate
2786 3431 2877 3485 illo
2912 3430 3146 3485 Verbum
3192 3429 3502 3493 extrudere,

1933 3524 2033 3577 nisi
2071 3533 2125 3577 et
2172 3537 2389 3576 sensum
2434 3524 2779 3592 evangelista:
2825 3522 3181 3575 sollicitassct.
3216 3521 3399 3590 Itaque
3439 3520 3506 3573 ad

1928 3612 2018 3665 illa
2048 3626 2164 3675 sua,
2197 3611 2360 3664 Initio
2402 3622 2509 3664 erat
2542 3610 2717 3673 Ratio,
2753 3621 3031 3680 postquam
3056 3611 3300 3674 dixisset,
3344 3610 3505 3664 verba

1931 3707 1983 3761 iv
2004 3706 2151 3778 ἀρχῇ
2178 3720 2283 3757 non
2322 3719 2443 3759 esse
2476 3704 2755 3759 referenda
2780 3705 2846 3759 ad
2868 3712 3236 3775 argumentum
3267 3703 3403 3756 illius
3441 3702 3505 3753 li-

1930 3796 2035 3862 bri,
2069 3796 2211 3864 quod
2243 3806 2325 3851 est
2353 3796 2723 3865 Evangelium.
2755 3795 2941 3848 Omnes
2973 3793 3325 3847 Grammaticas
3351 3788 3506 3841 ratio-

1930 3903 2040 3950 nes,
2062 3887 2258 3953 inquit,
2290 3887 2506 3939 suadent
2527 3887 2755 3954 proxime
2789 3886 3100 3953 sequentium
3127 3882 3386 3934 verborum
3411 3896 3505 3949 po-

1932 3984 2182 4040 testatem,
2224 3985 2269 4029 et
2297 3977 2481 4029 seriem
2510 3976 2730 4043 spectari
2753 3976 2919 4042 potius
2957 3981 3207 4039 oportere.
3244 3968 3344 4022 Hic
3384 3986 3502 4024 vero

1932 4066 2153 4134 sequitur
2183 4064 2346 4137 λόγος,
2376 4074 2423 4117 et
2448 4065 2618 4117 omnia
2644 4064 2706 4115 ab
2733 4079 2789 4116 eo
2815 4066 2971 4131 facta,
3005 4071 3051 4113 et
3082 4062 3323 4113 mundum
3353 4060 3415 4112 ab
3444 4076 3499 4111 eo

1928 4157 2116 4223 factum
2147 4157 2219 4207 ait
2264 4156 2590 4223 evangelista,
2618 4168 2731 4219 qua!
2775 4153 3041 4204 ostendunt
3064 4152 3147 4221 agi
3187 4151 3250 4203 de
3277 4153 3499 4203 omnium

1927 4262 2095 4298 rerum
2123 4258 2311 4307 INITIO,
2340 4260 2430 4296 seu
2471 4245 2533 4294 de
2560 4244 2812 4295 creatione
2838 4242 3043 4295 Mundi.
3084 4242 3251 4311 llujus
3279 4241 3494 4295 ratioci-

1930 4335 2000 4386 nii
2038 4332 2257 4386 fundum
2303 4333 2736 4388 commodaverat
2776 4333 2850 4387 illi
2896 4332 3111 4387 Grotius
3140 4333 3243 4402 (Ad
3268 4331 3423 4385 Joan.
3455 4348 3494 4397 ι,

1927 4422 2019 4492 1).“
2051 4424 2203 4492 cujus
2255 4424 2415 4478 verba
2470 4432 2593 4477 sunt
2640 4442 2651 4477 :
2694 4424 2767 4478 Ἐν
2829 4426 2992 4500 ἀρχῇ,
3057 4425 3376 4493 desumptnm
3433 4440 3496 4476 ea:

1927 4512 2105 4566 Graeco
2148 4512 2417 4568 Geneseos.
2479 4512 2681 4567 Deinde
2724 4524 2841 4581 post
2888 4516 3033 4581 plura
3062 4528 3241 4582 ,-qu:e
3287 4513 3494 4567 erudite

244 4604 341 4663 nisi
372 4608 652 4663 affectibus
683 4608 859 4661 metiri
898 4622 1002 4660 non
1034 4602 1359 4674 possumus),
1389 4603 1458 4656 ita
1489 4604 1701 4669 inquam
1728 4615 1819 4655 co-
1847 4606 1895 4665 D
1920 4604 2132 4669 adtulit,
2163 4604 2301 4658 Noto
2329 4615 2494 4657 autem
2522 4604 2807 4673 Scriptura:
2832 4606 2940 4658 loco
2968 4606 3167 4657 verbum
3194 4606 3310 4657 inde
3328 4619 3493 4674 sump-

245 4711 447 4754 mlerua
474 4710 689 4754 :eterntc
722 4697 930 4751 Rationi
961 4696 1300 4751 Ratiocinatio
1328 4702 1413 4753 est
1449 4692 1665 4745 Verbum
1692 4692 1819 4747 illud

245 4791 577 4845 Tertulliano
614 4790 941 4861 primordiale
964 4830 977 4854 ,
1012 4788 1401 4858 primogenitum
1444 4794 1499 4839 et
1530 4786 1621 4838 Dei
1648 4784 1821 4852 Spiri-

246 4893 345 4947 tus,
377 4894 429 4937 et
456 4883 549 4937 Dei
587 4882 777 4946 Virtus,
804 4892 856 4935 et
885 4881 1171 4949 Sapientia,
1202 4886 1257 4933 et
1284 4878 1375 4932 Dei
1407 4875 1595 4931 Filius.

316 4974 513 5029 Verum
544 4975 593 5025 in
623 4974 707 5038 iis,
738 4988 855 5041 qua:
886 4987 979 5041 pro
1010 4970 1267 5024 coronide
1298 4970 1533 5039 epistolas
1564 4970 1703 5023 illius
1740 4978 1821 5022 at-

249 5061 366 5114 tulit
392 5061 651 5125 Clericus,
682 5064 885 5132 (parcat
914 5062 1041 5113 mihi
1087 5058 1351 5113 memoria'
1374 5060 1626 5124 hominis,
1651 5074 1680 5111 a
1714 5073 1821 5126 quo

249 5152 501 5206 nonnulla
530 5153 785 5207 didicisse
813 5167 897 5206 me
921 5152 1114 5220 fateor)
1147 5151 1403 5219 majorem
1427 5152 1684 5220 profecto,
1714 5166 1816 5201 non

250 5242 420 5297 dicam
448 5242 855 5308 humanitatem,
902 5252 992 5296 aut
1021 5243 1416 5303 verecundiam,
1467 5242 1559 5295 sed
1606 5241 1817 5293 modes-

253 5334 376 5389 tiam
406 5333 700 5387 desideres.
734 5334 909 5401 Pergit
940 5333 1081 5387 enim
1110 5334 1295 5387 dicens
1328 5354 1339 5387 :
1370 5332 1431 5387 Si
1455 5334 1567 5401 quis
1593 5332 1817 5402 objiciat,

251 5441 370 5479 uoce
391 5438 552 5479 RATIO
571 5424 863 5491 qualitatem
884 5426 1053 5492 potius
1064 5441 1214 5493 quam
1231 5440 1333 5477 rem
1355 5426 1571 5491 signari,
1591 5422 1823 5474 ostendat

253 5531 420 5568 uocem
452 5516 669 5567 Vansuu
695 5512 940 5579 aptiorem
969 5528 1072 5566 esse
1092 5514 1158 5564 ad
1179 5513 1567 5583 signiﬁcandam
1593 5510 1823 5562 substanv

256 5607 397 5669 tiam,
426 5616 476 5659 et
503 5605 727 5674 spondeo
756 5618 851 5666 me,
881 5618 1183 5669 quaacunque
1204 5606 1334 5667 dixi,
1364 5604 1532 5671 palam
1564 5612 1819 5654 revocatu-

253 5711 407 5761 rum;
438 5706 524 5749 aut
557 5698 601 5749 si
619 5693 935 5749 incommoda
964 5708 1080 5744 voce
1104 5694 1177 5743 uti
1218 5694 1311 5746 sibi
1340 5695 1491 5746 licere
1518 5702 1732 5755 censeat,
1754 5693 1819 5756 ,οὺ

256 5784 608 5851 anonuu,
656 5801 933 5847 sonuitque
990 5796 1321 5844 INDQCTORUI
1373 5785 1820 5847 consuetudinem;

1924 4705 2029 4747 tum
2068 4712 2131 4750 ea:
2168 4697 2413 4749 sententia
2459 4696 2599 4747 illius
2642 4697 2739 4749 loci
2770 4695 3152 4765 intelligendum
3193 4702 3292 4747 est.
3330 4691 3491 4747 Hosis

1924 4765 2023 4839 loci
2064 4788 2308 4839 sententia
2333 4786 2441 4838 lucc
2470 4796 2541 4838 est
2565 4802 2582 4837 :
2608 4802 2721 4837 cum
2752 4788 2971 4851 primum
3018 4785 3201 4837 creavit
3236 4783 3372 4837 Deus
3396 4801 3493 4837 εω-

1923 4866 2049 4942 lum,‘
2072 4884 2117 4928 et
2142 4884 2349 4939 terram,
2385 4883 2520 4926 terra
2550 4884 2679 4937 erat,
2707 4883 2811 4926 etc.
2844 4872 2981 4944 Ergo
3019 4876 3069 4927 ὲν
3094 4876 3237 4949 ἀρχῇ
3269 4884 3360 4937 est,
3383 4890 3494 4926 cum

1924 4967 2145 5033 primum
2175 4980 2346 5016 rerum
2368 4964 2668 5015 uniuersitas
2694 4968 2838 5034 coepit
2865 4966 3045 5017 creari.

1993 5057 2204 5109 Divinat
2238 5054 2457 5108 Grotius
2486 5070 2606 5107 cum
2635 5057 2797 5109 verba
2838 5059 2886 5110 ἐν
2916 5060 3059 5131 ἀρχῇ
3099 5072 3128 5110 e
3170 5056 3365 5112 Genesi
3402 5056 3494 5108 de-

1921 5153 2132 5212 sumpta
2178 5146 2371 5199 idoneo
2419 5154 2558 5199 teste
2607 5146 2753 5200 nullo
2811 5151 3120 5215 pronuntiat
3154 5165 3166 5198 :
3196 5148 3368 5214 quasi,
3402 5161 3494 5195 vn-

1919 5234 2033 5288 lens
2060 5235 2394 5305 Evangelista
2420 5244 2674 5288 aiternam
2705 5236 2862 5289 Verbi
2887 5238 3283 5302 generationem
3311 5245 3490 5288 osten-

1922 5324 2071 5389 dere,
2112 5326 2301 5379 alienis
2346 5324 2412 5378 ad
2458 5326 2559 5379 hoc
2616 5326 2796 5379 verbis
2846 5326 3123 5395 indigeret.
3170 5326 3300 5391 Quid
3347 5327 3510 5398 enim.

1922 5417 2236 5485 proclivius,
2278 5417 2322 5469 si
2363 5418 2413 5469 in
2456 5417 2721 5485 principio
2761 5419 2997 5470 existens
3042 5417 3218 5470 dicere
3257 5416 3491 5480 volebat,

1923 5524 2081 5577 quam
2146 5513 2193 5563 ἂν
2223 5513 2367 5584 ἀρχῇ
2396 5506 2517 5564 ὅντα
2547 5510 2675 5563 illud
2715 5508 2992 5562 asserere?
3019 5506 3168 5573 Quod
3196 5521 3338 5564 vero.
3382 5523 3491 5561 non

1925 5604 1992 5656 de
2020 5604 2205 5657 mundi
2231 5603 2522 5667 creatione,
2565 5602 2657 5656 sed
2698 5601 2764 5655 de
2801 5601 3139 5669 generatione
3169 5598 3326 5651 Verbi
3371 5611 3494 5670 agat

1928 5694 2327 5756 inibiJoannes,
2359 5692 2430 5746 ita
2466 5692 2689 5747 evidens
2719 5700 2821 5753 est,
2864 5699 2919 5741 ut
2960 5689 3150 5741 mirum
3180 5688 3342 5743 videri
3368 5705 3495 5758 pos-

1927 5786 1995 5839 sit
2023 5786 2192 5838 virum
2234 5795 2423 5837 cmtcra
2454 5783 2669 5836 doctum
2714 5782 2876 5833 hocce
2919 5780 2968 5833 in
3010 5779 3129 5833 loco
3158 5791 3309 5834 extra
3350 5781 3499 5835 oleas
