3902 6394
424 934 452 950 ο

461 399 521 453 si
1845 395 2368 460 enormous-ss.
3174 366 3179 370 ’
3228 368 3231 369 ί
3627 396 3695 459 se

458 510 659 579 vagari.
684 510 866 579 Neque
890 509 1030 562 enim
1060 506 1191 567 satis
1216 505 1308 559 fuit
1329 504 1511 559 divino
1532 506 1793 575 Scripturi
1818 506 2021 572 dicere,
2054 513 2099 573 Α
2128 509 2422 580 exemplar,
2472 508 2566 565 sed
2599 510 2748 580 plura
2770 546 2773 547 ν
2798 522 2905 584 pro:
2945 509 3187 567 manibus
3232 508 3484 573 habuisse
3516 510 3693 565 dicen-

460 602 511 654 in
534 602 803 670 principio
838 600 1069 655 Verbum
1098 598 1257 659 fuisse
1271 614 1292 660 ς
1338 605 1392 651 et
1437 597 1576 665 apud
1606 598 1793 663 Deum,
1821 605 2026 663 etcum

461 695 569 748 Deo
600 695 783 748 Deum.
836 692 940 748 Sed
964 674 1152 753 rursus
1177 688 1437 744 inculcat:
1465 687 1579 742 Hoc
1610 697 1715 753 erat
1752 689 1805 743 in
1836 690 2027 757 princi-

460 788 546 853 pio
568 785 705 851 apud
724 783 911 850 Deum,
936 781 1075 853 quod
1101 780 1302 851 pariter
1330 779 1525 848 repetit
1554 780 1719 849 Epist.
1750 778 1791 845 Ι,
1820 793 1859 845 t.
1882 778 1940 837 ὀ
1964 777 2024 838 ἦν

457 880 545 933 ἀπ’
566 881 757 953 ἀρχῆς.
790 878 867 931 Ac
902 886 1207 946 propterea,
1237 872 1379 942 quod
1408 872 1585 928 dicere
1619 874 1811 944 pergit,
1842 872 2024 939 omnia

457 984 557 1037 per
586 970 757 1035 ipsum
804 968 961 1031 facta,
1004 972 1057 1020 et
1098 965 1213 1019 sine
1258 964 1376 1033 ipso
1419 963 1549 1018 nihil
1588 978 1771 1029 eorum
1803 962 2022 1031 factum,

455 1073 574 1127 qua:
602 1069 743 1121 sunt,
769 1072 796 1111 a
828 1058 995 1126 prima
1024 1056 1141 1121 illa,
1182 1069 1340 1125 quam
1383 1064 1643 1119 assertam
1668 1054 1854 1119 voluit,
1885 1054 2024 1108 veri-

453 1156 581 1213 tate,
615 1148 763 1215 quasi
793 1161 821 1200 a
850 1145 996 1210 fonte
1024 1142 1188 1211 rivus,
1220 1155 1457 1201 emanat.
1500 1142 1606 1199 Sed
1641 1158 1800 1197 nemo
1830 1143 2023 1198 melius

453 1237 737 1313 παράδοξον
766 1236 904 1313 istud
938 1235 1127 1297 Grotii,
1171 1250 1329 1304 quam
1375 1233 1590 1288 Grotius
1630 1234 1741 1301 ipse
1770 1232 2023 1291 emenda-

452 1331 544 1383 vit.
595 1321 734 1381 'Cum
783 1328 924 1381 enim
969 1328 1141 1395 plura,
1186 1325 1467 1400 exquisita,
1516 1333 1573 1379 ut
1614 1338 1757 1397 saepe
1802 1324 2023 1390 assolet,

452 1419 755 1473 eruditione
801 1419 1111 1471 adnotasset
1139 1415 1205 1471 ad
1247 1417 1413 1484 prima
1461 1412 1571 1481 illa,
1603 1413 1677 1471 Ἐν
1720 1416 1864 1490 ἀρχῇ
1904 1413 1963 1473 ἦν
1996 1413 2023 1469 ὅ

448 1511 616 1586 λόγος,
668 1510 941 1587 concludit
984 1507 1197 1567 tandem
1245 1524 1258 1565 :
1312 1507 1564 1583 Rejicitur
1611 1506 1693 1559 Itic
1739 1522 1772 1557 a
1820 1504 2021 1571 Joanne

452 1599 805 1655 Gnosticorum
852 1601 1169 1672 ﬁgmentum,
1222 1601 1309 1669 qui
1355 1601 1409 1653 in
1447 1607 1538 1659 τῆς
1581 1605 1858 1676 προαρχῆς
1904 1605 2019 1668 post

453 1693 610 1744 multa
630 1691 816 1744 sarcula
842 1701 1013 1743 natum
1042 1697 1154 1743 νοῦν
1182 1688 1401 1747 aiebant.
1434 1687 1629 1743 Deinde
1653 1704 1716 1742 ex
1738 1695 1822 1742 νοῦ
1845 1698 2021 1741 natum

450 1791 703 1855 μονογενῆ,
746 1791 789 1834 et
808 1782 870 1833 ab
894 1796 952 1833 eo
971 1777 1131 1851 λόγον.
1156 1778 1275 1832 Vim
1299 1780 1538 1832 veritatis
1562 1777 1700 1831 illius
1730 1779 1897 1832 sensit
1919 1792 2019 1847 pa-

448 1875 581 1926 riter
612 1874 662 1925 in
686 1881 949 1925 commate
975 1871 1219 1939 sequenti
1255 1868 1403 1933 οὗτος
1432 1867 1490 1927 ἧν
1516 1872 1567 1924 ἓν
1595 1872 1739 1943 ἀρχῇ
1769 1870 1896 1941 πρὸς
1932 1871 2020 1925 τὸν
2048 1865 2097 1925 Β

452 1965 590 2019 Θεὸν.
634 1962 830 2032 Repetit
870 1962 981 2027 hoc,
1013 1961 1279 2030 inquiens,
1322 1962 1438 2029 quia
1476 1960 1639 2015 Deum
1650 1962 1764 2030 jam
1794 1960 2021 2025 vocavit;

454 2054 546 2106 hoc
560 2054 731 2107 volens
769 2048 841 2105 ita
867 2049 1030 2107 Deum
1053 2068 1160 2107 esse
1193 2051 1595 2120 intelligendum,
1622 2060 1742 2105 utet
1764 2052 1894 2105 illud
1920 2066 2025 2106 ma-

452 2154 589 2209 neat,
636 2145 793 2214 [uisse
828 2160 937 2196 eum
982 2144 1122 2211 apud
1174 2142 1349 2196 Deum.
1396 2142 1463 2195 ld
1503 2151 1574 2196 est
1627 2150 1681 2195 ut
1733 2158 1836 2195 non
1872 2142 2025 2211 fuerit

452 2236 477 2291 ὁ
500 2234 645 2309 λόγος
669 2251 815 2297 omne
841 2234 895 2287 id
918 2219 1055 2304 quod
1076 2243 1146 2287 est
1169 2233 1330 2287 Deus.
1360 2232 1712 2304 Hypostaseon
1738 2234 2019 2287 distinctio-

454 2344 564 2380 nem
596 2326 859 2398 Origenes,
890 2334 936 2379 et
965 2334 1079 2396 post
1105 2342 1215 2378 eum
1244 2326 1332 2379 alii
1355 2341 1609 2379 vocavere.

520 2419 576 2471 Si
622 2419 737 2471 haec
774 2417 1113 2485 expendisset
1149 2416 1410 2483 Clericus,
1443 2420 1800 2483 grammaticae
1846 2418 2013 2488 leges,

453 2520 587 2576 quas
614 2508 698 2561 vel
724 2507 917 2560 invitas
945 2507 1009 2560 ad
1042 2508 1217 2560 locum
1241 2506 1398 2561 istum
1427 2509 1706 2577 pertraxit,
1734 2506 2022 2578 praeteriis-

455 2611 558 2653 set.
594 2600 698 2654 Sed
730 2600 805 2652 illi
829 2608 1083 2653 statutum
1116 2608 1247 2665 erat,
1280 2601 1664 2670 evangelistam
1690 2599 1753 2653 ad
1782 2599 2023 2653 Philonis

454 2684 787 2751 aliorumque
818 2683 1208 2736 Platonicorum
1255 2686 1414 2737 verba
1458 2684 1828 2752 respicientem
1860 2684 2020 2737 indu-

454 2788 599 2827 cere.
640 2778 716 2827 An
756 2774 996 2827 lelicibus
1045 2775 1315 2843 auspiciis,
1365 2775 1603 2845 legentes
1642 2776 1873 2830 videant.
1907 2774 2023 2833 Hoc

454 2850 616 2915 unum
643 2863 856 2928 addam,
890 2864 942 2921 in
969 2866 1215 2919 versione
1255 2866 1345 2918 illa
1375 2880 1468 2920 sua
1498 2865 1776 2920 obscuram
1800 2866 2022 2920 omnino

455 2951 745 3017 Clericum,
790 2954 1108 3023 dubiamque
1151 2954 1444 3008 reddidisse
1495 2955 1859 3025 Hypostaseon
1906 2956 2021 3010 dis-

457 3048 787 3101 tinctionem.
821 3048 882 3101 Et
906 3046 1130 3101 fortasse
1160 3048 1258 3102 hoc
1281 3039 1537 3115 septiens,
1565 3063 1683 3102 cum
1714 3048 2018 3114 Rationem,

458 3147 513 3190 ut
536 3137 756 3191 Venauu
778 3138 1045 3205 erplicare
1065 3140 1242 3202 vellet,
1269 3138 1738 3193 RATIOCINATIONIS
1762 3138 2023 3193 vocabulo

2127 600 2255 655 dum
2299 603 2387 657 sit.
2434 601 2573 656 unde
2617 601 2835 655 totidem
2877 602 3144 657 variantes
3188 602 3550 663 desumerent.
3591 603 3694 661 Sed

2124 691 2259 746 nihil
2288 692 2507 759 certius,
2540 706 2697 769 quam
2741 706 3012 747 sacrorum
3042 691 3350 763 Librorum,
3392 692 3527 751 Novi
3554 709 3691 772 prte-

2124 783 2305 845 sertim
2334 782 2574 838 Fmderis
2615 785 2762 843 locos
2787 785 3101 854 plerumque
3140 800 3172 839 e
3214 784 3487 849 memorie
3529 800 3691 856 penu.

2122 874 2407 945 aliquando
2435 875 2594 931 etiam
2640 876 3007 940 tumultuario,
3043 885 3097 929 ut
3126 890 3211 930 res
3254 877 3392 945 ipsa,
3435 888 3530 945 aut
3559 886 3694 947 terp-

2124 982 2224 1036 pus
2248 966 2470 1033 ferrent,
2506 967 2757 1022 Ecclesia:
2788 967 2975 1022 Patres
3014 966 3291 1025 adtulisse.
3326 966 3437 1029 Nisl
3480 968 3525 1021 si
3557 968 3694 1025 forte

2126 1056 2191 1109 ad
2215 1068 2480 1110 assertum
2517 1056 2731 1126 aliquod
2764 1057 3090 1125 probandum
3132 1059 3354 1127 praecisa
3392 1063 3529 1123 sacri
3554 1058 3693 1114 Tex-

2126 1155 2211 1201 tus
2242 1150 2557 1205 auctoritate
2584 1161 2719 1214 Opus
2750 1146 2904 1201 foret.
2939 1146 3092 1209 Tunc
3115 1149 3256 1212 enim
3285 1158 3493 1217 exacte,
3521 1163 3585 1203 ac
3602 1164 3694 1218 per

2127 1245 2302 1303 partes
2332 1236 2658 1301 efferebant;
2691 1237 2830 1305 quod
2862 1241 2913 1291 in
2942 1237 3165 1301 laudatis
3192 1239 3458 1310 aliquibus
3486 1238 3695 1301 Tertul-

2124 1323 2249 1379 liani
2280 1324 2409 1381 locis
2445 1325 2879 1379 observabamus.

2192 1417 2263 1472 At
2283 1416 2466 1475 Latina
2489 1418 2820 1487 antigrapha,
2844 1418 3003 1473 etiam
3026 1418 3337 1486 vetustiora,
3365 1421 3419 1473 in
3447 1419 3693 1488 pluribus

2122 1506 2395 1562 diﬂ’erunt.
2445 1507 2592 1562 Esto.
2647 1506 2782 1561 Num
2831 1507 3013 1563 Graeca
3055 1509 3121 1561 ab
3162 1508 3309 1565 hisce
3352 1508 3695 1573 varietatibus

2124 1599 2327 1654 libera?
2356 1598 2505 1659 Haud
2544 1598 2810 1674 equidem.
2844 1598 3025 1670 Neque
3053 1599 3207 1657 aliter
3232 1615 3352 1661 esse
3377 1600 3586 1671 potuit;
3616 1600 3693 1667 si,

2122 1688 2395 1746 Clemente
2427 1689 2785 1750 Alexandrino
2807 1698 2962 1756 teste,
2979 1701 3036 1750 ut
3061 1690 3518 1749 observatllillius
3536 1688 3695 1760 (Pro-

2122 1781 2246 1853 ιφ..
2271 1798 2322 1845 n.
2354 1780 2514 1851 287),
2539 1782 2647 1851 jam
2676 1796 2780 1835 non
2830 1781 3111 1836 defuerant
3144 1784 3210 1837 τὰ
3240 1790 3340 1837 τῶν
3385 1782 3698 1859 Etiamne)?

2124 1873 2486 1945 μετατιθέιήις.
2517 1870 2669 1938 Quod
2700 1871 2946 1933 licentius
2978 1872 3145 1925 multo
3172 1886 3199 1935 ξι
3230 1872 3473 1941 pluribus
3502 1872 3696 1932 tactum

2123 1962 2309 2018 scribit
2354 1960 2611 2031 Origenes
2640 1960 2837 2016 Homil.
2872 1976 2963 2014 vttt
2996 1960 3046 2014 in
3078 1960 3261 2015 Matth.
3297 1960 3482 2033 (cujus
3518 1961 3691 2015 locum

2126 2053 2280 2107 nobis
2310 2052 2669 2119 commodavit
2709 2052 2967 2113 Erasmus
3014 2052 3223 2105 laudata
3269 2050 3583 2121 praefatione
3627 2050 3694 2106 ad

2125 2144 2334 2200 Edil.v.
2358 2144 2419 2198 N.
2448 2143 2559 2216 T.).
2587 2143 2758 2201 Verba
2784 2143 2926 2204 illius
2949 2154 3074 2201 sunt
3098 2163 3113 2198 :
3140 2143 3363 2205 llultam
3388 2146 3522 2205 enim
3547 2142 3696 2223 dife-

2101 2238 2339 2312 rentiam
2372 2236 2501 2297 inter
2526 2236 2837 2305 exentplaria
2860 2236 3140 2289 invenimus
3156 2275 3172 2301 ,
3196 2236 3299 2291 sive
3325 2252 3417 2305 per
3440 2234 3696 2308 negligen-

2123 2329 2247 2389 tiam
2275 2328 2628 2392 scribentium,
2660 2328 2764 2380 sioe
2800 2342 2863 2381 ea:
2888 2327 3167 2380 temeritate
3191 2326 3530 2396 quorumdam
3548 2367 3563 2391 ,
3592 2326 3696 2385 sive

2124 2427 2333 2487 propter
2355 2432 2473 2483 eos,
2498 2418 2583 2486 qui
2628 2417 2890 2488 negligunt
2928 2416 3195 2470 emendare
3246 2403 3571 2487 Scripturas,
3619 2413 3698 2491 uel

2123 2517 2329 2581 prapter
2357 2524 2463 2574 eos,
2486 2510 2594 2579 qui,
2623 2507 2760 2577 quod
2793 2508 2919 2577 ipsis
2940 2507 3157 2573 videtur,
3186 2507 3241 2559 in
3270 2506 3696 2565 ernendatidrius

2124 2600 2200 2652 vel
2232 2598 2509 2667 adjiciunt,
2545 2598 2623 2651 vel
2648 2599 2954 2651 subducunt.
2988 2596 3123 2650 Hinc
3148 2595 3279 2649 nihil
3308 2594 3525 2661 mirum,
3546 2595 3615 2660 si,
3640 2595 3695 2651 in

2124 2702 2182 2743 re
2209 2688 2429 2757 alicujus
2456 2687 2712 2742 momenti
2740 2674 3063 2751 variantibus
3104 2685 3248 2739 inter
3280 2699 3339 2741 se
3372 2682 3695 2755 exemplari-

2124 2779 2254 2846 bus,
2282 2780 2347 2833 ad
2373 2775 2651 2855 ἆδιόρθωτα
2676 2779 2849 2835 ϐταξοί
2881 2778 2979 2840 ipsi
3009 2790 3298 2846 provocare
3325 2775 3599 2838 solebant;
3630 2789 3693 2830 ea

2125 2869 2369 2933 scilicet,
2392 2884 2508 2937 qua:
2533 2870 2585 2922 in
2610 2868 2747 2921 male
2778 2866 2994 2921 feriatos
3014 2866 3391 2921 emendatores
3421 2880 3527 2919 non
3561 2865 3693 2921 inci-

2122 2958 2347 3012 dissent.
2381 2956 2463 3011 Ad
2492 2958 2604 3013 inec
2636 2968 2808 3018 tamen
2830 2998 2845 3023 ,
2871 2957 3089 3013 fallente
3114 2957 3404 3027 memoria,
3449 2971 3555 3026 non
3598 2956 3691 3011 ad-

2123 3050 2277 3102 vertit
2304 3049 2537 3101 animum
2568 3048 2818 3101 Erasmus
2846 3048 2982 3115 ipse,
3010 3046 3222 3117 quando
3252 3047 3302 3111 in
3332 3044 3519 3112 eadem
3548 3059 3687 3114 prte-

2124 3139 2321 3201 fatione
2343 3140 2599 3207 suSpicari
2628 3154 2687 3193 se
2717 3137 2810 3203 ait,
2834 3138 2882 3201 si
2902 3138 3025 3207 quid
3053 3146 3311 3205 mutatum
3340 3145 3424 3191 est
3458 3136 3512 3191 in
3539 3136 3688 3190 Grae-

459 3232 741 3302 expressit.
767 3229 933 3282 Immo
962 3231 1013 3283 in
1042 3230 1574 3297 Animadversionum
1606 3246 1820 3297 suarum
1854 3232 2021 3285 altera
2127 3246 2307 3285 eorum
2352 3232 2533 3296 libris,
2564 3230 2615 3288 id
2646 3246 2676 3283 a
2705 3231 2906 3284 Latinis
2931 3230 3323 3297 esentplaribus
3362 3227 3529 3299 fuisse
3565 3242 3688 3295 pro-

438 3322 562 3374 hoe
604 3322 774 3388 ipsum
823 3320 1050 3374 adducto
1081 3322 1313 3387 Platonis
1357 3323 1473 3382 loco
1518 3338 1548 3376 e
1587 3322 1790 3375 Timaeo
1832 3322 2025 3375 conﬁr-

463 3417 597 3473 mat;
656 3411 741 3463 ubi
793 3410 1132 3481 philosophus
1175 3411 1264 3464 ille
1304 3413 1461 3485 Λόγον
1504 3411 1737 3481 appellat
1773 3418 1863 3467 τοῦ
1898 3418 2026 3467 Θεοῦ

460 3504 723 3573 loyce-pou;
757 3502 892 3569 quod
926 3503 1060 3556 idem
1110 3512 1208 3568 est,
1251 3504 1328 3573 (ut
1354 3506 1461 3572 jam
1492 3504 1748 3573 diximus)
1795 3520 1856 3557 ac
1884 3504 2025 3557 Ven-

462 3608 567 3644 erat
594 3594 783 3645 divina:
828 3596 1041 3658 mentis,
1076 3610 1169 3663 per
1209 3598 1499 3657 essentiam
1545 3595 1787 3665 equidem
1829 3594 2023 3662 ΒΑτιο,

462 3694 513 3737 at
542 3701 633 3753 per
664 3685 968 3755 hypostasin
1002 3688 1241 3742 Veusuu.

532 3776 710 3838 Satius
733 3778 907 3847 itaque
934 3779 1105 3831 fuerat
1141 3778 1430 3841 Clericum,
1468 3793 1588 3831 cum
1620 3778 1821 3831 Latinis
1851 3778 2027 3831 omni-

463 3868 559 3921 bus
592 3877 852 3922 vetustum
893 3871 1233 3938 interpretem
1281 3871 1449 3937 sequi.
1481 3883 1637 3938 quam
1680 3871 2021 3940 evangelista:

466 3960 659 4021 locum,
692 3974 850 4013 sensu
877 3962 989 4029 ipso
1020 3961 1177 4014 aliter
1206 3960 1475 4025 exigente,
1513 3957 1592 4015 sic
1622 3968 1849 4013 vertere.

537 4050 639 4105 Sed
658 4052 763 4117 jam
801 4053 1049 4120 sepositis
1090 4051 1395 4107 scholiastis
1440 4052 1606 4114 hisce,
1662 4066 1886 4119 quorum
1930 4066 2026 4105 ne-

466 4154 567 4206 que
608 4126 840 4195 exactior
888 4157 1047 4212 opera
1104 4144 1156 4194 in
1208 4140 1493 4195 reddendis
1534 4140 1695 4193 divini
1739 4140 2051 4209 Scriptoris,

469 4226 664 4289 verbis,
696 4245 865 4296 neque
894 4232 1227 4285 commodior
1273 4232 1461 4301 evasit,
1494 4229 1557 4281 ad
1588 4228 1932 4296 multiplicem
1968 4228 2031 4283 il-

469 4321 570 4372 lam
617 4320 961 4386 interpretum
1003 4324 1195 4375 seriem
1247 4322 1481 4383 rediens,
1531 4337 1665 4390 quos
1711 4321 1928 4377 llnetius
1976 4322 2027 4375 in

470 4408 845 4463 ecclesiasticis
890 4410 1239 4475 scriptoribus
1280 4411 1547 4462 invenisse
1591 4412 1691 4461 sibi
1724 4412 2027 4476 videbatur,

473 4515 576 4555 noo
608 4500 831 4554 verebor
856 4500 1143 4559 affirmare,
1175 4499 1327 4551 aliter
1356 4498 1502 4550 illum
1533 4513 1813 4563 sensurum
1845 4502 2028 4563 fuisse,

2126 3324 2344 3387 fectum,
2377 3333 2722 3394 posteaquam
2757 3322 2993 3397 Romana
3026 3320 3263 3387 Ecclesia
3296 3319 3469 3389 'rmpit
3507 3319 3689 3373 absor-

2127 3417 2252 3471 bere
2290 3416 2570 3470 Graeciam.
2601 3414 2713 3483 Qua
2753 3414 3056 3483 suspicione
3081 3414 3210 3467 nihil
3231 3412 3471 3481 proiecto
3501 3414 3684 3472 levius.

2129 3504 2292 3559 Sicuti
2325 3504 2584 3557 inﬁrmius
2622 3504 2749 3558 nihil
2778 3503 2877 3570 iis,
2911 3518 3030 3571 qua:
3079 3502 3146 3557 de
3191 3502 3406 3571 antiqua
3445 3502 3691 3579 versione

2129 3596 2323 3651 ibidem
2351 3604 2685 3649 commentus
2715 3604 2818 3657 est,
2853 3595 3097 3662 inquiens
3129 3610 3141 3645 :
3177 3593 3283 3647 Sed
3326 3593 3457 3646 haste
3500 3594 3686 3665 recepit

2132 3687 2361 3742 Ecclesia
2392 3686 2643 3741 Romana.
2670 3684 2752 3739 Ne
2777 3686 2831 3737 id
2855 3685 3058 3753 quidem
3085 3685 3381 3755 simpliciter
3403 3699 3576 3743 verum
3599 3693 3687 3737 est.

2133 3778 2388 3842 Observet,
2419 3778 2503 3846 qui
2536 3778 2681 3840 volet,
2711 3777 2833 3845 quid
2863 3776 2995 3846 legat
3016 3777 3227 3829 ecclesia
3259 3774 3532 3838 Romana;
3553 3791 3688 3828 cont-

2128 3872 2285 3942 periet
2314 3870 2475 3922 multa
2498 3870 2775 3923 dissonare.
2815 3868 2939 3922 Haec
2981 3882 3210 3921 VIDE'I'UR
3254 3882 3434 3921 rurssu
3481 3866 3691 3931 Ganeo-

2129 3974 2261 4019 nuu,
2280 3974 2410 4025 quc,
2442 3974 2594 4027 quum
2613 3959 2724 4025 jam
2744 3957 2947 4009 taederet
2973 3956 3189 4025 inﬁnita!
3216 3954 3491 4029 parietutis,
3527 3956 3692 4007 locum

2129 4048 2363 4101 obtinuit.
2595 4095 2601 4099 .

2200 4138 2269 4192 Et
2299 4151 2480 4191 verum
2518 4134 2762 4205 equidem
2797 4140 2898 4196 est,
2926 4132 2977 4185 in
3001 4140 3078 4186 tot
3113 4131 3510 4201 exemplaribus
3536 4131 3600 4187 N.
3628 4132 3691 4197 Τ.

2130 4244 2248 4301 qua:
2276 4237 2397 4297 post
2430 4228 2698 4281 inventam
2740 4225 3141 4295 typographiam
3172 4222 3447 4294 prodiere,
3479 4223 3694 4283 differre

2130 4320 2353 4374 invicem
2406 4318 2656 4388 plurima.
2704 4315 2808 4370 Sed
2836 4331 2936 4383 qua
2976 4315 3044 4369 de
3078 4330 3273 4387 causa,
3312 4314 3577 4383 ipsemet,
3607 4315 3693 4384 qui

2131 4408 2328 4476 pluries
2355 4407 2547 4471 edidit,
2575 4406 2713 4460 scire
2757 4414 2983 4475 poterat.
3025 4404 3226 4475 Nempe
3273 4419 3339 4473 ex
3382 4404 3696 4460 diversitate

2131 4498 2392 4560 codicum,
2420 4498 2485 4550 ad
2511 4512 2734 4565 quorum
2763 4497 2918 4550 iidem
2945 4498 3308 4568 exigebantur.
3340 4496 3543 4551 ﬂorum
3565 4512 3694 4553 vero

472 4595 513 4647 si
539 4601 906 4661 argumentum
940 4590 1041 4642 hoc
1064 4588 1321 4640 maturius
1347 4596 1738 4654 pertractasset.
1771 4590 1876 4657 ligo
1902 4604 2032 4643 sane
2058 4573 2108 4633 Π
2135 4588 2429 4650 diversitas,
2460 4604 2563 4640 non
2588 4604 2652 4641 ex
2676 4588 3021 4654 interpretum
3052 4586 3334 4653 varietate,
3358 4586 3451 4640 sed
3474 4602 3538 4640 ex
3563 4588 3686 4652 illis,

471 4699 589 4737 cum
622 4682 857 4751 argentei
887 4678 1087 4731 codicis
1116 4678 1279 4729 nostri
1311 4677 1650 4730 collationem
1679 4692 1798 4730 cum
1820 4674 2033 4731 Tertul-

472 4776 629 4837 liano,
660 4790 721 4827 ac
753 4772 1019 4843 Cypriano
1066 4769 1448 4831 inStituissem;
1481 4768 1618 4836 quod
1649 4769 1783 4821 inter
1814 4767 2034 4822 Latinos

474 4866 762 4928 scriptores
790 4862 853 4915 ad
883 4876 943 4913 ea
982 4860 1232 4913 licclesire
1264 4870 1501 4927 tempora
1555 4858 1769 4926 pr0pius
1811 4857 2033 4911 accede-

477 4962 614 5009 rent.
658 4954 849 5020 quibus
878 4953 1085 5017 puriora
1120 4959 1354 5003 vetcrum
1394 4951 1733 5017 interpretum
1766 4948 2033 5016 exenipla-

478 5046 552 5106 ria
582 5056 699 5095 esse
726 5041 1036 5108 debuerant,
1072 5040 1201 5091 locis
1222 5040 1485 5103 omnibus,
1514 5054 1645 5105 quos
1676 5038 1752 5093 illi
1774 5055 1835 5089 ex
1863 5038 2035 5089 Evan-

477 5133 629 5202 geliis
674 5130 1021 5183 adduxerant.
1073 5141 1277 5195 mature
1308 5132 1606 5200 perpensis,
1641 5131 1856 5185 fundum
1910 5130 2036 5184 mihi

480 5224 706 5289 aliquem
743 5236 955 5287 parasse
986 5222 1251 5289 putabam,
1280 5224 1418 5275 unde
1458 5224 1709 5275 lectiones
1737 5221 1860 5275 dicti
1893 5222 2038 5275 codi-

482 5315 559 5365 cis
594 5313 799 5362 illorum
848 5314 1157 5365 anetoritate
1188 5313 1397 5367 firmare
1428 5328 1656 5381 possem.
1692 5315 1785 5369 Ast
1819 5313 1903 5366 ubi
1944 5314 2039 5364 ali-

485 5401 695 5471 quando
720 5402 830 5451 tlies
869 5401 968 5453 diei
1000 5403 1186 5467 illuxit,
1219 5404 1403 5459 falsum
1435 5421 1536 5466 me,
1589 5416 1639 5459 et
1666 5404 1880 5457 fundum
1925 5406 2041 5456 nul-

485 5494 588 5543 lum
620 5501 819 5545 cci-tum
852 5492 1031 5545 labore
1063 5494 1151 5545 illo
1182 5498 1417 5549 mihimet
1452 5510 1789 5565 comparasse
1829 5496 2038 5549 tandem

488 5585 733 5647 cognovi.
772 5581 841 5633 lla
875 5584 1083 5636 easdem
1116 5586 1387 5653 pericopas
1421 5589 1518 5653 (uti
1567 5588 1900 5641 observatum
1934 5586 2039 5655 est)

489 5671 622 5722 hami
655 5671 832 5724 iisdem
861 5675 1053 5737 verbis,
1090 5684 1142 5728 et
1172 5691 1308 5729 nunc
1340 5677 1597 5744 pluribus,
1641 5678 1797 5731 modo
1827 5678 2042 5747 paucio-

490 5765 655 5831 ribus,
690 5762 946 5826 efferunt;
995 5777 1051 5821 ut
1077 5776 1362 5837 prepterea
1394 5783 1498 5822 non
1531 5785 1711 5835 unum,
1753 5768 2045 5824 alterumve

2135 4691 2269 4744 quos
2296 4674 2583 4742 Origenes,
2624 4685 2678 4731 et
2717 4684 2833 4744 post
2872 4675 3010 4730 hunc
3044 4677 3393 4748 Hieronymus
3422 4678 3694 4743 memoria

2136 4767 2431 4836 prodidere.

2207 4858 2354 4923 Quod
2382 4866 2556 4910 autem
2586 4858 2680 4923 ait,
2708 4857 2872 4912 videri
2895 4858 3214 4923 versionem,
3246 4858 3314 4913 de
3333 4874 3432 4928 qua
3463 4859 3693 4931 agimus,

2136 4949 2300 5003 l‘uiSse
2344 4949 2645 5011 Gallorum;
2676 4966 2807 5016 quos
2858 4951 3063 5018 prmdes
3106 4952 3171 5004 de
3227 4953 3565 5023 possessione
3598 4952 3694 5005 ista

2136 5048 2425 5092 conventus
2455 5034 2705 5092 Erasmus
2743 5039 2961 5093 daturus
2990 5041 3173 5093 luisset
3209 5056 3310 5091 non
3337 5039 3513 5093 video.
3551 5039 3697 5095 Feli-

2137 5133 2283 5186 citati
2334 5131 2621 5197 Galliarum
2680 5141 3019 5185 monumenta
3061 5134 3389 5202 antiquitatis
3437 5115 3703 5192 debemus.

2142 5224 2399 5291 plurima,
2445 5222 2557 5275 inec
2591 5224 2745 5285 inter,
2773 5222 2930 5276 etiam
2983 5224 3043 5276 N.
3098 5223 3159 5277 Τ.
3202 5227 3531 5296 apographa,
3579 5244 3696 5298 qua:

2145 5312 2449 5383 Hieronymi
2477 5322 2684 5364 mtatem
2716 5322 3093 5377 antevertunt;
3124 5316 3267 5383 plura
3297 5317 3544 5382 deblturi,
3574 5319 3695 5383 nisi,

2146 5414 2265 5473 post
2293 5406 2513 5470 primam
2547 5404 2684 5457 illam
2713 5405 2913 5458 cladem
2935 5448 2949 5469 ,
2979 5414 3054 5458 tot
3080 5406 3202 5473 alia,
3233 5423 3351 5475 qua:
3379 5407 3579 5461 servari
3606 5421 3696 5474 po-

2147 5503 2388 5557 tuerant,
2421 5493 2618 5545 tristior
2660 5492 2822 5545 altera
2868 5506 3197 5563 occupasset.
3229 5496 3358 5562 Qua:
3388 5501 3562 5557 tamen
3595 5496 3697 5549 illic

2145 5593 2445 5651 Supersunt,
2470 5582 2682 5636 easdem
2708 5584 2879 5647 vices,
2914 5600 2974 5639 ac
2995 5586 3171 5639 ltalica
3194 5626 3207 5648 ,
3242 5598 3393 5653 passa
3432 5595 3583 5651 sunt,
3609 5600 3697 5639 va-

2147 5676 2404 5729 riantibus
2437 5672 2641 5745 scilicet
2674 5675 2919 5730 obnoxia.
2954 5676 3215 5730 Cteterum
3244 5691 3307 5730 ex
3346 5676 3531 5733 eodem
3560 5677 3699 5740 fonte

2149 5766 2347 5835 omnia,
2378 5778 2567 5836 nempe
2589 5763 2840 5825 Romanae
2867 5768 3121 5824 Ecclesiae
3149 5766 3455 5847 primigenia
3478 5770 3562 5830 illa
3586 5785 3703 5831 ver-
