4288 6468
529 473 598 528 55
1046 468 1049 469 ⁷
1318 462 1537 522 EPIST.
1578 460 1823 519 PHILIP.
1865 459 2209 519 GARBELLI
2251 461 2338 519 DE
2375 461 2623 519 CODlCE
2664 461 3006 520 BRIXIANO.
3710 463 3778 516 iii

527 584 694 649 sione,
717 598 833 653 quae
853 598 919 637 ex
942 580 1152 651 imperii
1177 595 1240 635 ac
1260 577 1538 648 religionis
1566 576 1695 633 sede
1720 576 1773 629 in
1793 572 2101 631 Occidentis
2124 575 2179 635 Α
2204 575 2535 645 autographa
2565 576 2770 647 aliquot
2808 576 2943 633 Novi
2970 575 3214 633 Foederis
3254 586 3599 634 monumenta
3616 617 3632 643 ,
3674 574 3809 655 alia_

527 677 829 749 provincias
857 691 915 733 se
939 678 1044 731 late
1070 674 1372 729 dill'uderat.

592 769 699 826 Cur
728 771 870 826 inter
902 786 960 825 se
988 769 1267 833 diﬂerant,
1299 781 1363 820 es
1398 774 1546 834 parte
1583 764 1835 819 diximus.
1868 759 2103 815 Diversi-

526 872 685 919 tatem
735 866 872 919 hanc
920 863 989 917 ad
1025 860 1335 917 statuendas
1366 869 1443 915 tot
1472 858 1606 913 alias
1648 858 1920 913 versiones
1959 856 2099 909 haud

524 956 651 1009 satis
679 969 817 1018 esse,
854 968 959 1007 non
991 954 1108 1007 sine
1138 951 1377 1007 veritatis
1406 951 1587 1019 specie
1608 949 1957 1017 c0njecimus.
1992 944 2103 999 Dif-

528 1044 701 1099 ferunt
732 1043 873 1097 inter
914 1058 972 1097 se
1018 1041 1203 1097 Grieca
1250 1041 1528 1111 profunda:
1573 1038 1925 1107 antiquitatis.
1968 1034 2099 1090 V-er-

527 1135 705 1188 siones
733 1148 799 1188 ex
825 1132 927 1187 hoc
960 1132 1138 1201 plures
1168 1130 1221 1186 in
1247 1131 1507 1185 Orientali
1547 1130 1783 1184 Ecclesia
1821 1130 1984 1183 factas
2008 1141 2098 1181 sa-

528 1239 627 1279 nus
674 1239 833 1279 nemo
888 1222 1253 1277 allirmaverit.
1302 1222 1360 1276 Si
1407 1222 1699 1291 primorum
1747 1220 2098 1285 interpretum

526 1325 746 1385 ectypon
776 1313 991 1383 aliquod
1020 1328 1211 1382 purum
1239 1313 1598 1380 intactumque
1627 1326 1686 1365 se
1712 1308 1958 1372 sisteret,
1987 1306 2100 1362 col-

532 1407 654 1462 latis
694 1406 918 1461 invicem
946 1447 961 1472 ,
992 1421 1112 1475 qua:
1138 1414 1424 1473 supersunt
1449 1446 1463 1471 ,
1493 1405 1769 1458 veritatem
1800 1402 1939 1456 hanc
1968 1400 2099 1455 laci-

524 1496 624 1553 lius
668 1496 1104 1567 adsequeremur.
1148 1494 1256 1551 Sed
1298 1502 1418 1563 post
1461 1493 1825 1561 infelicitatem
1871 1492 2091 1547 illorum

525 1598 853 1658 temporum,
900 1589 1052 1658 cujus
1102 1587 1427 1643 mentionem
1464 1586 1719 1650 fecimus,
1750 1601 1884 1640 nova
1915 1584 2098 1638 clades

520 1676 707 1750 ectypa
740 1680 949 1749 puriora
981 1678 1311 1735 intervenit.
1351 1679 1412 1733 D.
1460 1679 1783 1750 Hieronymo
1825 1676 2094 1743 videlicet,
2160 1717 2165 1721 .

522 1780 744 1841 urgente
782 1771 1029 1835 Damaso,
1060 1769 1122 1824 Ν.
1151 1770 1215 1824 Τ.
1246 1770 1507 1824 librorum
1546 1769 1784 1823 instituta
1810 1768 2091 1821 correctio.

522 1857 669 1915 Hanc
711 1860 915 1915 etenim
957 1859 1166 1925 statim,
1217 1872 1281 1914 ac
1325 1859 1531 1929 vulgari
1578 1859 1774 1927 carpit,
1822 1871 1946 1911 cum
1994 1855 2096 1909 viri

452 1966 476 1986 ἰ
519 1951 708 2006 summi
756 1960 871 2007 toto
920 1950 1055 2006 orbe
1090 1949 1399 2005 Christiano
1426 1950 1836 2005 celeberrimum
1869 1963 2086 2013 nomen,
2117 1947 2166 2007 B

518 2058 580 2100 ac
606 2044 825 2115 proinde
852 2043 1153 2114 expectatio
1176 2043 1388 2114 ingens,
1412 2052 1521 2097 tum
1553 2042 1734 2112 Operis
1758 2042 2089 2111 magnitudo,

519 2142 600 2197 et,
629 2149 746 2204 quae
797 2133 898 2189 fuit
940 2149 1152 2203 semper
1178 2134 1425 2189 humanis
1454 2132 1683 2204 ingeniis
1730 2132 1887 2200 illex,
1918 2133 2091 2203 gratia

517 2223 783 2293 novitatis,
817 2224 1199 2283 commendare
1228 2226 1482 2296 primum,
1516 2224 1711 2280 deinde
1733 2240 1837 2279 non
1868 2223 2090 2293 privatis

516 2315 685 2393 solum
704 2356 720 2380 ,
749 2315 843 2371 sed
868 2316 1122 2374 Ecclesiis
1149 2316 1281 2385 ipsis
1309 2315 1443 2369 utin
1473 2316 1643 2385 pretio
1667 2323 1813 2370 esset
1849 2312 2084 2369 efficere.

517 2405 654 2474 Quid
695 2406 819 2461 inde
857 2408 1133 2473 evenerit,
1162 2401 1343 2460 "facile
1391 2413 1477 2459 est
1519 2405 1778 2460 divinare.
1840 2401 2087 2459 Conferri

516 2505 747 2565 emptum
779 2512 899 2551 cum
931 2495 1154 2552 vetustis
1180 2495 1576 2565 exemplaribus
1613 2509 1803 2551 recens
1832 2508 1989 2563 opus.
2018 2493 2087 2548 Et

518 2588 606 2643 alii
637 2587 848 2659 quidem
892 2579 1050 2643 avide
1092 2591 1332 2657 arripere
1354 2586 1588 2659 ,‘ell‘erre
1615 2584 1879 2651 laudibus,
1910 2586 2082 2655 sequi.

519 2678 619 2733 Alii
651 2694 809 2742 vero,
842 2680 1046 2749 antiqui
1078 2680 1244 2734 moris
1291 2687 1528 2742 tenaces,
1578 2676 1758 2732 mirari
1814 2676 2083 2731 hominem

518 2769 605 2839 qui
645 2768 785 2837 quod
832 2776 915 2823 eo‘
944 2782 1115 2845 usque
1142 2769 1337 2824 lectum
1366 2768 1433 2822 ab
1462 2767 1706 2822 omnibus
1733 2766 1903 2821 fuerat
1925 2782 2085 2823 revo-

518 2871 641 2913 care
677 2860 742 2915 ad
787 2861 1036 2917 incudem
1076 2862 1279 2931 primus
1304 2874 1369 2915 ac
1396 2858 1655 2929 reﬂngere
1712 2859 1893 2914 vellet.
1939 2859 2084 2913 Non-

518 2950 646 3005 nulli
669 2952 826 3005 etiam
849 2963 1036 3007 contra
1057 2952 1174 3015 niti,
1199 2966 1477 3021 spernere,
1506 2949 1711 3005 auctori
1740 2948 1840 3019 ipsi
1869 2949 2081 3005 obtrec-

519 3046 653 3094 tare.
684 3039 865 3112 Neque
890 3042 1031 3097 enim
1052 3041 1273 3097 defuere
1304 3040 1630 3112 Hieronymo
1651 3040 2038 3096 obtrectatores
2066 3059 2077 3093 :

519 3144 619 3187 nec
644 3129 872 3190 deerunt
900 3147 1129 3203 unquam
1162 3130 1711 3202 praeclarisingeniis.
1762 3146 1879 3201 qua:
1922 3140 2084 3187 urunt

516 3223 801 3295 splendore
834 3240 952 3293 suo,
980 3207 1413 3296 praegravantq‘ue
1440 3235 1584 3280 artes
1613 3223 1749 3278 infra
1770 3239 1829 3279 se
1857 3225 2077 3294 positas.

2203 681 2329 720 vero
2385 683 2447 721 ex
2488 668 2831 738 autograpltis
2873 668 2976 737 ipsi
3021 681 3210 741 ectypa
3259 684 3467 725 summa
3527 670 3629 725 fide
3680 668 3777 723 de-

2202 758 2402 824 scripta
2433 774 2541 827 pra:
2574 760 2742 814 oculis
2762 760 3028 815 habebant
3054 763 3179 817 llum
3210 772 3507 819 verterent.
3535 764 3631 818 Ast
3655 760 3780 817 Bie-

2201 862 2475 917 rnnymus,
2509 847 2633 902 dum
2667 849 2842 905 fontes
2881 853 3106 921 qumrit,
3137 869 3201 907 ex
3232 868 3419 908 eorum
3470 852 3693 915 rivulis,
3723 860 3778 908 et

2200 939 2409 1007 quidem
2459 940 2720 994 incertum
2762 957 2828 996 an
2860 944 3004 997 omni
3033 960 3096 999 ex
3140 955 3289 1015 parte
3320 946 3489 1016 puris,
3522 954 3643 1016 post
3669 955 3779 999 tre-

2199 1036 2403 1093 centus,
2438 1036 2491 1082 et
2511 1030 2742 1099 amplius
2771 1046 2943 1087 annos
2983 1034 3103 1088 inde
3135 1035 3472 1089 manantibus
3499 1034 3778 1103 adtingere

2199 1126 2281 1171 est
2307 1131 2554 1187 Coactus;
2588 1122 2726 1189 quod
2768 1122 2838 1175 ita
2881 1124 3122 1178 Latinam
3160 1125 3462 1181 versionem
3505 1109 3775 1196 corrigere

2199 1225 2257 1263 se
2280 1225 2433 1279 posse
2456 1214 2696 1267 securius
2720 1214 3095 1270 arbitraretur.

2270 1344 2351 1398 An
2382 1346 2491 1411 pari
2516 1346 2802 1402 securitate
2842 1347 3071 1415 idipsum
3099 1358 3358 1419 praestare
3388 1360 3594 1420 poterat
3624 1350 3779 1405 adhi-

2186 1436 2324 1490 bitis
2368 1436 2791 1492 Occidentalium
2820 1439 3139 1495 codicibus?
3178 1441 3347 1495 lmmo
3375 1443 3585 1512 majori.
3619 1453 3675 1497 nt
3696 1444 3775 1496 vi-

2200 1543 2315 1580 sum
2345 1538 2426 1580 est
2457 1528 2622 1582 Millio
2646 1528 2879 1601 (Proleg.
2914 1547 2967 1583 η.
2992 1532 3115 1595 854,
3144 1540 3190 1584 et
3215 1530 3399 1603 seqq.).
3432 1533 3487 1589 Si
3515 1535 3656 1588 enim
3680 1548 3775 1588 ve-

2199 1619 2327 1671 ritas
2351 1618 2523 1671 fuerat
2546 1622 2835 1687 quaerenda
2861 1621 2928 1677 de
2967 1622 3207 1691 pluribus
3242 1664 3257 1688 ,
3315 1639 3412 1677 cur
3444 1639 3549 1678 non
3587 1624 3653 1678 ad
3678 1624 3776 1678 hos

2198 1714 2374 1780 potius
2396 1728 2554 1782 quam
2586 1713 2651 1767 ad
2678 1713 2897 1769 Graecos
2927 1730 2987 1769 se
3017 1717 3321 1781 convertit,
3371 1717 3464 1785 qui
3497 1716 3665 1771 nihilo
3694 1732 3778 1773 se-

2197 1806 2311 1859 cius
2331 1821 2394 1860 ac
2420 1806 2617 1871 Latini,
2648 1822 2742 1861 seu
2774 1816 3220 1876 praesumptorum
3266 1808 3502 1874 licentia,
3526 1822 3588 1862 ac
3612 1819 3779 1863 teme-

2197 1900 2354 1953 ritate
2378 1940 2391 1961 ,
2423 1900 2535 1953 sive
2561 1899 2904 1954 librariorum
2950 1909 3111 1969 atque
3136 1914 3420 1969 operarum
3452 1898 3657 1955 incuria
3684 1914 3776 1969 pa-

2190 2008 2310 2056 rum
2338 1994 2607 2063 castigati.
2623 2002 2678 2048 et
2698 1987 2977 2064 perperam
2996 1994 3225 2049 correcti
3257 1994 3604 2063 prodierant?
3624 1994 3776 2062 Quod

2191 2085 2333 2139 enim
2383 2085 2451 2140 de
2504 2084 2710 2140 Latinis
2757 2086 2971 2141 dicebat
3025 2086 3415 2158 Hieronymus,
3480 2096 3557 2142 tot
3605 2086 3773 2142 ferme

2189 2176 2518 2245 exemplaria
2540 2176 2708 2232 fuisse
2748 2188 2877 2247 quot
2918 2177 3131 2231 codices
3155 2216 3171 2241 ,
3217 2186 3373 2232 aucta
3420 2177 3675 2235 videlicet
3708 2178 3759 2233 in

2190 2267 2380 2334 majus,
2413 2275 2473 2319 ut
2498 2282 2603 2320 non
2632 2281 2756 2321 raro
2777 2268 2996 2330 assolet,
3024 2282 3233 2321 summa
3256 2308 3271 2332 ,
3304 2267 3407 2321 hoc
3428 2267 3495 2321 de
3523 2269 3586 2322 its
3612 2268 3773 2322 intel-

2189 2360 2459 2429 ligendum
2484 2376 2586 2413 nun
2610 2346 2818 2426 dubito,
2848 2361 2939 2429 qui
2969 2359 3129 2430 vulg'o
3161 2361 3488 2416 ferebantur.
3522 2360 3653 2415 Nam
3681 2374 3770 2415 se-

2187 2465 2283 2504 cus
2311 2451 2379 2506 de
2404 2451 2792 2505 vetustioribus
2832 2451 3115 2505 dicendum
3139 2493 3154 2518 ,
3200 2451 3291 2521 qni
3320 2452 3371 2504 in
3415 2450 3625 2504 scriniis
3668 2450 3770 2506 Ec-

2186 2544 2471 2617 clesiarum
2498 2558 2785 2611 superesse
2838 2544 3014 2598 adhuc
3041 2552 3320 2612 poterant;
3370 2560 3431 2597 ea:
3455 2545 3633 2612 quibus
3654 2542 3774 2595 dili-

2186 2645 2386 2706 genter,
2420 2638 2495 2689 ait
2526 2635 2741 2701 Millius,
2770 2637 2979 2689 invicem
3008 2635 3209 2688 collatis
3244 2635 3461 2699 restitui,
3509 2644 3555 2688 et
3578 2636 3645 2687 ad
3664 2636 3771 2704 pri-

2186 2743 2393 2780 mtevam
2437 2728 2776 2796 integritatem
2838 2728 3061 2780 revocari
3111 2727 3356 2793 potuisset
3412 2724 3603 2779 Italica
3654 2740 3764 2777 vcr-

2186 2820 2281 2871 sio.
2316 2819 2420 2873 Sed
2443 2820 2553 2887 jam
2578 2829 2766 2873 czetera
2794 2820 2937 2871 illius
2965 2818 3126 2871 verba
3156 2828 3215 2870 ut
3267 2818 3406 2871 lectu
3435 2816 3596 2886 digna
3626 2858 3641 2883 ,
3676 2832 3769 2871 ne-

2183 2924 2288 2979 que
2314 2926 2409 2962 nos
2431 2910 2635 2979 integra
2668 2910 2770 2962 huc
2813 2909 3044 2975 adferre,
3077 2925 3251 2978 neque
3289 2924 3403 2973 eos,
3436 2910 3522 2978 qui
3546 2910 3767 2978 praecla-

2184 3015 2300 3052 rum
2343 3015 2477 3068 opns
2516 3015 2620 3053 non
2663 3000 2907 3069 legerint,
2954 3000 3275 3070 expendisse
3321 2999 3539 3068 pigebit.
3586 2999 3767 3069 Pergit

2185 3088 2365 3157 itaque
2394 3090 2667 3160 inquiens:
2956 3094 2959 3097 ’

2264 3226 2431 3281 Verbo
2483 3227 2647 3280 dicam
2676 3266 2691 3289 ,
2748 3226 2865 3280 libri
2924 3228 3012 3296 qui
3063 3226 3157 3279 liae
3232 3233 3380 3279 atate
3431 3224 3765 3292 ferebantur,

517 3314 646 3370 Pars
666 3331 795 3372 vero
822 3317 1071 3381 maxima,
1103 3318 1461 3372 Ecclesiarum
1494 3316 1812 3383 praesertim,
1847 3317 2079 3372 medium
2106 3308 2150 3370 C
2182 3322 2332 3373 etiam
2392 3319 2798 3387 priestantissimi
2819 3358 2834 3382 ,
2906 3320 3091 3388 quique
3158 3318 3450 3386 interpolati
3508 3327 3649 3372 erant
3705 3326 3751 3370 et

516 3405 655 3462 inter
700 3417 954 3477 utrosque
996 3418 1181 3464 tenens
1236 3411 1338 3464 iter
1377 3408 1556 3480 (quod
1596 3408 1972 3478 est,cquidem
2031 3410 2081 3464 in

514 3496 676 3553 rebus
702 3497 923 3566 agendis
943 3512 1084 3567 saepe
1114 3498 1241 3553 utile
1266 3536 1287 3559 ,ι
1316 3513 1459 3568 saepe
1491 3505 1669 3553 tamen
1700 3498 2087 3567 periculosum,

514 3595 571 3643 et
614 3586 831 3660 fallax),
898 3603 1073 3658 neque
1134 3588 1422 3643 editionem
1485 3588 1744 3658 integram
1808 3588 2077 3659 amplecti,

515 3693 687 3749 neque
730 3695 947 3749 prorsus
990 3681 1256 3750 rejicere;
1297 3679 1389 3735 sed
1440 3695 1559 3749 qua:
1594 3689 1684 3731 aut
1737 3680 1955 3747 purius,
1988 3689 2080 3734 aut

513 3769 729 3836 melius,
753 3780 841 3824 aut
863 3770 1077 3826 demum
1109 3771 1315 3841 plenius
1344 3770 1601 3825 adtulisse
1628 3770 1929 3835 videbatur,
1961 3770 2079 3825 loco

513 3860 674 3914 motis
702 3862 992 3928 primorum
1038 3863 1391 3931 interpretum
1424 3862 1598 3917 verbis
1618 3902 1632 3923 ,
1663 3863 1713 3915 in
1742 3863 1955 3918 codices
1993 3880 2078 3919 re-

509 3945 674 4002 ferre.
706 3947 835 4001 llinc
866 3947 1060 4001 factum
1096 3957 1181 4012 ut,
1211 3948 1334 4017 quid
1364 3964 1495 4003 nova
1516 3989 1532 4015 ,
1562 3950 1689 4019 quid
1724 3960 1877 4004 vetus
1915 3951 2078 4006 editio

513 4027 707 4095 ferrent
727 4082 741 4101 .
769 4055 1053 4096 secernere
1080 4040 1299 4097 difficile
1332 4051 1453 4113 post
1479 4056 1584 4096 non
1620 4042 1840 4096 multum
1874 4052 2079 4112 tempo-

508 4130 587 4185 ris
616 4130 807 4197 l'uerit;
843 4146 983 4186 nunc
1012 4147 1139 4186 vero
1169 4132 1328 4186 etiam
1359 4131 1700 4202 deSperatum
1734 4132 1954 4189 omnino
1983 4135 2074 4188 sit.

505 4219 605 4289 Ita,
629 4222 748 4281 dum
778 4225 999 4278 vetustis
1028 4224 1316 4278 novitatem
1338 4265 1354 4290 ,
1387 4224 1640 4279 obsoletis
1664 4226 1924 4291 nitorem,
1954 4240 2075 4280 om-

504 4314 661 4383 nibus
705 4316 926 4388 gratiam
968 4316 1095 4372 dare
1121 4331 1179 4371 se
1204 4326 1421 4388 putant,
1464 4332 1651 4372 recens
1696 4318 1822 4372 illud
1864 4318 2071 4383 vinum,

406 4418 413 4423 '
502 4418 569 4460 ac
595 4404 836 4471 fervens,
870 4394 1025 4461 utres
1061 4416 1303 4473 veteres,
1333 4404 1387 4459 in
1414 4420 1549 4475 quos
1589 4405 1918 4471 rettulerant,
1951 4421 2069 4473 pes-

501 4510 624 4553 snm
656 4496 831 4561 dedit;
866 4496 1162 4552 calentibus
1191 4496 1383 4563 ubique
1418 4495 1754 4550 librariorum
1785 4496 1981 4550 scholis
2013 4505 2069 4551 ut

500 4602 640 4644 nova
660 4588 979 4656 exemplaria
1002 4586 1362 4657 querentibus
1383 4594 1578 4658 prmslo
1604 4601 1725 4641 esse
1742 4598 1975 4656 possent.
2002 4588 2068 4643 Et

2181 3412 2375 3475 mixti,
2423 3426 2484 3463 ne
2526 3410 2819 3479 Origeniani
2864 3409 3106 3479 quidem,
3166 3410 3431 3477 ceterique
3492 3408 3753 3475 probatio-

2180 3520 2260 3558 res
2292 3544 2306 3567 ,
2349 3502 2417 3555 ad
2460 3518 2675 3571 quorum
2722 3501 2876 3569 ﬁdem
2914 3518 2978 3555 ea:
3026 3501 3289 3554 occasione
3353 3510 3591 3569 provocat
3635 3498 3757 3553 Ilie-

2182 3608 2423 3663 ronymus
2458 3633 2472 3655 ,
2502 3592 2564 3644 ab
2592 3592 2892 3651 assumentis
2930 3592 3141 3659 aliisque
3179 3592 3313 3643 vitiis
3342 3590 3602 3644 vacabant.
3646 3590 3756 3644 Soli

2182 3684 2317 3750 puri,
2348 3691 2395 3736 et
2426 3684 2735 3735 immaculati
2756 3695 2919 3747 erant,
2947 3684 3032 3749 qui
3057 3699 3119 3736 ea:
3141 3680 3473 3752 autographis
3494 3682 3747 3751 apostolo-

2179 3788 2289 3824 rum
2318 3772 2621 3825 manabant:
2676 3773 2893 3839 proximi
2921 3773 3057 3838 illis,
3116 3773 3229 3826 licet
3256 3813 3271 3837 ,
3302 3770 3440 3824 haud
3475 3774 3549 3824 ita
3588 3772 3704 3838 puri
3733 3810 3749 3835 ,

2179 3880 2303 3933 quos
2329 3864 2588 3931 aliquanto
2610 3874 2720 3934 post
2744 3864 3176 3940 constitutionem
3208 3862 3428 3916 Canonis
3465 3860 3538 3915 Ν.
3564 3846 3630 3913 Τ.
3664 3861 3750 3912 de-

2176 3954 2328 4008 scribi
2371 3956 2669 4024 contigerut.
2696 3954 2762 4007 Et
2810 3972 2873 4009 ea:
2918 3971 3093 4009 eorum
3146 3956 3319 4023 aliqua
3360 3968 3594 4019 expressa
3641 3960 3751 4004 erat

2178 4048 2341 4099 versio
2379 4044 2580 4099 Italica.
2630 4045 2768 4098 Adeo
2808 4054 2858 4097 ut
2893 4085 2908 4110 ,
2961 4044 3027 4096 ad
3068 4046 3229 4114 ipsam
3273 4041 3631 4096 emendandum
3684 4057 3747 4094 es;

2178 4138 2377 4203 Graeco,
2402 4138 2695 4192 consulendi
2717 4142 2884 4205 forent
2906 4138 3120 4198 codices,
3146 4136 3189 4188 si
3214 4134 3301 4198 qui
3320 4143 3565 4199 extarent,
3606 4133 3749 4187 simi-

2176 4231 2246 4285 les
2275 4230 2401 4293 illis,
2447 4231 2514 4283 ad
2564 4245 2779 4297 quorum
2824 4239 3015 4282 textum
3051 4231 3217 4296 fuerat
3252 4227 3553 4293 composita.
3599 4224 3745 4289 Quod

2173 4330 2338 4371 autem
2363 4319 2454 4370 hos
2480 4334 2580 4369 una
2611 4334 2725 4369 cum
2768 4318 2883 4369 aliis
2911 4317 3118 4368 istorum
3148 4326 3427 4395 temporum
3472 4313 3747 4384 interpola-

2170 4410 2272 4461 rint
2302 4410 2461 4477 magis
2486 4410 2749 4477 magisque
2779 4408 2974 4460 librarii
3001 4418 3115 4459 ante
3140 4408 3385 4460 steculunt
3423 4406 3739 4475 Hieronymi,

2169 4503 2361 4569 frustra
2391 4513 2454 4553 ea:
2482 4513 2763 4567 temporum
2794 4483 3127 4567 posteriorum
3174 4498 3364 4553 Grtecis
3410 4500 3605 4552 institui
3632 4502 3740 4567 eius

2168 4590 2220 4642 in
2250 4591 2501 4660 integrum
2530 4591 2915 4644 restitutionem.
2957 4588 3084 4643 Cum
3123 4592 3253 4643 enim
3280 4607 3312 4642 a
3334 4589 3563 4652 lectione,
3587 4603 3737 4657 quant

498 4680 727 4757 septimo
746 4679 857 4749 jam
878 4679 1075 4733 smculo
1098 4678 1293 4747 passim
1314 4677 1366 4731 in
1390 4676 1667 4731 occidente
1688 4678 2060 4743 obtinuerant;
2092 4675 2143 4734 D
2167 4682 2415 4752 referebat
2444 4682 2549 4735 hinc
2571 4682 2750 4743 versio,
2785 4681 2997 4734 abierint
3025 4680 3163 4733 haud
3198 4696 3315 4732 raro
3345 4678 3459 4733 libri
3495 4679 3737 4731 recentio-

496 4770 753 4842 sepositis
800 4770 1214 4835 vetustioribus,
1258 4784 1319 4822 ac
1356 4768 1581 4824 subinde
1628 4770 1903 4838 neglectis,
1944 4787 2065 4841 qua:

498 4871 687 4931 postea
720 4864 889 4933 serior
914 4875 1075 4926 astas,
1110 4872 1164 4916 ut
1206 4863 1485 4932 plerasque
1515 4863 1644 4917 alia~~
1675 4871 1911 4917 veterum
1944 4880 2063 4919 mo-

498 4961 876 5007 numentorum
906 4952 1159 5022 reliquias
1176 4952 1605 5019 ,~indnctissirnis
1633 4952 1860 5007 librariis
1886 4953 1949 5007 ad
1976 4970 2062 5008 re-

497 5044 711 5116 pagula,
742 5045 1015 5111 fasciolas,
1046 5043 1255 5099 indusia
1282 5043 1791 5112 compingendornm
1820 5046 2060 5103 codicum

492 5136 731 5206 paranda
769 5136 1038 5193 deservire
1078 5136 1226 5193 vidit.
1261 5136 1357 5190 Hic
1390 5135 1512 5190 linis
1536 5135 1731 5191 Italicas
1775 5137 2057 5205 versionis,

491 5226 587 5280 hic
614 5226 785 5295 exitus
822 5229 954 5295 luit;
1006 5244 1113 5283 non
1157 5227 1460 5297 Hieronymi
1505 5230 1691 5296 culpa,
1728 5229 1819 5283 sed
1860 5237 2060 5295 tempoo

492 5333 615 5377 rum
646 5333 659 5370 :
687 5325 744 5371 ut
772 5332 1048 5386 parcamus
1094 5321 1315 5389 ingeniis
1340 5359 1355 5383 ,
1385 5334 1501 5387 qua:
1532 5334 1629 5373 nec
1661 5321 1792 5373 satis
1818 5321 2053 5386 provida,

490 5418 575 5475 et,
603 5424 759 5479 quam
791 5423 885 5477 par
911 5419 1073 5473 esset,
1106 5411 1339 5465 faciliora
1365 5450 1382 5475 ,
1414 5425 1577 5465 novas
1605 5400 1837 5477 merces,
1866 5411 2055 5482 quibus

487 5514 649 5554 suum
680 5496 916 5568 profecto
944 5510 1211 5553 constaret
1238 5501 1485 5569 pretium,
1510 5501 1604 5555 sed
1633 5516 1751 5556 cum
1777 5504 1929 5555 avitis
1957 5506 2056 5556 mf-

489 5592 644 5646 nime
668 5588 1047 5659 comparandas
1070 5630 1085 5653 ,
1110 5589 1192 5643 his
1227 5593 1357 5658 ipsis
1384 5594 1697 5646 antetulere.
1728 5592 1876 5658 Quod
1903 5593 2050 5647 dixe«

487 5682 619 5736 rint.
646 5666 961 5750 Hieronymi
990 5678 1254 5749 egregium
1292 5690 1479 5733 cratera
1522 5696 1654 5748 Opus
1692 5696 1811 5736 cum
1857 5682 2051 5734 Roma-

487 5787 582 5828 nae
622 5770 874 5826 Ecclesiae
920 5772 1262 5841 interpretum
1315 5772 1645 5842 antigrapliis
1672 5773 1810 5827 haud
1839 5788 2052 5843 compa-

484 5860 607 5926 rari
652 5875 830 5937 posse,
875 5877 1052 5936 nemo,
1084 5870 1142 5921 ut
1167 5868 1325 5936 puto,
1352 5859 1557 5919 inficias
1588 5862 1764 5921 iverit.
1795 5863 1873 5923 Illi
1911 5864 2051 5923 enim

2164 4790 2261 4839 res,
2293 4784 2422 4827 certe
2441 4790 2540 4841 quo
2568 4774 2775 4844 prapius
2802 4774 2855 4825 in
2903 4788 2961 4825 ea
2985 4771 3291 4827 recensenda
3330 4770 3399 4821 ad
3426 4771 3513 4821 lius
3531 4767 3731 4819 accedi-

2164 4872 2263 4930 tur,
2289 4879 2347 4916 eo
2382 4865 2540 4933 magis
2582 4862 2819 4915 Italicam
2846 4879 2879 4915 a
2902 4862 3200 4932 primigenia
3226 4876 3317 4912 sua
3347 4859 3593 4926 scriptura
3620 4858 3734 4910 red-

2164 4955 2251 5008 des
2281 4939 2530 5018 aliebam;
2571 4972 2660 5025 nec
2684 4954 2983 5023 reformabis
3021 4955 3184 5017 ipsam
3210 4991 3224 5014 ,
3256 4951 3342 5003 sed
3374 4951 3536 5018 potius
3567 4960 3732 5003 trans-

2165 5048 2406 5115 formabis
2440 5047 2493 5099 in
2521 5061 2695 5098 novam
2726 5046 2895 5098 nescio
2923 5061 3073 5109 quam
3096 5083 3111 5107 ,
3138 5060 3168 5095 a
3196 5046 3413 5113 genuina
3435 5053 3593 5096 uetere
3622 5042 3729 5095 Ita-

2163 5137 2262 5189 lica
2283 5138 2481 5205 penitus
2507 5136 2895 5205 discrepantem.
2949 5134 3118 5190 Sensit
3159 5144 3290 5187 certe
3308 5136 3418 5201 jam
3464 5136 3516 5187 in
3554 5135 3726 5187 limine

2162 5228 2328 5293 operis
2355 5224 2689 5295 Hieronymus
2710 5228 2952 5296 grandem
2985 5269 2997 5289 ,
3050 5225 3346 5292 Latinisque
3382 5224 3591 5277 auribus
3631 5224 3723 5275 nti-

2160 5317 2293 5370 nime
2318 5319 2597 5387 ferendam,
2632 5335 2743 5386 quw
2771 5335 2833 5370 ea:
2860 5318 3165 5370 accuratiori
3188 5317 3256 5368 ad
3280 5318 3476 5370 codices
3504 5330 3619 5367 suos
3645 5330 3722 5368 rc-

2160 5409 2394 5461 censione
2420 5410 2729 5479 contigisset,
2766 5418 2929 5461 textus
2962 5408 3131 5459 Latini
3158 5408 3486 5459 mutationem
3509 5423 3527 5468 ;
3556 5406 3725 5469 reique

2162 5500 2512 5568 magnitudine
2540 5540 2553 5564 ,
2582 5511 2625 5552 et
2676 5500 2899 5563 periculo
2922 5498 3213 5559 deterritus,
3245 5497 3527 5563 tempestive
3555 5495 3723 5545 retulit

2161 5591 2358 5657 pedem,
2394 5601 2438 5643 et
2466 5592 2518 5643 in
2550 5592 2699 5651 alias,
2730 5606 2911 5654 easque
2943 5588 3078 5640 haud
3127 5603 3306 5653 parum
3355 5586 3574 5637 saniores
3598 5585 3721 5635 abiit

2156 5684 2395 5735 rationes.
2433 5682 2627 5745 Nempe
2655 5682 2919 5734 emendata
2948 5697 2977 5731 a
3014 5696 3066 5733 se
3096 5676 3390 5743 Evangelia,
3417 5691 3476 5725 ne
3506 5676 3718 5727 multum

2156 5771 2432 5851 electionis
2478 5770 2675 5824 Latiare
2702 5770 3059 5825 consuetudine
3088 5768 3462 5832 discreparent,
3498 5767 3721 5818 itncalu-

2156 5879 2238 5921 mo
2262 5874 2560 5953 temperasse
2581 5880 2655 5934 se,
2680 5865 2771 5932 ait,
2800 5872 2853 5918 ut
2880 5862 2958 5916 his
2988 5866 3197 5925 tantum,
3223 5871 3333 5927 qua:
3358 5872 3557 5912 sensum
3582 5858 3719 5914 vide-
