3902 6402
386 384 452 435 ss
952 390 956 394 ο
1759 338 2280 431 PROLEGOMENA.
3546 377 3615 437 56

381 502 564 555 bantur
590 510 802 569 mutare,
835 499 1067 554 correctis
1088 540 1102 563 ,
1134 498 1325 565 reliqua
1356 510 1556 548 manere
1589 500 1860 563 pateretur,
1886 501 1942 545 ut
1969 496 2021 554 Α
2044 504 2144 545 seu
2173 491 2523 559 mangonibus
2552 492 2789 548 librariis
2815 495 3171 554 clarissimum
3201 498 3347 555 Petri
3380 499 3613 556 Alexan-

411 602 607 648 ueram.

411 602 607 648 ueram.
1011 607 1016 612 ’

382 594 413 662 Ῑ
457 682 716 736 Iudicium
744 680 844 735 hoc
890 681 1036 735 Millii
1077 679 1322 749 quamvis
1348 678 1399 732 in
1430 676 1675 730 omnibus
1717 674 1944 743 probare

382 784 490 826 non
512 773 707 839 possim
733 770 861 842 (scis
891 771 1030 824 enim
1060 770 1186 839 quid
1214 769 1280 823 de
1315 766 1691 823 consdtutione
1728 765 1817 817 illa
1846 762 1947 817 Ca-

380 864 539 919 nonis
558 863 861 929 senserim),
896 864 945 915 in
972 863 1038 915 iis
1061 871 1262 925 tamen,
1293 876 1410 929 qum
1435 858 1500 912 de
1526 856 1853 912 emendanda
1878 855 1943 908 ad

378 954 599 1009 Latinos
619 954 827 1008 codices
849 954 1061 1022 antiqua
1079 953 1325 1007 versione
1347 950 1616 1011 disseruit,
1640 958 1692 1002 et
1719 956 1942 1011 rectum,

379 1055 435 1102 et
459 1044 937 1099 luculentissimnm
970 1054 1115 1110 puto.
1140 1042 1365 1101 lVerum,
1398 1040 1461 1093 ad
1503 1054 1653 1107 quos,
1712 1038 1942 1103 inquies,

378 1136 447 1200 si,
477 1134 790 1205 Augustino,
819 1149 880 1187 ac
911 1134 1235 1203 llieronymo
1263 1131 1506 1195 testibus,
1539 1130 1670 1181 adeo
1690 1136 1841 1181 erant
1862 1127 1944 1180 in-

377 1226 619 1293 terpolati
645 1239 853 1287 omnes,
886 1240 949 1279 ac
982 1226 1127 1277 mixti
1152 1224 1175 1275 ?
1205 1223 1319 1277 Non
1349 1236 1598 1291 reponam
1634 1220 1716 1273 hic
1738 1235 1855 1288 qua:
1877 1218 1942 1272 ad

373 1324 741 1383 argumentum
792 1312 933 1367 istud
960 1312 1267 1366 adtulimus.
1319 1311 1548 1378 ldipsum
1596 1317 1813 1377 questus
1832 1307 1941 1373 jam

373 1405 548 1459 fuerat
575 1405 862 1472 Origenes:
896 1413 951 1457 et
1000 1412 1176 1457 tamen
1214 1417 1318 1455 non
1366 1401 1587 1453 deerant
1644 1397 1945 1465 prtcceden-

372 1494 506 1549 tium
549 1492 864 1547 saeculorum
918 1492 1244 1560 exemplaria
1273 1532 1286 1553 ,
1337 1490 1399 1543 ad
1449 1504 1565 1559 qua:
1595 1503 1689 1541 sua
1722 1489 1944 1557 ipsemet

373 1585 569 1653 exegit.
603 1583 743 1637 Idem
771 1583 839 1636 de
867 1583 1069 1636 Latinis
1097 1581 1400 1635 dicendum.
1445 1581 1555 1633 Non
1604 1594 1721 1647 qua:
1740 1568 1943 1645 passim

371 1678 440 1729 ab
469 1675 717 1728 omnibus
748 1674 1059 1728 terebantur
1078 1712 1092 1737 ,
1127 1671 1221 1725 sed
1246 1687 1306 1725 ea
1335 1679 1487 1724 erant
1513 1668 1799 1738 quaareuda
1828 1682 1944 1737 quae

371 1779 400 1819 a
425 1766 748 1834 privatorum
781 1764 994 1817 licentia
1021 1770 1251 1824 secreta,
1281 1777 1407 1829 pura
1456 1763 1625 1828 magis
1655 1802 1669 1822 ,
1696 1769 1750 1813 et
1789 1760 1949 1813 fonti-

2045 579 2189 636 drini
2217 595 2442 647 nomen,
2477 590 2534 636 ut
2559 584 2813 652 splendor
2853 590 3016 643 merci
3048 630 3064 656 ,
3093 605 3155 645 ac
3208 590 3432 661 pretium
3462 601 3613 642 acce-

2052 667 2226 724 deret.

2113 760 2313 817 Auctor
2351 773 2525 820 tamen
2568 766 2819 823 Cbronici
2865 769 3207 826 Alexandrini
3258 782 3312 827 et
3340 772 3610 827 servatum

2044 849 2241 920 Ephesi
2264 868 2332 906 vn
2356 856 2571 920 saeculo,
2602 866 2654 909 et
2676 872 2703 908 a
2737 856 2978 912 ﬁdelibus
3011 862 3061 913 in
3086 861 3429 915 veneratione
3450 861 3606 915 babi-

2045 948 2155 994 tum
2188 942 2453 1009 prodidit;
2482 945 2623 1013 quod
2658 947 2897 1013 profecto
2929 949 3117 1003 mirum
3140 991 3154 1015 ,
3186 966 3280 1004 seu
3313 951 3471 1012 fama.
3500 952 3618 1006 sive

2046 1041 2125 1084 tot
2193 1033 2487 1087 illustrium
2556 1036 2865 1091 Gra‘cornm
2930 1042 3317 1096 consuetudine
3382 1045 3621 1099 nescisse

2046 1120 2447 1193 Hieronymum.
2490 1126 2627 1179 Nihil
2674 1130 2813 1182 enim
2846 1132 3019 1185 minus
3044 1140 3094 1185 tv
3123 1148 3278 1202 quam
3302 1150 3375 1188 vu
3408 1135 3620 1188 s:ecnlis

2045 1222 2229 1266 notum
2279 1214 2457 1270 fuerit.
2491 1216 2781 1279 Prteterea,
2813 1220 3083 1275 Adultera:
3115 1222 3393 1276 historiam
3441 1225 3493 1277 in
3530 1240 3620 1279 ve-

2045 1304 2203 1357 tustis
2226 1304 2494 1373 plerisque
2520 1321 2640 1360 cum
2687 1309 2921 1375 Grmeis,
2957 1321 3064 1363 tum
3105 1311 3307 1365 Latinis
3344 1312 3621 1369 codicibus

2044 1396 2297 1448 omissam
2323 1437 2338 1461 ,
2390 1407 2480 1449 aut
2524 1398 2695 1452 obelis
2727 1410 2960 1455 notatam
2983 1442 2998 1466 ,
3026 1418 3184 1472 quam
3215 1402 3371 1459 facile
3400 1413 3456 1458 et
3482 1405 3619 1473 ipsi,

2045 1493 2099 1536 et
2126 1484 2245 1537 aliis
2278 1484 2464 1539 fuisset
2494 1485 2558 1539 ad
2607 1489 2879 1559 archetypi
2912 1490 3070 1545 ﬁdem
3098 1494 3347 1562 exigere?
3374 1494 3504 1547 Cum
3546 1504 3623 1549 ta-

2049 1588 2171 1627 men
2201 1590 2229 1627 e
2263 1585 2338 1629 tot
2365 1578 2712 1647 scriptoribus
2740 1595 2897 1648 ante,
2926 1595 2978 1637 et
3005 1593 3125 1653 post
3157 1586 3304 1639 illum
3339 1586 3390 1639 id
3438 1586 3623 1641 fecerit

2046 1681 2228 1721 nemo.

2119 1762 2379 1831 Quidquid
2412 1762 2479 1817 de
2508 1764 2606 1817 hac
2638 1780 2697 1819 re
2724 1766 2815 1830 sit,
2843 1769 3050 1822 etiamsi
3092 1771 3378 1837 periissent
3418 1772 3619 1827 arche-

370 1855 473 1910 bus
505 1855 756 1921 prepiora
778 1867 899 1906 esse
926 1852 1242 1905 debuerant.
1274 1852 1383 1905 iloc
1403 1865 1533 1904 vero
1556 1848 1695 1903 haud
1740 1848 1959 1903 difﬁcile
1990 1851 2033 1909 Β
2064 1860 2184 1921 typa
2204 1892 2218 1917 ,
2263 1866 2370 1905 non
2411 1863 2556 1908 esset
2585 1869 2682 1908 cur
2706 1858 3044 1913 miraremur.
3076 1860 3249 1914 Pauca
3274 1872 3466 1927 erant,
3516 1874 3625 1918 tum

374 1944 612 1999 futurum
643 1951 759 1997 erat
799 1944 954 1996 beato
982 1942 1241 2011 Scriptori
1266 1982 1282 2007 ,
1320 1942 1365 1996 si
1396 1943 1628 1997 triennio
1668 1941 1761 1995 illo
1783 1980 1800 2007 ,
1844 1955 1951 2010 quo

374 2036 561 2089 Roma:
584 2036 850 2099 substitit,
880 2036 1128 2103 antiquos
1161 2034 1415 2103 principis
1437 2033 1692 2087 Ecclesia:
1713 2033 1944 2097 codices,

376 2127 616 2195 aliosque
642 2141 735 2195 per
764 2126 967 2180 Italiam
997 2142 1026 2181 e
1059 2126 1293 2181 tenebris
1337 2132 1521 2179 erutos
1565 2125 1829 2191 inspicere
1857 2137 1951 2175 vo-

376 2216 585 2273 luisset.
616 2218 932 2274 lucredibile
958 2220 1102 2273 enim
1130 2220 1349 2273 omnino
1380 2226 1462 2271 est
1493 2258 1508 2281 ,
1553 2217 1607 2270 in
1650 2230 1831 2277 earum
1863 2229 1950 2269 se-

375 2309 617 2363 cretariis
636 2309 909 2378 exemplar
930 2309 1133 2363 nullum
1156 2324 1187 2363 e
1203 2306 1581 2362 vetustioribus
1601 2304 1946 2373 sitperfuisse.

376 2399 600 2454 Servata
630 2398 842 2451 fuerant
868 2398 935 2452 ad
985 2397 1230 2466 Origenis
1260 2412 1427 2465 usque
1472 2405 1680 2450 :etatem
1711 2395 1948 2464 superio-

376 2502 495 2541 rum
524 2496 820 2555 temporum
841 2485 1028 2541 Graeca
1051 2504 1063 2537 ε
1090 2501 1185 2540 cur
1205 2502 1307 2539 non
1332 2486 1470 2555 apud
1494 2495 1702 2538 nostros
1728 2484 1949 2537 Latina?

379 2577 460 2631 An
488 2579 663 2631 minor
685 2578 913 2631 fortasse
935 2576 1262 2631 nostratibus
1308 2591 1581 2631 sacrorum
1607 2575 1947 2628 Voluminum

380 2682 531 2730 cura,
555 2682 711 2736 quam
742 2666 985 2720 Graecis?
1014 2681 1117 2720 non
1163 2674 1307 2734 puto.
1338 2668 1406 2719 At
1450 2666 1719 2734 perierant
1767 2664 1819 2716 in
1872 2672 1950 2716 tot

384 2758 637 2813 Ecclesia:
657 2758 1047 2812 calamitatibus
1085 2759 1369 2826 archetypa
1396 2757 1507 2826 ipsa
1534 2800 1547 2821 ,
1582 2772 1701 2825 qua:
1746 2756 1948 2823 majore

382 2848 618 2917 profecto
649 2863 775 2901 cura
826 2847 1079 2901 custodiri
1134 2862 1226 2916 par
1270 2849 1475 2901 fuerat:
1521 2856 1721 2914 quanto
1768 2846 1948 2914 itaque

381 2938 550 3007 magis
595 2948 781 3007 ectypa
824 2938 977 3005 primi
1024 2937 1308 2991 alteriusve
1352 2936 1579 2990 saeculi?
1620 2950 1790 3003 coque
1829 2949 1945 2987 am-

379 3028 559 3098 plius,
589 3028 727 3097 quod
776 3030 893 3080 trita
913 3028 1020 3095 jam
1060 3036 1219 3096 atque
1270 3028 1507 3081 obsoleta
1546 3028 1779 3095 proclive
1833 3036 1951 3081 erat

385 3119 675 3172 recentium
705 3127 979 3171 venustate
1007 3118 1285 3183 vilescere,
1308 3132 1367 3170 ac
1397 3117 1726 3185 parvipendi.

2054 1940 2193 2010 apud
2224 1956 2445 2009 paucos.
2475 1943 2591 2009 Quo
2612 1953 2789 1998 autem
2822 1950 3157 2014 pretiosiora,
3187 1965 3251 2004 co
3274 1953 3433 2005 etiam
3466 1953 3518 2005 in
3552 1962 3631 2008 tot

2055 2030 2415 2084 Ecclesiarum
2444 2034 2698 2086 :erumuis
2741 2034 2843 2088 huc
2886 2037 3011 2090 illuc
3046 2038 3277 2094 fortasse
3324 2041 3579 2094 translata
3612 2060 3627 2093 :

2050 2134 2147 2174 seu
2173 2160 2189 2185 ,
2223 2130 2280 2175 ut
2302 2122 2530 2175 laterent
2559 2125 2799 2176 securius
2824 2165 2839 2189 ,
2884 2125 2933 2179 in
2975 2127 3335 2195 penitioribus
3377 2130 3510 2183 locis
3534 2130 3630 2183 ab-

2049 2224 2263 2275 sconsa,
2300 2227 2419 2266 mox
2461 2212 2572 2267 fato
2604 2214 2799 2270 functis
2826 2256 2840 2279 ,
2873 2226 2964 2271 aut
2991 2219 3096 2272 alio
3122 2220 3471 2288 migrantibus
3496 2262 3511 2286 ,
3539 2223 3629 2290 qui

2048 2302 2393 2367 caalaverant,
2426 2305 2699 2357 memoriae
2732 2306 3003 2360 hominum
3032 2310 3322 2375 subtracta,
3375 2312 3479 2365 situ
3513 2321 3629 2365 tau-

2049 2390 2170 2445 dem
2216 2407 2435 2461 aevoque
2477 2395 2687 2448 absumi
2730 2398 3031 2463 Oportebat.
3066 2400 3138 2453 De
3180 2402 3387 2470 ectypis
3417 2402 3626 2456 illorum

2049 2481 2258 2536 diversa
2288 2485 2500 2551 penitus
2536 2486 2691 2538 ratio.
2717 2485 2947 2540 Plurima
2978 2500 3127 2543 erant
3156 2531 3171 2554 ,
3200 2499 3256 2544 et
3280 2491 3417 2567 apud
3447 2492 3621 2561 pluri-

2051 2586 2189 2624 mos.
2216 2572 2313 2626 Ubi
2342 2581 2514 2626 cretus
2558 2574 2790 2628 ﬁdelium
2816 2617 2830 2639 ,
2878 2577 2947 2629 ibi
2971 2578 3161 2632 divinae
3203 2580 3489 2649 Scriptura:
3524 2599 3537 2634 :
3565 2571 3617 2636 in

2050 2661 2292 2715 ecclesiis
2312 2702 2326 2725 ,
2358 2662 2409 2715 in
2438 2663 2681 2718 domibus
2712 2666 3036 2734 privatorum
3056 2708 3069 2730 ,
3101 2670 3153 2720 in
3182 2670 3345 2734 urbe,
3380 2672 3432 2723 in
3463 2672 3625 2740 agris.

2051 2748 2318 2805 Praeterea
2333 2767 2436 2806 nou
2456 2753 2593 2806 idem
2614 2754 2805 2823 ubique
2823 2758 3207 2825 persecutionis
3223 2769 3402 2827 testas,
3420 2765 3506 2831 qui
3522 2764 3621 2817 ab-

2050 2851 2291 2895 sumeret
2324 2859 2335 2892 :
2371 2858 2542 2909 neque
2572 2844 2623 2896 in
2656 2844 2805 2898 Italia
2831 2854 2887 2897 ut
2916 2847 2966 2899 in
2990 2846 3165 2902 Africa
3188 2890 3201 2914 ,
3230 2859 3389 2920 atque
3409 2850 3629 2909 Oriente

2052 2939 2157 2983 tam
2183 2930 2415 2985 fervens.
2440 2932 2599 2986 Multo
2623 2934 2796 2988 minus
2818 2936 2871 2988 in
2885 2936 3086 3001 Galliis,
3112 2938 3519 2995 ubiChristiana
3542 2958 3629 2997 res

2050 3021 2149 3074 sub
2170 3022 2466 3075 mitissimis
2485 3026 2811 3093 principibus
2837 3025 3169 3093 Constantio,
3194 3044 3256 3083 ac
3276 3030 3629 3089 Constantino

2051 3114 2307 3180 pacatior;
2338 3114 2418 3166 Ab
2448 3114 2527 3167 his
2558 3115 2689 3169 locis
2719 3116 2943 3185 petenda
2971 3128 3129 3172 erant
3155 3120 3404 3188 primzeva
3436 3136 3626 3176 exem-

459 3207 686 3262 Periisse
716 3208 1039 3275 autographa
1068 3208 1430 3274 apostolorum
1477 3212 1815 3259 monumenta
1842 3205 1948 3272 jam
1980 3206 2022 3263 C
2057 3200 2219 3268 plaria
2252 3217 2266 3252 :
2300 3217 2404 3255 non
2452 3201 2693 3257 defutura
2722 3205 2958 3273 profecto
2980 3248 2994 3271 ,
3039 3208 3081 3261 si
3114 3209 3301 3262 sedulo
3326 3227 3630 3279 qumreren-

385 3307 510 3351 ante
536 3297 918 3365 Hieronymum
950 3337 964 3361 ,
997 3307 1086 3349 aut
1139 3297 1226 3350 ubi
1259 3296 1633 3350 delitescerent
1661 3336 1675 3359 ,
1718 3296 1954 3363 ignotum

386 3388 573 3449 fuisse,
600 3386 648 3438 id
679 3389 929 3440 evincere
962 3387 1169 3440 videtur
1193 3428 1207 3452 ,
1238 3386 1378 3456 quod
1411 3401 1568 3441 nemo
1597 3389 1735 3440 inter
1783 3387 1956 3440 eccle-

388 3478 633 3531 siasticos
662 3476 950 3544 scriptores
972 3486 1027 3529 ut
1054 3476 1224 3530 adhuc
1247 3477 1591 3546 superstitum
1616 3476 1953 3529 meminerit:

391 3582 549 3621 nemo
576 3567 731 3621 etiam
789 3568 852 3619 ad
897 3567 980 3619 illa
1014 3568 1379 3634 provocaverit
1415 3586 1430 3623 :
1486 3577 1709 3636 excepto
1745 3568 1959 3622 Tertul-

391 3658 555 3721 liano,
588 3672 740 3725 quem
761 3658 942 3711 saeculi
972 3661 1107 3711 tertii
1138 3660 1323 3723 initiis,
1350 3662 1607 3712 adversus
1634 3660 1955 3713 Marcionetn

391 3762 509 3801 cum
534 3748 813 3811 scriberet,
845 3748 909 3798 ad
934 3746 1077 3799 Pauli
1113 3749 1377 3814 Epistolas
1402 3789 1415 3810 ,
1448 3748 1598 3813 quasi
1624 3749 1673 3799 in
1701 3747 1958 3800 Ecclesiis

394 3838 546 3907 ipsis,
572 3837 636 3891 ad
659 3852 790 3905 quas
816 3837 951 3891 data:
983 3837 1226 3902 fuerant,
1257 3847 1502 3891 extantes
1528 3839 1830 3905 respexisse
1865 3838 1960 3892 ob-

392 3928 1082 3984 servabamus.Seientiane
1111 3927 1254 3994 facti,
1300 3945 1365 3980 an
1411 3928 1549 3981 fama
1606 3937 1757 3982 tenus
1790 3970 1805 3992 ,
1860 3944 1956 3983 seu

394 4018 533 4086 quod
565 4021 631 4070 ita
655 4019 931 4085 crederet,
975 4022 1257 4074 incertum.
1287 4017 1417 4073 Cum
1448 4011 1661 4072 aliunde
1692 4018 1832 4071 haud
1864 4019 1961 4073 im-

395 4106 669 4175 probabile
700 4109 767 4161 sit
796 4124 976 4163 earum
1006 4110 1211 4178 aliquas
1244 4150 1259 4172 ,
1310 4108 1355 4161 si
1380 4110 1553 4161 minus
1600 4124 1785 4162 omnes
1816 4151 1833 4176 ,
1866 4124 1960 4163 su-

399 4198 679 4259 perfuisse.
736 4197 979 4253 Nondum
1036 4202 1178 4254 enim
1223 4202 1275 4255 in
1325 4201 1531 4253 divinas
1580 4201 1879 4270 Scripturas
1930 4217 1960 4254 a

401 4285 837 4352 persecutoribus
858 4289 1069 4348 acriter,
1106 4298 1162 4339 ut
1195 4300 1394 4355 postea,
1426 4292 1687 4343 saevitum.

476 4373 549 4426 De
578 4373 883 4442 Evangeliis
912 4376 1166 4427 memoria
1197 4377 1335 4432 nulla
1364 4418 1379 4441 ,
1412 4378 1512 4429 nisi
1541 4380 1760 4431 incertis
1786 4394 1959 4433 rumo-

402 4462 549 4515 ribus
577 4462 745 4528 fulta,
776 4464 863 4517 ubi
912 4479 972 4517 ea
1026 4464 1187 4517 divini
1244 4464 1542 4532 Scriptores
1594 4467 1959 4534 reliquissent:

2061 3298 2166 3343 tur.
2191 3289 2355 3360 Cujus
2376 3293 2454 3348 rei
2480 3308 2846 3365 argumentum
2869 3299 2997 3351 satis
3024 3299 3241 3355 evidens
3262 3315 3384 3356 sunt
3412 3305 3625 3361 codices

2058 3381 2439 3447 vetustissimi,
2472 3386 2559 3452 qui
2590 3385 2760 3440 adhuc
2788 3398 3025 3455 perstant
3054 3406 3065 3441 :
3097 3405 3231 3459 quos
3255 3391 3395 3446 inter
3426 3394 3633 3463 Argen-

2059 3479 2175 3525 tetts
2206 3482 2405 3537 noster,
2439 3476 2666 3544 aliique,
2692 3492 2920 3546 quorum
2950 3489 3080 3534 tetas
3112 3494 3411 3552 nongentos
3433 3494 3487 3539 et
3516 3500 3631 3541 am-

2060 3561 2195 3630 plius
2243 3578 2413 3617 annos
2442 3576 2736 3621 enumerat.
2774 3567 2923 3622 Unde
2950 3571 3216 3637 conjicere
3246 3584 3395 3627 certo
3436 3590 3630 3643 possu-

2059 3668 2197 3717 mus,
2232 3654 2437 3707 facilius
2461 3657 2627 3722 multp
2654 3657 2817 3710 fuisse
2844 3668 2898 3710 ιη
2926 3660 3081 3724 primi
3109 3676 3169 3713 ac
3197 3664 3417 3716 secundi
3449 3666 3629 3719 saeculi

2060 3744 2388 3810 apographa,
2422 3758 2629 3797 summa
2652 3746 2754 3800 ﬁde
2780 3751 2795 3814 (
2818 3758 2871 3801 ut
2894 3748 3096 3803 ferebat
3121 3751 3477 3807 Ecclesiarum
3506 3764 3633 3809 tunc

2059 3832 2316 3899 temporis
2346 3834 2507 3900 cura)
2539 3849 2568 3886 a
2597 3838 2818 3891 notariis
2848 3838 3144 3909 descripta,
3178 3851 3370 3909 quarto
3402 3854 3633 3899 exeunte

2061 3934 2425 3991 superessent.
2463 3926 2527 3978 Et
2555 3927 2627 3979 ita
2670 3928 2854 3981 horum
2888 3931 3124 3983 Subsidia
3156 3946 3259 3984 non
3290 3948 3350 3986 ea
3400 3942 3632 3989 tantum-

2064 4015 2223 4069 modo
2250 4031 2409 4084 quam
2444 4018 2782 4072 librariorum
2832 4022 3110 4073 oscitantia
3144 4032 3195 4074 et
3223 4023 3547 4091 privatorum
3574 4027 3635 4080 Ii-

2063 4107 2241 4160 bertas
2268 4118 2647 4175 corruperant,
2682 4100 2991 4177 primigenia
3022 4111 3150 4164 Novi
3179 4112 3420 4169 Fmderis
3464 4126 3635 4172 trans-

2063 4196 2209 4260 latio,
2245 4198 2335 4251 sed
2364 4200 2557 4267 corrigi
2586 4200 2744 4252 etiam
2776 4210 3019 4267 poterant
3046 4201 3227 4256 Grmca
3260 4204 3404 4259 illius
3434 4208 3630 4273 aetatis,

2062 4303 2179 4357 qua:
2204 4289 2366 4343 nihilo
2389 4290 2564 4343 secius
2590 4306 2651 4345 ac
2680 4291 2861 4345 Latina
2888 4307 2914 4345 a
2940 4292 3171 4348 fontibus
3191 4295 3452 4349 abierant.
3482 4296 3633 4353 Adde

2064 4382 2238 4436 locum
2264 4384 2371 4450 jam
2404 4384 2603 4437 nullum
2655 4395 2731 4437 tot
2765 4386 3209 4441 obtrectatoribus
3237 4388 3478 4443 relictum
3522 4390 3585 4444 iri
3614 4434 3629 4456 ,

2064 4474 2149 4538 qui
2174 4472 2557 4524 emendationis
2602 4475 2887 4527 novitatem
2922 4475 3059 4529 ferre
3089 4491 3191 4529 non
3226 4486 3501 4543 poterant,
3536 4481 3632 4535 ob-

401 4551 620 4607 Joannis
656 4554 699 4606 si
730 4553 913 4607 demas
938 4595 952 4619 ,
987 4555 1125 4623 quod
1177 4554 1369 4621 Ephesi
1417 4557 1674 4623 scriptum
1696 4596 1712 4620 ,
1767 4558 1817 4609 in
1873 4559 1957 4610 illa
1985 4555 2213 4629 Djectis
2252 4561 2454 4613 scilicet
2488 4564 2537 4614 in
2571 4564 2753 4617 faciem
2779 4580 2939 4633 ,_qn:e
2965 4566 3173 4618 illorum
3200 4569 3442 4623 socordia
3472 4584 3629 4623 eous-

404 4643 561 4696 etiam
608 4642 847 4698 Ecclesia
903 4653 1171 4698 servatum
1226 4644 1387 4698 fuisse
1445 4658 1547 4697 non
1600 4644 1815 4699 dubium
1866 4656 1966 4701 est.

407 4734 691 4803 Quousque
718 4745 917 4800 tamen,
959 4736 1077 4805 quis
1105 4734 1306 4789 divinet
1330 4735 1352 4787 ?

476 4824 726 4889 Quamvis
754 4827 897 4879 enim
926 4825 1270 4880 Casaubonus
1294 4826 1432 4880 Petri
1461 4826 1803 4880 Alexandrini
1832 4826 1968 4895 frag-

408 4931 645 4969 mentum
673 4918 739 4970 de
763 4919 1018 4973 Pascitate
1048 4921 1115 4973 ab
1142 4920 1347 4974 Audrea
1371 4920 1646 4974 Termario
1674 4930 1969 4973 mercatore

410 5005 599 5059 Grmco
626 5016 811 5059 nactus
832 5005 921 5076 (In
950 5009 1082 5060 Ann.
1105 5008 1295 5062 Baron.
1330 5010 1511 5063 Emere.
1544 5028 1652 5073 3m,
1685 5011 1794 5075 1‘2),
1823 5013 1969 5064 velut

408 5095 614 5164 insigne
658 5095 923 5162 quoddam
970 5096 1300 5150 celeberrimi
1356 5099 1493 5151 illius
1540 5101 1791 5153 Ecclesia:
1859 5101 1969 5169 cpi-

406 5186 553 5250 sc0pi
582 5199 642 5236 ac
674 5184 920 5253 martyris
952 5200 1081 5253 opus
1134 5188 1452 5253 suspexerit,
1502 5198 1657 5257 atque
1694 5192 1765 5243 ita
1798 5206 1849 5243 tv
1872 5206 1973 5244 ste-

406 5274 529 5325 culo
564 5273 944 5339 autographum
978 5275 1317 5343 evangelista:
1347 5278 1541 5344 Ephesi
1568 5291 1839 5345 superstes
1870 5296 1964 5349 pu-

409 5364 630 5425 taverit;
664 5372 896 5416 attamen
926 5366 1096 5417 virum
1128 5366 1545 5422 eruditissimum
1579 5369 1760 5423 fefellit
1786 5384 1966 5425 aucto-

412 5452 485 5501 ris
513 5468 725 5515 nomen,
759 5453 979 5521 reliquis
1023 5455 1158 5507 haud
1198 5459 1324 5510 satis
1368 5461 1654 5526 expensis:
1692 5461 1890 5515 scilicet
1938 5479 1965 5514 a

414 5540 569 5591 PC't‘o
593 5545 756 5611 (ι’ἱια.
787 5544 940 5597 Jomt.
976 5548 1084 5599 Art.
1118 5546 1173 5615 8)
1213 5549 1437 5615 quodam
1485 5565 1534 5601 vt
1558 5560 1645 5605 aut
1672 5568 1740 5605 vn
1775 5556 1968 5607 szcculo

418 5632 805 5697 temet-iptum.
843 5646 899 5689 ut
952 5639 1195 5692 observat
1237 5638 1624 5695 Tilletnootius.
1675 5644 1781 5697 Nisi
1832 5644 1967 5709 forte

419 5718 919 5792 nsettdepigraphum
948 5730 1325 5797 usurpantibus
1355 5730 1468 5784 sive
1512 5732 1767 5799 scriptore
1800 5734 1915 5802 ipso
1946 5774 1962 5800 ,

2071 4664 2174 4717 que
2208 4650 2444 4717 neglecta
2470 4652 2746 4718 jacuerant
2768 4692 2783 4714 ,
2815 4656 3237 4723 castigatioribus
3281 4658 3629 4728 interpretum

2073 4740 2277 4806 ectypis
2302 4780 2315 4803 ,
2356 4740 2419 4791 ad
2463 4757 2685 4808 quorum
2720 4743 2874 4797 fidem
2923 4759 3053 4814 opus
3093 4760 3245 4801 suum
3278 4748 3634 4822 Hieronymus

2073 4829 2355 4895 exegisset.

2146 4919 2247 4973 Sed
2280 4920 2360 4972 vir
2382 4923 2644 4977 maximus
2672 4925 2830 4978 rebus
2854 4926 3001 4981 hisce
3026 4937 3116 4982 aut
3138 4944 3243 4983 non
3269 4920 3521 4996 adtentis‘,
3546 4943 3635 4988 aut

2075 5009 2392 5078 posthabitis
2414 5050 2427 5071 ,
2455 5012 2780 5076 publicorum
2806 5015 2965 5068 etiam
2994 5018 3237 5071 codicum
3267 5020 3398 5075 facie
3425 5036 3633 5089 permo-

2072 5109 2174 5161 tus,
2206 5101 2342 5166 quod
2374 5103 2515 5168 paria
2548 5104 2596 5155 in
2629 5104 2875 5157 omnibus
2906 5109 3079 5159 omnia
3110 5124 3227 5163 esse
3249 5110 3631 5177 arbitraretur,

2075 5208 2135 5244 ac
2167 5203 2445 5261 prepterea
2482 5196 2642 5247 tutius
2672 5205 2815 5247 ratus
2847 5196 2909 5249 ad
2939 5198 3195 5266 originem
3230 5205 3457 5268 reverti,
3487 5204 3635 5259 Grae-

2074 5299 2157 5345 ea,
2191 5299 2306 5350 qum
2332 5283 2405 5334 illi
2435 5292 2630 5351 prmsto
2652 5281 2823 5345 erant,
2856 5286 3105 5343 adbibere
3123 5291 3326 5345 maluit.
3347 5293 3463 5359 Quo
3490 5309 3628 5346 com-

2073 5376 2289 5445 pendio,
2314 5390 2341 5426 c
2369 5374 2577 5426 laudata
2627 5376 2689 5427 ad
2725 5377 3001 5441 Damasum
3033 5382 3251 5451 epismla
3285 5383 3504 5451 intelligi
3535 5400 3623 5451 po.

2073 5476 2191 5520 test.
2229 5464 2485 5517 Videlicet
2513 5469 2787 5525 corrcCIis.
2822 5486 2938 5537 qua:
2967 5482 3179 5526 Sensum
3211 5485 3447 5527 mutasse
3486 5477 3633 5531 vitle-

2074 5557 2285 5615 bantur,
2320 5564 2507 5606 ca-tcra
2538 5570 2639 5608 non
2668 5557 2867 5626 adtigit.
2901 5560 3081 5629 Neque
3113 5562 3265 5615 aliter
3283 5564 3523 5620 accidere
3554 5568 3628 5621 illi

2074 5654 2298 5714 poterat.
2344 5643 2715 5699 Difﬁcillimum
2758 5650 2934 5714 enim,
2969 5666 3035 5705 ne
3079 5652 3249 5704 dicam
3300 5654 3629 5722 impossibile

2074 5742 2190 5787 erat
2216 5773 2228 5795 ,
2268 5734 2521 5786 institutis
2554 5734 2616 5788 ab
2642 5750 2706 5789 eo
2736 5737 3028 5792 rationibus
3050 5778 3065 5802 ,
3094 5739 3325 5810 antiqua
3365 5747 3629 5799 versionis
