4288 6530
325 407 391 462 57
1121 399 1338 459 Εριετ.
1381 396 1621 455 Ρηιιιρ.
1662 395 2025 468 GARBELLI,
2067 398 2155 456 DE
2193 398 2437 458 CODICE
2474 400 2821 459 BRIXIANO.
3496 405 3566 461 58

324 531 520 581 statum
566 522 632 577 ad
678 536 870 593 purum
899 521 1160 591 redigere.
1204 520 1320 576 Non
1349 520 1523 575 solum
1552 519 1675 590 quia
1705 517 1893 573 Graeca
1920 520 1973 582 Α
1998 516 2155 573 laude
2184 520 2414 574 celerius
2438 520 2687 575 absolvit.
2721 520 2789 575 Et
2810 520 3011 575 utinam
3045 534 3113 577 ne
3143 528 3352 576 mature
3373 520 3532 575 nimis
3557 537 3572 576 :

324 617 461 688 ipsa,
490 614 681 685 quibus
711 615 977 678 utebatur,
1010 614 1167 683 longo
1199 621 1275 666 tot
1302 625 1565 665 annorum
1610 607 1895 665 intervallo

324 722 354 762 a
404 708 639 762 fontibus
665 707 962 771 distracta,
1009 703 1247 759 sordium
1286 701 1517 772 aliquid,
1564 708 1623 754 ut
1675 698 1895 769 putabat

325 798 552 864 “illius,
594 807 971 854 contraxerant
1004 812 1018 849 :
1047 794 1140 851 sed
1172 795 1330 850 etiam
1356 794 1479 863 quia
1508 807 1613 847 non
1656 788 1893 862 syntaxis

324 889 510 948 eadem
537 931 552 955 ,
590 904 693 944 non
725 889 1065 957 simplicitas,
1111 901 1248 953 non,
1280 900 1416 955 quos
1459 882 1724 939 delicatuli
1759 896 1891 950 pree-

325 989 623 1049 sumptores
651 988 991 1035 extruserant
1008 1018 1022 1043 ,
1047 978 1297 1033 idiotismi
1328 979 1573 1047 priorum
1594 986 1888 1045 temporum

323 1072 531 1128 restitui
578 1078 854 1141 peterant,
884 1069 985 1124 nisi
1023 1068 1201 1124 latinis
1224 1110 1238 1133 ,
1279 1083 1398 1138 quae
1424 1067 1672 1137 propiora
1723 1053 1890 1120 initer-

322 1174 534 1233 pretum
556 1160 757 1217 saeculo
785 1172 1007 1227 essent,
1034 1160 1311 1216 consultis.

394 1254 611 1319 Verum,
642 1254 709 1321 si,
732 1269 853 1324 qua:
886 1253 1207 1323 llieronymo
1233 1260 1348 1306 erat
1373 1250 1497 1304 vita:
1513 1249 1671 1315 ratio,
1703 1257 1891 1303 exacte

321 1345 702 1417 perpendimus
726 1385 743 1410 ,
771 1343 1054 1399 fatebimur
1081 1341 1405 1412 provinciam
1452 1338 1585 1393 hanc
1613 1352 1713 1393 nec
1739 1353 1889 1392 com-

323 1438 535 1493 modam
562 1437 671 1503 illi,
709 1451 881 1507 neque
910 1434 1230 1505 expeditam
1265 1444 1388 1488 tunc
1418 1432 1673 1501 temporis
1712 1430 1887 1485 conti-

320 1530 485 1601 gisse.
510 1528 635 1584 Erat
660 1530 885 1582 Damaso
921 1526 987 1581 ab
1016 1526 1393 1581 ecclesiasticis
1412 1523 1655 1593 epistulis
1684 1540 1695 1575 :
1719 1523 1890 1591 iisque

319 1630 375 1675 et
404 1619 806 1689 frequentibus.
839 1626 892 1673 et
916 1616 1353 1687 gravissimarum
1380 1615 1519 1669 serie
1558 1629 1738 1670 rerum
1789 1614 1890 1668 im-

320 1712 533 1780 plicitis.
563 1711 728 1766 Erant
746 1724 865 1764 cum
898 1709 1136 1778 pluribus
1164 1723 1303 1762 nunc
1346 1722 1527 1762 coram
1554 1748 1569 1771 ,
1600 1706 1758 1759 modo
1796 1720 1890 1773 per

318 1802 525 1859 litteras
547 1801 810 1872 implenda
840 1800 1184 1855 humanitatis
1206 1798 1402 1853 ofﬁcia.
1439 1799 1709 1852 Distentus
1749 1812 1888 1866 prae-

1974 612 2182 677 'immo,
2202 611 2341 681 quod
2364 612 2694 677 dicebamus,
2719 613 2991 669 utLatinis
3015 629 3043 668 e
3063 614 3309 683 penitiori
3339 614 3570 682 antiqui-

1997 710 2106 757 tate
2146 704 2482 758 manantibus
2520 704 2840 774 apographis
2876 704 2927 760 id
2971 706 3037 761 ab
3068 705 3159 761 illo
3188 704 3565 774 prastitutum.

1993 792 2258 860 Quantum
2287 794 2484 850 ltalica:
2504 796 2738 851 versioni
2763 797 2891 852 lucis
2917 813 2980 852 ac
3005 797 3148 863 ﬁdei,
3168 804 3423 868 quantum
3444 812 3570 851 eru-

1993 885 2211 941 ditionis
2240 888 2506 956 expectari
2541 897 2786 957 poterat,
2817 890 2862 943 si
2902 888 3175 944 obsoletos
3222 889 3569 959 interpretum

1994 979 2184 1033 modos
2208 1020 2222 1045 ,
2248 994 2309 1034 ac
2334 980 2550 1049 genium
2580 980 2847 1035 illustrare
2872 980 3175 1037 voluisset?

2064 1069 2201 1123 Num
2242 1084 2370 1125 vero
2408 1070 2693 1140 desperata
2742 1071 2962 1125 omnino
2999 1071 3108 1140 jam
3138 1070 3211 1125 sit
3240 1068 3571 1140 primigenia:

1992 1163 2262 1215 versionis
2294 1162 2347 1216 in
2394 1162 2654 1232 integrum
2704 1162 2993 1225 re5titutio,
3038 1162 3234 1216 clamat
3279 1176 3365 1216 res
3408 1161 3566 1229 ipsa:

1993 1254 2282 1309 subtractis
2336 1253 2495 1323 longo
2543 1268 2659 1308 aevo
2707 1253 2959 1307 subsidiis
3000 1252 3145 1317 illis,
3183 1267 3411 1321 quorum
3462 1264 3567 1321 ope

1994 1348 2236 1416 prmstari
2286 1346 2337 1402 id
2392 1346 2658 1417 quondam
2715 1346 2950 1415 potuisse
3014 1360 3121 1400 non
3171 1343 3527 1399 dubitavimus

1992 1439 2391 1508 exemplaribus
2433 1438 2802 1508 scilicet,qu:e
2850 1439 3098 1507 propiora
3135 1434 3439 1505 archetypis
3483 1448 3569 1488 es-

1991 1540 2132 1585 sent.
2186 1530 2258 1585 At
2311 1538 2602 1599 supersunt
2639 1529 2929 1583 etiamnum
2970 1545 3001 1583 e
3028 1528 3411 1585 vetustioribus
3460 1540 3565 1580 non

1993 1635 2181 1689 pauca,
2210 1614 2441 1689 quorum
2464 1630 2591 1672 aetas
2620 1619 2785 1682 mille,
2813 1627 2866 1669 et
2894 1617 3124 1686 amplius
3150 1630 3322 1670 annos
3347 1628 3567 1669 enume-

1990 1720 2094 1765 rat.
2126 1712 2255 1765 Esto
2291 1727 2302 1762 :
2332 1709 2579 1779 quamvis
2608 1722 2708 1775 ego
2730 1750 2743 1773 ,
2779 1724 2884 1760 non
2934 1722 3039 1777 quo
3074 1706 3275 1760 sarculo
3304 1714 3521 1760 exarata
3548 1744 3562 1765 ,

1990 1806 2081 1860 sed
2111 1820 2140 1859 e
2171 1819 2396 1874 quorum
2447 1813 2745 1871 temporum
2790 1799 3123 1869 antigrapbis
3152 1798 3419 1867 descripta
3449 1795 3567 1851 fue-

318 1904 466 1950 terea
494 1893 838 1950 familiaribus
862 1894 1169 1964 perpetibus
1190 1892 1401 1964 studiis,
1427 1908 1457 1946 a
1484 1890 1677 1961 quibus
1704 1890 1883 1945 leelli
1915 1890 1961 1948 B
1988 1898 2117 1961 rint,
2147 1892 2539 1950 observandum
2574 1908 2680 1959 prae
2704 1891 2916 1945 caneris
2948 1898 3149 1959 putem,
3183 1890 3283 1942 Αει
3314 1887 3430 1941 hac
3471 1900 3565 1941 ea-

319 1985 534 2040 minime
561 1994 795 2054 poterat:
813 1994 921 2039 tum
943 1983 1171 2038 Damaso
1195 1984 1331 2052 ipso,
1347 1982 1570 2051 aliisque
1596 1981 1882 2035 identidem

318 2075 652 2147 petentibus,
694 2076 751 2129 ut
781 2073 989 2130 Veteris
1017 2073 1344 2129 Testamenti
1398 2074 1541 2127 locos
1573 2083 1663 2125 aut
1688 2072 1889 2126 obscu-

316 2181 406 2222 ros
433 2167 715 2233 illustrare,
746 2176 835 2222 aut
858 2165 1144 2235 explanare
1165 2164 1410 2221 difﬁciles
1433 2165 1615 2219 vellet.
1643 2164 1887 2219 Accede-

318 2257 410 2312 bat
436 2258 697 2312 institutlo
723 2259 1043 2322 multorum,
1072 2271 1208 2326 quos
1232 2266 1467 2325 spectata
1497 2270 1703 2309 morum
1745 2256 1885 2309 inte-

316 2349 479 2419 gritas
504 2386 519 2411 ,
546 2348 895 2403 humanarum
944 2362 1120 2402 rerum
1162 2356 1529 2415 contemptus,
1561 2348 1887 2416 paupertatis

316 2454 469 2495 amor
490 2482 505 2506 ,
531 2440 868 2504 abstinentia,
904 2439 1194 2503 humilitas,
1223 2430 1561 2504 castimonia,
1594 2451 1734 2504 tum,
1768 2446 1887 2509 qua:

317 2531 527 2586 caeteris
562 2530 705 2591 illius
733 2531 1017 2586 virtutibus
1065 2531 1340 2587 aﬂ'undere
1366 2532 1792 2601 quodammodo,
1835 2541 1890 2586 et

318 2626 387 2679 ab
416 2624 479 2680 iis
507 2624 742 2679 vicissim
773 2623 937 2679 decus
966 2624 1195 2677 mutuari
1226 2624 1525 2686 videbatur,
1550 2624 1768 2677 scientia
1794 2639 1881 2679 re-

318 2730 437 2771 rum
473 2714 773 2773 divinarum
816 2714 1177 2769 adtraxerant.
1224 2714 1288 2767 Et
1338 2714 1549 2782 quidem
1601 2714 1790 2768 horum
1834 2716 1884 2768 iu

319 2819 483 2860 censu
521 2820 553 2861 e
593 2805 921 2875 principibus
966 2804 1179 2858 familiis
1224 2802 1569 2858 nobilissima:
1615 2804 1876 2871 virgines,

319 2904 527 2963 nuptm,
574 2894 750 2949 vidua:
786 2912 800 2947 :
833 2896 920 2960 qui
956 2909 1175 2959 omnes,
1208 2894 1565 2963 pulcherrimo
1612 2894 1887 2947 cbaritatis

319 2985 589 3054 exemplo,
608 2986 848 3041 consiliis
872 2986 939 3039 ab
964 2986 1105 3057 ipso,
1134 2984 1619 3049 exhortationibus,
1652 3000 1887 3053 praecep«

321 3077 410 3141 tis,
441 3086 496 3132 et
519 3092 723 3144 coram,
755 3090 808 3134 et
832 3080 1029 3149 scripto
1059 3079 1125 3133 ad
1171 3078 1551 3153 perfectiorem
1581 3078 1887 3133 christiana:

320 3167 443 3222 vita:
464 3176 659 3224 statum
685 3168 1119 3225 eﬂ'ormabautur.

389 3260 663 3329 Clauserat
689 3261 903 3319 demum
932 3279 1179 3320 curarum
1201 3278 1391 3333 agmen
1424 3263 1709 3317 liberrimre
1747 3276 1880 3316 sem-

321 3367 417 3423 per
462 3342 641 3422 urbis,
671 3355 723 3410 ln
753 3370 857 3427 qua
898 3357 1075 3411 aiebat
1114 3358 1381 3428 Augustus
1408 3365 1655 3425 oportere
1694 3356 1889 3411 liberas

320 3442 525 3513 linguas
554 3458 695 3509 esse,
727 3445 1003 3512 dicacitas,
1026 3460 1089 3501 ac
1132 3446 1343 3501 licentia
1371 3464 1383 3496 :
1409 3446 1733 3515 llieronymo
1763 3460 1886 3499 cor-

318 3543 503 3605 ruptos
526 3536 667 3592 illius
694 3552 891 3602 mores,
919 3553 979 3592 ae
1002 3539 1228 3593 invicem
1254 3539 1666 3607 redarguentem
1699 3538 1887 3591 inolita

313 3628 425 3699 jam
464 3629 589 3684 vitia
632 3628 900 3685 hominem
952 3648 1055 3685 non
1104 3632 1413 3687 ferentibus.
1446 3631 1510 3685 Et
1539 3638 1888 3699 praecesserat

317 3718 517 3773 dudum
539 3759 555 3786 ,
587 3735 706 3789 qua:
724 3762 739 3787 ,
772 3730 827 3773 ut
856 3735 1104 3789 proceras
1132 3724 1353 3776 arbores
1382 3723 1624 3791 ingentes
1654 3721 1885 3785 umbrae,

317 3807 398 3861 sic
422 3818 513 3861 aut
541 3810 763 3862 fortuna:
792 3811 1115 3878 benignitate
1139 3852 1156 3877 ,
1205 3823 1293 3864 aut
1321 3812 1604 3880 splendore
1628 3814 1888 3866 virtutum

320 3898 554 3967 insignes
593 3899 734 3953 viros
779 3901 927 3968 sequi
958 3901 1093 3954 solet
1119 3942 1133 3962 ,
1172 3901 1365 3953 invidia
1395 3916 1559 3969 :-quae
1585 3902 1637 3954 in
1666 3902 1886 3955 livorem

318 3999 521 4058 postea,
553 3997 712 4058 atque
742 3990 921 4045 odium
953 3992 1145 4060 erupit.
1178 3991 1311 4045 Hinc
1332 3992 1612 4055 coitiones,
1645 3992 1888 4047 etdicte-

317 4080 399 4134 ria
453 4080 504 4133 in
534 4078 729 4149 ipsum,
758 4087 813 4135 et
862 4082 1065 4151 prebra
1112 4081 1286 4143 clam,
1337 4082 1506 4151 palam
1543 4098 1556 4134 :
1587 4096 1686 4136 nec
1730 4083 1888 4151 vulgo

320 4178 531 4225 tantum
557 4212 570 4233 ,
613 4170 707 4226 sed
752 4172 1061 4241 urgentibus
1109 4182 1327 4227 strenue
1379 4188 1513 4241 opus
1542 4167 1884 4244 symmystis,

318 4277 455 4331 quos
493 4263 663 4331 pudor
693 4263 858 4334 magis
894 4277 958 4318 ac
988 4264 1258 4317 silentium
1300 4264 1597 4327 decuisset,
1628 4266 1672 4316 si
1700 4278 1889 4331 sapere

318 4354 662 4422 potuissent:
692 4368 933 4423 quosque
974 4364 1255 4421 propterea
1300 4354 1487 4407 beatus
1531 4354 1758 4420 scriptor
1789 4354 1886 4405 im-

318 4444 633 4498 mortalibus
690 4442 886 4514 ingenii
934 4442 1013 4496 sui
1065 4443 1423 4497 monumentis
1486 4441 1885 4495 commendatos

319 4535 488 4589 voluit
511 4575 527 4601 ,
560 4545 617 4589 ut
671 4535 910 4605 profecto
949 4541 1274 4596 meruerant,
1310 4533 1625 4602 posteritati.

388 4626 445 4680 In
474 4627 563 4680 illo
588 4626 763 4694 itaque
784 4640 960 4679 rerum
981 4639 1332 4693 curarumque
1353 4632 1481 4677 3‘81“
1499 4622 1750 4693 jactatus,
1768 4638 1887 4677 avo-

317 4722 575 4783 catusque
601 4714 806 4767 animus
830 4715 917 4783 qui
948 4726 1127 4783 posset
1153 4714 1369 4783 longum
1392 4728 1528 4783 opus
1548 4754 1562 4778 ,
1597 4716 1882 4777 minutum,

321 4807 580 4875 ingratum
612 4807 770 4860 etiam
797 4805 1013 4876 adgredi
1038 4847 1054 4872 ,
1084 4821 1147 4861 ac
1186 4805 1483 4874 perficere?
1521 4805 1624 4860 Sed
1654 4820 1751 4859 nec
1776 4806 1884 4873 jam

320 4896 580 4966 integrum
606 4896 676 4949 illi
704 4908 816 4950 erat
852 4910 1029 4951 moras
1054 4904 1269 4950 nectere
1296 4896 1347 4949 in
1373 4903 1541 4960 tanta,
1569 4905 1625 4949 et
1650 4895 1881 4959 Damasi,

320 4991 406 5057 qui
439 5004 571 5058 opus
614 4988 943 5057 injunxerat,
987 4997 1041 5043 et
1092 4988 1445 5057 complurium
1486 4988 1888 5057 expectatione,

320 5078 410 5148 qui
438 5080 689 5132 uberrimi
722 5080 916 5149 ingenii
960 5078 1163 5133 fructus
1190 5080 1277 5133 vix
1303 5078 1557 5147 qumsitos
1602 5078 1890 5147 decerpere

320 5168 581 5223 solebant.
638 5168 772 5224 Tum
818 5170 959 5239 quod
1009 5172 1245 5225 maxime
1296 5178 1351 5223 et
1389 5170 1750 5224 emendatoris
1783 5210 1796 5233 ,
1836 5179 1890 5222 et

321 5256 709 5312 emendationis
749 5258 1028 5324 intererat,
1061 5270 1117 5313 ut
1144 5260 1320 5313 verbis
1346 5274 1556 5323 sensus,
1593 5260 1782 5328 hisque
1811 5260 1891 5313 in-

321 5350 491 5413 yicetn
519 5355 786 5402 constaret
812 5352 1029 5417 veritas,
1064 5362 1211 5405 ratus
1234 5352 1487 5406 adhibitis
1526 5367 1556 5406 a
1587 5366 1645 5405 se
1671 5351 1879 5416 mediis,

326 5439 547 5509 perlude
585 5452 649 5492 ac
690 5436 839 5496 aliis.
870 5441 1109 5504 praestari
1156 5441 1309 5497 facile
1345 5457 1501 5511 posse
1532 5462 1543 5493 :
1574 5441 1881 5494 distractum

324 5540 516 5599 propte
544 5544 604 5584 ea
632 5544 726 5596 per
747 5537 823 5583 tot
843 5530 1227 5597 exemplarium
1259 5534 1508 5603 ambages
1534 5533 1665 5599 iter,
1702 5534 1750 5586 in
1783 5548 1886 5601 quo

324 5622 514 5675 sistere
538 5620 845 5686 identidem,
873 5632 925 5675 et
955 5632 1221 5691 praerupta
1246 5626 1445 5679 viarum
1487 5626 1693 5679 munire
1728 5638 1887 5693 opor-

324 5710 487 5776 tebat,
518 5725 610 5777 per
634 5712 945 5781 compendia
966 5710 1273 5765 Graecorum
1300 5716 1566 5781 codicum,
1591 5716 1701 5783 pari
1734 5714 1882 5782 equi«

327 5802 447 5857 dem
475 5802 760 5872 legentium
783 5803 1029 5868 utilitate,
1062 5805 1178 5859 licet
1210 5802 1347 5858 haud
1378 5807 1492 5874 pari
1531 5806 1671 5875 apud
1700 5819 1886 5861 omnes

1986 1989 2106 2043 dem
2136 2002 2241 2057 quo
2270 1986 2438 2056 magis
2468 2003 2496 2041 a
2526 1986 2762 2042 fontibus
2792 1994 2997 2057 remota
3019 2025 3034 2048 ,
3070 1998 3138 2039 eo
3164 1983 3359 2048 etiam,
3410 1982 3527 2051 plus
3546 2023 3564 2049 ,

1989 2080 2251 2141 minusve.
2282 2089 2368 2132 aut
2406 2096 2432 2130 a
2462 2078 2689 2133 librariis
2727 2079 2864 2131 male
2893 2046 3095 2141 habita,
3127 2086 3219 2129 aut
3246 2074 3563 2129 scholiasta-

1989 2187 2107 2225 rum
2167 2170 2437 2224 licentiam
2489 2183 2663 2237 passa.
2700 2168 2837 2233 Quid
2877 2166 3067 2236 igitur?
3102 2165 3563 2233 Compendiumne

1987 2240 2059 2316 ex
2082 2262 2146 2314 iis
2188 2260 2411 2319 nullum,
2459 2260 2558 2311 nisi
2589 2257 2815 2312 fortasse
2845 2256 3071 2326 pretium
3102 2254 3253 2321 illud,
3284 2255 3425 2323 quod
3456 2253 3559 2308 hu-

1982 2353 2281 2423 juscemodi
2314 2350 2674 2405 monumentis
2723 2348 3012 2405 conciliare
3043 2346 3331 2414 antiquitas
3381 2345 3563 2399 solet?

1988 2444 2158 2498 Immo
2181 2444 2337 2512 longe
2366 2440 2725 2511 prmstantius.
2749 2438 2803 2494 Si
2835 2439 2973 2493 enim
2999 2436 3211 2506 egregie
3237 2436 3466 2490 locatam
3493 2434 3561 2488 ab

1991 2533 2216 2589 eruditis
2244 2548 2465 2602 operam
2496 2532 2766 2593 ducimus,
2796 2544 2898 2599 qua
2930 2527 3183 2598 profanos
3237 2528 3565 2595 scriptores,

1988 2637 2085 2680 seu
2116 2624 2305 2692 injuria
2336 2633 2655 2691 temporum,
2687 2624 2801 2675 sive
2840 2619 3258 2686 antiquariorum
3292 2616 3560 2686 negligen-

1991 2719 2061 2771 tia
2110 2717 2351 2785 pluribus
2386 2716 2438 2769 in
2488 2715 2618 2769 locis
2647 2726 2887 2774 mancus,
2932 2710 3271 2777 luxatosqtte,
3301 2722 3402 2776 ope
3430 2720 3562 2760 mss.

1988 2810 2230 2863 codicum
2278 2806 2342 2859 ad
2392 2807 2671 2875 pristinum
2722 2812 2920 2857 statum
2979 2815 3232 2857 revocare
3282 2800 3558 2864 nituntur;

1988 2908 2189 2970 quanto
2217 2896 2542 2952 laudabilius
2570 2897 2892 2963 insumptam
2926 2892 3227 2962 putabimus
3276 2906 3392 2945 eam
3418 2930 3432 2954 ,
3463 2904 3565 2958 qua

1990 3006 2267 3045 sacrorum
2316 2988 2384 3044 N.
2426 2987 2491 3042 Τ.
2545 2988 2803 3041 libroruin
2857 2986 3103 3053 princeps
3151 2982 3331 3036 Italica
3364 2980 3565 3044 versio,

1990 3082 2269 3143 adhibitis,
2289 3094 2406 3149 qum
2434 3079 2722 3133 etiamnum
2743 3078 2942 3145 vigent.
2967 3072 3309 3143 apographis,
3326 3072 3369 3124 si
3390 3071 3566 3124 minus

1990 3188 2056 3229 ex
2103 3174 2332 3241 integro,
2372 3178 2429 3223 at
2455 3170 2645 3224 saltem
2702 3180 2891 3236 magna
2941 3180 3005 3218 ex
3052 3172 3199 3231 parte
3228 3162 3293 3217 ad
3333 3158 3563 3217 nativam

1992 3266 2425 3335 simplicitatem,
2473 3262 2866 3332 puritatemqne
2932 3255 3175 3311 revocari
3225 3253 3561 3309 commodum

1992 3344 2212 3426 potest?
2260 3356 2341 3409 An
2390 3368 2497 3407 non
2542 3351 2593 3406 id
2624 3352 2793 3419 ipsum
2846 3363 2875 3401 a
2926 3348 3054 3400 viris
3102 3346 3203 3399 illis
3242 3342 3564 3399 doctissimis

1992 3447 2312 3518 prmstitum.
2340 3446 2453 3515 qui,
2477 3453 2541 3498 ut
2562 3442 2783 3511 Vulgata
2812 3448 2991 3495 nostra
3031 3446 3286 3508 quantum
3314 3435 3560 3506 equidem

1992 3539 2111 3594 fieri
2141 3547 2348 3607 poterat
2388 3536 2573 3607 purior
2617 3536 2885 3597 ederetur,
2942 3546 3098 3585 curas
3144 3545 3354 3597 omnes,
3406 3537 3563 3596 atque

1991 3630 2306 3684 industriam
2334 3626 2647 3681 contulere?
2670 3624 2809 3679 Nihil
2836 3624 3069 3690 profectu
3094 3620 3257 3673 aliud.
3294 3619 3560 3673 Vetustio-

1990 3720 2140 3777 ribus
2191 3720 2356 3783 enim,
2405 3732 2523 3785 qua:
2556 3715 2781 3769 inveniri
2830 3718 3137 3781 potuerant,
3186 3708 3557 3779 antigraphis,

1990 3822 2151 3881 atque
2173 3826 2275 3864 una
2327 3808 2421 3863 SS.
2446 3807 2663 3862 Patrum
2700 3805 2831 3859 locis
2852 3802 3260 3873 diligentissime
3287 3798 3557 3866 inspccus;

1990 3910 2101 3955 tum
2130 3916 2251 3954 cum
2297 3900 2498 3955 Grzecis
2529 3898 2767 3951 melioris
2799 3905 2937 3949 nota!
2985 3890 3382 3959 exemplaribus
3411 3901 3559 3940 com-

1991 3993 2268 4061 paratione
2302 3991 2456 4054 facta,
2484 3989 2622 4059 quod
2669 3988 2793 4041 olim
2838 3987 2889 4039 in
2920 3985 3211 4052 primorum
3240 3979 3555 4033 steculorum

1989 4084 2248 4139 Ecclesiis
2283 4083 2478 4136 lectum
2526 4078 2692 4132 fuisse
2734 4076 3042 4133 videbatur,
3076 4070 3173 4124 hoc
3205 4083 3409 4121 summa
3452 4066 3559 4121 fide

1991 4176 2241 4228 exhibere
2258 4172 2431 4226 conati
2451 4177 2591 4223 sunt.
2615 4169 2833 4221 Fatente
2850 4175 3125 4233 propterea
3146 4160 3309 4213 Millio
3324 4158 3556 4229 (Proleg.

1991 4262 2201 4331 12.379),
2233 4264 2283 4314 in
2323 4263 2419 4313 hac
2474 4262 2585 4326 ipsa
2618 4257 2754 4309 haud
2785 4260 3027 4323 exiguam
3075 4254 3321 4321 genuina:
3364 4250 3559 4303 Italica:

1990 4360 2195 4420 partem
2247 4363 2550 4417 superesse.
2602 4346 2781 4413 Neque
2810 4343 3104 4407 dubitabat,
3156 4342 3305 4410 quin,
3357 4339 3557 4395 eisdem

1992 4442 2181 4496 mediis
2206 4440 2480 4502 adhibitis,
2509 4436 2635 4493 olim
2664 4430 3151 4502 expemari'aliquid
3186 4431 3413 4498 amplius
3442 4444 3563 4497 pos-

1982 4545 2093 4589 set.
2124 4534 2377 4587 ludicatis
2403 4531 2543 4585 enim
2571 4527 2861 4597 ,codicibus
2902 4526 3124 4593 aliquot,
3155 4526 3243 4591 qui
3275 4524 3324 4575 in
3354 4522 3562 4575 Britan-

1994 4628 2079 4681 nia
2110 4624 2405 4694 Galliisque
2437 4631 2736 4685 servantur,
2768 4629 2875 4673 tum
2901 4618 3123 4686 Vulgata
3158 4618 3293 4684 ipsa,
3325 4614 3561 4682 hujusce-

1993 4719 2129 4771 modi
2155 4715 2357 4785 quidem
2402 4723 2862 4773 monumemorum,
2911 4710 3103 4777 inquit.
3166 4714 3400 4758 accurate
3430 4703 3560 4753 inter

1992 4827 2065 4873 se,
2080 4819 2254 4862 etcum
2276 4816 2411 4861 textu
2427 4805 2603 4858 Graeco
2617 4803 2995 4856 commissorum
3013 4796 3323 4851 adminiculo
3336 4795 3561 4848 revocari

1994 4902 2264 4956 etiamnum
2312 4913 2459 4967 posse
2492 4897 2689 4949 videtur
2731 4893 2953 4944 maxima
2988 4905 3053 4943 ea:
3096 4897 3235 4955 parte
3276 4885 3428 4969 Itala,
3456 4887 3563 4939 lucc

1995 4994 2191 5060 qualem
2221 5006 2329 5043 eam
2361 4988 2544 5041 dedere
2589 4986 2739 5053 primi
2770 4983 3099 5053 Interpretes.
3150 4985 3408 5035 Asserens
3437 4978 3564 5033 sub-

1994 5083 2149 5144 inde,
2212 5086 2311 5133 hoc
2357 5093 2415 5132 se
2463 5078 2647 5131 labore
2697 5073 3049 5139 adsecutum,
3102 5088 3220 5141 quae
3268 5072 3318 5124 in
3371 5069 3562 5139 pleris-

1993 5188 2093 5242 que
2119 5170 2184 5224 N.
2216 5168 2279 5224 T.
2311 5169 2441 5223 locis
2472 5167 2669 5222 fuerint
2698 5166 2863 5235 ipsius
2909 5163 3049 5217 Itala-
3072 5161 3297 5231 genuina
3324 5176 3337 5223 ;
3373 5158 3560 5225 etqui—

1991 5264 2090 5316 bus
2119 5260 2320 5315 Graecis
2372 5260 2559 5313 Latina
2607 5259 2703 5311 ista
2754 5256 3146 5323 responderint.
3196 5253 3327 5319 Quid
3378 5257 3556 5319 postea

1989 5354 2233 5408 dicturus
2259 5353 2323 5416 si,
2357 5366 2475 5420 qua:
2508 5359 2562 5401 tu
2612 5356 2954 5400 monumenta
2999 5347 3047 5398 iu
3084 5347 3254 5398 lucem
3303 5344 3433 5395 hanc
3464 5357 3555 5409 pu-

1991 5445 2185 5499 blicam
2217 5442 2430 5506 efferes,
2455 5452 2563 5493 tum
2591 5454 2707 5509 qua:
2755 5440 2979 5491 fortasse
3024 5437 3197 5489 adhuc
3227 5431 3551 5501 inexplorata

1990 5535 2329 5593 delitescunt,
2358 5540 2445 5584 aut
2475 5545 2636 5597 penes
2664 5530 2880 5597 ignavos
2902 5528 3155 5580 harumce
3182 5526 3549 5591 antiquitatum

1994 5624 2244 5678 dominos
2274 5623 2411 5675 inter
2433 5620 2690 5673 librorum
2716 5620 3031 5687 quisquilias
3055 5616 3351 5670 miserrime
3372 5614 3553 5682 jacent

1994 5716 2261 5781 inspicere
2315 5713 2575 5783 potuisset
2595 5715 2619 5783 2,
2666 5714 2776 5781 Ego
2824 5706 3060 5780 profecto
3108 5708 3356 5761 indicium
3414 5709 3551 5764 istud

1993 5808 2279 5877 scriptoris
2324 5806 2527 5877 inclyti,
2561 5814 2720 5875 atque
2750 5808 2799 5859 iu
2832 5804 2989 5860 rebus
3033 5802 3177 5859 hisce
3208 5803 3427 5861 infinitae
3450 5805 3560 5861 lec-
