3902 6434
432 428 504 483 59
810 454 815 459 ε
1793 423 2319 487 motuscum.
2830 398 2835 406 ’
3519 429 3523 434 ’
3591 422 3658 476 eo

432 540 626 605 tionis,
654 540 949 613 amplector
970 541 1073 608 ita,
1108 548 1163 594 ut
1194 554 1259 603 ne
1302 532 1577 603 mittimum
1604 539 1817 611 quidem
1841 538 1995 593 dubi-
2019 539 2074 605 Α
2098 537 2287 591 mirum
2323 537 2463 607 quod
2492 538 2686 594 veteris
2715 538 2951 610 Vulgata:
2977 547 3031 597 et
3071 538 3262 597 Italica:
3307 553 3499 597 nomen
3540 546 3657 592 tan-

438 640 563 694 tem,
606 632 731 701 quin
761 630 858 685 viri
888 630 1052 698 docti,
1104 630 1151 686 si
1195 631 1556 696 adornandum
1600 632 1737 689 hanc
1762 638 1998 709 spartam

350 734 353 737 ·
441 720 613 775 studia
670 737 763 777 sua
806 721 1052 779 conferre
1093 722 1382 793 aliquando
1418 724 1615 789 velint,
1662 731 1808 795 recte
1852 722 1998 776 illum

444 811 679 865 sensisse
722 813 924 880 experti
972 810 1281 866 fateantur.
1322 813 1573 881 Quamvis
1623 812 1846 866 fortasse
1893 826 2000 875 non

443 900 689 964 deerunt,
715 903 805 972 qui
852 902 1064 957 inutiles
1090 902 1199 972 jam
1245 902 1439 957 nostris
1477 901 1622 956 hisce
1652 901 2000 969 temporibus,

443 1005 599 1061 curas
630 992 760 1047 istas
804 991 920 1057 fore
966 992 1331 1052 arbitrentur:
1362 1008 1523 1065 quum
1572 992 1781 1055 scilicet
1824 990 1886 1045 Ν.
1935 990 1999 1045 Τ.

442 1086 739 1138 versionem
783 1085 1037 1139 Ecclesiae
1063 1100 1268 1149 omnes,
1317 1094 1425 1139 tum
1457 1084 1666 1164 privati,
1694 1083 1751 1138 in
1785 1082 2005 1154 Vulgata

440 1190 550 1243 pra:
579 1175 747 1227 oculis
784 1175 1030 1229 habeant.
1075 1174 1247 1244 lgnsri
1291 1189 1481 1244 nempe
1525 1174 1661 1227 hanc
1691 1174 1856 1244 ipsam
1898 1186 2004 1227 non

443 1266 685 1320 dissimili
716 1281 842 1318 cura
872 1256 1201 1321 elaboratam
1236 1281 1249 1318 :
1281 1280 1343 1319 ac
1372 1275 1647 1337 propterea
1679 1262 1934 1319 relietum'
1951 1264 2003 1318 in

449 1369 554 1411 tam
593 1358 771 1429 ampla
814 1370 990 1413 messe
1014 1355 1246 1423 aliquem
1275 1357 1547 1427 spicilegio
1596 1357 1806 1424 locum;
1832 1370 2006 1424 neque

444 1450 511 1502 ab
539 1448 640 1502 hoc
665 1448 880 1505 exclusa
912 1450 1246 1517 sequentium
1270 1456 1480 1502 aetatum
1505 1448 1742 1519 ingenia,
1771 1460 1876 1517 quo
1903 1444 2004 1522 mi-

444 1551 563 1602 nus,
596 1537 638 1589 si
665 1552 770 1607 qua
800 1536 1029 1593 fortasse
1055 1537 1109 1591 in
1150 1540 1370 1592 vetustis
1396 1537 1667 1592 codicibus
1696 1526 2003 1601 inveniant,

448 1627 586 1681 unde
626 1627 1037 1697 pulcherrimum
1069 1643 1202 1696 opus
1247 1628 1513 1682 illustrare
1542 1626 1732 1685 alicubi
1760 1625 2004 1695 possint,

443 1720 654 1772 inventa
682 1718 865 1773 eadem
889 1718 1083 1787 publici
1105 1719 1240 1788 juris
1264 1719 1478 1773 faciant.
1504 1720 1712 1773 Paucis.
1736 1717 1792 1772 Si
1816 1717 2010 1772 acriter

442 1809 711 1878 expensis,
746 1818 904 1879 atque
930 1810 1160 1863 invicem
1184 1819 1385 1863 attente
1411 1810 1618 1863 collatis
1647 1807 2007 1863 monumentis

2101 637 2209 680 tum
2237 627 2481 690 audiatur
2504 629 2642 705 apud
2668 644 2852 683 omnes
2880 631 2968 701 qui
2992 631 3058 686 dc
3074 631 3463 699 Scripturarum
3483 638 3655 684 trans-

2100 717 2382 771 lationibus
2405 717 2605 779 Latinis
2633 734 2933 779 sermonem
2968 723 3276 787 instituunt,
3302 736 3423 775 cum
3459 720 3657 773 nullum

2100 807 2273 864 adhuc
2296 810 2572 880 exemplar
2595 811 2812 879 hujusce
2832 812 3077 866 editionis
3103 812 3352 881 prodierit
3371 813 3655 875 in'lucem;

2104 896 2281 951 nullus
2326 909 2563 953 veterum
2606 901 2925 968 scriptorum
2986 909 3283 979 accuratam
3324 902 3453 956 satis
3492 901 3559 955 de
3596 913 3660 953 ea

2104 993 2343 1055 notitiam
2374 994 2605 1061 posteris
2632 993 2932 1049 tradiderit.
2962 994 3040 1048 Ad
3072 994 3370 1064 hujusmodi
3395 1006 3521 1063 ergo
3543 991 3658 1050 sbi-

2103 1081 2301 1153 gendas
2330 1083 2573 1136 tenebras
2616 1085 2721 1143 duo
2760 1086 3114 1149 vetustissima
3147 1092 3337 1153 praesto
3376 1096 3513 1138 nunc
3536 1091 3663 1141 sunt

2104 1171 2455 1239 exemplaria,
2488 1186 2607 1240 quae
2644 1174 2695 1227 in
2741 1175 3079 1229 monasteriis
3120 1176 3316 1228 nostris
3352 1182 3661 1229 conservata

2106 1241 2352 1330 usque\iu
2380 1262 2519 1316 diem
2551 1274 2866 1330 praesentem
2898 1265 3240 1329 delituerunt.
3283 1265 3477 1319 llorum
3514 1264 3664 1319 codi-

2105 1366 2223 1405 cum
2252 1352 2513 1419 subsidio,
2545 1354 2631 1409 vix
2676 1356 2870 1425 aliquid
2897 1355 3037 1425 quod
3064 1358 3333 1426 antiquam
3380 1366 3432 1411 et
3477 1356 3661 1415 Italam

2106 1440 2339 1503 Matthmi
2385 1443 2782 1501 translationem
2826 1454 3068 1515 spectat,‘
3096 1447 3261 1500 latere
3306 1460 3403 1501 nos
3446 1448 3662 1517 poterit.

2106 1531 2239 1602 Quid
2268 1533 2409 1590 enim
2439 1535 2573 1590 scire
2600 1536 2751 1590 nobis
2780 1552 2883 1591 non
2910 1538 3052 1603 licet,
3080 1522 3291 1607 quando
3321 1552 3498 1593 rerum
3528 1538 3668 1605 ipsa-

2107 1640 2225 1678 rum
2252 1637 2307 1681 et
2336 1627 2619 1681 verborum
2667 1628 2861 1682 oculati
2891 1638 3069 1693 testes
3107 1628 3445 1684 accedimus?
3471 1627 3666 1684 Verum

2108 1722 2165 1767 ut
2192 1714 2395 1768 facilior
2419 1730 2481 1769 ac
2502 1718 2797 1786 expeditior
2822 1719 2899 1779 via
2922 1728 3061 1773 esset
3084 1720 3147 1773 ad
3171 1718 3502 1788 percipienda
3525 1734 3671 1789 quo:-

2107 1821 2337 1876 cumque
2381 1809 2616 1877 ignorata
2660 1818 2784 1864 ante
2825 1810 3032 1865 fuerant
3072 1810 3212 1865 circa
3243 1818 3474 1867 veterem
3522 1809 3669 1867 Itali-

442 1900 710 1963 omnibus,
742 1916 860 1969 qua:
888 1910 944 1954 et
965 1900 1073 1969 jam
1102 1910 1259 1964 nota,
1294 1908 1349 1954 et
1379 1913 1516 1953 nunc
1552 1899 1779 1968 primum
1810 1913 1841 1953 e
1861 1907 2014 1953 tene-
2041 1898 2089 1958 Β
2114 1910 2336 1966 eamque
2367 1898 2785 1965 translationem,
2829 1900 3329 1970 Prolcgomenorum
3369 1911 3671 1971 nostrorum

443 1991 553 2045 bris
579 1999 730 2045 eruta
763 1990 1050 2058 prodibuut
1070 2031 1086 2057 ,
1118 2005 1241 2044 mox
1270 2006 1299 2044 e
1328 1990 1551 2059 singulis
1578 1989 1785 2044 delectu
1810 1996 2015 2045 mature

448 2080 647 2147 habito,
683 2078 745 2133 N.
775 2078 839 2133 Τ.
866 2079 1036 2133 editio
1065 2078 1451 2144 institueretur,
1490 2095 1609 2151 non
1631 2079 1845 2147 dublto,
1885 2079 2011 2148 quin

447 2167 626 2223 Italica
655 2178 832 2223 nostra
866 2160 1057 2227 nativis
1081 2171 1326 2225 distincta
1366 2170 1635 2225 coloribus
1667 2170 1903 2240 dignosei
1924 2168 2013 2225 .fa-

449 2258 648 2314 cillime
675 2268 855 2328 posset
888 2260 1064 2316 :baud
1103 2260 1348 2331 equidem
1393 2263 1578 2317 eadem
1609 2265 1826 2317 omnino
1867 2261 2014 2330 puri-

452 2358 588 2415 tate,
624 2359 783 2419 atque
834 2349 1145 2404 castimonia
1190 2350 1439 2420 praedita,
1464 2366 1565 2421 qua
1596 2351 1721 2405 olim
1762 2350 2008 2416 incessit,

451 2440 569 2510 quis
595 2442 739 2495 enim
772 2440 873 2497 hoc
902 2443 1121 2517 speret?
1144 2450 1374 2496 attamen
1414 2442 1480 2507 si,
1503 2456 1635 2511 quos
1661 2443 1816 2511 longo
1843 2455 2026 2497 smcu--

452 2532 621 2584 lorum
653 2531 883 2585 decursu
926 2535 1214 2598 coatraxit,
1247 2548 1459 2602 naevos,
1483 2534 1847 2603 maculasque,
1864 2532 2009 2604 judi-

452 2622 592 2675 cium
615 2624 857 2676 criticum
880 2624 1138 2693 detergat,
1167 2640 1269 2678 non
1291 2625 1605 2692 deformem,
1633 2640 1735 2677 non
1760 2624 2007 2691 luridum,

455 2714 546 2768 sed
573 2726 729 2769 aetate
757 2718 870 2786 ipsa
899 2717 1279 2779 venerabilem,
1306 2731 1477 2786 neque
1500 2715 1765 2783 indignam
1796 2714 2007 2787 primae-

455 2809 534 2860 vis
564 2808 688 2871 illis,
717 2824 746 2861 e
774 2808 964 2877 quibus
991 2810 1244 2875 manavit,
1273 2807 1528 2873 fontibus,
1554 2808 1892 2863 haberemus.
1925 2806 2011 2876 In,-

458 2905 600 2951 terea
630 2912 746 2961 nos,
776 2898 847 2951 mi
889 2898 1197 2963 Blancbine,
1228 2901 1467 2968 quamvis
1514 2899 1681 2954 serior
1708 2899 1843 2954 votis
1881 2908 2010 2953 aetas

457 2990 521 3043 ad
556 2989 717 3043 hocce
742 2989 1041 3043 convivium
1064 2991 1361 3054 adduxerit,
1388 2992 1624 3045 laetemur
1644 2992 1728 3065 vel
1751 2992 1850 3045 hoc
1872 2992 2006 3059 ipso,

460 3086 597 3155 quod
631 3086 801 3155 neque
823 3087 1080 3157 asymboli
1106 3088 1448 3152 accessimus,
1481 3101 1574 3139 nec
1598 3087 1746 3141 vacui
1776 3093 2011 3146 reverte-

461 3194 595 3233 mur.
621 3179 915 3233 Adtulimus
942 3180 1082 3233 enim
1114 3178 1408 3232 rarissimas
1437 3177 1627 3247 dapes;
1651 3192 1820 3247 eoque
1848 3177 2008 3230 etiam

461 3272 824 3340 pretiosiores,
850 3285 955 3339 quo
978 3272 1239 3337 perituras
1267 3268 1566 3339 aliquando,
1594 3277 1820 3323 mternas
1840 3281 2011 3346 nunc,

458 3372 510 3416 et
540 3361 603 3413 ad
644 3362 857 3415 ultimos
896 3377 1061 3430 usque
1091 3371 1339 3430 nepotes,
1385 3376 1502 3415 cum
1533 3360 1725 3415 litteris
1758 3361 1883 3429 ipsis
1905 3402 1920 3426 ,
1955 3371 2013 3415 ut

460 3467 736 3521 superesse
765 3451 988 3521 possint,
1018 3451 1309 3507 effecimus.
1344 3452 1617 3506 Laudabili
1655 3460 1929 3522 praeterea,
1958 3451 2010 3505 ni

459 3541 633 3606 fallor,
682 3543 927 3611 exemplo
975 3542 1213 3597 felicibus
1262 3553 1405 3598 trans
1450 3543 1610 3611 Alpes
1658 3545 1903 3613 ingeniis,
1957 3543 2009 3597 iu

460 3634 685 3700 idipsum
716 3641 771 3685 ut
814 3632 906 3685 niti
936 3633 1101 3687 velint
1128 3652 1141 3687 :
1166 3634 1493 3703 depromptis
1518 3649 1582 3689 ex
1611 3634 1862 3703 opulento
1900 3647 2010 3687 am-

461 3723 698 3791 plissimo
743 3738 876 3791 penu
927 3734 1002 3776 tot
1041 3722 1253 3777 ferculis
1296 3724 1447 3789 aliis,
1496 3723 1635 3777 unde
1683 3720 2013 3791 splendidius

458 3813 660 3878 multo,
697 3822 856 3881 atque
902 3814 1295 3866 ornatissimum
1336 3812 1549 3881 epulum
1595 3820 1806 3879 paretur
1839 3819 2013 3878 poste-

455 3904 620 3956 ritati.
654 3902 790 3969 Quid
819 3917 944 3955 vero
992 3917 1088 3956 nos
1118 3918 1149 3956 e
1187 3903 1428 3956 convivio
1456 3901 1737 3954 redeuntes
1765 3912 2015 3965 compen-

457 3996 528 4049 dii
566 4004 801 4062 maneat,
850 3995 1021 4049 dicam
1071 3996 1254 4049 libere.
1311 3992 1723 4057 Pulcherrimum
1776 3990 2011 4043 honestis

458 4087 648 4140 animis
683 4089 980 4154 praemium,
1003 4102 1122 4140 cum
1153 4085 1349 4154 optima
1372 4084 1661 4143 Voluntate,
1691 4079 2012 4135 conscientia

458 4184 603 4229 recte
631 4175 773 4230 facti.
807 4177 915 4233 lloc
953 4188 1193 4232 nostrum
1222 4184 1323 4231 est.
1355 4173 1542 4237 Favor,
1573 4180 1626 4227 et
1662 4172 1827 4241 gratia
1874 4172 2011 4239 apud

457 4258 637 4334 aequos
664 4265 912 4321 harumce
940 4282 1113 4322 rerum
1149 4267 1531 4328 aestimatores,
1563 4272 1620 4318 ιιι
1646 4262 1869 4333 quisque
1892 4261 2012 4316 illo-

459 4368 575 4408 rum
608 4355 857 4417 senserit,
881 4368 1058 4408 sunto.
1093 4357 1219 4411 Vale
1242 4357 1547 4425 pluritnum.
1722 4410 1726 4415 ,

530 4444 789 4499 Pontivici
810 4460 843 4498 v
870 4444 1044 4498 Nonas
1074 4447 1412 4513 Septembres
1440 4460 1578 4497 anno
1607 4444 1814 4498 Domini
1854 4443 2007 4498 1739.

594 4597 1115 4659 DISSERTATIO
1146 4597 1365 4658 JOAN.
1401 4597 1878 4660 MARTIANAY

456 4742 509 4781 IN
568 4742 862 4782 νιιιδιυκειί
923 4740 1174 4780 ιτΛιιεΑι
1232 4740 1506 4780 EVANGELII
1556 4739 1826 4785 ϐεβυκουκ
1878 4739 2013 4781 HAT-

528 4832 743 4879 THEUI.
790 4831 1057 4873 DESCRIPTI
1100 4832 1166 4870 EX
1210 4829 1362 4870 CODD.
1416 4828 1722 4869 CORDEIENN
1779 4827 1846 4871 Ετ
1891 4828 2010 4867 SAN-

528 4922 853 4963 GERIIANENSI
882 4926 931 4963 ΙΝ
968 4924 1070 4963 ΠΛΟ
1110 4920 1357 4962 EDITIONB
1394 4922 1461 4961 AD
1488 4918 1806 4961 lNFBRIOREI
1832 4918 2012 4961 οωυε-
2058 4918 2063 4923 ’

530 5013 632 5061 QUE
660 5014 861 5054 PAGINE
891 5014 1099 5055 ιιιευι,
1116 5013 1401 5055 111³885818.

1050 5150 1438 5194 PROOEMIUM.

536 5256 609 5309 De
656 5256 869 5323 antiqua
913 5254 1158 5308 versione
1202 5255 1419 5324 Vulgata
1471 5267 1523 5309 et
1561 5256 1739 5311 Italica
1767 5256 2015 5323 frequens

464 5360 640 5400 sermo
668 5353 750 5397 est
776 5343 911 5411 apud
939 5344 1197 5411 eruditos,
1239 5349 1324 5414 qui
1371 5347 1664 5403 divinarum
1714 5346 2012 5413 Scriptura-

465 5454 579 5491 rum
606 5435 780 5488 studio
802 5435 1038 5489 nonnihil
1070 5434 1405 5501 incumbunt;
1437 5422 1620 5493 crebra
1650 5450 1857 5506 quoque
1877 5436 2014 5504 apud

466 5517 701 5589 criticos,
748 5540 1016 5578 sacrarunt
1063 5524 1382 5580 Litterarum
1433 5528 1804 5597 inquisitores,
1863 5524 2017 5593 hujus

470 5616 731 5667 versimiis
776 5613 967 5668 Italica:
1011 5615 1244 5668 mentio:
1284 5616 1375 5670 sed
1419 5620 1578 5671 altum
1626 5619 1818 5685 ubique
1860 5616 2018 5669 silen-

472 5707 598 5760 tium
628 5706 692 5759 de
718 5707 918 5775 origine
938 5707 1198 5778 ejusdem,
1229 5707 1478 5781 destylo,
1516 5708 1581 5762 de
1619 5707 1811 5762 additis
1836 5694 1885 5759 in
1932 5719 2016 5773 ea,

475 5796 558 5873 vel
586 5794 812 5871 demptis
840 5797 1034 5859 incuria
1069 5797 1375 5875 interpretis
1410 5805 1500 5857 aut
1527 5798 1883 5869 librariorum.
1910 5794 2019 5863 Nec

2114 1992 2275 2070 quasi
2296 1991 2472 2073 claves
2500 1992 2685 2077 lecturi
2715 1994 2923 2049 tradere
2966 2005 3213 2064 prompto
3258 1994 3433 2049 animo
3470 1994 3676 2054 studui-

2112 2097 2251 2139 mus.

2615 2195 2841 2253 CAPUT
2879 2196 3157 2253 PRIMUM.

2109 2321 2177 2361 DE
2202 2320 2427 2369 ANTIQUA
2467 2321 2708 2363 νυιϐΑτΑ
2744 2322 2811 2362 ιτ
2847 2323 3054 2363 ιτΑωεΑ
3092 2320 3348 2362 VIMIGNB
3386 2320 3674 2362 DIVINABUI

2681 2396 3097 2452 somnumnon;

2110 2520 2150 2575 1.
2183 2518 2351 2573 Multa
2378 2520 2583 2572 nomina
2608 2518 2822 2571 obtinuit
2849 2502 2986 2590 apud
3017 2529 3201 2573 veteres
3234 2518 3433 2581 Patres.
3453 2519 3519 2574 Il.
3556 2500 3677 2572 Non

2178 2625 2309 2661 unus
2350 2609 2449 2677 fuit
2498 2618 2694 2673 auctor,
2737 2625 2823 2661 seu
2864 2609 3107 2679 interpres
3156 2608 3377 2677 autiquw
3408 2608 3674 2679 Vulgum;

2178 2700 2266 2753 scd
2312 2709 2552 2767 quotquot
2596 2709 2713 2752 sunt
2768 2702 3023 2768 anonymi.
3055 2699 3139 2753 Ill.
3191 2699 3518 2771 Ezemplaria
3564 2702 3677 2771 ejus

2177 2792 2350 2845 multis
2372 2791 2724 2844 additamentis
2748 2792 2994 2860 permixta
3022 2800 3183 2844 erant.
3490 2796 3495 2803 ’

2177 2902 2217 2956 1.
2246 2901 2527 2971 Antiquam
2554 2910 2859 2956 sanctorqu
2888 2901 3177 2959 Bibliorum
3217 2900 3457 2959 Latinam
3500 2909 3675 2957 trans-

2110 2991 2362 3044 lationem
2424 2990 2603 3045 multis
2666 2991 2934 3061 variisque
2999 2991 3300 3046 nominibus
3372 2990 3671 3063 insignitam

2110 3082 2269 3137 fuisse
2310 3097 2467 3137 nemo
2516 3092 2596 3136 est
2638 3082 2729 3153 qui
2776 3084 3014 3138 nesciat:
3054 3092 3408 3137 verumtamen
3451 3084 3672 3139 citatum

2110 3178 2305 3246 passim
2360 3174 2668 3245 Hieronymi
2718 3176 3073 3229 testimonium
3137 3175 3435 3228 Comment.
3488 3175 3539 3227 in
3600 3175 3672 3230 ls.

2038 3259 2081 3322 C
2114 3281 2163 3320 c.
2192 3280 2341 3330 xux,
2369 3275 2497 3319 tom.
2518 3280 2591 3329 tv,
2622 3279 2727 3334 quo
2760 3264 2980 3337 Vulgata
3006 3264 3160 3317 editio
3181 3264 3394 3328 dicitur,
3419 3265 3507 3317 diu
3534 3278 3560 3315 a
3587 3280 3673 3319 me

2111 3355 2307 3409 frustra
2355 3355 2549 3410 ibidem
2593 3355 2947 3423 conquisitum
2990 3369 3053 3408 ex
3099 3355 3237 3409 libro
3264 3354 3498 3409 secundo
3526 3368 3674 3408 com-

2111 3446 2491 3508 mentariorum
2545 3446 2597 3499 in
2625 3459 2741 3513 cap.
2772 3461 2865 3501 xut
2914 3446 3141 3500 Mattlnei
3174 3446 3421 3517 supplere
3450 3458 3673 3501 necesse

2113 3538 2291 3591 habui.
2323 3535 2449 3601 Nam
2480 3537 2561 3589 hic
2600 3536 2700 3590 loci
2741 3537 2819 3589 sic
2849 3537 3006 3590 habet
3037 3537 3390 3607 Hieronymus
3416 3554 3428 3589 :
3466 3535 3589 3605 Legi
3618 3536 3672 3591 in

2111 3628 2368 3687 nonnullis
2408 3625 2683 3690 codicibus,
2714 3634 2762 3678 et
2788 3627 3041 3679 studiosus
3084 3627 3239 3678 lector
3292 3630 3420 3696 forte
3460 3627 3675 3695 reperiet

2112 3716 2371 3783 idipsum;
2416 3717 2549 3767 ineo
2577 3716 2686 3768 loco
2712 3716 2794 3767 ubi
2824 3731 2914 3767 nos
2944 3716 3223 3785 posuimus,
3253 3726 3299 3767 et
3328 3715 3549 3786 Vulgata
3572 3713 3675 3792 Ita:

2114 3808 2191 3862 bet
2218 3809 2394 3873 editio,
2427 3819 2482 3861 ut
2527 3808 2835 3878 impleretur
2877 3810 3015 3879 quod
3057 3808 3251 3864 dictum
3302 3820 3384 3864 est
3411 3824 3505 3880 per
3543 3808 3674 3871 Pro-

2116 3901 2325 3968 phetam
2354 3899 2640 3966 dicentem,
2672 3902 2740 3954 ibi
2768 3901 3031 3967 scriptum,
3058 3910 3164 3956 etc.
3195 3901 3468 3971 Vulgatam
3514 3901 3673 3971 igitur

2113 3994 2397 4047 editionem
2438 3994 2663 4047 Matthmi
2692 4004 2845 4047 vocat
2896 3993 3247 4061 Hieronymus
3286 4006 3402 4047 eam
3450 3993 3673 4047 transla-

2114 4081 2309 4135 tionem
2359 4081 2596 4145 latinam,
2640 4094 2757 4150 quas
2802 4090 2925 4133 ante
2969 4095 3119 4133 suam
3144 4090 3350 4133 atatem
3402 4080 3676 4138 obtinebat

2114 4172 2483 4226 auctoritatem
2509 4172 2558 4224 in
2604 4169 2859 4224 Ecclesiis
2898 4169 3313 4223 Occidentalium
3344 4167 3673 4225 Christiano-

2115 4276 2265 4326 rum;
2299 4275 2521 4329 qumque
2566 4270 2805 4329 tempore
2833 4258 3075 4329 Gregorii
3111 4260 3277 4328 Magni
3309 4257 3672 4315 Trauslntionis

2124 4350 2316 4403 Veteris
2345 4366 2537 4404 nomen
2581 4350 2718 4414 tulit,
2762 4359 3065 4419 ccinparata
3094 4364 3241 4405 novae
3270 4349 3488 4403 editioni
3512 4364 3670 4419 quam

2115 4441 2227 4509 ipse
2274 4440 2626 4511 Hieronymus
2677 4439 2928 4493 Ecclesiae
2974 4438 3353 4506 procurandam
3416 4439 3668 4508 suscepit.

2113 4530 2343 4583 Gonsole
2393 4531 2671 4598 epistolam
2712 4529 2950 4599 Gregorii
3009 4530 3177 4600 Magni
3224 4529 3291 4584 ad
3326 4528 3670 4609 Leandrum,

1968 4662 1973 4665 .
2036 4608 2091 4667 Ι)
2114 4635 2229 4686 cap.
2260 4622 2315 4683 5,
2345 4621 2581 4687 Exposit.
2611 4620 2795 4673 Moral.
2824 4624 2873 4674 in
2902 4620 3003 4676 Job
3028 4622 3317 4691 pra-fixam.

2187 4712 2384 4765 Prwter
2429 4712 2540 4767 hac
2586 4715 2797 4767 nomina
2852 4713 3081 4784 Vulgatw
3124 4714 3356 4775 editionis
3392 4723 3447 4769 et
3480 4713 3673 4769 Veteris

2116 4801 2509 4867 Trunslationis,
2538 4803 2681 4858 aliud
2708 4805 2879 4858 eidem
2910 4805 3113 4869 tribuit,
3141 4814 3195 4858 et
3227 4805 3435 4873 quidem
3464 4804 3674 4875 insigne

2114 4906 2177 4945 ac
2214 4892 2465 4960 speciale,
2508 4894 2692 4949 beatus
2718 4893 3065 4961 Augustinus,
3112 4894 3205 4947 lib.
3237 4908 3273 4948 ll
3316 4894 3382 4948 de
3425 4894 3670 4949 Doctrina

2114 4981 2415 5037 Christiana
2443 4997 2558 5051 cap.
2590 4984 2654 5037 15
2683 5001 2693 5035 :
2724 4981 2789 5037 In
2830 4984 2952 5053 ipsis
2980 4993 3167 5047 autem,
3209 4985 3397 5051 inquit,
3428 4976 3697 5053 iuterpreJ

2116 5071 2387 5125 lotionibus
2416 5069 2550 5124 Itala
2572 5072 2763 5125 ceteris
2793 5074 3093 5141 praferatur
3120 5086 3137 5123 :
3160 5087 3276 5123 nam
3310 5080 3382 5125 est
3411 5071 3672 5125 uerborum

2117 5165 2336 5216 tenacior
2377 5178 2491 5219 cum
2522 5163 2875 5234 perspicuitate
2914 5162 3187 5223 sententiae.
3221 5160 3349 5216 Erat
3393 5161 3547 5230 igitur
3588 5163 3670 5216 iu-

2117 5254 2429 5319 terpretatio
2458 5252 2698 5320 qua‘datn
2730 5253 2868 5320 apud
2907 5251 3121 5306 Latinos
3148 5267 3264 5322 quae
3291 5250 3426 5305 Itala
3453 5252 3668 5306 diceba-

2120 5349 2225 5407 tur,
2256 5342 2539 5393 verborum
2567 5350 2743 5405 tenax,
2786 5351 2838 5395 et
2877 5343 3150 5409 perstiicua
3186 5340 3495 5406 sententiis;
3521 5341 3670 5393 ideo-

2120 5447 2221 5499 que
2252 5432 2391 5483 illam
2418 5433 2629 5483 cmteris
2655 5431 3068 5497 anteponendam
3110 5441 3289 5485 censet
3325 5429 3667 5497 Augustinus.

2121 5520 2253 5587 Quid
2286 5536 2409 5577 vero
2433 5534 2605 5582 causa:
2651 5520 2807 5575 fuerit
2844 5529 2902 5579 ut
2929 5520 3065 5575 Itala
3090 5521 3378 5582 diceretur,
3410 5533 3512 5571 non
3541 5519 3670 5572 satis

2122 5614 2453 5686 epploratum
2484 5614 2770 5677 habemus;
2810 5617 2905 5669 etsi
2945 5631 3061 5671 eam
3091 5614 3191 5666 hoc
3216 5611 3428 5663 nomine
3457 5609 3669 5678 insigni-

2123 5712 2227 5755 tam
2280 5703 2439 5756 velint
2484 5702 2671 5757 eruditi
2722 5702 2987 5768 homines,
3055 5700 3193 5769 ίιιιοά
3244 5701 3353 5769 ipsa
3400 5707 3673 5758 uterentur

2126 5791 2240 5852 Itali
2271 5792 2476 5865 Patres,
2505 5792 2841 5857 Ambrosium
2877 5793 3016 5861 dico,
3044 5788 3397 5859 Gaudentium
3426 5788 3669 5851 Brixieu-
