4288 6446
483 416 540 474 6|
966 431 974 437 ·
1458 399 1904 462 DISSERTATIO
1942 394 2220 457 JOANNIS
2259 396 2684 455 MARTIANAY.
3638 387 3709 447 62

484 543 618 597 sem,
648 526 1012 597 Chromatium
1042 522 1452 594 Aquileiensem,
1497 520 1729 575 Leonem
1773 516 2038 584 Magnum,
2067 519 2117 581 Α
2142 510 2340 567 multos
2369 510 2531 567 fuisse
2556 509 2807 576 diximus,
2838 522 2943 564 non
2983 520 3169 578 parum
3195 502 3404 559 confert
3432 501 3707 570 multiplex

482 630 537 679 et
562 620 696 677 alios
720 619 942 685 multos,
979 617 1069 688 qui
1099 615 1337 670 doctrina
1384 626 1447 666 ac
1492 624 1699 677 morum
1742 606 2042 675 integritate

483 715 778 773 ﬂoruerunt
802 715 855 767 in
883 710 1140 768 Ecclesiis
1167 707 1548 763 Romanorum.
1590 703 1702 757 Hoc
1739 701 1784 755 si
1825 700 1895 754 ita
1938 705 2041 761 est,

483 815 543 865 ut
570 804 1012 862 verisimillimum
1038 816 1157 857 esse
1183 800 1269 855 vix
1295 798 1481 853 doctus
1506 792 1849 857 inﬁciabitur,
1870 789 2043 844 nullus

486 898 803 968 relinquitur
831 893 1120 965 suspicioni
1146 891 1230 945 vel
1253 886 1563 944 dubitationi
1588 885 1758 948 locus,
1797 881 1921 948 quin
1948 892 2043 948 ge-
2093 906 2097 910 -

487 989 700 1044 nuinam
732 986 1025 1047 habeamus
1056 984 1108 1039 in
1138 981 1331 1037 nostris
1359 992 1486 1033 mss.
1518 972 1909 1048 exemplaribus
1925 984 2046 1024 ver-

486 1081 691 1136 sionem
749 1076 977 1143 Italam;
1004 1076 1129 1144 quia
1166 1073 1397 1128 recitatis
1438 1070 1724 1138 Scripturae
1770 1061 2048 1119 sententiis

491 1169 631 1240 apud
640 1170 747 1239 jam
761 1170 933 1224 dictos
946 1167 1104 1224 Italos
1121 1166 1321 1229 Patres,
1335 1179 1397 1217 ex
1411 1175 1561 1231 aequo
1575 1155 1857 1226 respondet
1876 1164 1955 1209 lex
1966 1161 2050 1207 tus

495 1259 848 1333 Evangelicus
870 1268 1179 1324 nostrorum,
1202 1254 1464 1312 codicum.
1498 1255 1562 1309 At
1590 1252 1657 1305 de
1684 1248 1769 1303 his
1795 1247 1949 1302 infra.

560 1351 826 1412 Caeterum
872 1364 940 1404 ne
980 1339 1123 1419 quod
1163 1345 1463 1403 suboriatur
1504 1343 1804 1411 ambiguum
1845 1352 1910 1392 ex
1953 1349 2052 1390 no—

495 1442 638 1509 mine
687 1438 957 1513 Vulgum,
1005 1436 1386 1493 animadvertat
1431 1435 1595 1489 lector
1642 1429 1910 1485 studiosus
1956 1426 2055 1481 du-

492 1533 687 1605 plicem
716 1545 838 1586 esse
868 1530 1162 1587 Versioimn
1196 1526 1496 1598 Vulgatam;
1533 1524 1801 1592 antiquam
1826 1519 2050 1583 scilicet,

495 1638 613 1693 quae
658 1621 1015 1692 usurpabatur
1054 1628 1175 1674 ante
1228 1624 1434 1682 aetatem
1477 1611 1813 1683 Hieronymi;
1854 1619 1909 1663 et
1951 1609 2053 1662 ho-

494 1713 733 1773 diernam
763 1721 1021 1776 nostram,
1062 1724 1158 1764 usu
1199 1702 1461 1775 receptam
1508 1705 1557 1758 in
1589 1703 1824 1757 Ecclesia
1866 1698 2054 1771 catho-

504 1803 631 1873 lica.
675 1802 829 1857 Prior
870 1808 1136 1855 auctorem
1181 1796 1365 1852 habuit
1407 1806 1762 1863 anonymum;
1795 1787 2057 1858 posterior

2144 604 2268 658 illud
2290 618 2460 674 genus
2488 603 2947 672 capitulationnm,
2991 614 3052 654 ac
3100 599 3397 654 sectionum
3427 601 3708 649 contextus

2142 698 2300 761 sacri,
2333 697 2471 766 quod
2504 698 2555 750 in
2600 696 2826 750 diversis
2878 694 3165 748 Bibliorum
3204 689 3475 746 codicibus
3527 700 3710 740 manu-

2145 789 2356 856 scriptis
2381 788 2645 857 hodieque
2673 794 2935 856 superest.
2962 784 3145 853 Neque
3168 796 3296 836 vero
3323 778 3575 835 credibile
3604 782 3707 841 est,

2146 880 2392 935 eumdem
2418 881 2764 947 interpretem
2793 876 3022 931 Matthxi
3045 891 3095 929 v.
3120 889 3172 945 g.
3199 883 3425 942 quatuor
3450 878 3540 923 aut
3560 867 3714 938 quin-

2146 987 2251 1042 que
2280 972 2452 1026 modis
2478 970 2704 1025 diversis
2730 982 2939 1023 sacrum
2970 974 3275 1021 contextum
3315 963 3543 1018 divisum
3584 958 3714 1013 reli-

2148 1065 2354 1134 quisse;
2386 1072 2439 1117 et
2464 1077 2606 1117 nunc
2631 1062 2683 1115 in
2708 1062 2779 1116 28
2805 1061 3093 1126 sectiones,
3125 1073 3264 1113 nunc
3317 1059 3368 1110 in
3408 1055 3498 1121 88,
3546 1053 3628 1108 vel
3660 1052 3713 1107 in

2153 1158 2251 1213 ll'l
2281 1165 2459 1226 partes
2488 1155 2827 1225 dispertitum
2859 1154 3113 1208 voluisse.
3162 1153 3309 1207 Sicut
3348 1148 3713 1218 ergo‘diversa

2151 1258 2275 1304 sunt
2312 1263 2509 1318 genera
2547 1256 2785 1300 veterum
2829 1228 3128 1299 sectionum
3156 1241 3392 1311 ejusdem
3434 1248 3713 1293 contextus

2152 1340 2311 1403 sacri,
2342 1354 2405 1393 ac
2449 1338 2607 1407 plane
2632 1336 2844 1391 diversa
2868 1336 3083 1403 antiqua
3109 1333 3333 1405 capitula
3362 1347 3452 1386 seu
3484 1343 3717 1385 summa-

2155 1433 2229 1486 ria
2263 1430 2475 1500 prmilxa
2507 1438 2814 1483 sanctorum
2856 1426 3147 1481 Bibliorum
3192 1421 3583 1493 exemplaribus
3608 1434 3720 1473 ma-

2154 1522 2480 1592 nuscriptis;
2532 1522 2602 1574 ita
2647 1520 2825 1574 varios
2866 1533 2929 1573 ac
2970 1518 3206 1572 diversos
3249 1516 3409 1570 fuisse
3454 1514 3720 1582 interpre-

2157 1625 2235 1669 tes
2258 1613 2472 1667 Latinos
2501 1611 2827 1678 antiquiores
2850 1609 3072 1662 omnino
3098 1605 3494 1661 concedendum
3524 1613 3627 1658 est.

2218 1704 2487 1758 Praeterea
2515 1716 2618 1755 non
2642 1700 2778 1755 ideo.
2801 1699 2975 1768 stylus
2997 1706 3100 1761 est,
3131 1696 3221 1751 sed
3248 1695 3531 1750 dissimiles
3563 1708 3709 1763 pror-

2154 1809 2247 1849 sus
2266 1793 2486 1862 phrases
2512 1792 2757 1859 leguutur
2784 1789 2840 1842 in’
2864 1789 2978 1857 ipso
3000 1793 3247 1842 contextu
3276 1784 3505 1854 antiquas
3528 1782 3720 1852 Vulga-

496 1901 553 1948 et
594 1871 847 1958 hodierna
891 1889 1197 1959 Hieronymi
1239 1886 1403 1972 ipsius
1431 1882 1588 1943 fretus
1616 1890 1720 1945 est,
1746 1880 1894 1947 juxta
1924 1876 2053 1930 alla-
2085 1892 2097 1953 1

2086 1892 2132 1953 Β
2161 1896 2226 1939 tm
2261 1902 2275 1939 :
2302 1899 2365 1941 ac
2396 1896 2799 1951 nonnumquam
2828 1880 2965 1934 inter
2988 1892 3047 1932 se
3075 1877 3209 1930 adeo
3228 1875 3437 1929 diversa
3464 1880 3587 1928 sunt
3610 1871 3727 1940 ejus

499 1992 605 2036 tam
634 1996 664 2035 a
696 1980 850 2035 nobis
879 1980 994 2049 ejus
1019 1966 1429 2046 descriptionem
1458 1973 1509 2029 in
1550 1966 1938 2042 prolegomenis
1977 1966 2057 2020 di-

497 2072 635 2127 vina:
658 2069 1000 2140 Bibliotheca;
1026 2082 1191 2138 nuper
1214 2065 1387 2131 editae.

569 2161 637 2231 ll.
666 2162 848 2230 Neque
876 2170 1052 2215 tamen
1074 2174 1141 2215 ex
1167 2154 1366 2228 éoquis
1388 2154 1632 2225 opinetur
1660 2150 1868 2214 unicum
1898 2148 2059 2203 fuisse

498 2256 729 2324 antiquas
755 2248 996 2324 Vulgata;
1039 2258 1332 2316 auctorem,
1378 2247 1512 2302 sicut
1559 2253 1745 2303 auctor
1786 2240 2059 2301 hodiernae

499 2346 696 2403 nostris
725 2344 910 2401 unicus
954 2350 1039 2403 est
1078 2340 1248 2411 (libris
1290 2339 1557 2393 nonnullis
1580 2331 1839 2405 exceptis)
1870 2332 2058 2387 Hiero-

503 2453 736 2512 nymus;
779 2437 901 2499 huic
943 2436 1086 2503 enim
1131 2434 1363 2505 opinioni
1409 2447 1469 2488 ea
1517 2431 1779 2498 obsistunt
1829 2443 1945 2493 mne
1992 2425 2060 2480 de

501 2530 651 2584 vario
691 2526 1189 2601 interpretationum
1236 2538 1430 2596 genere
1473 2521 1687 2590 scripsit
1716 2520 1773 2575 S.
1809 2516 2059 2587 Augusti-

501 2641 625 2690 nus,
675 2624 771 2701 lib.
819 2638 857 2680 ιι
900 2622 970 2691 de
1000 2622 1247 2689 Doctrina
1291 2618 1586 2687 Christiana
1630 2630 1747 2684 cap.
1786 2615 1887 2669 ll:
1960 2611 2063 2679 Qui

501 2716 659 2783 enim,
704 2714 897 2788 inquit,
944 2711 1236 2781 Scripturas
1263 2725 1324 2763 ea:
1355 2708 1569 2764 Hebrwa
1606 2708 1780 2777 lingua
1824 2707 1874 2758 in
1917 2703 2062 2759 Grat-

503 2822 614 2861 cam
632 2814 908 2870 verterunt,
926 2802 1178 2871 numerari
1194 2809 1395 2871 possunt
1415 2816 1432 2863 ;
1450 2798 1623 2853 Latini
1635 2807 1802 2851 autem
1818 2798 2060 2867 interpre-

503 2907 575 2958 tes
604 2898 745 2969 nullo
774 2897 943 2961 modo.
981 2894 1051 2963 Ut
1090 2896 1220 2949 enim
1261 2894 1455 2959 cuique,
1487 2891 1662 2960 primis
1708 2889 1830 2959 ﬁdei
1873 2899 2061 2955 tempo-

502 2989 664 3054 ribus,
690 2989 744 3049 in
772 3004 955 3051 manus
998 2986 1126 3054 venit
1168 2984 1325 3038 codex
1350 2980 1580 3046 ercus,
1610 2990 1658 3035 et
1694 2980 2061 3049 aliquantulum

503 3078 763 3148 facultatis
801 3078 897 3137 sibi
939 3076 1195 3145 utriusque
1232 3074 1418 3144 linguas
1455 3072 1633 3126 habere
1659 3070 1940 3136 uidebatur,
1971 3086 2064 3138 au-

503 3184 589 3224 sus
612 3180 685 3223 est
708 3168 1055 3243 interpretari.
1085 3166 1335 3227 Eamdem
1365 3164 1667 3219 Latinorum
1696 3160 2060 3237 interpretum

506 3261 943 3320 numerositatem
973 3251 1210 3329 agnoscit
1237 3260 1294 3313 S.
1345 3257 1712 3327 Hieronymus,
1755 3252 1839 3310 his
1885 3252 2059 3310 verbis

507 3354 561 3408 in
586 3362 812 3423 quatuor
843 3351 1127 3421 Evangelia
1174 3349 1423 3419 praefatus
1454 3366 1465 3400 :
1501 3347 1561 3403 Si
1582 3346 1784 3417 Latinis
1808 3344 2067 3412 excerpta-

506 3444 646 3500 ribus
690 3443 815 3512 ﬁdes
855 3452 927 3497 est
970 3441 1277 3511 adhibenda,
1330 3438 1662 3509 respondeant
1708 3434 1886 3507 quibus
1934 3450 1953 3491 :
1996 3443 2067 3488 tot

507 3535 641 3588 enim
686 3543 803 3587 sunt
851 3532 1156 3607 βακτηρίαι-ἕο
1194 3548 1317 3603 pene
1356 3539 1473 3595 quot
1510 3529 1723 3583 codices.
1764 3526 1857 3584 Sin
1900 3535 2067 3581 autem

509 3626 695 3697 peritas
721 3634 798 3678 est
826 3625 1099 3695 quarenda
1122 3622 1185 3685 de
1210 3622 1455 3693 pluribus,
1482 3636 1573 3673 cur
1599 3635 1698 3673 non
1727 3619 1797 3676 ad
1836 3611 2067 3673 Grazcam

510 3716 754 3787 originem
782 3725 1103 3782 reuertentes,
1146 3729 1202 3767 ea
1222 3728 1334 3783 qua:
1379 3712 1453 3770 vel
1479 3728 1510 3766 α
1549 3710 1741 3767 vitiosis
1769 3707 2069 3779 interpreti-

511 3808 603 3861 bus
630 3808 763 3859 male
788 3806 946 3871 edita,
977 3806 1053 3873 uel
1078 3822 1110 3861 a
1140 3804 1584 3876 prtesumptoribus
1628 3800 1873 3868 imperitis
1899 3811 2069 3851 emen-

511 3896 632 3949 data
655 3896 955 3967 perversius,
982 3895 1058 3950 uel
1099 3912 1130 3947 a
1178 3893 1394 3946 librariis
1422 3890 1808 3946 dormitantibus
1846 3899 1933 3945 aut
1975 3889 2071 3942 ad-

511 3989 620 4046 dita
662 3997 799 4053 sunt,
847 3996 933 4041 aut
976 3995 1200 4053 mutata,
1246 3984 1577 4054 corrigimus?
1618 3982 1783 4040 Tanta
1826 3981 2067 4045 codicum

512 4075 798 4135 diversitas
826 4078 897 4132 ab
934 4077 1121 4141 eodem
1150 4076 1291 4145 nasci
1321 4062 1939 4143 interprete’neutiquam
1971 4088 2069 4143 po-

516 4175 648 4237 tuit;
694 4187 859 4243 quare
906 4185 1123 4236 necesse
1152 4177 1234 4226 est
1260 4176 1319 4224 ut
1366 4168 1543 4237 plures
1588 4166 1786 4231 fuerint
1826 4173 2069 4225 auctores

516 4264 820 4333 huiusmodi
846 4263 1271 4330 translationum,
1302 4274 1419 4329 qua:
1444 4258 1627 4328 primis
1657 4256 1905 4311 Ecclesiae
1936 4264 2070 4312 tem-

516 4354 732 4425 poribus
758 4351 1271 4417 cireumferebantur
1294 4348 1430 4416 apud
1457 4346 1692 4401 Latinos.
1727 4344 1917 4405 Multos
1946 4358 2071 4407 quo-

515 4463 619 4519 que
641 4447 913 4516 conceptis
942 4444 1116 4500 verbis
1139 4439 1399 4507 expressit
1425 4437 1801 4517 Hieronymus,
1844 4434 2026 4488 dicens
2052 4449 2065 4486 :

520 4539 649 4606 Quae
675 4554 707 4592 a
746 4537 933 4601 vitiosis
954 4531 1299 4602 interpretibus
1330 4528 1457 4581 male
1497 4526 1631 4591 edita
1655 4534 1791 4587 sunt.
1831 4524 1996 4593 Quem
2023 4525 2068 4591 si

2158 1975 2511 2045 exemplaria;
2543 1983 2599 2027 ut
2637 1973 2840 2041 integra
2870 1968 3109 2039 quaedam
3138 1965 3387 2035 capitula,
3421 1964 3471 2019 id
3500 1972 3583 2018 est
3607 1978 3726 2031 par-

2158 2078 2241 2123 tes
2269 2068 2324 2128 in
2356 2068 2437 2126 his
2468 2065 2825 2129 inveniantur,
2852 2077 2969 2131 qua:
2995 2061 3186 2115 absunt
3211 2059 3261 2113 iu
3289 2058 3427 2113 aliis.
3459 2055 3621 2125 Hujus
3644 2070 3729 2108 va-

2158 2158 2361 2223 rietatis
2419 2156 2664 2224 exempla
2705 2152 3107 2209 subministrant
3156 2150 3260 2204 duo
3297 2148 3510 2203 codices
3554 2146 3725 2202 nostri

2159 2248 2502 2317 manuscripti
2554 2246 2696 2301 Italze
2720 2244 2989 2299 'versionis
3014 2261 3025 2295 :
3053 2240 3393 2295 .L'orbeiensis
3420 2238 3565 2294 enim
3595 2236 3725 2306 legit

2158 2342 2389 2411 exempli
2418 2357 2522 2410 gr.,
2567 2337 2829 2407 Numquid
2859 2336 3066 2391 minima
3096 2333 3192 2389 es?
3218 2330 3727 2390 Satn-Germanensis

2161 2445 2375 2499 autem,
2429 2432 2549 2491 Non
2586 2432 2795 2486 minima
2836 2446 2907 2483 es.
2956 2428 3158 2495 Vixque
3187 2440 3287 2479 una
3320 2424 3369 2476 in
3400 2424 3477 2479 eis
3524 2420 3724 2491 pagella

2161 2527 2262 2596 legi
2308 2525 2521 2595 poterit,
2562 2522 2688 2592 quin
2718 2519 3009 2575 dissimiles
3035 2526 3311 2586 occurrant
3340 2514 3581 2583 phrases,
3609 2526 3728 2565 ver-

2162 2616 2455 2684 borumque
2503 2613 2632 2671 ordo
2660 2611 2929 2666 diversus.
2975 2606 3181 2662 Deinde
3216 2604 3595 2665 additamenta,
3627 2613 3727 2655 nec

2163 2708 2348 2764 eadem
2377 2708 2426 2760 in
2460 2706 2565 2759 illis
2613 2712 2758 2766 sunt,
2809 2716 2907 2756 nec
2954 2699 3141 2754 iisdem
3187 2696 3318 2751 locis
3364 2692 3726 2749 inveniuntur.

2164 2796 2393 2853 Matthxi
2441 2811 2558 2863 cap.
2606 2794 2697 2858 20,
2727 2800 3090 2846 assumentum
3138 2803 3203 2843 ex
3248 2786 3406 2841 Lucae
3437 2783 3726 2853 Evangelio

2163 2892 2356 2945 retinet
2397 2886 2740 2943 Corbeieusis
2769 2881 3133 2951 codex,‘quod
3180 2895 3284 2935 non
3313 2886 3459 2934 extat
3504 2879 3555 2932 in
3594 2876 3728 2932 San-

2164 2979 2511 3035 Germauensi
2538 2993 2552 3043 ;
2604 2984 2658 3030 et
2710 2977 2828 3029 vice
2857 2988 3007 3029 versa
3038 2968 3549 3028 San-Germancnsis
3579 2980 3727 3035 qua:-

2164 3071 2283 3126 dam
2316 3070 2476 3125 refert
2498 3070 2566 3124 de
2596 3067 2862 3137 baptismo
2883 3064 3103 3130 Christi,
3131 3076 3250 3133 quae
3278 3075 3381 3115 non
3410 3060 3655 3129 leguntur
3676 3057 3727 3109 in

2163 3164 2493 3221 Corbeieusi.
2527 3162 2655 3230 Qum
2682 3159 2923 3230 profecto
2967 3171 3070 3212 non
3102 3170 3285 3220 unum,
3328 3152 3422 3207 sed
3464 3151 3618 3219 plane
3647 3148 3728 3202 di—

2086 3259 2131 3319 C
2163 3255 2593 3312 versosinnuunt
2615 3259 2883 3316 auctores,
2908 3238 3741 3315 seuinterpretesLatinosEvan-

2163 3349 2281 3419 gelii
2312 3346 2599 3407 secundum
2623 3342 2951 3397 Matthteum.
2977 3338 3133 3406 .Quod
3157 3350 3285 3390 vero
3313 3334 3379 3387 de
3410 3330 3727 3399 Evangelico

2165 3439 2433 3493 volumine
2459 3436 2705 3499 dicimus,
2736 3433 2804 3487 de
2833 3431 2955 3485 aliis
2984 3429 3140 3483 etiam
3194 3426 3345 3480 libris
3385 3423 3598 3490 intelligi
3631 3436 3727 3474 nc-

2166 3544 2317 3585 cesse
2346 3536 2458 3591 est,
2505 3528 2653 3594 juxta
2707 3525 2950 3578 traditam
2982 3522 3049 3576 ab
3086 3518 3377 3587 Augustino
3406 3513 3731 3582 superiorem

2166 3620 2425 3688 regulam,
2450 3631 2549 3684 qua
2572 3614 2757 3666 statuit
2787 3614 3104 3680 interpretes
3124 3608 3339 3663 Gre-cos
3368 3618 3522 3675 posse
3548 3616 3731 3656 mune-

2166 3711 2293 3773 rari,
2327 3708 2541 3762 Latinos
2569 3716 2745 3760 autem
2774 3718 2880 3757 non
2914 3716 3087 3773 posse.

2239 3806 2322 3861 Ill.
2354 3806 2408 3860 ld
2434 3805 2542 3875 jam
2573 3816 2858 3858 commune
2899 3798 3095 3854 veteris
3139 3792 3496 3856 translatiOnis
3522 3788 3731 3843 codices

2170 3898 2418 3953 habuisse
2438 3896 2685 3959 dicimus,
2712 3893 2853 3962 quod
2886 3889 3116 3945 universi
3145 3887 3332 3941 alienis
3357 3876 3730 3935 additamentis

2168 3988 2417 4060 permixti
2452 3985 2940 4042 circumferrentur.
2982 3980 3179 4035 clusas
3205 3987 3259 4031 et
3292 3974 3546 4042 originem
3578 3969 3733 4037 hujus

2170 4059 2583 4149 perturbationis
2612 4076 2749 4129 sacri
2774 4082 3053 4128 contextus
3090 4083 3151 4121 ac
3176 4062 3539 4136 permixtionis
3585 4059 3734 4111 lucu.

2164 4172 2342 4251 'lenter
2361 4167 2625 4235 eXprsssit
2646 4168 2999 4233 Hieronymus
3020 4155 3329 4227 praefatione
3355 4154 3420 4206 ad
3448 4155 3731 4205 Damasum

2168 4246 2387 4326 Papam,
2411 4257 2560 4324 cujus
2576 4256 2727 4324 jussu
2751 4250 3061 4323 Evangelica
3086 4244 3355 4300 volumina
3377 4242 3563 4300 Latina
3586 4239 3733 4294 Grar-

2167 4363 2245 4403 cae
2290 4347 2406 4400 ﬁdei
2461 4343 2712 4407 reddidit,
2775 4357 2840 4396 ex
2887 4341 3058 4410 iisque
3112 4338 3342 4392 resecnit
3391 4343 3735 4403 quaecumque

2171 4438 2308 4495 male
2336 4436 2513 4494 addita
2540 4445 2714 4500 erant,
2742 4434 2825 4488 vel
2866 4432 2932 4486 ab
2960 4428 3358 4500 interpretibus,
3400 4433 3492 4478 aut
3519 4438 3547 4476 a
3579 4423 3735 4475 libra-

2170 4533 2264 4588 riis
2291 4530 2540 4600 antiquis.
2570 4528 2790 4598 Magnus
2816 4525 3086 4595 siquidem,
3121 4521 3306 4589 inquit,
3340 4519 3419 4571 hic
3464 4516 3516 4569 in
3554 4511 3737 4567 nostris

516 4603 712 4699 legeris
738 4623 1024 4697 aliquando
1053 4624 1118 4678 de
1150 4622 1432 4691 interprete
1456 4618 1667 4687 Latino,
1695 4618 1841 4687 quasi
1868 4616 1937 4672 de
1965 4630 2070 4670 uno
2095 4620 2097 4626 ⁴

2095 4618 2147 4678 D
2172 4622 2426 4679 codicibus
2454 4638 2596 4677 error
2624 4620 2859 4673 inolevit:
2889 4616 3031 4677 dum,
3063 4613 3196 4679 quod
3216 4610 3268 4665 in
3294 4610 3465 4663 eadem
3509 4621 3564 4658 re
3607 4603 3737 4655 alius

516 4709 890 4781 disserentem,
916 4730 1020 4775 non
1048 4713 1222 4769 statim
1248 4713 1344 4769 sibi
1372 4712 1469 4782 ipsi
1498 4710 1714 4765 minime
1740 4717 2071 4779 constantem

519 4819 675 4881 putes
717 4826 732 4863 :
781 4816 906 4862 tunc
948 4808 1088 4863 enim
1119 4820 1222 4860 non
1249 4805 1315 4859 de
1342 4804 1588 4869 omnibus
1616 4801 1906 4871 generatim
1932 4798 2077 4854 Lati-

524 4915 711 4955 norum
738 4898 1007 4970 codicibus
1030 4911 1324 4952 sermonem
1367 4894 1556 4957 habet;
1606 4893 1699 4947 sed
1726 4892 1793 4946 de
1823 4889 2072 4960 peculiari

527 4990 751 5061 quadam
783 4988 1014 5044 editione
1050 4988 1255 5051 Latina,
1284 5000 1439 5057 quam
1484 4983 1777 5053 probabant
1822 4981 2074 5037 Ecclesite

518 5082 940 5135 Christianorum
980 5082 1180 5146 multm,
1214 5080 1295 5135 vel
1329 5093 1506 5147 pauca:
1545 5094 1785 5133 numero.
1813 5075 2076 5143 Quemad-

522 5172 737 5227 modum
778 5172 844 5225 de
874 5172 1009 5226 Itala
1033 5172 1210 5226 dicere
1231 5184 1531 5241 possumus,
1562 5168 1701 5239 quod
1730 5169 1840 5223 sola
1887 5169 1937 5221 in
1980 5168 2076 5221 ali-

530 5276 637 5331 quo
665 5260 831 5329 pretio
859 5260 1016 5315 fuerit
1057 5263 1256 5328 Romae,
1286 5276 1347 5317 ac
1374 5263 1424 5317 in
1452 5262 1660 5315 caeteris
1701 5260 1948 5314 Ecclesiis
1975 5258 2076 5315 Ita-

532 5355 635 5409 lim.
688 5351 855 5420 Hujus
896 5366 1024 5405 vero
1069 5354 1314 5408 editionis
1341 5344 1481 5406 Italae
1524 5368 1657 5406 unus
1700 5360 1815 5405 erat
1855 5362 2070 5415 auctor;

521 5442 765 5512 quamvis
796 5443 1068 5511 permulta:
1096 5444 1147 5495 in
1184 5446 1299 5512 ejus’
1342 5444 1729 5512 exemplaribus
1772 5442 2072 5504 inveniren-

532 5544 617 5588 tnr
649 5536 914 5593 variantes
935 5533 1211 5598 lectiones,
1242 5550 1270 5586 a
1299 5536 1525 5590 librariis
1556 5535 1957 5591 dormitantlbus
1982 5540 2069 5587 aut

521 5638 549 5675 a
580 5624 1051 5692 pnesumptoribus
1081 5625 1335 5693 imperitis
1358 5627 1621 5683 derivatos.

590 5712 669 5766 Ad
692 5718 1142 5776 conﬁrmationem
1172 5714 1405 5783 ejusdem
1433 5717 1732 5783 sententite,
1757 5733 1857 5789 qua
1879 5716 2070 5778 latinos

520 5805 834 5880 lnterpretes
862 5808 1251 5887 Scripturarutn
1278 5810 1469 5871 veteris
1493 5824 1556 5868 ac
1588 5810 1721 5871 Novi
1748 5811 2069 5885 Testamentl

2177 4718 2501 4789 Euangelista
2527 4716 2639 4783 plus
2664 4712 2816 4776 dixit,
2845 4713 2899 4764 in
2926 4710 3049 4771 alio,
3080 4708 3199 4777 quia
3239 4706 3401 4756 minus
3430 4696 3732 4767 putaverint,

2176 4786 2501 4865 addiderunt.
2550 4805 2658 4870 Vel,
2695 4805 2816 4858 dum
2840 4800 3070 4857 eumdem
3094 4810 3288 4850 sensum
3315 4792 3448 4843 alius
3476 4786 3622 4841 aliter
3648 4799 3735 4837 ex-

2180 4898 2394 4972 pressit;
2422 4901 2529 4962 ille,
2554 4898 2640 4967 qui
2660 4912 2820 4951 unum
2845 4912 2872 4947 e
2889 4901 3107 4960 quatuor
3131 4890 3337 4957 legerat,
3360 4883 3424 4936 ad
3446 4886 3553 4955 ejus
3574 4894 3739 4933 exem-

2181 4966 2321 5061 plum
2350 4966 2571 5045 ceteros
2596 5002 2791 5055 quoque
2846 4979 3163 5036 mstimauerit
3202 4972 3558 5029 emendandos.
3594 4966 3739 5024 Unde

2177 5082 2381 5144 accidit,
2414 5090 2465 5134 ut
2507 5077 2647 5149 apud
2676 5091 2768 5129 nos
2795 5074 2952 5143 mixta
2993 5071 3089 5125 sint
3123 5069 3290 5122 omnia
3318 5082 3337 5120 :
3367 5074 3410 5117 et
3439 5065 3491 5117 in
3543 5061 3735 5119 Marco,

2168 5175 2324 5242 plura
2348 5170 2502 5223 Luca
2524 5180 2676 5237 atque
2703 5165 2931 5220 ΜωιήΦί
2950 5180 2967 5227 ;
2999 5175 3201 5214 rursum
3224 5160 3277 5211 in
3306 5156 3567 5227 Matt/nco,
3596 5151 3741 5218 plura

2176 5264 2392 5318 Joannis
2442 5270 2488 5315 et
2539 5258 2744 5324 Marci:
2790 5268 2835 5311 et
2861 5258 2913 5309 in
2942 5255 3132 5309 ca'teris
3162 5252 3467 5319 reliquorum
3491 5258 3601 5313 quis
3624 5240 3736 5293 aliis

2178 5355 2384 5425 propria
2413 5362 2549 5415 sunt,
2593 5350 2926 5404 inveniantur.
2962 5346 3126 5412 Hujus
3151 5338 3477 5396 confusionis
3503 5343 3735 5388 errorem

2173 5445 2386 5500 sustulit
2424 5445 2480 5499 S.
2511 5445 2719 5502 doctor,
2752 5450 2804 5494 et
2845 5437 3071 5505 singulis
3099 5431 3454 5501 Evangelistis
3478 5439 3567 5478 sua
3592 5437 3733 5491 qure-

2174 5554 2277 5605 que
2306 5538 2555 5601 restituit,
2606 5548 2725 5587 cum
2761 5529 3088 5585 Eusebianos
3117 5537 3345 5580 canones
3387 5517 3605 5573 inseruit
3634 5512 3737 5567 La-

2176 5632 2301 5683 tium
2326 5644 2435 5682 suae
2467 5626 2869 5695 Evangeliorum
2895 5617 3244 5677 translationi.
3276 5616 3348 5667 De
3374 5626 3477 5678 quo
3508 5607 3551 5661 si
3575 5608 3742 5661 lector

2174 5721 2311 5777 scire
2336 5718 2581 5784 voluerit,
2604 5716 2893 5772 editionem
2922 5719 3153 5773 nostram
3174 5704 3365 5765 divinae
3393 5698 3733 5758 Bibliothecte

2176 5811 2234 5874 S.
2258 5812 2571 5895 Hieronymi
2596 5806 2975 5883 consulendum
2995 5806 3290 5863 monemus.
