3902 6454
356 399 426 455 65
1690 386 2224 449 PROLEGOHENA.
3530 387 3602 445 6d

428 513 618 572 Omnia
644 513 802 583 igitur
851 508 989 581 apud
1017 509 1237 565 Latinos
1265 506 1528 580 permixta
1575 505 1738 561 fuisse
1778 505 1928 560 testis
1954 508 2008 568 Α
2032 506 2224 577 inquit,
2252 507 2457 563 natione
2477 509 2620 578 Afer,
2648 481 2980 579 Aquileiensis
3006 508 3295 577 episcopus,
3320 508 3605 575 imperante

357 606 568 663 accedit
614 604 998 673 Hieronymus;
1043 607 1207 654 testes
1258 610 1473 667 quoque
1517 593 1777 649 accedunt
1819 592 1949 680 duo'

360 694 704 763 manuscripti
730 690 943 748 codices
964 689 1165 751 nostri;
1190 687 1279 741 ubi
1305 684 1487 747 Marci.
1510 699 1573 739 ac
1596 684 1752 739 Lucae
1775 683 1927 753 plura

360 786 417 842 in
462 784 712 841 blatthzeo
760 783 1118 837 inveniuntur.
1165 777 1336 847 thue
1364 790 1450 831 res
1479 775 1719 830 ﬁrmetur
1747 789 1929 829 exem-

362 878 485 948 plis,
518 874 769 930 nonnulla
799 884 1159 942 proponemus
1188 869 1303 924 loca
1333 866 1595 937 permixta
1630 868 1684 920 in
1732 866 1929 921 nostris

360 964 757 1036 exemplaribus
784 963 979 1019 Italicae
996 960 1284 1016 versionis.
1308 958 1548 1029 Capitulo
1595 974 1668 1021 Iv,
1687 958 1791 1013 col.
1828 955 1933 1011 162

362 1061 541 1130 (hujus
563 1065 748 1110 nostris
767 1051 1033 1123 editionis)
1056 1061 1237 1106 monet
1264 1058 1388 1105 nota
1411 1048 1717 1119 marginalis
1741 1046 1817 1120 (ν)
1847 1062 1934 1102 as-

359 1159 660 1205 sumentum
701 1145 969 1215 quoddam
998 1160 1120 1201 esse
1146 1144 1461 1198 translatum
1507 1159 1538 1198 e
1575 1141 1732 1197 Lucis
1758 1142 1934 1210 capite

357 1252 529 1305 sexto,
575 1242 609 1309 Ῡ
636 1280 648 1293 .
680 1238 772 1305 26,
808 1240 859 1292 in
894 1236 1131 1293 codicem
1163 1235 1744 1291 San-Germanensem.
1776 1231 1927 1296 Nam,

359 1332 503 1402 quod
534 1332 708 1385 minus
733 1329 944 1384 dixerat
968 1327 1249 1383 Mattheus
1270 1324 1339 1382 de
1379 1324 1651 1381 hominum
1679 1324 1929 1379 benedic-

360 1422 627 1485 tionibus,
677 1421 869 1490 quibus
920 1419 1079 1473 etiam
1138 1415 1619 1487 pseudoprophetis
1665 1411 1934 1483 prosecuti

361 1523 506 1580 sunt,
534 1512 588 1567 id
611 1527 674 1566 ex
702 1510 842 1566 Luca
868 1509 1169 1565 addendum
1194 1516 1508 1576 putaverunt
1529 1508 1821 1573 scriptores
1844 1519 1933 1557 an-

365 1604 517 1672 tiqui.
538 1600 754 1656 Uudein
777 1598 1023 1655 Mattbzeo
1045 1600 1114 1653 ita
1137 1598 1236 1668 legi
1255 1598 1505 1653 volebant
1526 1614 1539 1650 :
1564 1596 1656 1651 Sic
1675 1598 1806 1650 enim
1822 1612 1937 1667 per-

365 1686 520 1749 secuti
544 1703 662 1748 sunt
691 1695 982 1762 prapltetas,
1016 1694 1101 1762 qui
1128 1702 1269 1746 erant
1308 1701 1424 1745 ante
1462 1708 1569 1747 vos.
1602 1690 1778 1745 Nolite
1804 1706 1935 1762 gau-

366 1788 504 1853 dere,
528 1804 643 1841 cum
666 1786 1009 1839 benedixerint
1031 1800 1117 1838 vos
1142 1800 1311 1837 omnes
1337 1785 1593 1849 homines;
1616 1785 1687 1836 sic
1704 1776 1834 1837 enim
1854 1788 1935 1853 fa-

2030 596 2392 668 Constantino,
2418 601 2471 653 in
2492 600 2771 672 Evangelia
2795 600 2953 653 titulis
2977 596 3243 662 ordinatis,
3268 598 3403 652 brevi
3426 608 3473 652 et
3496 613 3605 651 rits-

2034 688 2132 742 tico
2168 705 2399 744 sermone
2431 691 2639 759 scripsit
2665 689 3060 745 commentarios.
3087 676 3604 743 Commentariorum

2032 793 2161 848 ergo
2185 780 2473 849 scriptorcs
2496 781 2689 837 seriem
2720 782 2989 836 titulorum
3018 795 3112 835 seu
3137 781 3487 848 capitulorum
3515 794 3606 835 or-

2031 868 2354 937 dinatorum,
2394 880 2449 926 et
2488 887 2647 928 sacro
2690 874 2958 928 contextui
2990 871 3329 941 praeﬁxorum
3349 873 3607 928 observa-

2032 956 2478 1047 bant‘diligenter
2508 961 2561 1016 in
2600 962 2712 1017 suis
2759 960 3210 1032 expositionibus;
3248 968 3308 1017 ut
3335 978 3401 1017 ex
3439 962 3604 1017 titulis

2032 1042 2343 1118 prtetiotatis
2383 1052 2536 1106 facile
2564 1054 2732 1107 lector
2761 1042 3087 1120 intelligeret
3107 1061 3163 1107 et
3192 1053 3455 1107 inveniret
3490 1053 3604 1108 loca

2031 1139 2097 1193 ab
2120 1140 2246 1210 ipsis
2276 1142 2559 1215 illustrata.
2605 1143 2682 1197 Ex
2714 1143 2795 1197 his
2820 1142 2977 1211 plane
3001 1142 3167 1212 liquet
3185 1157 3381 1211 genera
3406 1142 3492 1196 illa
3514 1142 3600 1197 di-

2032 1244 2183 1285 versa
2222 1232 2681 1301 capitulationum.
2713 1248 2832 1306 quas
2870 1234 2922 1287 in
2954 1232 3133 1287 fronte
3174 1232 3273 1288 SS.
3306 1216 3635 1288 Bibliorum'

2033 1312 2517 1394 manuscriptoruui
2540 1327 2807 1396 leguntur,
2835 1326 3192 1382 vetustissima
3216 1341 3357 1391 esse,
3385 1341 3448 1380 ac
3470 1335 3604 1381 tem-

2033 1433 2163 1488 pore
2191 1419 2527 1474 Constantini
2557 1420 2728 1489 Magni
2759 1433 2786 1471 a
2814 1418 2994 1474 multis
3020 1418 3123 1485 iam
3147 1419 3307 1473 fuisse
3327 1427 3603 1488 usurpata,

2033 1509 2156 1563 dum
2184 1509 2346 1564 libros
2394 1510 2800 1580 Evangeliorum
2852 1510 3234 1564 describerent.
3280 1508 3432 1563 Unde
3479 1522 3605 1562 vera

2034 1612 2153 1653 esse
2179 1599 2612 1666 comprobantur,
2646 1613 2766 1669 quae
2784 1598 2852 1653 de
2875 1598 3040 1653 hocce
3065 1606 3377 1667 argumento
3406 1597 3606 1651 scribe-

2034 1688 2124 1742 bat
2149 1686 2498 1745 Cassiodorus
2520 1690 2611 1743 lib.
2640 1690 2706 1744 de
2727 1688 2958 1743 lnstitut.
2989 1689 3155 1743 divin.
3190 1689 3373 1743 Litt‘er.
3403 1702 3522 1757 cap.
3548 1688 3601 1752 l,

2037 1778 2124 1832 ubi
2154 1778 2226 1832 ait
2259 1780 2437 1833 titulos
2465 1782 2515 1833 in
2546 1779 2694 1833 libris
2717 1781 2880 1833 sacris
2906 1796 2938 1832 α
2984 1778 3261 1851 majoribus
3290 1777 3474 1831 nostris
3516 1792 3603 1830 or-

366 1862 561 1933 ciebant
608 1876 1062 1947 pseudoprophetis
1088 1885 1257 1946 patres
1302 1890 1498 1930 eorum.
1558 1874 1661 1927 Vos
1703 1876 1817 1929 esn's
1857 1876 1938 1929 sal
1966 1870 2155 1935 B‘tline
2190 1880 2424 1925 currente
2450 1872 2607 1941 fuisse
2643 1872 2919 1953 descriptos
2945 1886 2963 1923 :
2990 1870 3215 1939 Majores
3257 1875 3471 1923 nostros
3511 1883 3605 1921 vo-

368 1979 535 2032 terra,
560 1977 665 2023 etc.

437 2061 642 2116 Similia
688 2061 883 2130 saepius
924 2069 1213 2115 occurrunt
1241 2059 1621 2125 additamenta,
1656 2073 1724 2114 ex
1763 2058 1938 2115 Marco

369 2151 637 2222 praecipue
664 2150 960 2219 desumpta,
995 2159 1053 2204 ut
1078 2159 1161 2205 est
1192 2150 1316 2204 illud
1345 2164 1462 2219 cap.
1496 2165 1607 2214 xtv,
1635 2164 1755 2219 pag.
1796 2166 1933 2212 cxvn.

370 2246 529 2315 hujus
557 2246 713 2300 Rom.
744 2245 890 2301 Edit.
924 2244 1045 2299 Non
1068 2246 1201 2299 enim
1227 2244 1600 2307 intellexerant,
1631 2244 1759 2299 sicut
1777 2261 1865 2297 nec
1884 2246 1938 2297 in

369 2338 604 2407 panibus.
634 2335 762 2389 Erat
783 2336 917 2389 enim
940 2352 1029 2389 cor
1050 2352 1226 2391 eorum
1246 2335 1478 2390 obtusum
1504 2353 1523 2391 :
1547 2336 1690 2406 quod
1720 2352 1750 2390 e
1780 2336 1940 2393 Marci

370 2427 903 2496 capitesexto,versu
926 2426 1015 2492 52,
1042 2428 1093 2481 in
1122 2427 1353 2481 Mattliaai
1374 2437 1682 2482 contextum
1711 2437 1941 2484 transtu-

372 2518 548 2571 lerunt
569 2526 658 2571 aut
689 2527 900 2571 veteres
930 2518 1152 2580 librarii,
1176 2526 1267 2571 aut
1293 2518 1382 2571 alii
1405 2520 1714 2587 scriptores.
1742 2518 1943 2573 Practer

374 2606 508 2670 haec,
554 2606 707 2671 plura
739 2606 912 2660 adhuc
951 2606 1170 2661 retinnit
1218 2607 1575 2662 additamenta
1608 2609 1947 2663 Corbeiensis

372 2695 540 2751 codex
566 2714 579 2749 :
604 2696 695 2751 sed
719 2711 784 2751 ne
806 2698 858 2750 in
881 2696 965 2750 his
986 2697 1327 2752 recensendis
1354 2697 1552 2752 diutius
1578 2698 1942 2763 immoremur,

373 2786 591 2840 consule
648 2786 1057 2855 subsequentem
1112 2787 1398 2842 editionem
1452 2789 1621 2841 sancti
1673 2790 1943 2856 Matthzei,

375 2879 479 2931 col.
505 2877 630 2939 ‘2“.
682 2886 802 2930 nota
829 2877 903 2947 (⁸)
928 2885 983 2930 et
1010 2878 1113 2930 col.
1142 2878 1270 2943 245,
1303 2888 1425 2932 nota
1457 2878 1532 2948 (ει)
1563 2879 1739 2950 {hujus
1766 2890 1949 2933 nostra:

382 2967 671 3036 editionis),
712 2977 765 3019 et
789 2968 839 3020 in
870 2967 1058 3034 primis
1087 2970 1189 3020 col.
1222 2968 1349 3033 277,
1387 2980 1507 3022 nota
1542 2968 1617 3038 (α)
1654 2970 1738 3022 ubi
1762 2971 1952 3040 legitur

380 3059 592 3111 celebre
618 3057 744 3111 illud
775 3057 1191 3111 additamentum
1215 3072 1243 3111 c
1269 3058 1406 3111 Luca
1442 3068 1755 3126 mutuatum,
1812 3061 1948 3129 quod

380 3144 604 3206 miriﬁce
634 3148 965 3203 eruditorum
998 3151 1152 3203 torsit
1178 3150 1403 3204 animos.

1011 3282 1233 3336 CAPUT
1262 3282 1322 3336 ΙΙ.

452 3410 520 3449 DE
558 3408 830 3448 CAPITULIS
855 3408 1108 3448 PHEFIXIS
1141 3410 1278 3449 ANTE
1310 3411 1513 3451 SACRUH
1550 3410 1874 3453 CONTEXTUI

1020 3500 1293 3539 EVANGELII
1308 3525 1319 3537 .

383 3573 423 3628 Ι.
459 3574 754 3641 Antiquiora
771 3586 887 3628 sunt
918 3575 1225 3645 Hieronymo
1252 3578 1345 3629 illa
1373 3578 1617 3645 capitula.
1650 3579 1711 3631 ll.
1741 3580 1865 3646 Qua:
1901 3584 1953 3635 in

456 3667 713 3719 codicibus
741 3670 983 3722 versionis
1007 3668 1422 3737 Hieronymiauaa
1442 3670 1802 3737 prwﬁguntur,
1837 3689 1955 3724 con-

459 3767 656 3835 seruata
673 3768 787 3810 sunt
806 3774 869 3811 ea:
889 3760 1095 3827 antiqua
1116 3758 1334 3825 Vulgata
1348 3769 1391 3810 et
1408 3757 1593 3810 Italica
1607 3762 1953 3812 translatione.

460 3848 548 3900 III.
586 3846 793 3901 Utilitas
812 3840 1569 3917 lmjusmodicapitulationum,
1596 3865 1681 3901 seu
1708 3851 1959 3918 capitulo-

462 3956 597 3995 νυηι.

459 4049 500 4101 l.
540 4050 724 4103 Merito
750 4052 860 4106 lucc
886 4050 1113 4119 capitula
1153 4049 1478 4119 Hieronymo
1502 4052 1791 4105 vetustiora
1826 4050 1960 4103 dixi-

394 4153 546 4200 mtts;
590 4153 707 4192 cum
753 4157 813 4193 cx
868 4156 972 4194 uno
1016 4140 1248 4195 Juvenco
1290 4142 1620 4211 presbytero,
1652 4142 1738 4209 qui
1786 4140 1964 4193 floruit

396 4238 634 4297 tempore
669 4229 999 4286 Constantini
1041 4234 1229 4301 Magni,
1261 4234 1412 4287 nobis
1443 4234 1580 4287 scire
1610 4233 1763 4287 liceat
1793 4244 1868 4287 tot
1908 4234 1958 4288 in

394 4318 511 4386 ejus
539 4319 932 4384 exemplaribus
963 4322 1189 4374 Μειιιιιρεί
1224 4323 1393 4389 posita
1428 4322 1611 4387 fuisse,
1653 4335 1781 4391 quot
1823 4342 1963 4381 nunc

396 4406 646 4474 leguntur
674 4406 725 4458 in
764 4408 1123 4474 manuscripto
1144 4410 1469 4472 Corheiensi,
1498 4412 1656 4477 inquc
1681 4414 1799 4465 aliis
1830 4416 1963 4470 bene

396 4497 578 4548 multis
607 4495 898 4558 codicibus,
937 4498 1027 4563 qui
1048 4498 1259 4563 antiqua
1291 4506 1575 4550 contextus
1597 4501 1733 4553 sacri
1756 4512 1960 4557 retenta

2039 1979 2167 2019 cans
2200 1964 2601 2019 Ecclesiasticos
2631 1974 2897 2030 auctores,
2920 1967 3007 2035 qui
3030 1965 3460 2033 aliqiiotsmculis
3483 1972 3609 2020 ante

2037 2055 2153 2125 ejus
2180 2063 2391 2109 aetatem
2422 2056 2474 2109 in
2504 2054 2736 2109 Ecclesia
2763 2054 3227 2110 Christi‘celebres
3247 2055 3481 2109 fuerunt.

2108 2145 2185 2201 IL
2202 2144 2368 2199 Tanta
2395 2155 2569 2200 autem
2591 2144 2688 2199 fuit
2716 2134 2839 2199 usus
2855 2160 2917 2199 ac
2942 2147 3222 2200 vetustatis
3243 2144 3604 2209 consuetudo,

2043 2245 2115 2299 ut,
2148 2236 2395 2305 abrogata
2426 2237 2593 2290 veteri
2635 2236 2985 2312 translatione
3015 2236 3226 2301 Latina,
3254 2237 3613 2291 retinerentur

2038 2334 2215 2380 tamen
2248 2326 2451 2379 indices
2481 2328 2751 2381 titulorum
2780 2335 2835 2380 et
2884 2328 3239 2395 capitulorum
3269 2325 3609 2394 antiquorum

2041 2420 2092 2472 in
2122 2435 2253 2473 nova
2282 2420 2586 2491 Hieronymi
2617 2420 3012 2489 Scripturarum
3034 2420 3287 2475 editione.
3314 2420 3390 2475 De
3408 2420 3614 2485 capitu-

2043 2509 2109 2563 lis
2139 2524 2233 2565 seu
2284 2513 2452 2566 titulis
2490 2513 2691 2567 veteris
2730 2512 3068 2567 instrumenti
3126 2511 3487 2566 voluminibus
3513 2509 3609 2563 ad-

2042 2602 2185 2669 fixis,
2223 2605 2351 2657 satis
2390 2605 2601 2661 abunde
2644 2605 2969 2675 disputatum
3022 2613 3106 2659 est
3131 2606 3186 2658 in
3217 2602 3613 2673 prolegomenis

2044 2693 2241 2747 nostris
2283 2694 2348 2748 ad
2387 2695 2609 2750 frontem
2667 2696 2859 2749 divina:
2888 2695 3230 2749 Bibliotheca:
3262 2694 3317 2750 S.
3351 2692 3613 2763 Hierony-

2045 2782 2117 2835 mi
2143 2784 2437 2851 appositis:
2472 2784 2557 2839 hic
2596 2785 2661 2839 de
2707 2786 2872 2839 titulis
2909 2784 3219 2854 praenotatis
3247 2784 3399 2838 initio
3438 2784 3615 2837 Evan-

2044 2874 2171 2945 gelii
2206 2876 2497 2929 secundum
2544 2876 2843 2930 Matthaeutn
2892 2876 3124 2931 breviter
3172 2876 3440 2929 disserere
3483 2874 3613 2929 mihi

2048 2944 2251 3017 tantum
2303 2966 2581 3020 incumbit.
2634 2966 2783 3033 Quod
2841 2976 2898 3021 ut
2936 2966 3171 3031 facilius,
3223 2976 3477 3035 quantum
3526 2944 3613 3019 res

2049 3059 2239 3125 exigit,
2272 3073 2619 3125 exeqoamur,
2672 3060 2979 3114 meminisse
3008 3059 3165 3112 debet
3199 3059 3367 3113 lector
3410 3058 3613 3144 studio-

2052 3160 2143 3199 sus
2192 3148 2572 3218 Hieronymum
2594 3191 2608 3215 ,
2633 3151 2829 3204 nullam
2863 3154 2913 3203 in
2965 3148 3287 3218 Evangelico
3315 3156 3460 3202 textu
3498 3163 3527 3201 a
3557 3163 3616 3221 se

2052 3235 2194 3290 edito
2248 3239 2560 3294 divisionem
2608 3222 2931 3310 agnoscere,
2962 3250 3158 3311 prater
3200 3255 3339 3305 eam,
3386 3254 3504 3307 quas
3562 3239 3614 3291 in

2052 3330 2346 3384 canonibus
2383 3331 2697 3386 Eusebianis
2738 3334 3013 3387 observata
3058 3339 3157 3386 est.
3199 3330 3377 3397 Quare
3428 3331 3617 3383 alienae

2053 3432 2114 3471 ac
2142 3421 2637 3488 spurirecensenda:
2679 3432 2834 3478 erunt
2860 3425 2910 3477 in
2941 3424 3186 3478 versione
3210 3422 3617 3491 llieronymiana

2052 3524 2400 3579 quaecumque
2452 3515 2804 3585 Capitulorum
2845 3515 3211 3569 distinctiones
3248 3524 3296 3567 et
3330 3511 3615 3582 periochae,

2052 3616 2171 3668 qua:
2204 3617 2305 3655 nou
2350 3608 2686 3659 consentiunt
2735 3620 2997 3659 canonum
3046 3605 3463 3658 Eusebiauorum
3510 3603 3618 3655 dis-

2056 3692 2421 3744 tinetionibus.
2458 3694 2563 3747 Illis
2595 3710 2719 3748 vero
2766 3694 3193 3748 distinctionibus
3218 3694 3412 3747 Euseb.
3441 3694 3623 3745 titulo-

2058 3794 2171 3831 rum
2230 3782 2567 3849 antiquorum
2606 3799 2633 3837 a
2685 3784 2839 3837 nobis
2886 3783 3148 3837 editorum
3199 3782 3401 3835 nullttm
3452 3796 3620 3850 genus

2057 3872 2344 3924 convenire
2405 3874 2803 3940 perspeximus:
2862 3889 2964 3927 non
3011 3873 3273 3941 primum,
3330 3874 3468 3938 quod
3528 3885 3621 3937 per

2058 3962 2241 4029 viginti
2295 3973 2347 4014 ct
2403 3976 2523 4016 octo
2577 3967 2838 4018 sectiones
2892 3975 3059 4016 totum
3107 3962 3333 4014 Matthzei
3385 3963 3609 4026 partitur

2059 4060 2385 4113 contextum;
2418 4068 2519 4103 non
2553 4054 2863 4113 secundum.
2899 4053 2949 4104 in
2983 4066 3085 4119 quo
3106 4061 3229 4103 sunt
3258 4050 3621 4102 tantummodo

2060 4140 2285 4204 capitula
2338 4132 2605 4207 octnginta
2654 4151 2853 4208 septem
2904 4142 2983 4192 vcl
3024 4151 3179 4202 octo;
3232 4153 3335 4191 non
3392 4138 3620 4205 denique

2061 4231 2299 4291 tertium,
2330 4232 2426 4283 etsi
2462 4231 2511 4282 in
2541 4246 2604 4284 eo
2650 4242 2993 4283 numerentur
3023 4228 3285 4281 sectioncs
3327 4226 3621 4293 septetndc~

2060 4320 2163 4373 cim
2217 4335 2375 4386 supra
2432 4331 2644 4374 centum
2691 4342 2703 4372 :
2752 4322 2873 4388 quia
2929 4318 3279 4387 Hieronymus
3332 4316 3617 4368 Eusebium

2061 4408 2441 4464 Caesariensem
2492 4421 2704 4465 secutus
2734 4412 2972 4480 dispares
3004 4410 3163 4463 habet
3201 4421 3469 4470 numeros,
3510 4407 3621 4460 dis-

2065 4514 2219 4566 pares
2248 4502 2314 4553 ab
2337 4504 2567 4569 antiquis
2592 4504 2968 4572 interpretibus
2993 4502 3138 4555 Sacri
3183 4507 3463 4555 contextus
3492 4500 3623 4553 divi-

398 4586 675 4647 divisione,
715 4595 836 4637 octo
876 4562 1037 4653 supra
1075 4562 1253 4653 viginti
1300 4586 1525 4654 capitula
1562 4588 1867 4643 describunt
1898 4594 1963 4646 ad
1990 4562 2042 4620 D
2067 4562 2412 4643 siones-Nam
2452 4562 2589 4659 quod
2634 4592 2703 4644 illi
2733 4562 2783 4645 in
2827 4592 2915 4655 28,
2956 4601 3046 4644 aut
3074 4591 3160 4655 88,
3191 4602 3278 4644 aut
3312 4593 3431 4653 H7,
3483 4592 3623 4658 capi-

396 4680 623 4731 frontem
650 4676 919 4745 Evangelii
936 4677 1224 4730 secundum
1245 4678 1565 4731 Mattlizeum.
1589 4680 1729 4733 Idem
1746 4684 1969 4749 probant

409 4768 580 4820 Sancti
636 4766 817 4819 Hilarii
861 4767 912 4819 in
941 4766 1243 4819 Matthaenm
1280 4756 1780 4823 commentariorum
1820 4774 1970 4826 volu-

402 4855 563 4917 mina,
612 4872 727 4924 quae
783 4873 878 4925 per
925 4872 1161 4911 canones
1212 4873 1303 4911 seu
1356 4858 1578 4927 capitula
1637 4861 1963 4929 dividuntur,

405 4956 559 5009 prout
590 4954 761 4997 textus
793 4947 1136 5011 Evangelicus
1168 4947 1223 5000 in
1264 4948 1440 5015 plures
1466 4957 1642 5016 partes
1671 4958 1796 5003 tunc
1836 4950 1967 5003 divi-

404 5046 495 5084 sus
531 5031 840 5085 habebatur.
885 5034 990 5086 Nec
1021 5034 1201 5089 fefellit
1229 5039 1409 5104 Opinio
1444 5054 1757 5107 quemquam
1783 5056 1963 5095 eorum

405 5123 491 5189 qui
518 5132 785 5189 putarunt,
810 5124 988 5175 titulos
1011 5124 1237 5179 Matthaei
1264 5128 1545 5195 Evangelio
1569 5132 1831 5197 prteﬁxos,
1858 5132 1963 5199 jam

407 5214 589 5266 llilarii
641 5231 757 5267 aevo
810 5217 860 5267 in
913 5216 1313 5284 Evangeliorum
1368 5223 1755 5289 exemplaribus
1806 5226 1967 5276 fuisse

407 5315 751 5373 prmnotatos,
785 5306 1037 5373 illumque
1072 5310 1219 5362 exiis
1249 5312 1517 5379 selegisse,
1545 5328 1766 5379 quorum
1795 5316 1969 5367 utilio-

409 5412 521 5449 rem
561 5396 780 5448 duceret
806 5398 1247 5463 exiilanationem.
1281 5402 1358 5455 Eo
1379 5414 1551 5456 autem
1585 5406 1739 5457 modo
1762 5405 1813 5457 in
1842 5406 1971 5457 Mat-

410 5486 605 5537 tlucnm
638 5486 803 5538 titulis
844 5501 935 5539 seu
981 5488 1221 5556 capitulis
1262 5492 1516 5546 ordinatis
1560 5497 1969 5549 commentarios

414 5578 623 5642 scripsit
656 5578 900 5642 Hilarius,
924 5582 1187 5647 quomodo
1214 5584 1644 5639 Fortunatianum
1669 5586 1972 5653 Aquileien-

418 5678 526 5715 sem
562 5669 861 5736 episcopum
907 5671 955 5723 in
990 5671 1268 5741 Evangelia
1310 5676 1586 5743 scripsisse
1617 5688 1836 5731 testatur
1860 5680 1971 5745 ipse

422 5752 765 5823 Hiermty'uos
809 5762 943 5817 libto
969 5762 1035 5819 de
1066 5765 1260 5834 Script.
1296 5765 1500 5823 Eccles.
1544 5768 1967 5835 Fortunatianus,

2067 4682 2177 4735 tula
2202 4681 2459 4747 dispertiti
2482 4692 2623 4744 sunt,
2650 4683 2734 4736 hic
2758 4699 2877 4737 cum
2905 4684 3133 4737 Eusebio
3162 4684 3211 4735 in
3256 4684 3360 4737 555
3394 4696 3627 4735 canones

2068 4782 2269 4826 sectum
2300 4788 2417 4825 esse
2444 4774 2623 4837 voluit,
2655 4775 2797 4827 omni
2835 4778 3032 4829 erroris
3061 4774 3371 4828 confusione
3418 4775 3624 4828 sublata

2070 4878 2134 4917 ex
2163 4864 2501 4917 disﬁnctione
2524 4864 2821 4932 hujusmodi
2853 4880 3133 4919 canonum.

2140 4954 2205 5004 At
2235 4962 2289 5004 ut
2317 4954 2644 5018 exploratum
2675 4964 2949 5021 ratumque
2970 4955 3036 5006 sit
3058 4953 3194 5020 apud
3234 4967 3420 5005 omnes
3449 4952 3625 5005 erudi-

2069 5051 2171 5104 tos,
2197 5044 2425 5109 capitula
2457 5058 2485 5095 a
2526 5044 2798 5112 nobisjam
2828 5045 2967 5097 edita
2989 5045 3054 5096 ad
3083 5044 3309 5097 frontem
3358 5044 3625 5115 Evangelii

2068 5134 2354 5188 secundum
2388 5135 2687 5187 Illatthazum
2730 5144 2965 5187 mutilata
2996 5150 3113 5189 esse
3154 5145 3531 5189 ctconscrvata
3574 5138 3623 5189 in

2069 5228 2311 5281 versione
2345 5228 2647 5297 Hieronymi
2672 5229 2737 5281 ab
2767 5229 2867 5280 alia
2891 5229 3208 5296 antiquiore,
3230 5224 3405 5298 'quam
3437 5228 3626 5280 Italam

2073 5319 2317 5379 dicimus,
2362 5334 2520 5369 unum
2555 5329 2753 5371 tantum
2811 5320 3079 5373 monuisse
3120 5319 3363 5381 sufficiat;
3417 5334 3625 5386 nempe,

2077 5407 2208 5461 nihil
2261 5407 2525 5459 interdum
2575 5407 2674 5476 legi
2732 5409 2780 5459 in
2815 5408 3173 5461 transl..tionis
3206 5409 3629 5475 Hieronymiana:

2075 5508 2326 5549 contextu
2350 5497 2486 5565 quod
2520 5496 2832 5562 respondeat
2860 5500 3101 5567 capitulis
3129 5502 3455 5564 prurnotatis.
3477 5498 3628 5565 Capi-

2077 5588 2239 5639 tulum
2284 5602 2333 5637 v.
2366 5602 2414 5655 g.
2468 5604 2557 5649 xx,
2601 5588 2651 5641 in
2710 5590 2876 5656 primo
2927 5589 3193 5649 indite,et
3238 5586 3289 5637 in
3343 5588 3497 5639 tertio
3538 5590 3627 5652 75,

2076 5681 2330 5746 scriptum
2388 5688 2468 5732 est
2507 5680 2569 5732 de
2618 5682 2792 5750 primis
2848 5677 3123 5739 accubitis,
3178 5690 3271 5729 seu
3322 5677 3631 5733 accubitibus

2080 5787 2260 5833 “etut;
2308 5771 2496 5825 frustra
2528 5787 2652 5827 vero
2694 5773 2745 5827 in
2777 5779 2923 5825 textu
2980 5766 3296 5835 Evangelico
3325 5767 3631 5836 Hieronymi
