3902 6412
242 312 308 368 65
1227 303 1676 366 DISSER'I‘ATIO
1715 301 1996 362 JOANNIS
2033 303 2462 364 MARTIANAY.
2650 337 2653 341 -
2935 300 2946 308 ”
3415 310 3487 369 66

243 403 480 492 requiras
518 419 659 491 apud
706 422 1034 486 Matthmum,
1091 421 1229 492 quod
1279 421 1476 478 dicitur
1525 423 1587 475 de
1632 421 1810 492 primis
1837 416 2098 482 APorro,
2128 419 2317 489 inquit,
2348 429 2602 491 quantum
2623 420 2887 476 commodi
2912 420 3120 477 Lectori
3145 422 3243 492 ipsi
3261 421 3487 490 accidet,

239 516 339 571 illis
367 515 612 568 accubitis
638 515 691 568 in
737 531 906 579 caena;
937 529 1056 568 cum
1091 514 1203 568 brae
1229 515 1481 583 parabola
1510 515 1709 584 scripta
1745 515 1815 569 sit

239 615 292 660 et
333 606 596 658 referatur
659 620 690 658 a
741 606 858 660 solo
907 605 1067 658 Luca.
1113 603 1264 660 Unde
1311 605 1531 658 evidens
1574 603 1816 674 exsurgit

239 707 627 767 argumentum,
674 684 904 768 capitula
939 697 1051 767 jam
1081 697 1220 752 dicta
1252 698 1463 766 prepria
1494 696 1656 751 fuisse
1677 698 1814 751 anti-

239 805 354 860 qua:
381 790 641 859 Vulgatae,
673 800 728 845 et
756 789 950 845 Italicae
989 790 1246 855 versioni,
1288 804 1409 858 quae
1459 790 1510 842 in
1564 788 1813 843 Matthreo

239 883 488 936 nonnulla
523 881 792 938 retinebat
839 897 908 937 ex
950 881 1070 935 aliis
1102 881 1431 950 Evangeliis,
1461 895 1522 933 ac
1548 879 1812 948 praecipue

239 973 542 1042 parabolam
577 973 780 1027 invitati
807 973 870 1026 ad
895 987 1126 1037 caenam,
1150 972 1301 1041 cujus
1333 971 1424 1025 hic
1441 982 1707 1038 sumptum
1730 977 1813 1024 est

235 1080 263 1116 a
294 1065 444 1118 nobis
474 1064 804 1132 exemplum.
857 1062 1109 1118 Conferat
1143 1062 1232 1131 qui
1276 1061 1505 1115 voluerit
1550 1060 1812 1129 Hierony-

237 1155 467 1209 tuianum
499 1155 736 1208 Matth-ari
789 1162 1097 1209 contextum
1148 1169 1266 1208 cum
1307 1151 1554 1222 capitulis
1594 1168 1621 1204 a
1656 1152 1811 1206 nobis

235 1250 410 1314 editis,
444 1250 622 1302 statim
665 1249 832 1302 multa
865 1249 979 1302 loca
1009 1245 1391 1316 deprehendet,
1436 1259 1552 1312 quae
1589 1245 1724 1297 inter
1752 1258 1810 1298 se

234 1342 450 1396 minime
504 1343 862 1404 consentiant;
909 1356 1025 1409 quae
1077 1351 1251 1393 tamen
1299 1338 1645 1390 consentiunt
1688 1351 1808 1389 cum

233 1436 428 1489 Italica:
445 1434 707 1489 versionis
737 1442 1010 1488 contextu.
1045 1431 1152 1486 Nec
1180 1430 1373 1484 mirum
1398 1428 1539 1496 quod
1581 1428 1657 1480 illi
1686 1441 1808 1495 per-

233 1528 364 1581 fecte
398 1527 740 1588 conveniant,
783 1526 906 1594 quia
949 1540 1013 1577 ex
1043 1539 1130 1584 ea,
1153 1530 1206 1576 et
1236 1521 1298 1574 ad
1333 1536 1450 1574 eam
1503 1519 1809 1573 translatio-

233 1634 352 1674 nem
376 1619 617 1672 adornati
655 1626 781 1670 sunt
822 1616 1024 1694 indices
1076 1616 1264 1668 horum
1316 1611 1692 1680 capitulorum,
1743 1609 1810 1664 de

233 1712 425 1780 quibus
446 1724 624 1764 sermo
652 1717 834 1763 noster
860 1719 962 1763 est.

1915 508 1962 562 si
1990 507 2292 564 divinorum
2319 510 2601 565 Librorum
2631 513 2952 579 percurrerit
2979 511 3162 566 titulos
3188 511 3351 568 hosce
3375 511 3493 582 qui-

1915 597 2013 652 bus
2034 599 2114 670 (ut
2139 615 2258 654 cum
2291 601 2613 656 Cassiodoro
2639 601 2848 672 loquar)
2871 616 3024 658 sacer
3053 611 3235 657 textus
3263 602 3494 674 quodam

1915 690 2069 744 nobis
2097 691 2416 759 compendio
2439 692 2686 760 panditur
2711 713 2722 743 ;
2758 692 3003 761 iisquoin
3030 693 3305 762 principiis
3328 693 3496 748 libro-

1914 797 2032 834 rum
2083 780 2150 835 de
2192 783 2439 837 universa
2481 784 2621 838 serie
2665 784 2910 839 lectionis
2945 784 3261 852 impressis,
3295 784 3495 840 utiliter

1913 869 2254 935 admonitus,
2299 872 2583 928 salubriter
2620 873 2871 928 reddatur
2923 883 3153 928 attentus
3179 913 3194 940 ,
3240 884 3294 928 et
3338 874 3493 930 facile

1915 976 2341 1030 unamquamque
2367 979 2479 1018 rem
2508 965 2633 1018 dum
2661 964 2852 1033 qua-rit
2874 1005 2888 1028 ,
2919 964 3176 1028 inveniat,
3202 980 3361 1034 quam
3389 965 3491 1021 sibi

1912 1056 2186 1123 cognoscit
2216 1056 2447 1110 breviter
2469 1057 2772 1111 indicatam.
2797 1056 3072 1111 Accedunt
3093 1066 3144 1110 et
3178 1056 3296 1110 aliae
3344 1055 3489 1112 haud

1911 1145 2088 1215 exigui
2113 1149 2367 1201 momenti
2400 1147 2652 1203 utilitates
2677 1165 2690 1201 :
2713 1163 2830 1201 nam
2860 1151 3056 1202 nostris
3080 1149 3159 1202 his
3181 1149 3346 1204 titulis
3376 1147 3491 1204 sive

1911 1237 2155 1304 CinlllliS
2185 1237 2249 1290 ad
2280 1238 2630 1293 vetustiorem
2653 1240 2797 1292 illam
2829 1238 3070 1292 Latinam
3109 1255 3174 1292 ex
3219 1237 3362 1293 LXX
3404 1237 3488 1293 ln-

1914 1327 2235 1393 terpretihus
2257 1327 2546 1383 editionem
2580 1346 2645 1384 ex
2673 1346 2737 1399 pa
2751 1341 2831 1384 rte
2861 1330 3138 1394 conlectis,
3168 1339 3222 1385 et
3242 1331 3492 1386 editionis

1913 1417 2151 1484 ejusdem
2173 1418 2347 1487 (cujus
2374 1419 2577 1472 nullum
2607 1420 2766 1474 hodie
2791 1421 3054 1490 integrata
3083 1430 3326 1488 superest
3347 1419 3491 1475 Lati-

1913 1504 2414 1578 nutn‘exemplum)
2453 1508 2748 1578 fragmenta
2793 1511 2983 1564 saltem
3035 1520 3387 1578 reparantur:
3437 1518 3494 1567 et

1910 1600 2160 1654 brevibus
2185 1602 2343 1654 veluti
2376 1601 2836 1656 commentariolis
2859 1602 3264 1656 manuducimur
3290 1602 3341 1654 in
3365 1617 3490 1671 pro-

1909 1692 2085 1761 phetis
2112 1694 2342 1747 maxime
2377 1693 2443 1746 ad
2475 1709 2688 1748 sensum
2725 1694 3019 1763 Scriptura:
3047 1696 3290 1750 altiorem
3318 1713 3330 1750 :
3358 1695 3484 1751 dttm

306 1803 390 1855 ιιι.
425 1802 540 1856 Jam
574 1802 806 1869 capitula
862 1801 1078 1861 isthmc,
1131 1799 1228 1852 etsi
1269 1797 1440 1851 aliena
1479 1810 1508 1848 a
1547 1795 1805 1849 Versione
1835 1789 1882 1847 B
1909 1783 2025 1836 solo
2046 1783 2193 1852 quasi
2219 1783 2369 1853 disiti
2398 1792 2526 1838 ηυιυ
2542 1784 2760 1852 pulchre
2784 1799 3060 1840 monemur
3082 1785 3170 1841 ubi
3190 1785 3484 1854 Christum.

233 1894 561 1963 Hieronymi,
590 1907 686 1946 nec
706 1892 821 1960 ejus
849 1901 1092 1958 respectu
1116 1888 1346 1958 genuina
1379 1901 1502 1941 esse
1535 1885 1811 1939 definitum

230 1985 318 2048 sit,
347 1999 408 2038 ea
435 1993 611 2038 tamen
635 1992 725 2036 aut
750 1982 1107 2052 aspernanda.
1145 1988 1236 2032 aut
1259 1975 1563 2046 abiicienda
1592 1975 1813 2030 minime

230 2090 447 2139 censeo;
477 2091 581 2128 non
622 2090 730 2128 uno
756 2075 897 2129 enim
927 2072 1085 2126 modo
1110 2071 1298 2139 juvare
1323 2077 1546 2139 possunt
1584 2067 1649 2121 ad
1679 2082 1804 2137 per-

232 2164 422 2218 fectam
451 2168 684 2234 antiquae
733 2165 968 2234 Vulgata:
997 2162 1199 2216 Latinae
1226 2161 1632 2237 cognitionemq
1660 2158 1810 2214 Unde

233 2257 425 2310 accidit
455 2266 514 2310 ut
544 2258 690 2310 hisce
713 2256 960 2323 capitulis
992 2255 1184 2321 ignotis
1203 2251 1344 2319 apud
1377 2251 1618 2304 eruditos
1643 2249 1811 2302 homi-

234 2363 352 2411 nes,
375 2347 666 2416 quemlibet
696 2345 794 2414 ipsi
843 2358 1080 2398 errorem
1109 2352 1484 2410 sequerentur,
1518 2341 1584 2394 de
1609 2341 1813 2394 addita-

235 2438 429 2493 ntentis
457 2437 658 2491 veteris
679 2435 1046 2490 translationis
1068 2433 1268 2487 Latina:
1287 2432 1639 2500 disputantes.
1675 2429 1812 2498 Quid

234 2551 361 2589 vero
417 2535 650 2588 habeant
688 2532 934 2586 utilitatis
981 2529 1180 2583 indices
1227 2527 1300 2580 illi
1353 2525 1706 2595 capitulorum
1746 2523 1811 2578 ad

233 2627 565 2681 dirimendas
607 2622 912 2694 hujusmodi
963 2621 1241 2676 doctorum
1276 2619 1511 2671 virorum
1563 2618 1704 2678 lites,
1746 2632 1813 2670 ex

234 2734 339 2772 uno
366 2719 599 2786 capitulo
621 2718 674 2770 in
695 2715 1002 2783 exemplum
1026 2712 1251 2766 adducto
1275 2708 1430 2763 facile
1449 2709 1662 2776 planum
1699 2708 1810 2760 tiet.

237 2807 563 2875 Ambiguum
610 2814 667 2860 et
708 2814 1112 2859 controversum
1181 2808 1263 2855 est
1330 2797 1470 2868 apud
1527 2798 1812 2852 nonnullos

236 2897 394 2963 hujus
445 2896 542 2948 mvi
593 2895 907 2963 scriptores,
960 2909 1026 2945 an
1074 2893 1125 2944 in
1156 2890 1320 2944 veteri
1373 2888 1594 2955 Vulgata
1645 2886 1813 2940 sancti

236 2984 471 3037 Matthmi
499 2998 616 3053 cap.
652 2985 744 3047 20,
779 2985 1043 3050 legeretur
1089 2979 1506 3033 additamentum
1550 2977 1811 3045 quoddam

235 3074 301 3125 ab
331 3074 627 3142 Evangelio
684 3073 742 3125 S.
775 3070 932 3124 Luca:
973 3077 1288 3122 mutuatum.
1321 3071 1580 3120 Asserunt
1602 3065 1812 3134 quidem

1918 1873 2251 1940 Ecclesiam,
2290 1876 2740 1946 Sacramentaque
2776 1892 2925 1931 novae
2963 1877 3118 1948 Legis
3162 1879 3263 1935 sub
3311 1879 3489 1951 typico

1916 1964 2095 2034 aliquo
2127 1966 2392 2021 velamine
2415 1967 2774 2036 requiramus.

2523 2097 2751 2152 CAPUT
2789 2098 2876 2152 Ill.

1919 2207 1992 2260 υε
2022 2223 2304 2262 ιπιιιτΑτε
2328 2222 2590 2262 ευιτιοιηις
2620 2223 2857 2270 ANTIQUE
2886 2209 3174 2270 VULGATE.
3205 2229 3272 2267 ετ
3295 2229 3361 2268 ΒΕ
3390 2230 3484 2270 ΥΕ-

1951 2313 2194 2351 τυετλτι
2223 2314 2287 2353 AC
2321 2314 2683 2353 PRAESTAITIA
2725 2315 3034 2357 NOSTBORUM
3065 2319 3178 2359 MSS.
3205 2319 3457 2361 εουιοωι.

1915 2412 1955 2466 Ι.
1985 2411 2139 2466 Juvat
2159 2413 2226 2466 ad
2255 2415 2566 2469 intellectum
2601 2413 2919 2484 Scriptum;
2960 2417 3026 2468 ad
3061 2416 3267 2470 recitata
3308 2435 3339 2470 a
3382 2417 3489 2472 Pa-

1985 2506 2142 2557 tribus
2161 2506 2445 2559 testimonia
2461 2505 2836 2574 comprobanda
2859 2521 2876 2570 ,'
2901 2515 2949 2558 et
2968 2508 3035 2557 ad
3060 2507 3488 2576 manifestandam

1985 2597 2138 2663 [idem
2170 2596 2410 2651 Ecclesite
2435 2598 2629 2651 veteris.
2661 2596 2725 2650 ll.
2755 2596 2881 2649 Ante
2909 2596 3217 2666 octingentos
3245 2607 3332 2650 aut
3358 2614 3486 2650 non-

1985 2697 2157 2756 gentos
2184 2703 2344 2739 annos
2367 2688 2549 2754 scripti
2569 2686 2766 2740 codices
2789 2687 2949 2740 nostri
2969 2701 2991 2751 ;
3018 2695 3062 2740 et
3086 2687 3138 2740 in
3165 2687 3488 2743 Monasteriis

1985 2775 2346 2846 insignioribus
2381 2778 2680 2831 conservati.

1987 2884 2024 2938 1.
2057 2884 2249 2940 Utilem
2297 2889 2494 2956 saepius
2528 2901 2647 2943 esse
2691 2888 3184 2958 interpretationem
3221 2889 3490 2948 diversam

1915 2977 2153 3043 ejusdem
2187 2977 2474 3046 Scripturre
2505 2980 2686 3034 docuit
2714 2981 2770 3036 S.
2805 2981 3211 3050 Augustiuusde
3235 2985 3488 3040 Doctrina

1916 3064 2213 3118 Christiana
2254 3067 2345 3119 lib.
2380 3081 2448 3131 tt,’
2485 3082 2600 3137 cap.
2648 3069 2730 3122 t2.
2782 3069 2990 3123 Etenim
3040 3071 3107 3125 de
3147 3072 3486 3130 multitudine

235 3162 312 3216 illi
341 3181 357 3227 ;
388 3173 587 3232 negant
615 3177 742 3215 vero
774 3161 882 3212 alii.
917 3158 1022 3212 Sed
1050 3174 1118 3212 ne
1166 3158 1362 3211 diutius
1405 3158 1470 3210 lis
1513 3155 1611 3208 sub
1634 3156 1814 3221 judice
1842 3167 1887 3228 α
1919 3155 2223 3209 Latinorum
2253 3158 2626 3226 interpretum,
2660 3169 2938 3228 postquam
2963 3163 3172 3216 monuit
3200 3163 3476 3228 lectarem,

235 3255 324 3319 sit,
347 3255 639 3309 consulant
669 3251 930 3320 triplicem
962 3249 1190 3304 indicem
1217 3248 1571 3316 capitulorum
1602 3262 1631 3300 a
1662 3247 1814 3301 nobis

233 3344 530 3407 editorum;
555 3351 612 3396 et
637 3345 803 3411 prior,
828 3341 1125 3408 tertiusque
1157 3338 1311 3392 index
1344 3339 1521 3390 statim
1548 3337 1814 3391 renuntia-

234 3435 312 3488 bit
339 3437 391 3488 in
446 3434 687 3502 plurimis
731 3433 962 3501 antiquae
989 3431 1225 3498 Vulgata:
1252 3421 1815 3496 exemplaribus‘pOsi-

235 3533 344 3578 tum
378 3525 547 3578 fuisse
583 3530 949 3578 assumentum
976 3522 1282 3591 praedictum
1311 3535 1324 3582 ;
1368 3534 1431 3571 ex
1460 3517 1687 3571 secunda
1720 3533 1814 3570 au-

235 3624 337 3669 teut
370 3617 516 3671 serie
547 3616 820 3669 titulorum
852 3613 1049 3682 liquide
1070 3613 1463 3667 demonstratur
1493 3626 1596 3662 non
1628 3623 1813 3663 omnes

233 3705 430 3772 ubique
482 3705 696 3756 codices
747 3717 930 3756 sacros
983 3703 1150 3755 sancti
1215 3701 1451 3754 Matthtei
1518 3700 1809 3752 admixtum

233 3792 490 3846 habuisse
518 3802 829 3846 contextum
857 3791 1112 3843 translata
1143 3791 1194 3842 in
1221 3805 1341 3843 eum
1367 3789 1593 3857 quadam
1643 3790 1811 3843 sancti

233 3885 391 3939 Lucae
421 3884 678 3954 parabula
710 3884 778 3938 de
806 3897 910 3936 non
947 3880 1256 3951 expetendis
1283 3879 1414 3933 locis
1443 3880 1812 3935 eminentiori-

233 3977 331 4031 bus
362 3977 416 4030 in
439 3991 614 4031 omna.
633 3976 692 4030 1n
722 3975 894 4046 primo
926 3973 1083 4043 igitur
1119 3971 1292 4026 indice
1313 3971 1391 4025 sic
1410 3985 1469 4024 se
1492 3970 1648 4024 habet
1681 3969 1808 4024 Bre-

233 4069 311 4122 vis
339 4087 408 4124 xx
437 4088 449 4122 :
484 4070 558 4123 De
580 4069 758 4139 primis
791 4067 1072 4121 novissimis
1097 4065 1301 4137 futuris.
1338 4061 1598 4115 Parubola
1625 4077 1808 4128 opera-

233 4161 428 4214 riorum
456 4163 511 4214 in
547 4161 742 4213 vincant
783 4157 1170 4210 conductorum.
1203 4153 1281 4207 De
1316 4154 1553 4223 petitione
1583 4152 1808 4219 ﬁliorum

232 4249 467 4303 Zebedaei
494 4266 512 4302 :
541 4248 611 4302 Et
659 4249 721 4301 de
757 4248 935 4315 primis
979 4243 1288 4297 accubitibus
1332 4256 1511 4294 egente.
1544 4240 1599 4292 lu
1652 4241 1807 4291 tertio

233 4327 429 4406 indice,
454 4342 556 4396 sub
583 4354 809 4395 numero
829 4337 917 4400 75,
949 4338 1066 4390 hate
1091 4335 1339 4402 leguntur
1369 4347 1381 4382 :
1424 4329 1490 4382 Et
1532 4330 1594 4383 de
1631 4330 1806 4398 primis

233 4434 478 4487 accubitt's
507 4445 681 4486 omnis.
711 4429 842 4496 Quae
874 4425 1112 4494 profecto
1130 4437 1233 4478 non
1255 4431 1456 4486 essent,
1489 4420 1586 4474 nisi
1615 4421 1666 4474 in
1710 4419 1807 4473 ali-

1916 3247 2094 3298 statitn
2127 3247 2225 3299 ista
2250 3247 2560 3316 subjungit:
2615 3247 2743 3312 Quae
2785 3249 2986 3319 quidem
3023 3265 3103 3304 res
3136 3251 3252 3319 plus
3289 3252 3485 3323 adjuvit

1914 3334 2317 3406 intelligentiam,
2345 3353 2495 3405 quam
2545 3339 2826 3407 impedivit,
2870 3341 2914 3393 si
2942 3342 3092 3394 modo
3122 3342 3337 3412 legentes
3385 3361 3487 3398 non

1912 3426 2014 3477 sint
2036 3427 2356 3495 negligentes.
2385 3427 2521 3480 Nam
2552 3433 2824 3484 nonnullas
2859 3431 3172 3487 obscuriores
3216 3436 3486 3489 sententias

1912 3516 2138 3583 plurium
2177 3520 2404 3569 codicum
2456 3536 2588 3586 ηερε
2634 3524 2974 3590 manifestavit
3031 3523 3308 3590 inspectio,
3353 3527 3486 3581 sicut

1911 3606 2043 3658 illud
2065 3604 2218 3660 Isaia:
2239 3610 2497 3676 prop/tcta:
2516 3625 2645 3663 unus
2675 3611 2919 3679 interpres
2949 3613 3019 3664 ait
3042 3627 3061 3665 .'
3081 3613 3147 3666 Et
3163 3613 3486 3672 domesticos

1913 3698 2134 3753 seminis
2163 3698 2234 3752 tui
2267 3715 2333 3754 ne
2358 3701 2668 3770 despexeris
2695 3699 2791 3770 (Is.
2817 3717 2962 3765 LVIII,
2991 3703 3048 3772 7)
3076 3721 3086 3755 :
3142 3705 3274 3757 alius
3315 3715 3484 3759 autent

1912 3789 1980 3839 ait
2005 3802 2024 3840 :
2055 3786 2122 3841 Et
2153 3803 2369 3847 carnem
2401 3799 2540 3844 tuam
2571 3806 2638 3845 ne
2665 3791 3014 3858 despexeris:
3047 3791 3264 3859 Uterque
3287 3794 3486 3846 sibimet

1910 3878 2122 3930 invicem
2150 3879 2430 3932 adtestatus
2457 3891 2551 3934 est.
2582 3879 2816 3948 Namque
2844 3883 2971 3935 alter
2991 3897 3052 3934 ea:
3079 3882 3242 3934 altero
3271 3883 3485 3952 exponi-

1911 3978 2033 4032 tur;
2086 3971 2205 4038 quia
2233 3982 2276 4025 et
2303 3988 2418 4025 caro
2449 3981 2613 4040 posset
2655 3973 2816 4042 accipi
2863 3972 3093 4041 proprie,
3152 3983 3241 4038 ut,
3298 3991 3484 4046 corpus

1909 4075 2055 4111 suum
2082 4061 2288 4128 quisque
2313 4076 2376 4114 ne
2405 4062 2700 4131 despiceret,
2727 4078 2780 4114 se
2805 4070 3002 4128 putaret
3050 4061 3364 4118 admonitum
3388 4083 3408 4132 ;
3436 4075 3484 4122 et

1910 4151 2170 4202 domestici
2190 4152 2394 4203 seminis
2421 4153 2684 4214 translate,
2718 4150 2995 4205 Christiani
3021 4166 3224 4222 possent
3243 4158 3483 4230 intelligi,

1907 4255 1969 4292 ea:
1991 4239 2166 4291 eodem
2193 4239 2326 4291 verbi
2347 4241 2537 4293 semine
2559 4241 2816 4295 nobiscum
2847 4244 3152 4314 spiritaliter
3178 4250 3320 4302 nati:
3351 4265 3486 4304 nunc

1906 4340 2071 4382 autem
2098 4329 2284 4383 collato
2310 4331 2644 4400 interpretum
2669 4349 2840 4397 sensu,
2901 4336 3215 4406 probabilior
3259 4341 3485 4394 occurrit

1908 4424 2153 4482 sententia
2202 4425 2404 4494 preprie
2445 4425 2527 4479 de'
2558 4429 2944 4499 consanguineis
2996 4446 3098 4484 non
3144 4433 3481 4502 despiciendis

231 4535 359 4589 quot
386 4521 785 4590 exemplaribus
819 4518 1050 4586 antiqua
1077 4515 1314 4585 Vulgata:
1349 4513 1600 4583 parabola
1646 4513 1804 4568 Luca:
1830 4519 1882 4580 1)
1908 4531 2014 4569 esse
2051 4525 2373 4586 praceptum,
2398 4519 2638 4585 quoniam
2677 4519 2974 4575 domesticos
3000 4523 3241 4588 seminis,
3271 4541 3382 4576 cum
3411 4523 3482 4575 ad

233 4614 299 4669 de
329 4613 575 4668 invitatis
595 4611 663 4664 ad
691 4601 901 4678 nuptias
941 4618 1194 4677 tanquam
1216 4622 1338 4662 vera
1371 4621 1494 4674 pars
1529 4615 1810 4661 contextus

233 4705 368 4759 sacri
407 4704 516 4756 hoc
554 4700 784 4755 Matthxi
830 4701 947 4754 loco
994 4700 1188 4768 scripta
1253 4699 1544 4767 legeretur.
1598 4698 1812 4767 Aliquot

234 4803 438 4848 tantum
469 4791 796 4861 exemplaria
839 4790 960 4846 dico
990 4791 1237 4846 habuisse
1265 4789 1394 4844 illud
1422 4799 1808 4854 assumentum;

233 4889 354 4954 quia
373 4896 586 4942 certum
612 4891 787 4938 exstat
821 4898 889 4938 ex
918 4883 1060 4938 serie
1089 4880 1325 4936 secunda
1371 4879 1808 4948 capitulationnm

234 4977 374 5031 idem
405 4978 726 5031 abfuissein
751 4975 872 5030 aliis
895 4975 1038 5028 Itala:
1067 4974 1326 5027 versionis
1353 4972 1648 5034 codicibus.
1678 4971 1808 5025 Nam

233 5067 550 5134 capitulatio
594 5083 722 5120 LVIII
765 5065 927 5135 hujus
967 5064 1229 5134 parabolae
1255 5063 1534 5119 adscititiee
1567 5079 1671 5119 non
1702 5079 1811 5120 me-

236 5157 410 5222 minit,
449 5154 528 5208 De
554 5155 676 5221 ﬁliis
711 5155 944 5209 Zebedtei
962 5170 981 5218 ;
1009 5164 1055 5208 et
1081 5154 1143 5206 de
1182 5153 1390 5206 minimo
1428 5157 1649 5224 majores
1679 5157 1810 5224 ﬁeri.
1845 5150 1847 5153 ’

242 5230 438 5302 verum
456 5243 584 5315 quid
609 5245 660 5297 in
693 5242 776 5296 bis
798 5242 1141 5298 recensendis
1159 5241 1358 5297 diutius
1381 5245 1657 5311 immoror,
1691 5262 1809 5301 cum

238 5316 521 5404 plusquam
542 5334 672 5389 satis
697 5331 765 5386 de
807 5332 994 5386 eodem
1024 5341 1340 5402 argumento
1363 5335 1414 5388 in
1447 5336 1587 5389 notis
1613 5337 1809 5391 nostris

239 5425 619 5494 prolixioribus
651 5422 852 5479 Gallico
881 5421 1132 5476 idiomale
1161 5425 1370 5493 scriptis
1401 5425 1804 5494 disputaverim.

308 5518 382 5569 De
403 5515 595 5569 eadem
627 5529 757 5570 vero
794 5512 1020 5567 utilitate
1053 5513 1402 5579 capitulorum
1452 5515 1601 5570 libris
1639 5519 1809 5572 sacris

238 5606 583 5676 prtefixorutn
658 5603 957 5660 disserebat
1023 5603 1258 5657 eruditus
1323 5607 1599 5675 presbyter
1648 5605 1810 5660 Carus

242 5696 562 5767 prmlatione
592 5696 644 5751 iu
667 5711 818 5752 suam
835 5705 1076 5754 veterum
1096 5693 1366 5749 titulorum
1410 5696 1808 5754 collectionem.

1915 4624 2115 4662 carnem
2134 4610 2388 4674 retuleris,
2422 4611 2784 4681 consanguinei
2827 4614 3138 4680 potissimum
3183 4622 3476 4679 occurrunt,

1913 4707 2015 4752 etc.
2051 4699 2202 4763 Quod
2253 4715 2353 4754 una
2384 4699 2535 4754 Isaia:
2571 4701 2836 4755 sententia
2861 4701 3190 4755 demonstrat
3228 4701 3481 4771 Augusti-

1915 4803 2035 4854 nus,
2062 4789 2112 4841 in
2148 4798 2394 4858 promptu
2415 4790 2570 4844 nobis
2597 4799 2678 4844 est
2705 4791 2972 4844 sexcentis
2989 4805 3056 4844 ex
3079 4789 3311 4846 Matthxi
3350 4792 3482 4849 Itala

1913 4880 2158 4933 versione
2181 4880 2442 4946 exemplis
2471 4880 2719 4932 evincere
2747 4898 2760 4933 :
2785 4879 2907 4947 quia
2933 4889 3195 4950 quotquot
3220 4893 3345 4938 sunt
3390 4899 3484 4938 va-

1913 4969 2113 5023 riantes
2143 4969 2194 5021 in
2228 4967 2603 5036 manuscriptis
2638 4966 2912 5025 codicibus
2955 4970 3232 5040 lectiones,
3259 4982 3339 5027 tot
3365 4973 3484 5029 fere

1912 5059 2255 5112 inveniuntur
2275 5059 2640 5126 expositiones
2663 5072 2948 5118 contextus
2969 5064 3106 5118 sacri
3137 5081 3150 5117 :
3179 5066 3316 5120 sicut
3350 5063 3480 5120 illud

1915 5149 2132 5203 Joannis
2163 5147 2416 5217 Baptistae
2459 5151 2524 5204 ad
2574 5151 2789 5207 Judaaos
2815 5169 2828 5206 :
2859 5151 2927 5205 Et
2955 5154 3107 5208 nolite
3134 5156 3302 5208 dicere
3338 5155 3477 5208 intra

1911 5255 2017 5300 vos,
2051 5237 2256 5294 Patrem
2282 5240 2524 5296 habemus
2551 5242 2829 5309 Abraham,
2864 5243 3142 5299 obscurius
3164 5246 3394 5314 positum
3425 5245 3480 5300 in

1911 5330 2131 5401 Vulgata
2180 5332 2464 5398 hodierna,
2508 5341 2564 5387 et
2601 5334 2655 5389 in
2697 5335 2882 5391 codice
2941 5337 3248 5392 Corbeiensi
3282 5337 3481 5390 veteris

1912 5423 2295 5488 translationis,
2319 5424 2606 5481 manifeste
2627 5427 2922 5482 declaravit
2941 5429 3153 5484 varians
3172 5429 3332 5484 lectio
3346 5429 3481 5482 San~

1907 5514 2286 5570 Germanensis
2314 5519 2635 5587 exemplaris
2674 5539 2686 5574 :
2719 5519 2955 5574 Etnolite
2983 5524 3221 5590 proferre
3241 5525 3330 5575 vos
3349 5562 3364 5588 ,
3395 5523 3480 5577 dic

1912 5616 2095 5671 centes,
2126 5605 2333 5658 Putrem
2355 5609 2594 5663 habemus
2623 5611 2894 5663 Abraham.
2927 5610 3128 5664 Sensus
3155 5610 3336 5679 itaque
3400 5613 3484 5668 in-

1913 5696 2184 5768 crepantis
2213 5698 2447 5769 liquidus
2478 5710 2580 5768 est,
2606 5716 2727 5756 cum
2769 5699 2985 5769 dicitur,
3031 5700 3186 5757 nolite
3239 5702 3485 5779 praferrs
