3902 6450
252 414 261 421 .
338 370 407 425 (Π
1684 362 2210 424 PBOLEGOMENA.
2560 402 2565 407 ~
3478 371 3567 427 «θα

336 494 422 532 vos
451 495 464 530 :
500 492 619 531 nam
645 476 785 531 illam
819 483 1021 533 tantum
1059 475 1415 546 arrogantiam
1458 473 1760 529 Judaaorum
1812 489 1897 527 re-
1929 479 1975 534 Α
2004 473 2257 543 mysterio
2281 472 2437 527 ﬁxam
2467 481 2741 544 ratamque
2762 471 3009 527 habuisse
3028 473 3274 543 antiquos
3296 473 3485 530 Patres
3503 489 3568 530 ac

338 566 517 620 tundit
549 564 811 631 Joannes,
860 568 1164 634 neutiquam
1202 579 1371 635 genus
1398 579 1464 617 ex
1512 562 1772 617 Abraham
1806 563 1901 616 de-

341 656 555 711 ductum
584 657 912 725 vituperans.
941 655 1196 711 Eamdem
1230 653 1383 707 aﬂ'ert
1426 654 1595 708 lucem
1634 653 1752 706 huic
1778 666 1902 706 sen-

344 753 521 806 tentia:
550 751 779 805 Matthaei
808 742 987 803 :Bé‘ati
1019 749 1387 828 misericordes,
1418 748 1655 815 quoniam
1683 747 1780 815 ipsi
1806 745 1903 797 mi-

344 844 667 898 sericordiam
695 853 1076 908 consequentur,
1123 840 1290 894 codex
1337 836 1903 899 San-Germauensis;

344 935 435 989 ubi
460 936 678 1003 tegimus
703 950 715 985 :
742 932 883 987 Beati
912 930 1280 994 misericordes,
1298 931 1533 998 quoniam
1558 930 1683 998 ipsis
1704 926 1909 979 misere-

343 1024 477 1078 bitur
505 1024 660 1078 Deus.
693 1024 874 1078 Potest
902 1024 1045 1077 enim
1084 1020 1203 1087 quis
1223 1020 1463 1090 Vulgata:
1507 1017 1724 1073 lectioni
1771 1018 1908 1070 hunc

339 1116 964 1178 tribuereintellectum,
994 1122 1050 1167 ut
1075 1113 1164 1182 qui
1204 1110 1481 1165 hominum
1524 1108 1609 1163 sui
1654 1108 1909 1163 similium

345 1208 589 1263 laborum
639 1208 960 1271 miseretur,
1004 1205 1120 1274 ejus
1167 1216 1379 1271 quoque
1428 1203 1481 1255 iu
1535 1200 1803 1255 laboribus
1858 1205 1911 1251 et

347 1298 599 1355 aerumnis
661 1297 931 1352 constituti
985 1296 1340 1351 misereantur
1398 1292 1584 1345 caeteri
1644 1289 1908 1343 homines.

348 1390 454 1446 Sed
477 1390 614 1443 alius
640 1390 905 1457 interpres
934 1386 1093 1440 docet
1122 1383 1521 1439 misericordem
1552 1395 1814 1451 quemque
1856 1377 1911 1432 id

351 1496 416 1537 ex
446 1497 539 1534 sua
571 1477 933 1533 misericordia
961 1485 1245 1545 expectare
1265 1488 1418 1542 posse
1441 1515 1455 1538 ,
1488 1473 1627 1542 quod
1659 1472 1773 1540 ejus
1792 1472 1915 1523 sine

348 1571 510 1625 dubio
544 1570 681 1623 Deus
715 1568 927 1621 tandem
960 1566 1322 1620 miserebitur.
1354 1564 1518 1619 Obvia
1550 1572 1675 1617 sunt.
1726 1565 1916 1629 cuique

353 1664 406 1717 iu
434 1673 631 1725 nostra,
663 1659 897 1714 Matthaei
924 1660 1140 1725 antiqua
1169 1658 1391 1726 Vulgata
1417 1656 1670 1710 similium
1706 1653 1917 1706 varian-

356 1756 485 1815 tium
521 1753 807 1808 lectionum
838 1750 1080 1817 exempla
1126 1750 1403 1803 innumera
1437 1764 1450 1799 :
1499 1761 1664 1816 quare
1714 1744 1917 1799 nullum

357 1843 498 1897 aliud
529 1838 1338 1908 inpraesentiarumadjiciemus.

430 1932 651 1984 Multum
678 1930 834 1983 etiam
863 1930 1009 1995 juvat
1046 1929 1209 1982 editio
1250 1936 1429 1980 nostra
1467 1927 1531 1979 ad
1563 1926 1920 1980 conﬁrmanda

359 2022 579 2077 recitata
608 2035 658 2075 a.
692 2020 785 2074 SS.
822 2020 1063 2073 Patribus
1100 2019 1392 2086 Scriptura:
1430 2018 1731 2072 testimonia
1755 2057 1770 2083 ,
1809 2034 1923 2085 qua:

360 2113 555 2184 smpius
576 2114 761 2165 vitiosa
790 2111 952 2165 fuisse
978 2111 1354 2165 nonnullorum
1378 2111 1683 2163 criticorum
1714 2124 1927 2177 perver-

362 2220 418 2259 sa
441 2205 634 2258 asserit
660 2204 956 2259 contentio.
990 2203 1147 2269 Tales
1174 2203 1356 2255 audivi
1396 2202 1657 2267 dicentes,
1691 2201 1923 2253 incurio-

360 2310 451 2349 sos
477 2310 595 2349 esse
628 2296 829 2362 priscos
858 2294 1104 2347 doctores
1138 2292 1529 2347 ecclesiasticos
1554 2332 1570 2357 ,
1615 2291 1799 2359 utpote
1838 2291 1927 2360 qui

363 2388 671 2441 memoriter
702 2386 1100 2453 Scriptor-arum
1131 2385 1289 2437 verba
1322 2387 1638 2449 recitantes,
1673 2398 1811 2436 nunc
1834 2383 1927 2435 ad-

361 2477 511 2541 dant,
537 2491 675 2529 nunc
697 2474 960 2536 auferant,
994 2490 1131 2527 nunc
1160 2474 1400 2527 ordinem
1432 2487 1737 2541 perversum
1778 2472 1828 2524 iu
1852 2470 1929 2523 eis

362 2578 675 2636 sequantur.
718 2566 877 2633 Quasi
930 2565 1061 2618 nihil
1108 2566 1342 2632 ipsorum
1408 2565 1691 2616 interesset
1741 2561 1931 2629 quibus

364 2662 543 2715 verbis
570 2660 936 2729 proferrentur
956 2660 1169 2711 oracula
1201 2655 1421 2720 Christi,
1446 2664 1499 2708 et
1530 2656 1927 2723 prophetarum,

364 2752 524 2805 modo
547 2751 725 2803 sensui
757 2758 811 2803 et
834 2748 1201 2818 intelligentia:
1248 2748 1489 2801 recitatio
1528 2760 1632 2799 non
1666 2746 1925 2798 nocuerit.

364 2843 466 2899 Sed
497 2843 790 2896 istiusmodi
823 2839 1215 2907 SUSpicionibus
1240 2839 1576 2893 reclainitant
1605 2835 1931 2905 exemplaria

366 2935 562 2989 Italica:
588 2933 871 2997 versionis,
907 2946 967 2985 ac
990 2931 1271 2999 religiosos
1296 2930 1459 2982 fuisse
1484 2930 1668 2981 Patres
1696 2927 1747 2979 in
1770 2928 1933 2979 citan-

374 3026 457 3081 dis
488 3023 677 3076 divinis
708 3023 997 3092 Scripturis
1020 3022 1185 3089 probe
1207 3020 1596 3073 demonstrant.
1620 3015 1749 3070 Cuut
1779 3016 1934 3083 igitur

372 3113 513 3181 apud
539 3114 683 3181 ipsos
706 3113 958 3179 plurimas
988 3112 1179 3179 legeris
1209 3108 1501 3161 sententias
1530 3106 1701 3159 textui
1722 3105 1934 3158 hodier-

2010 563 2245 617 ﬁdelium
2296 564 2496 631 plebes.
2536 564 2589 618 ld
2632 564 2769 617 enim
2802 579 2901 616 non
2950 563 3177 617 obscure
3207 564 3456 618 indicavit
3481 579 3569 618 ca-

2009 655 2228 723 pitulum
2264 655 2362 708 106
2391 655 2533 708 tertii
2580 655 2801 721 indicis,
2850 653 2987 724 quod
3032 654 3115 709 his
3157 654 3364 710 duobus
3392 656 3571 711 verbis
3624 698 3629 699 ν

2008 746 2329 807 continetur,
2365 743 2566 797 Oblatio
2594 747 2720 815 ejus.
2758 746 2953 799 Deinde
2980 746 3029 798 in
3059 760 3188 799 mss.
3221 740 3406 802 codice
3436 746 3569 801 Cor-

2010 836 2233 901 beiensi,
2264 845 2381 906 post
2407 838 2565 891 verba
2589 836 2811 892 Christi:
2841 838 2950 891 Hoc
2974 848 3043 892 est
3064 854 3246 901 corpus
3268 855 3449 907 meum,
3477 840 3573 895 ad-

2010 927 2117 980 dita
2146 936 2268 981 sunt
2296 928 2416 993 ista,
2448 928 2583 998 quod
2610 944 2703 997 pro
2726 929 2860 983 vobis
2890 929 3135 983 tradetur.
3159 928 3310 985 Unde
3329 940 3571 1001 apparet,

2010 1017 2327 1071 vetustiores
2370 1018 2635 1071 Ecclesias
2659 1057 2674 1083 ,
2718 1033 2833 1072 eum
2874 1034 3050 1073 veram
3084 1018 3430 1085 Oblationem,
3461 1032 3572 1076 tum

2014 1106 2278 1173 propriam
2318 1105 2516 1160 Christi
2561 1106 2891 1161 substantiam
2937 1109 2989 1162 in
3034 1118 3365 1164 sacramento
3392 1110 3575 1164 altaris

2014 1197 2179 1252 fuisse
2205 1198 2491 1267 professas.

2084 1290 2146 1343 ll.
2180 1290 2559 1360 Antiquitatem
2590 1305 2728 1345 nunc
2753 1298 2806 1345 et
2832 1292 3183 1360 praestantiam
3209 1291 3450 1347 codicum
3475 1307 3573 1348 uo-

2017 1389 2246 1434 strorum
2300 1381 2776 1451 Manuscriptorum
2830 1383 2972 1438 brevi
3025 1399 3272 1439 sermone
3321 1384 3581 1453 perstrin-

2017 1486 2167 1540 gam;
2196 1487 2282 1526 res
2310 1486 2539 1541 namque
2561 1474 2740 1526 istbaac
2761 1474 2934 1542 potius
2962 1474 3128 1529 oculis
3151 1475 3396 1541 testibus,
3423 1490 3580 1544 quam

2021 1563 2345 1629 argumentis
2395 1564 2684 1631 percipitur
2712 1578 2775 1616 ac
2816 1564 3229 1619 demonstratur.
3274 1564 3342 1619 Et
3387 1565 3583 1620 utinam

2022 1663 2147 1721 quot
2177 1660 2299 1705 sunt
2330 1654 2379 1706 in
2414 1653 2541 1705 orbe
2567 1653 2857 1708 christiano
2900 1654 3041 1709 docti
3069 1656 3379 1725 expertique
3416 1656 3586 1709 homi-

2024 1757 2150 1807 nes,
2185 1753 2257 1796 tot
2286 1752 2467 1797 essent
2496 1744 2820 1813 inspectores
2846 1746 3225 1815 exemplarium
3255 1757 3583 1802 nostrorum.

1954 1843 1998 1902 Β
2025 1833 2222 1897 Fallor,
2267 1836 2366 1890 nisi
2412 1835 2605 1904 ubique
2633 1836 2867 1905 gentium
2899 1847 3059 1891 testes
3095 1838 3412 1892 accederent
3452 1839 3589 1893 anti-

2025 1926 2273 1994 quitatis,
2303 1943 2459 1995 quam
2507 1942 2613 1996 pra:
2642 1941 2699 1981 se
2744 1928 2919 1982 ferunt
2944 1929 3177 1998 praedicti
3215 1930 3447 1985 codices.
3478 1928 3589 1984 Nec

2026 2018 2248 2073 miretur
2264 2022 2385 2089 quis
2410 2036 2579 2074 meam
2611 2021 3004 2087 conﬁdentiam,
3033 2022 3152 2087 quia
3176 2037 3243 2077 ex
3270 2022 3591 2090 praajudiciis

2028 2108 2263 2163 virorum
2305 2110 2580 2164 doctorum
2622 2120 2793 2165 ortum
2827 2112 2877 2163 in
2920 2126 3003 2165 me
3030 2096 3231 2165 habuit.
3265 2111 3473 2179 Unum,
3506 2111 3590 2167 vel

2029 2202 2161 2255 duos
2188 2200 2401 2271 profero
2442 2210 2602 2256 testes
2632 2200 2694 2255 V.
2725 2200 2784 2255 C.
2826 2200 2887 2254 F.
2923 2202 3231 2266 Desmares,
3274 2211 3330 2257 et
3364 2202 3594 2273 Stepha-

2031 2308 2154 2345 num
2194 2293 2453 2361 imprimis
2490 2292 2788 2359 Baluzium,
2815 2293 2964 2360 cujus
3004 2293 3240 2348 consiliis
3279 2304 3333 2349 et
3360 2294 3593 2359 amicitia

2031 2392 2176 2437 tanto
2223 2385 2427 2437 felicius
2474 2393 2615 2445 utor,
2658 2394 2853 2453 quanto
2903 2386 3166 2439 sincerum
3217 2387 3385 2456 magis
3428 2387 3481 2440 in
3529 2400 3595 2441 eo

2031 2484 2213 2541 peetus
2257 2486 2467 2538 semper
2496 2483 2742 2541 expertus
2790 2488 2935 2537 sum,
2968 2475 3220 2543 omnique
3260 2485 3503 2544 tempore
3539 2479 3591 2528 in

2031 2561 2231 2613 amicos
2272 2561 2741 2628 promptissimum.
2773 2560 2822 2613 ls
2867 2577 2994 2631 ergo
3035 2577 3132 2616 usu
3180 2573 3235 2618 et
3264 2566 3595 2619 volutatione

2034 2653 2493 2706 innumerabilium
2523 2669 2652 2707 mss.
2684 2655 2921 2708 codicum
2946 2656 3377 2725 locupletissimae
3401 2656 3595 2712 biblio-

2034 2744 2199 2797 thecas
2233 2742 2549 2797 Colberlinae
2598 2746 2875 2809 subactus,
2924 2744 3299 2801 Corbeieusetn
3352 2758 3594 2802 nostrum

2035 2834 2267 2889 Matthzei
2313 2835 2547 2888 codicem
2588 2845 2709 2889 ante
2751 2837 3080 2906 octingentos
3122 2854 3289 2892 annos
3336 2842 3594 2905 scriptum

2035 2944 2153 2982 esse
2184 2927 2314 2980 mihi
2344 2928 2626 2981 concessit.
2656 2928 2761 2982 Nec
2807 2930 3098 2994 immerito,
3130 2946 3248 2984 cum
3278 2932 3349 2985 sit
3377 2932 3429 2985 in
3460 2932 3598 2986 auti-

2034 3022 2153 3088 quis
2181 3021 2503 3073 membranis
2528 3034 2771 3077 exaratos
2805 3025 2991 3077 litteris
3036 3026 3345 3092 Saxonicis,
3382 3026 3463 3081 vel
3487 3026 3596 3081 Me-

2035 3112 2317 3178 rovingicis
2357 3128 2368 3163 :
2408 3113 2620 3166 mixtam
2664 3116 2802 3167 enim
2848 3116 3005 3170 habet
3051 3118 3435 3172 elementorum
3488 3116 3599 3171 for-

369 3220 451 3259 nae
482 3202 719 3270 Volgatze
743 3202 958 3253 minime
985 3198 1401 3261 consentientes,
1427 3211 1530 3251 non
1552 3197 1728 3248 statim
1756 3210 1932 3247 erutn-
1958 3201 2001 3261 ρ
2035 3216 2195 3253 mam.
2242 3202 2314 3253 De
2368 3201 2850 3256 San-Gcrmauensi
2878 3204 3169 3271 exemplari
3207 3206 3478 3275 eleganter
3504 3206 3597 3262 de-

372 3310 468 3364 pas
495 3296 544 3348 in
568 3308 774 3357 vocem,
804 3306 986 3346 eorum
1009 3292 1237 3344 titubare
1270 3289 1424 3342 Iidem
1453 3306 1466 3351 ;
1491 3287 1790 3346 clamitans.
1814 3286 1933 3352 quia

365 3386 505 3456 quod
552 3387 623 3437 tui
675 3384 886 3438 codices
916 3380 1131 3447 habent,
1171 3381 1221 3434 id
1275 3379 1575 3447 stepissime
1619 3392 1724 3431 non
1770 3376 1934 3429 habe-

369 3478 495 3531 bant
524 3476 733 3530 Patrum
764 3473 1127 3541 exemplaria;
1154 3473 1234 3525 vel
1270 3474 1444 3540 potius
1492 3470 1565 3524 tui
1606 3485 1709 3523 non
1741 3468 1937 3522 habent

371 3569 604 3633 codices,
636 3566 773 3635 quod
799 3566 870 3619 illi
898 3566 1142 3631 legebant
1164 3563 1383 3631 passim.
1423 3563 1513 3618 Sic
1550 3562 1659 3616 Leo
1690 3561 1935 3629 Magnus,

369 3666 423 3711 et
454 3669 575 3709 ante
600 3672 721 3710 eum
746 3655 997 3721 Hilarius,
1032 3664 1087 3710 et
1110 3655 1429 3709 Ambrosius
1483 3655 1665 3721 legunt
1697 3671 1709 3704 :
1756 3651 1820 3702 Et
1885 3661 1937 3701 ιη

368 3746 627 3801 Bethleem
672 3744 871 3798 Judaaw
902 3785 916 3808 ,
975 3761 1075 3796 non
1126 3755 1198 3797 est
1241 3744 1452 3795 minima
1498 3743 1627 3793 inter
1674 3740 1941 3807 principes

367 3838 509 3892 Juda
540 3854 559 3891 :
613 3852 676 3890 ea:
700 3846 745 3890 te
774 3837 905 3889 enim
933 3836 1057 3887 exiet
1084 3832 1351 3901 Princeps,
1399 3833 1484 3899 qui
1527 3843 1667 3900 regat
1697 3831 1938 3898 populant

368 3944 531 3981 meum
554 3928 734 3981 Israel.
760 3927 989 3995 Legebat
1019 3924 1233 3979 Lucifer
1272 3923 1607 3977 Calaritanus
1631 3936 1644 3973 :
1670 3919 1731 3973 Et
1785 3921 1941 3973 nolite

371 4023 610 4086 prteferre
656 4035 763 4081 vos,
804 4019 1066 4071 dicentes:
1113 4015 1319 4068 Patrem
1364 4013 1603 4065 habemus
1662 4011 1937 4063 Abraham.

370 4107 707 4161 Chromatius
729 4108 1118 4176 Aquileiensis:
1150 4104 1296 4158 Beati
1336 4104 1486 4167 estis,
1521 4118 1631 4154 cum
1663 4116 1746 4153 vos
1777 4115 1942 4169 persc-

371 4208 616 4266 quuntur,
650 4206 693 4250 et
718 4199 1016 4265 exprobant,
1048 4207 1093 4251 et
1110 4197 1282 4249 dicunt
1302 4210 1447 4253 omne
1466 4194 1656 4246 malunt
1677 4192 1941 4243 adversum

369 4306 454 4342 vos
484 4291 976 4357 proptcrjttstiliam,
1003 4297 1317 4343 mentientes.
1348 4289 1590 4356 Denique
1616 4285 1939 4355 Cyprianus,

380 4386 434 4431 et
461 4377 548 4429 alii
575 4394 588 4429 :
621 4374 732 4443 Ego
755 4376 841 4428 tibi
870 4377 1002 4437 dico,
1027 4377 1143 4439 quia
1171 4386 1223 4427 tu
1246 4392 1297 4427 es
1325 4376 1528 4436 Petrus,
1547 4386 1593 4427 et
1620 4392 1771 4441 super
1794 4378 1943 4426 istaut

370 4476 565 4539 petram
594 4466 856 4537 wdiﬁcabo
891 4464 1170 4516 Ecclesium
1196 4480 1377 4525 nteant,
1408 4470 1456 4515 et
1482 4474 1641 4531 porta:
1662 4464 1943 4529 inferorum

2043 3290 2275 3357 scripto,
2307 3300 2619 3359 vetustoque
2647 3293 2983 3359 charactere,
3016 3293 3154 3348 idem
3203 3295 3301 3349 fuit
3338 3295 3597 3364 judicium

2040 3382 2175 3449 apud
2208 3382 2397 3434 multos
2426 3381 2691 3435 studiosos
2722 3382 2995 3449 homines,
3032 3384 3082 3436 in
3115 3384 3274 3437 rebus
3304 3385 3470 3439 sacris
3490 3426 3503 3447 ,
3535 3399 3597 3440 ac

2041 3474 2093 3526 in
2123 3474 2384 3527 veteribus
2408 3476 2763 3528 monumentis
2787 3475 3057 3538 curiosos;
3083 3490 3308 3543 quorum
3331 3475 3595 3542 alloquiis,

2037 3572 2091 3617 ct
2126 3563 2477 3617 l'atniliaritate
2504 3565 2901 3632 cohonestatus,
2934 3565 3187 3619 videndos
3211 3566 3337 3635 ipsis
3362 3581 3424 3621 ac
3446 3582 3596 3621 scru-

2037 3654 2225 3707 tandos
2252 3669 2351 3705 non
2375 3668 2493 3705 raro
2516 3652 2726 3708 exhibui
2749 3655 2957 3708 codices
2984 3654 3377 3722 manuscriptos
3405 3654 3598 3709 Italicae

2039 3741 2317 3795 versionis.
2368 3741 2588 3797 Sodalos
2638 3758 2785 3798 meos
2834 3760 2895 3797 ac
2942 3745 3403 3815 compresbyteros
3448 3754 3600 3801 taceo

2040 3836 2359 3900 monachos,
2392 3836 2629 3905 quamvis
2674 3836 2907 3890 nonnulli
2949 3851 3011 3889 ex
3043 3837 3155 3901 eis,
3188 3837 3398 3891 nemine
3427 3836 3601 3891 recla-

2039 3935 2247 3986 mante,
2288 3926 2662 3978 eonsnltissimi
2711 3927 3001 3978 habeantur
3049 3926 3101 3978 iu
3148 3926 3247 3979 hoc
3287 3927 3599 3982 eruditionis

2039 4030 2254 4086 genere.
2288 4013 2389 4069 Sed
2424 4016 2596 4067 nullus
2627 4031 2654 4068 a
2680 4014 2854 4083 seipso
2876 4056 2890 4079 ,
2922 4024 3011 4067 aut
3039 4029 3066 4067 a
3096 4016 3207 4067 suis
3236 4017 3596 4071 testimonium

2041 4106 2282 4173 accipere
2310 4104 2496 4158 solitus
2524 4115 2632 4177 est,
2655 4105 2893 4165 Demum,
2918 4109 2974 4153 ut
3001 4119 3103 4155 uno
3124 4103 3289 4157 verbo
3307 4105 3596 4172 absolvam,

2043 4201 2240 4263 praesto
2271 4201 2390 4247 sunt
2430 4194 2773 4262 manuscﬁpti
2805 4193 2969 4251 nostri
3009 4191 3254 4246 omnibus
3299 4208 3598 4260 repraesen-

2044 4285 2185 4339 tandi
2212 4286 2467 4347 curiosis,
2499 4285 2587 4354 qui
2616 4285 2680 4340 de
2702 4300 2882 4339 eorum
2916 4282 3130 4353 probata
3160 4292 3419 4338 vetustate
3444 4286 3598 4340 dubi-
3624 4320 3629 4325 -

2044 4386 2157 4429 tare
2184 4377 2469 4429 voluerint.
2814 4384 2817 4391 '

2116 4467 2229 4518 Dixi
2274 4475 2615 4520 conservatos
2662 4467 2823 4521 fuisse
2867 4465 3077 4520 codices
3121 4474 3334 4519 nostros
3371 4467 3605 4534 peranti-

365 4577 468 4615 non
493 4562 689 4612 vincent
716 4574 846 4620 eam,
880 4565 984 4609 etc.
1018 4554 1213 4609 Verum
1261 4554 1387 4623 quid
1419 4556 1591 4608 otiose
1612 4594 1626 4617 ,
1662 4556 1758 4607 ista
1792 4568 1938 4607 com-
1962 4554 2013 4611 D
2038 4568 2169 4620 quos
2197 4554 2341 4607 Itala:
2393 4557 2650 4609 versionis
2704 4558 2754 4610 in
2811 4556 3147 4610 monasteriis
3176 4555 3603 4624 .insignioribus.

371 4636 752 4709 memoramus,
784 4645 998 4717 quando
1019 4644 1349 4699 sufﬁcienter
1389 4660 1417 4697 a
1459 4644 1612 4698 nobis
1654 4645 1775 4698 alibi
1820 4659 1939 4712 per-

368 4750 587 4794 tractata
619 4741 880 4809 lcgantur.
942 4735 1199 4789 Consulat
1228 4749 1357 4803 ergo
1379 4735 1625 4787 curiosus
1654 4735 1820 4787 lector
1845 4749 1939 4786 au-

370 4832 672 4883 notutiones
703 4839 911 4883 nostras
936 4827 1167 4897 prolian
1191 4826 1476 4881 vernaculo
1503 4842 1752 4880 sermone
1801 4825 1933 4877 scri-

373 4930 489 4987 ptas
519 4921 569 4970 in
601 4922 898 4971 versionem
932 4918 1167 4971 Italicam
1201 4936 1214 4970 :
1242 4928 1296 4972 et
1320 4918 1460 4971 illico
1508 4917 1659 4972 fateri
1712 4925 1937 4985 cogetur

374 5022 634 5062 summam
664 5020 783 5060 esse
804 5007 1079 5059 utilitatem
1111 5008 1358 5061 editionis
1389 5008 1532 5061 Italic
1562 5023 1654 5063 seu
1706 5008 1938 5075 antiquas

372 5096 636 5165 Vulgatte,
662 5095 725 5146 ad
751 5092 1114 5146 vindicandam
1137 5097 1203 5149 ab
1232 5097 1376 5149 omni
1405 5098 1589 5165 iniqua
1632 5098 1939 5165 suspicione

371 5189 471 5245 SS.
508 5188 719 5240 Patrqu
743 5186 895 5240 [idem
920 5186 973 5238 in
1001 5186 1288 5239 recitandis
1316 5187 1607 5255 Scriptum
1632 5190 1935 5244 sententiis.

443 5277 560 5332 Non
593 5276 857 5353 mediocre
886 5275 1025 5328 istud
1069 5277 1482 5353 emolumentum
1530 5292 1738 5347 quoque
1778 5280 1933 5334 nobis

374 5372 479 5426 erit
507 5384 572 5423 ex
604 5349 835 5422 editione
861 5366 1069 5435 antiqua
1098 5344 1305 5430 Latina,
1331 5368 1471 5436 quod
1500 5344 1565 5423 ex
1594 5344 1837 5437 capitulis
1863 5372 1939 5426 ei-

377 5462 499 5516 dem
549 5458 785 5528 praaﬁxis
805 5499 818 5521 ,
848 5473 910 5513 ac
938 5473 1003 5512 ex
1032 5458 1148 5525 ipso
1187 5468 1440 5513 contextu
1485 5460 1782 5514 innotescat
1809 5462 1940 5519 ﬁdes

376 5551 573 5603 veteris
596 5549 843 5623 Ecclesiae
872 5549 1011 5603 circa
1039 5548 1374 5604 Eucharistiw
1394 5550 1799 5605 Sacramentum.
1831 5553 1937 5607 Ne-

380 5652 492 5707 que
509 5654 635 5694 vero
660 5640 902 5696 dubitare
942 5639 1021 5694 fas
1045 5648 1160 5706 est,
1188 5648 1243 5694 et
1268 5654 1444 5694 veram
1472 5640 1716 5711 corporis
1743 5642 1938 5697 Christi

379 5726 759 5796 substantiam,
799 5739 855 5787 et
897 5730 1186 5801 perfectam
1231 5730 1347 5799 ejus
1387 5732 1708 5789 oblationem
1748 5734 1801 5789 in
1842 5734 1942 5792 hoc

2040 4644 2190 4708 Quod
2220 4644 2292 4696 ita
2322 4660 2439 4698 esse
2467 4645 2645 4700 nullus
2672 4648 2871 4701 inlicias
2900 4648 3040 4711 ierit,
3063 4647 3148 4714 qui
3178 4647 3409 4701 historia:
3433 4648 3604 4702 eccle-

2039 4735 2266 4789 siasticae
2301 4751 2363 4789 ac
2409 4738 2709 4791 monasticae
2738 4739 3074 4793 mediocriter
3108 4738 3176 4791 sit
3205 4740 3421 4807 peritus.
3451 4739 3604 4793 Prio-

2039 4844 2149 4881 rem
2199 4829 2339 4883 enim
2389 4829 2624 4881 codicem
2657 4845 2757 4882 ms.
2799 4830 3011 4883 celebre
3054 4833 3427 4884 monasterium
3468 4829 3605 4882 anti-

2042 4934 2159 4985 qure
2187 4916 2425 4971 Corbeim
2453 4918 2503 4971 iu
2534 4918 2755 4973 Francia
2788 4921 3010 4973 servavit
3041 4919 3301 4987 integrum
3334 4926 3388 4972 et
3412 4918 3601 4972 imma-

2043 5008 2296 5062 colatum.
2317 5008 2554 5062 Alterum
2571 5010 2903 5076 superstitem
2925 5008 3077 5062 nobis
3095 5008 3276 5060 tribuit
3300 5008 3605 5063 monasterii

2043 5100 2200 5166 hujus
2228 5100 2395 5152 sancti
2426 5100 2679 5155 Germani
2716 5116 2744 5153 a
2790 5101 2961 5153 Pratis
2999 5100 3315 5156 biblimheca
3355 5104 3605 5157 vetustis-

2043 5188 2199 5242 sima.
2226 5186 2396 5241 Ambo
2423 5187 2581 5242 hodie
2606 5189 2950 5242 adservantur
2971 5188 3024 5242 in
3050 5190 3235 5245 eadem
3265 5192 3606 5255 bibliotheca,

2043 5276 2380 5332 Corbeiensis
2409 5278 2506 5328 sub
2534 5278 2801 5331 numerica
2828 5288 2947 5331 nota
2975 5279 3063 5341 2i,
3097 5279 3609 5335 Sau-Germanensis

2008 5443 2015 5449 _
2045 5376 2219 5421 autem
2252 5366 2349 5419 sub
2375 5380 2596 5420 numero
2619 5367 2706 5432 15,
2734 5366 2824 5420 sed
2848 5367 2912 5423 de
2938 5370 3206 5425 codicibus
3233 5369 3609 5436 manuscriptis

2045 5457 2326 5513 hactenus.
2732 5504 2741 5507 _

2117 5547 2375 5603 Caeterum
2428 5562 2619 5602 moneo
2663 5549 2947 5618 lectorem,
2980 5568 3065 5606 me
3102 5550 3352 5605 nonnulla
3394 5552 3611 5621 supple—

2048 5638 2187 5691 visse
2240 5636 2291 5689 in
2337 5635 2571 5705 margine
2598 5640 2930 5710 paginarum,
2961 5656 3076 5709 qua:
3106 5640 3185 5694 vel
3212 5638 3423 5697 incuria
3444 5642 3606 5698 libra-

2046 5736 2283 5802 riorum,
2314 5738 2399 5793 vel
2428 5738 2773 5809 interpretum
2811 5732 3071 5810 imperitia
3110 5740 3249 5798 male
3279 5742 3448 5813 posita
3472 5781 3487 5809 ,
3516 5748 3607 5795 aut
