4288 6442
424 284 491 340 so
1413 279 1749 342 EPISTOLA
1784 264 2113 341 noscatur
2148 277 2625 341 NOVARIENSIS.
3589 287 3659 341 τυ

419 396 616 451 omissa
645 402 787 451 sunt.
817 396 975 451 Multa
1001 396 1211 452 correxi
1244 394 1295 450 in
1326 395 1559 453 secundo
1591 396 1765 451 indice
1794 395 1999 466 capitu-
2026 392 2075 456 Α
2102 404 2322 449 auctore
2341 436 2355 461 ,
2387 396 2478 451 sed
2522 393 2943 466 pmtantissimi
2994 393 3151 462 hujus
3181 394 3538 451 Vercellensis
3568 395 3671 451 Ec—

421 486 590 541 lorum
614 528 628 549 ,
669 489 789 555 quia
820 488 1064 557 plurimis
1108 490 1426 544 soliecistnis
1455 487 1745 542 fmditatem
1773 488 1853 541 sui
1884 492 1993 556 'pu-

420 579 558 634 blice
582 579 875 649 legentibus
914 580 1204 651 prtebebat.
1234 577 1290 635 In
1332 580 1490 635 tertio
1530 579 1703 634 indice
1743 592 1994 633 numeros

420 671 638 740 apposui
664 656 909 740 vulgares
936 672 1001 725 ad
1046 672 1441 726 distinctionem
1474 671 1730 740 cujusque
1753 669 1988 739 capituli.

422 761 514 817 His
546 778 671 832 ergo
700 762 876 818 fruere
919 764 1240 828 benevolus,
1272 774 1324 817 et
1352 762 1487 831 :equi
1516 762 1749 830 bonique
1775 760 1993 816 consule

422 856 643 925 primam
670 854 870 911 Italicas
900 855 1165 911 versionis
1211 856 1536 919 editionem;
1570 856 1621 909 in
1667 870 1769 924 qua
1808 853 1990 918 timeo,

372 1016 375 1024 η
422 962 489 1003 ne
519 948 644 1002 mihi
678 950 842 1003 multa
880 948 1175 1003 exciderint
1205 960 1419 1018 propter
1456 948 1801 1015 scriptionem
1834 944 1994 997 totius

419 1034 533 1093 fere
561 1039 739 1108 operis
764 1049 1120 1108 protieratam.
1150 1037 1221 1093 At
1243 1053 1363 1092 cum
1394 1036 1635 1107 plerique
1662 1026 1990 1090 eruditorum

419 1130 765 1185 vehementer
788 1129 1171 1199 impellentium
1195 1126 1260 1185 ad
1285 1130 1443 1183 linem
1472 1128 1721 1183 editionis
1750 1127 1799 1179 in
1832 1138 1992 1179 causa

420 1219 558 1283 sint,
584 1236 692 1301 .cur
734 1229 1016 1290 properato
1045 1234 1178 1287 opus
1208 1226 1369 1287 esset,
1401 1220 1606 1274 veniam
1635 1217 1730 1285 ipsi
1762 1216 1995 1269 tribuant

370 1382 377 1390 η
420 1308 594 1379 lapso,
625 1317 681 1367 et
719 1310 917 1366 inculto
955 1309 1227 1379 sermoni,
1272 1324 1428 1381 quem
1476 1308 1662 1364 limare
1708 1305 1839 1362 mihi
1885 1320 1995 1361 non

418 1397 590 1455 licuit.

1052 1514 1386 1573 EPlSTOLA

526 1638 770 1681 RUGGERII
790 1640 1159 1693 NOVARIENSIS,
1187 1641 1558 1682 CATBEDBALIS
1582 1639 1890 1681 EUSEBIANE

656 1730 920 1782 CANONICI,
951 1706 1017 1771 sn
1038 1732 1371 1773 nuucmuuu
1401 1733 1767 1773 vsuoustvseu.

545 1823 744 1906 Codicis
776 1825 1169 1899 Evangeliorum
1204 1827 1537 1883 Vcrcellensts
1566 1827 1857 1896 descriptio.

490 1940 919 1996 Vetustissimum
946 1942 1155 2005 tandem
1170 1942 1407 1999 codicem
1432 1942 1863 2013 Evangeliarium
1891 1944 1997 1998 Euv

413 2032 695 2089 sebianum
714 2035 822 2103 jam
850 2037 1027 2090 multis
1043 2036 1109 2090 ab
1141 2036 1261 2091 hinc
1286 2036 1443 2090 anuis
1468 2051 1497 2089 a
1515 2036 1758 2105 plurimis
1784 2037 1999 2103 sapien-

414 2124 639 2181 tissimis
669 2127 796 2179 viris
820 2168 835 2192 ,
864 2142 925 2180 ac
952 2127 1323 2182 eruditissimis
1352 2128 1699 2195 scriptoribus
1728 2127 1996 2193 cnnqttisi-

416 2223 568 2278 tum,
598 2225 717 2268 vota
752 2226 865 2279 tua,
900 2219 983 2269 vir
1008 2217 1332 2281 clarissime,
1360 2232 1463 2267 non
1494 2217 1663 2269 solum
1690 2214 1993 2282 utantiqui-

415 2311 583 2358 talem
616 2314 905 2371 spectares,
933 2320 1117 2357 verum
1148 2305 1305 2357 etiam
1338 2314 1393 2357 ut
1415 2304 1601 2371 magis,
1628 2303 1691 2356 ad
1715 2299 2001 2356 confirma-

414 2399 619 2453 tionem
651 2395 926 2451 catholica:
961 2396 1116 2460 ﬁdei,
1152 2412 1267 2464 qua:
1313 2399 1666 2452 sacrosanctis
1692 2395 1998 2466 Evangeliis

324 2513 329 2517 ·
419 2498 695 2559 tamquam
753 2488 1071 2543 lirmissimis
1118 2490 1523 2559 pr0pugnaculis
1565 2490 1996 2551 roboratur,ve—

414 2581 633 2636 ritatem
657 2594 871 2635 erueres
892 2620 905 2643 ,
939 2579 1192 2648 consequi
1234 2590 1537 2645 potuerunt.
1966 2572 1969 2575 ’

496 2673 675 2727 Prodit
728 2671 867 2725 enim
926 2672 974 2723 in
1032 2672 1234 2736 lucem;
1284 2672 1537 2741 illumque
1570 2680 1717 2725 tenes
1748 2671 1995 2725 diuturna

417 2772 721 2831 temporum
750 2762 887 2815 serie
914 2762 1053 2815 nulla
1083 2762 1347 2818 oblivione
1374 2763 1604 2817 deletum
1627 2802 1641 2826 ,
1674 2761 1766 2816 sed
1790 2760 1959 2814 ‘cante
1978 2800 1995 2825 ,

415 2855 682 2919 studiose,
712 2869 773 2908 ac
802 2853 983 2908 sedula
1012 2853 1278 2925 diligentia
1308 2855 1662 2921 adservatum,
1690 2869 1827 2909 nunc
1844 2868 1994 2919 vero,

413 2944 486 2999 D.
519 2942 583 2999 Ο.
617 2944 685 2998 Μ.
736 2944 1026 3014 opitulante
1047 2988 1061 3006 .
1088 2958 1141 2999 et
1172 2947 1593 3000 eminentissimo
1613 2987 1626 3008 ,
1661 2960 1721 2999 ac
1750 2960 2000 2999 reveren-

413 3035 649 3090 dissimo
679 3036 737 3090 D.
773 3037 832 3091 D.
860 3035 1052 3091 Carolo
1095 3037 1369 3092 Vincentio
1390 3037 1635 3092 Ferrerio
1672 3038 1787 3092 ord.
1824 3037 1993 3091 Prmd.

2095 487 2270 541 clcsitu
2298 488 2425 541 olim
2451 490 2686 557 episcopi
2717 487 2935 544 Joannis
2962 486 3217 556 Stephani
3272 491 3518 555 Ferrerii,
3565 500 3671 545 tes-

2096 577 2349 641 timonio,
2378 594 2454 633 ex
2478 579 2589 634 Vita
2619 579 2677 635 P.
2708 578 2771 634 N.
2819 577 3063 651 Martyris
3084 590 3135 633 et
3185 581 3419 649 episcopi
3454 580 3673 635 Eusebii

2093 669 2161 723 ab
2188 684 2253 723 eo
2275 671 2471 737 scripta
2504 678 2743 725 mutuato
2761 711 2776 732 .
2800 670 3122 739 -patefacere
3150 671 3496 726 contendam.
3518 672 3675 743 Legi—

2093 766 2178 814 tur
2208 760 2383 830 itaque
2408 759 2503 815 fol.
2538 756 2602 816 l6
2630 762 2771 817 illius
2801 760 2929 815 Vitzc
2960 778 2975 813 τ
3237 826 3244 834 ι

2164 848 2431 920 -Νεᾳαε
2468 867 2615 916 vero,
2637 845 2743 905 hac
2763 892 2777 914 ,
2822 852 3020 922 aliaque
3047 842 3168 905 dum
3193 863 3360 924 ageret
3378 895 3393 917 ,
3421 856 3504 908 sui
3542 854 3675 908 obli-

2070 940 2071 943 “
2094 940 2378 995 uiscebutur
2404 942 2593 995 :inuno
2615 952 2851 996 constans
2881 942 3083 995 traditio
3113 952 3218 1007 est,
3246 960 3359 996 eum
3384 960 3485 997 non
3521 946 3674 999 modo

2096 1032 2165 1087 ad
2188 1034 2501 1087 occasionem
2532 1033 2808 1087 tollendam
2827 1075 2842 1099 ,
2894 1050 2995 1104 qua
3023 1034 3239 1104 papulas
3271 1034 3460 1087 Ariona
3487 1035 3679 1091 inuidia

2096 1124 2330 1177 seductus
2359 1124 2411 1176 in
2440 1140 2551 1177 eum
2574 1130 2801 1192 peccaret
2826 1164 2839 1187 ,
2882 1122 2971 1177 sed
2994 1124 3141 1176 etiam
3169 1124 3364 1178 ardenti
3390 1124 3556 1178 studio
3582 1130 3675 1178 tta-

2097 1215 2249 1269 candi
2274 1214 2369 1267 sibi
2412 1226 2457 1268 et
2484 1212 2622 1281 Deo,
2653 1214 2914 1270 secessisse
2933 1214 2985 1267 in
3039 1224 3234 1267 montes
3267 1214 3431 1283 θυμω
3458 1214 3679 1285 Buggel—

2098 1305 2251 1359 tensis
2280 1305 2514 1373 ditionis,
2542 1314 2588 1359 et
2616 1305 2755 1359 ultra
2780 1303 2982 1359 Padum
3007 1306 3076 1359 ad
3099 1305 3336 1360 Castrum
3359 1305 3679 1362 Credoneuse

2097 1396 2245 1464 (tunc
2266 1382 2491 1450 dioecesis
2526 1392 2879 1465 Vercellensis)
2933 1394 3143 1449 diversis
3185 1398 3534 1465 temporibus;
3584 1407 3676 1465 ut,

2096 1486 2183 1557 qui
2213 1494 2284 1540 tot
2314 1486 2450 1538 curis
2465 1485 2815 1557 juvandorum
2840 1485 3061 1539 aliorum
3103 1488 3271 1555 gratia
3314 1488 3676 1555 distinebatur,

2096 1577 2301 1631 haberet
2340 1578 2426 1631 ubi
2452 1577 2662 1631 subinde
2689 1594 2743 1631 se
2785 1576 3078 1649 colligeret,
3122 1594 3181 1630 ac
3221 1579 3459 1649 spiritum
3501 1596 3527 1632 e
3552 1580 3677 1633 caelo

2099 1668 2396 1729 attraheret,
2425 1668 2740 1739 nwjoresque
2764 1668 2809 1721 ei
2835 1668 2902 1721 ad
2932 1664 3027 1721 Dei
3056 1668 3278 1739 gloriam
3303 1670 3677 1741 provehendam

1952 1744 1955 1745 ⁷
2025 1762 2072 1823 Β
2100 1757 2228 1810 uires
2266 1766 2609 1827 suppeterent.

2171 1849 2385 1920 Legitur
2413 1850 2571 1904 etiam
2595 1850 2648 1904 in
2674 1849 2860 1905 eadem
2892 1850 3011 1907 Vita
3050 1852 3409 1919 manuscripta
3429 1894 3442 1917 ,
3493 1850 3667 1907 Euse-

2099 1941 2247 1996 bium
2265 1983 2280 2007 ,
2304 1941 2431 1997 dum‘
2458 1941 2509 1995 in
2526 1942 2605 1994 itis
2633 1940 2763 1995 locis
2787 1924 3048 2009 réligtosis
3070 1945 3340 1997 etsauctis
3358 1951 3674 2011 moraretur,

2100 2045 2197 2085 sua
2226 2032 2392 2102 ipsius
2422 2047 2578 2085 manu
2608 2040 2836 2100 quatuor
2879 2030 3160 2099 Evangelia
3193 2032 3480 2100 scripsisse
3503 2072 3517 2096 ,
3562 2049 3681 2101 quze

2095 2123 2166 2175 ad
2200 2124 2313 2176 haec
2335 2137 2501 2191 usque
2531 2132 2767 2190 tempora
2813 2133 3204 2177 conservantur
3241 2141 3253 2174 :
3297 2138 3416 2191 qua}
3464 2126 3677 2192 quidem

2099 2221 2283 2267 sancta
2319 2212 2597 2281 Evangelia
2646 2212 2806 2266 totius
2832 2219 3014 2281 postea
3044 2214 3163 2267 vitae
3208 2222 3453 2282 tempore
3510 2215 3677 2284 ipsius

2102 2301 2265 2356 fuisse
2293 2317 2446 2357 caros
2476 2303 2719 2369 comites,
2751 2304 2803 2358 in
2825 2302 2939 2372 ejus
2972 2304 3083 2357 Vita
3110 2310 3375 2359 narratum
3399 2306 3675 2361 habemus.

2100 2392 2373 2463 Siquidem
2402 2394 2613 2448 illorum
2647 2405 2944 2465 temporqu
2976 2395 3268 2450 Christiani
3302 2396 3545 2453 homines
3567 2440 3583 2465 ,
3626 2408 3683 2455 et

2104 2496 2361 2554 perpetuo
2392 2484 2530 2553 apud
2555 2500 2612 2540 se
2639 2484 2837 2539 habere
2860 2527 2875 2548 ,
2932 2500 2993 2539 ac
3019 2486 3433 2555 circumgestare
3463 2505 3521 2542 ea
3552 2505 3680 2543 con-

2104 2587 2416 2639 sueverant,
2448 2575 2892 2645 quemadmodum
2925 2590 2952 2627 a
2988 2576 3299 2629 mulieribus
3325 2578 3485 2633 etiam
3537 2581 3687 2634 facti-

2109 2674 2273 2718 tatum
2300 2666 2543 2718 novimus
2573 2682 2586 2718 :
2622 2664 2672 2718 id
2700 2665 2839 2733 quod
2880 2664 2946 2719 de
2972 2673 3152 2720 sancta
3178 2665 3390 2721 Ca~cilia
3417 2669 3468 2723 in
3502 2671 3686 2739 primis

2104 2755 2236 2808 satis
2262 2764 2506 2819 constat,
2538 2764 2653 2823 qum
2682 2744 3188 2825 ChristiEvangelia
3216 2798 3229 2817 .
3263 2759 3336 2811 uti
3368 2759 3483 2828 ejus
3509 2771 3689 2816 narrat

2106 2842 2335 2899 Historia
2357 2885 2371 2910 ,
2400 2858 2612 2914 semper
2636 2843 2689 2899 in
2721 2854 2936 2912 pectore
2952 2846 3189 2915 gestabat
3217 2860 3333 2901 suo.
3364 2848 3529 2906 Immo
3556 2851 3690 2920 idip—

2106 2923 2225 2987 sunt
2257 2935 2526 2989 nonnullis
2550 2934 2614 2988 ad
2645 2944 2867 2989 mortem
2920 2951 3086 3005 usque
3137 2937 3399 2994 familiare
3425 2940 3557 3007 fuit,
3610 2944 3687 2997 uti

2106 3035 2293 3080 sancto
2321 3026 2577 3081 Barnabas
2601 3068 2615 3090 ,
2646 3027 2708 3081 :.d
2738 3027 2888 3096 cujus
2917 3026 3151 3081 defuncti
3181 3034 3366 3093 pectus
3414 3044 3684 3103 repertum

410 3125 688 3197 huiusque
716 3137 912 3182 sanam
942 3128 1295 3183 Vercellensis
1318 3130 1570 3184 Ecclesia,
1592 3130 1843 3198 episcopo
1868 3129 1999 3198 vigi-
2026 3122 2072 3183 (ζ
2107 3126 2191 3170 est
2222 3116 2278 3171 S.
2312 3115 2543 3175 Matthaaj
2584 3116 2929 3186 Evangelium
2950 3161 2964 3184 ,
3014 3120 3178 3187 ipsius
3228 3121 3485 3178 Barnabzc
3526 3141 3687 3179 manu

410 3218 721 3275 lantissimo
749 3219 827 3275 sic
858 3220 1202 3287 disponente,
1244 3236 1306 3274 ac
1341 3209 1715 3289 dignitatibus,
1752 3232 1807 3277 et
1831 3236 1994 3276 cano-

410 3311 562 3365 nicis
583 3309 867 3365 Eusebiani
898 3311 1111 3381 capituli
1155 3313 1543 3378 annitentibus,
1589 3329 1704 3369 mea
1748 3328 1883 3382 ope,
1935 3328 1998 3367 ac

409 3404 611 3457 labore
630 3419 660 3457 a
681 3418 778 3458 suo
794 3404 1081 3473 exemplari
1110 3403 1356 3473 ﬁdeliter,
1379 3417 1431 3460 et
1456 3406 1522 3459 ad
1546 3406 1798 3461 amussim
1826 3416 1999 3460 trans-

407 3494 678 3564 criptum.

493 3584 576 3638 De
598 3598 725 3639 vero
754 3599 1061 3653 possessore
1092 3586 1247 3654 hujus
1272 3586 1409 3641 sacri
1442 3587 1759 3650 voluminis,
1806 3595 2002 3656 praeter

403 3674 697 3739 antiquam
740 3675 1333 3744 constantissimamque
1359 3679 1756 3731 venerationem
1777 3722 1791 3743 ,
1841 3693 1997 3741 quam

400 3775 639 3830 semper
665 3776 789 3829 erga
810 3762 954 3826 illud,
980 3764 1269 3833 capitulum
1294 3774 1348 3818 et
1376 3765 1609 3819 Ecclesia
1640 3766 1874 3835 professa
1896 3776 1999 3831 est,

402 3850 554 3905 illud
587 3852 910 3907 asservando
938 3853 989 3907 in
1022 3854 1246 3923 ipsumet
1272 3868 1426 3909 sacro
1442 3855 1801 3926 Reliquiarum
1830 3856 1997 3927 depo-

399 3941 526 3998 sito
550 3983 565 4005 ,
588 3941 678 3996 ubi
709 3952 1009 3997 sanctorum
1036 3943 1413 4014 prophetarum
1434 3988 1449 4011 ,
1473 3949 1855 4018 apostolorum,
1890 3948 2007 4017 plu-

398 4032 791 4103 rimorumque
819 4042 1112 4105 martyrum
1139 4050 1259 4091 ossa
1292 4037 1685 4102 custodiuntur,
1708 4047 1923 4093 exstant
1949 4048 2004 4094 et

398 4124 743 4182 documenta
775 4126 996 4193 plurima
1047 4136 1209 4181 certae
1236 4128 1355 4182 fidei
1376 4168 1391 4190 ,
1435 4128 1879 4196 monimentisque
1908 4143 2006 4195 pu-

340 4226 349 4235 ‘
396 4214 581 4273 blicis
602 4216 943 4284 consignata,
971 4230 1035 4269 ex
1065 4217 1256 4285 quibus
1292 4217 1580 4270 ediscimus
1603 4257 1617 4279 ,
1650 4216 1842 4268 librum
1866 4230 1995 4282 qua-

309 4293 313 4296 r
391 4314 545 4361 tuor
579 4306 983 4375 Evangeliorum
1006 4317 1036 4357 a
1072 4318 1263 4371 magno
1290 4310 1475 4357 sancto
1510 4312 1658 4371 patre
1681 4311 1863 4357 nostro
1891 4304 2002 4374 epi—

395 4411 591 4463 scopo
618 4405 671 4449 et
702 4407 933 4467 martyre
962 4394 1191 4448 Eusebio
1228 4402 1280 4448 et
1308 4392 1633 4449 Cra-canticis
1662 4394 1852 4449 litteris
1879 4402 2009 4449 ante

2104 3208 2475 3275 descriptum;
2526 3222 2633 3276 quo
2664 3216 2903 3277 tempore
2932 3209 2983 3262 in
3027 3211 3194 3265 insula
3228 3214 3437 3283 Cypro,
3471 3215 3689 3272 Zenone

2106 3297 2426 3366 imperante,
2443 3311 2637 3364 corpus
2657 3298 2771 3365 ejus
2800 3298 3070 3353 inventum
3089 3303 3565 3371 e~t.Quamobrem
3595 3311 3684 3377 pie

2104 3387 2430 3441 credendum
2462 3388 2742 3453 existimo,
2776 3389 2965 3443 librum
3015 3390 3155 3445 hunc
3188 3396 3237 3446 in
3273 3409 3517 3468 promptu
3540 3413 3686 3453 sem-

2108 3491 2207 3545 per
2233 3476 2477 3530 habuiSse
2508 3477 2793 3531 Eusebium
2815 3520 2829 3541 ,
2863 3495 2966 3534 non
2995 3498 3150 3535 secus
3181 3492 3339 3553 atque
3365 3488 3683 3557 Barnabam,

2105 3575 2167 3620 et
2190 3564 2453 3619 Cteciliam
2484 3580 2497 3617 :
2522 3565 2602 3619 sui
2627 3566 2774 3620 illum
2804 3568 3037 3622 thesauri
3069 3572 3233 3625 instar
3262 3575 3508 3643 duxisse;
3538 3589 3591 3633 et
3618 3594 3683 3632 ex

2111 3655 2245 3718 hoc,
2270 3658 2504 3708 omnium
2534 3656 2897 3711 doctrinarum
2914 3699 2930 3724 ,
2961 3660 3215 3716 virtutum
3234 3705 3248 3729 ,
3274 3646 3561 3735 rerumque
3586 3668 3685 3721 mi-

2111 3746 2358 3800 rabilium
2382 3786 2397 3811 ,
2432 3756 2693 3816 tamquam
2721 3763 2783 3802 ex
2812 3748 3055 3816 Oceano,
3082 3762 3189 3806 tum
3213 3768 3361 3807 vente
3380 3794 3395 3817 ,
3428 3765 3535 3807 tum
3566 3756 3681 3809 fon-

2110 3843 2195 3891 tes
2221 3836 2559 3899 ellluxerunt,
2584 3855 2805 3906 quorum
2829 3851 3042 3896 sanctos
3068 3843 3248 3897 latices
3278 3859 3396 3897 cum
3423 3844 3684 3904 Eusebius

2111 3928 2392 3993 ebibisset,
2415 3929 2708 3995 daemonia,
2743 3931 3231 4001 tltnntoniorumque
3258 3933 3533 3990 ministros
3568 3938 3682 4007 eje-

2113 4023 2227 4084 cit,
2256 4022 2503 4075 vitiorum
2523 4064 2537 4086 ,
2578 4021 2924 4077 schismatum
2945 4065 2959 4087 ,
2992 4024 3251 4078 hteresum
3282 4033 3416 4079 tetra
3448 4042 3683 4086 monsu'a

2114 4124 2182 4163 ex
2236 4110 2473 4163 Ecclesia
2519 4112 2712 4176 ejecit,
2754 4113 3255 4182 exterminavitque.
3310 4116 3489 4188 Neque
3542 4125 3682 4178 enim

2114 4197 2321 4252 fructus
2347 4207 2629 4266 expectare
2667 4210 2910 4268 poterant
2936 4202 3059 4269 alii,
3112 4216 3204 4260 aut
3237 4208 3303 4262 ab
3350 4211 3686 4270 instrumenti

2115 4287 2443 4357 perfectione
2485 4298 2643 4360 atque
2674 4294 2964 4361 prestantia
2986 4336 3001 4360 ,
3032 4304 3125 4350 aut
3159 4313 3187 4351 a
3225 4314 3429 4353 summa
3455 4303 3689 4357 dexteri-

2116 4386 2226 4433 tate
2252 4380 2549 4450 peritiaque
2577 4383 2831 4448 artiticis,
2882 4385 2971 4454 qui
3008 4385 3363 4444 instrumento
3388 4392 3692 4461 hujusmodt

392 4487 606 4543 divum
639 4486 1016 4555 Hieronymum
1046 4484 1207 4537 fuisse
1242 4484 1531 4539 redditum.
1556 4487 1663 4539 llac
1701 4486 1812 4555 ipsa
1846 4487 2008 4555 igitur
2034 4485 2089 4547 D
2115 4487 2243 4526 usus
2258 4483 2362 4527 est.
2383 4472 2675 4529 Dolendum
2697 4490 2827 4531 sane
2844 4487 2945 4543 est,
2967 4477 3274 4535 thesaurum
3295 4482 3685 4538 huucnostrum

393 4580 678 4637 facultate
712 4578 1015 4632 Grmcarum
1042 4577 1343 4655 litterarum
1375 4577 1621 4633 lectionis
1643 4588 1803 4647 atque
1829 4579 2005 4647 scrip»

393 4669 591 4725 tionis
639 4682 700 4721 ea
728 4667 1059 4737 perfectione
1104 4666 1292 4722 Romae
1342 4667 1630 4737 potiebatur
1658 4710 1673 4733 ,
1724 4675 1783 4721 ut
1824 4668 1998 4724 Julius

392 4758 667 4835 pontifex
706 4758 862 4813 Marci
905 4773 1184 4813 successor
1205 4801 1219 4825 ,
1248 4759 1337 4829 qui
1368 4760 1651 4816 Eusebium
1678 4774 1833 4816 sacro
1854 4750 1999 4831 pres-

388 4850 655 4923 byterali
680 4848 987 4905 charactere
1025 4850 1330 4919 insignivit,
1360 4850 1680 4904 existimarit
1713 4851 1860 4905 illum
1892 4868 1997 4909 non

389 4945 514 5001 sibi
555 4943 659 4995 soli
683 4958 889 5009 vacare,
923 4943 1014 4997 sed
1038 4943 1197 4995 etiam
1225 4940 1545 5011 Christiana:
1566 4943 1873 5010 reipublicae
1885 4959 2014 5014 pro»

390 5037 584 5093 desse
604 5032 827 5097 debere;
861 5044 915 5087 ut
944 5034 1165 5087 habetur
1189 5048 1251 5087 ex
1278 5032 1657 5100 antiquissimis
1680 5034 1873 5089 tabulis
1903 5037 2001 5091 ltu-

383 5127 496 5199 jus
534 5121 896 5177 Vercellensis
921 5124 1191 5189 Ecclesiae,
1239 5123 1290 5177 in
1323 5123 1514 5193 quibus
1555 5126 1802 5181 eumdem
1834 5128 1999 5183 Euse-

388 5220 596 5281 bium,
628 5215 969 5284 interpretem
996 5229 1267 5269 sacrorum
1302 5213 1642 5270 Voluminum
1665 5217 2005 5287 designatum

384 5321 679 5367 asumma
696 5304 939 5376 pontiﬁce
966 5304 1129 5357 fuisse
1152 5304 1389 5357 traditur.
1409 5304 1623 5361 Graecas
1636 5310 1781 5363 enim
1796 5311 1999 5365 litteras

387 5418 522 5459 non
562 5396 677 5451 alio
718 5395 984 5466 proposito
1024 5393 1125 5448 sibi
1154 5393 1258 5447 fine
1283 5393 1578 5461 didicerat,
1606 5414 1762 5468 quam
1788 5409 1845 5455 ut
1880 5416 2001 5472 per-

386 5476 623 5549 fectius
645 5488 926 5543 Sacrarnm
947 5485 1263 5542 Litterarum
1287 5500 1476 5542 arcana
1499 5488 1856 5559 dignosceret.

472 5581 622 5649 Quo
644 5585 903 5648 tempore,
916 5591 1089 5649 quove
1115 5576 1261 5642 loco,
1282 5592 1441 5645 quem
1467 5578 1533 5633 ad
1559 5580 1717 5636 linem
1744 5583 1843 5638 hoc
1866 5599 2001 5655 opus

387 5668 797 5736 inchoaverit,
844 5669 1206 5740 composuerit
1240 5678 1399 5739 atque
1423 5668 1738 5740 perfecerit,
1784 5690 1891 5731 non
1918 5691 2019 5737 me

2109 4564 2306 4633 injuria
2340 4568 2591 4634 temporis
2611 4566 2786 4637 aliqua
2817 4583 2885 4624 ex
2911 4578 3061 4637 parte
3084 4583 3456 4641 consumptum
3484 4576 3644 4629 fuisse
3670 4595 3685 4641 ;

2114 4658 2328 4715 tametsi
2348 4657 2411 4711 ad
2435 4672 2555 4712 cum
2579 4658 2834 4713 illibatum
2854 4662 3298 4725 conservandum,
3324 4672 3375 4716 et
3401 4666 3683 4735 integrum,

2115 4763 2224 4805 non
2254 4751 2417 4806 semel
2461 4747 2693 4803 adhibita
2720 4747 2879 4803 fuerit
2904 4750 3171 4817 diligentia
3196 4750 3276 4804 vel
3304 4766 3332 4802 a
3364 4756 3570 4824 magnis
3599 4773 3684 4813 re.

2114 4841 2302 4911 gibus,
2336 4840 2409 4893 uti
2439 4855 2466 4893 a
2488 4838 2825 4905 Berengario,
2854 4840 2941 4906 qui
2970 4838 3161 4893 librum
3188 4847 3458 4911 argenteis
3484 4848 3518 4899 l2
3534 4850 3690 4903 minis

2117 4930 2505 4999 contegendum
2529 4927 2767 4981 curavit:
2788 4928 2928 4997 quod
2952 4931 3084 4985 satis
3108 4932 3279 4988 adhuc
3297 4936 3585 4996 praediCant
3607 4940 3692 4991 illa

2120 5020 2355 5077 carmina
2376 5060 2392 5085 ,
2423 5034 2541 5087 quae
2566 5020 2663 5073 sub
2691 5021 3015 5077 sanctissimi
3046 5024 3257 5081 Eusebii
3295 5031 3469 5099 ettigie
3508 5031 3693 5100 legun-

2118 5123 2242 5177 tur;
2271 5126 2331 5165 ea
2360 5126 2492 5165 vero
2518 5121 2641 5179 sunt
2682 5134 2695 5168 :

2209 5203 2497 5273 Prgesulltic
2518 5203 2754 5273 Eusebius
2775 5206 2987 5273 scripsit,
3007 5208 3247 5273 solvitque
3271 5216 3506 5273 vetustas,

2272 5264 2381 5315 Rex
2405 5266 2732 5328 Bereugarius
2753 5268 2841 5329 sed
2866 5264 3103 5329 reparavit
3128 5264 3253 5318 idem
3278 5285 3293 5322 :

2211 5327 2482 5438 Argentum
2510 5326 2755 5389 pnitqttam
2775 5326 2905 5375 fulvo
2926 5326 3223 5392 deprompsit
3246 5341 3298 5383 et
3319 5346 3453 5395 auro,

2293 5388 2523 5438 .cclesim.
2551 5388 2747 5438 praesul.
2772 5388 2947 5438 obtulit
2969 5390 3074 5438 inse
3098 5400 3217 5438 tum.

2293 5388 2523 5447 Ecclesiae,
2551 5388 2747 5449 praesul,
2772 5388 2947 5439 obtulit
2969 5388 3074 5453 ipse
3098 5388 3217 5441 tum.

2119 5490 2233 5546 Nec
2258 5492 2435 5545 minus
2460 5490 2616 5546 doleo
2637 5531 2653 5556 ,
2684 5492 2826 5573 quod
2868 5492 3074 5553 videam
3123 5493 3313 5549 folium
3356 5512 3518 5552 unum
3551 5501 3695 5558 illius

2121 5585 2262 5639 sacri
2288 5582 2491 5639 codicis
2517 5583 2779 5654 religiosis
2803 5584 3117 5655 quibusdam
3157 5589 3403 5655 personis
3457 5593 3696 5666 reliquiae

2125 5674 2248 5733 loco
2272 5675 2485 5745 datum;
2527 5677 2974 5747 quemadmodum
2998 5676 3052 5733 iu
3081 5675 3217 5734 infra
3247 5682 3448 5754 scripta
3476 5700 3698 5762 εγηαη.
