3902 6452
371 334 431 390 ’11
1719 319 1958 380 PROLFA

2067 319 2246 378 iENA.

3533 329 3619 387 73

368 446 469 519 pha
499 443 778 514 Augustini
827 439 1092 504 Ferrerii,
1139 452 1199 494 ea
1228 443 1542 507 tempestate
1586 435 1939 490 Vercellensis
1968 445 2021 506 Α
2046 434 2315 499 exciecati,
2360 443 2453 490 aut
2495 435 2601 490 alio
2638 420 2879 492 membro
2925 435 3066 506 capti
3108 437 3232 494 sint.
3281 438 3385 496 Sed
3412 439 3480 496 de
3507 440 3624 495 hoc

366 536 634 605 episcopi,
667 549 728 587 ac
750 533 1002 603 patruelis
1030 532 1112 584 avi
1142 531 1244 583 mei
1265 570 1277 594 ,
1308 529 1484 596 legere
1512 535 1610 581 est.
1640 527 1808 591 Quem
1843 541 1940 579 nos

365 629 602 683 codicem
659 626 878 694 perinde
926 622 1334 678 describendum
1383 619 1720 683 curabimus,
1775 618 1944 685 prius-

366 733 522 788 quam
543 758 555 782 ,
595 725 685 770 aut
709 717 859 770 illum
889 714 1209 767 diuturnitas
1243 711 1499 780 temporis
1527 709 1679 778 pejus
1712 707 1941 770 efﬁciat,

365 817 458 864 aut
487 808 590 862 ulla
619 808 761 860 illius
787 820 910 875 pars
931 806 1031 858 alia
1061 803 1380 872 deperdatur
1404 820 1415 854 :
1449 811 1504 855 ut
1532 801 1718 854 saltem
1753 798 1946 851 ﬁrmis-

365 901 484 955 simi
509 899 801 954 testimonii
830 897 948 951 loco
986 904 1161 950 exstet
1184 892 1474 957 versionis;
1515 894 1625 961 ipsa
1653 904 1756 959 qua
1787 888 1945 942 hodie

365 975 565 1046 utimur
589 989 649 1044 S.
684 988 996 1058 Hieronymi
1019 970 1300 1050 versione,
1339 983 1678 1052 antiquioris.
1710 981 1947 1050 Syngra-

367 1082 470 1150 pha
493 1089 668 1135 autem
698 1079 785 1133 illa
813 1079 890 1132 sic
921 1093 978 1132 se
1007 1077 1164 1130 habet
1189 1093 1200 1127 :
1233 1093 1252 1126 ‹
1290 1073 1613 1143 Augustinus
1642 1069 1942 1134 Ferrerius,

365 1173 478 1241 Dei,
503 1183 558 1228 et
578 1171 900 1241 Apostoliete
915 1169 1072 1225 Sedis
1088 1168 1257 1238 gratia
1270 1167 1552 1236 episcopus
1565 1162 1943 1226 Vercellensis,

365 1274 420 1320 et
451 1265 663 1325 Comes,
687 1261 961 1317 Universis
985 1259 1184 1315 Christi
1215 1258 1476 1321 ﬁdelibus,
1506 1262 1796 1325 praesentes
1825 1267 1948 1306 nos-

367 1365 480 1410 tras
520 1353 875 1423 inspecturis,
929 1355 1154 1406 salutem
1197 1352 1250 1403 in
1289 1349 1508 1402 Domino
1543 1347 1945 1414 sempiternam.

366 1446 635 1502 Noveritis
656 1489 669 1512 ,
701 1445 838 1514 quod
870 1460 1040 1513 nuper
1067 1443 1132 1496 atl
1155 1428 1450 1496 Ecclesiam
1479 1440 1535 1494 S.
1571 1438 1787 1493 Eusebii
1815 1435 1948 1490 Ver-

369 1539 618 1593 cellensis
638 1535 937 1589 devotionis
960 1535 1129 1602 gratia
1156 1532 1487 1587 declinantes
1515 1531 1651 1598 Mag.
1693 1530 1756 1582 D.
1785 1528 1944 1582 Jaco-

373 1629 471 1682 bus
492 1625 870 1692 Circestensis,
901 1635 955 1680 et
976 1625 1164 1679 Petrus
1197 1621 1350 1677 Ebult
1399 1621 1466 1675 de
1487 1621 1665 1686 Salus,
1696 1619 1948 1673 dimcesis

368 1715 758 1780 Lausanensis,
789 1714 856 1768 ad
882 1713 948 1766 M.
981 1711 1274 1781 principem
1302 1718 1540 1765 nostrum
1565 1709 1944 1764 Excellentiss.

2043 536 2228 580 sancto
2253 527 2510 598 nobisque
2536 526 2853 582 charissimo
2876 527 3058 582 codice
3087 530 3235 583 satis.

2117 619 2395 688 Hucusque
2442 619 2581 674 idem
2618 609 2940 675 memoratus
2965 620 3244 688 episcopus
3272 621 3356 676 Jo.
3385 621 3624 692 Stepha-

2045 726 2144 766 nus
2186 710 2482 778 Ferrerius,
2514 712 2626 781 qui,
2658 711 2901 781 quamvis
2943 711 2993 766 in
3033 725 3126 781 sua
3169 712 3624 780 praecellentihu-

2039 803 2128 871 jus
2173 804 2310 856 sacri
2337 802 2535 856 codicis
2562 802 2919 869 descriptione
2961 817 3082 857 eum
3111 803 3432 872 posteritati.
3455 812 3622 860 mter-

2046 908 2234 962 nrcque
2263 893 2532 947 memoria:
2553 893 2781 948 dandum
2810 892 3397 962 promiserithisverbis
3417 911 3430 946 :
3450 894 3622 959 Quem

2046 1000 2136 1036 nos
2172 983 2384 1053 proinde
2425 983 2807 1037 describendum
2843 983 3165 1038 curabimus:
3211 991 3385 1037 morte
3433 990 3618 1039 tamen

2047 1085 2341 1143 prati-aptus
2370 1086 2510 1129 anno
2541 1073 2700 1136 i610,
2745 1081 3026 1142 antequam
3073 1073 3177 1126 vita
3222 1073 3278 1127 S.
3312 1073 3622 1130 Eusebiiab

2047 1168 2161 1235 ipso
2186 1167 2406 1222 collecta
2437 1168 2490 1222 in
2532 1166 2704 1220 lucem
2731 1165 2999 1230 ederetur,
3036 1165 3189 1220 alteri
3230 1165 3475 1221 Ferrerio
3497 1169 3620 1236 epi-

2046 1274 2229 1328 scopo,
2249 1269 2302 1314 et
2330 1274 2481 1313 saera
2509 1257 2868 1312 cardinalatus
2888 1272 3118 1326 purpura
3141 1257 3618 1326 insignito,a’tque,

2046 1353 2112 1407 ad
2142 1354 2484 1422 spectabilem
2513 1351 2974 1421 venerandumque
2999 1351 3354 1407 Euscbianum
3376 1353 3622 1409 codicem

2049 1447 2101 1498 in
2135 1454 2451 1511 praesentem
2483 1445 2792 1497 memoriam
2825 1441 3178 1496 revocandum
3219 1443 3623 1512 incomparabili

2050 1534 2412 1589 sollicitudine
2444 1534 2664 1602 prmdito
2688 1569 2704 1598 ,
2732 1548 2980 1600 supremo
3007 1534 3238 1588 dictante
3269 1534 3625 1604 providentia:

2051 1626 2283 1691 numine,
2309 1625 2455 1679 hisce
2485 1626 2813 1694 temporibus
2836 1641 3012 1679 curam
3045 1625 3278 1694 reliquit.

2122 1717 2277 1770 Aliud
2317 1731 2527 1785 quoque
2572 1715 2946 1770 documentum
2998 1715 3222 1777 habetur
3272 1717 3325 1770 in
3374 1730 3627 1772 sermone

368 1807 619 1862 Carolum
648 1804 928 1862 Sabaudite
951 1804 1138 1857 ducem
1165 1817 1258 1870 pro
1280 1800 1562 1855 universali
1586 1800 1946 1854 Helvetiorum
1979 1829 2024 1888 Β
2052 1809 2298 1874 Athonis,
2325 1808 2559 1877 episcopi
2591 1807 2944 1861 Vercellensis
2990 1822 3128 1862 anno
3175 1807 3298 1872 752,
3345 1809 3434 1877 qui
3485 1808 3628 1864 inter

370 1909 638 1954 conventu
673 1910 915 1952 oratores
936 1937 951 1962 ,
977 1896 1336 1965 signiﬁcantes
1364 1893 1513 1948 nobis
1533 1933 1546 1956 ,
1568 1903 1622 1946 et
1645 1891 1950 1945 venerando

371 1992 504 2060 Cap.
533 2000 718 2045 nostro
752 2030 764 2052 ,
793 1989 1089 2043 Ecclesiam
1110 1987 1211 2042 sub
1241 1986 1396 2055 hujus
1419 1986 1586 2038 sancti
1617 1982 1835 2038 Eusebii
1872 1983 1953 2036 in-

377 2081 658 2135 vocatione
690 2081 741 2133 in
770 2079 961 2132 ﬁnibus
989 2078 1092 2133 loci
1121 2077 1277 2132 Salus
1297 2116 1313 2140 ,
1344 2076 1460 2130 loco
1485 2075 1629 2129 dicto
1655 2074 1948 2128 Nieuchen.

372 2171 726 2226 Lausanensis
755 2169 1002 2225 ditecesis
1022 2209 1036 2232 ,
1061 2167 1352 2236 consistere
1371 2207 1385 2231 ,
1416 2181 1573 2235 quam
1603 2166 1865 2230 homines,
1899 2172 1957 2220 et

372 2263 560 2317 incolat:
581 2261 682 2316 loci
713 2260 949 2329 praedicti
982 2274 1189 2313 summa
1221 2267 1541 2312 venerantur
1588 2256 1876 2312 devotione
1902 2265 1956 2310 et

376 2352 668 2407 reverentia
688 2390 703 2417 ,
752 2349 821 2403 ob
848 2349 1073 2403 sublime
1099 2348 1422 2403 sanctissimi
1455 2346 1690 2416 epiSCOpi
1736 2355 1789 2400 et
1816 2346 1952 2399 Mar-

376 2441 507 2511 tyris
541 2439 756 2493 Eusebii
776 2437 1044 2495 meritum.
1073 2437 1248 2503 Quare
1270 2477 1282 2498 ,
1309 2439 1350 2489 si
1379 2436 1502 2506 quid
1523 2437 1590 2490 de
1617 2438 1754 2489 illius
1783 2444 1953 2502 veste,

376 2532 556 2602 gestis,
583 2547 647 2585 ex
671 2529 911 2599 reliquiis
936 2529 1073 2597 apud
1095 2529 1301 2598 plebem
1327 2528 1628 2598 prmdictam
1649 2528 1955 2592 haberetur,

376 2624 562 2678 eadem
594 2623 879 2691 plurimum
908 2622 960 2676 in
1001 2622 1226 2675 Domino
1276 2619 1653 2689 gratularetur.
1700 2618 1808 2672 Nos
1839 2619 1957 2673 ideo

381 2715 464 2784 (ut
495 2729 588 2781 par
603 2715 709 2781 est)
741 2711 1110 2780 cupientes,et
1136 2711 1440 2780 praedictum
1465 2710 1642 2764 divum
1673 2709 1958 2764 Eusebium

382 2815 663 2873 patronum
692 2814 931 2858 nostrum
960 2803 1171 2856 devotis
1195 2802 1437 2856 laudibus
1463 2801 1656 2871 ubique
1683 2801 1921 2855 locorum
1941 2841 1954 2864 ,

383 2906 437 2951 et
464 2906 725 2950 terrarum
769 2910 975 2949 summa
1005 2894 1351 2948 veneratione
1382 2894 1604 2955 extolli,
1655 2892 1959 2960 justamque

383 3003 566 3041 eorum
590 2975 861 3041 oratorum
887 2987 1234 3041 devotionem
1263 2985 1664 3038 considerantes
1684 3025 1696 3048 ,
1730 2999 1826 3038 nec
1855 3000 1957 3037 non

385 3079 642 3149 prmlihati
674 3078 815 3130 illius
837 3077 1090 3146 principis
1119 3078 1281 3131 nostri
1313 3077 1460 3130 ducis
1488 3078 1809 3145 singularem
1835 3093 1959 3146 erga

2056 1900 2190 1954 alios
2232 1900 2297 1954 ad
2339 1900 2546 1952 laudem
2594 1900 2758 1952 sancti
2806 1899 3052 1968 martyris
3080 1898 3317 1967 episcopi
3350 1898 3564 1954 Eusebii
3592 1915 3626 1955 a

2058 1991 2266 2044 Sanctis
2311 1990 2551 2044 Patribus
2578 2000 2630 2043 et
2670 1991 2933 2058 episcopis
2959 1991 3238 2045 Ambrosio
3259 2033 3272 2054 ,
3292 1990 3542 2054 Maximo,
3564 2007 3627 2047 ac

2059 2081 2316 2149 Gregorio
2334 2079 2630 2133 Turonensi
2650 2081 2971 2146 compositos
2989 2090 3313 2134 recensetur.
3343 2078 3494 2133 Circa
3516 2093 3629 2133 me-

2059 2172 2201 2225 dium
2244 2186 2472 2240 namque
2507 2169 2682 2225 Serm.
2715 2169 3049 2226 illius.ubiﬁt
3081 2172 3278 2225 mentio
3305 2171 3369 2224 de
3398 2171 3628 2226 concilio

2057 2273 2242 2318 coacto
2262 2262 2534 2316 Mediolani
2561 2277 2700 2316 anno
2720 2261 2826 2318 355
2845 2263 3008 2329 (juxta
3028 2261 3418 2316 adnotationem
3445 2259 3630 2316 Cardi-

2060 2357 2196 2411 nalis
2214 2355 2447 2424 Baronii)
2467 2372 2492 2407 a
2515 2355 2827 2409 Constantio
2845 2355 3162 2422 imperatore
3181 2353 3628 2422 perniciosissimo

2057 2449 2330 2502 catholicae
2353 2437 2694 2512 Fidri‘hoste,
2723 2455 2878 2514 atque
2903 2460 3172 2509 eversore,
3192 2445 3268 2498 sic
3290 2445 3479 2514 legitur
3507 2463 3519 2497 :
3548 2443 3627 2497 Ad

2059 2555 2202 2608 quem
2229 2537 2399 2591 beatus
2427 2536 2668 2590 Eusebius
2699 2537 2772 2588 ire
2805 2535 3088 2597 distulerat,
3119 2551 3282 2603 quem,
3316 2535 3435 2601 quid
3473 2551 3628 2603 agen-

2060 2631 2200 2690 dum,
2248 2630 2450 2682 minime
2494 2629 2725 2681 latuerat.
2760 2616 3212 2682 ῡείιιάεδυὺᾶίιε
3247 2623 3357 2678 Nec
3385 2643 3438 2689 re
3466 2625 3629 2695 potuit

2059 2725 2333 2784 continere,
2357 2722 2476 2790 quin
2513 2719 2580 2772 ad
2621 2727 2947 2772 memoratum
2974 2716 3245 2770 concilium
3271 2716 3361 2769 iret
3401 2732 3494 2786 pro
3524 2715 3627 2784 ﬁde

2061 2815 2374 2878 contendere,
2426 2813 2588 2864 sancti
2636 2811 2897 2881 Evangelii
2939 2825 3058 2862 cara
3095 2809 3364 2878 deportatis
3392 2807 3624 2878 pignora.

2061 2907 2202 2960 idem
2246 2911 2471 2958 testatur
2510 2903 2669 2956 etiam
2700 2902 3029 2956 Venerabilis
3067 2899 3148 2954 Jo.
3181 2898 3628 2953 Franciscus‘Bo.

2063 2997 2292 3059 nomius,
2317 2995 2474 3062 hujus
2499 2995 2752 3049 Ecclesia:
2780 2995 3060 3060 episcopus
3086 3008 3226 3046 anno
3257 2992 3514 3059 1554,qui
3543 2990 3628 3044 in-

2065 3095 2144 3138 ter
2187 3094 2378 3138 caetera
2406 3124 2418 3145 ,
2451 3083 2516 3136 ad
2555 3092 2865 3151 apparatum
2911 3079 3223 3148 excogitata:
3269 3081 3630 3135 translationis

385 3172 636 3243 praefatos
663 3183 904 3225 oratores
950 3171 1373 3225 benevolentiam
1402 3210 1415 3235 ,
1448 3171 1535 3238 qui
1566 3169 1718 3224 nobis
1746 3171 1960 3239 etcapi-
1989 3191 2034 3254 ρ
2064 3175 2200 3229 sacri
2230 3175 2470 3242 corporis
2513 3175 2683 3227 sancti
2730 3173 2976 3240 martyris
3019 3170 3230 3224 Eusebii
3263 3169 3579 3237 pertinentia
3609 3210 3625 3236 ,

385 3269 498 3322 tulo
522 3275 704 3320 nostro
731 3279 826 3334 pro
852 3265 928 3318 eis
954 3263 1241 3317 affectuose
1268 3263 1476 3331 scripsit
1502 3304 1516 3327 ,
1547 3272 1599 3315 et
1624 3263 1960 3331 magniﬁcum

392 3361 454 3413 1).
492 3361 820 3427 Stephanum
850 3398 863 3421 ,
881 3356 1045 3410 Mota:
1075 3355 1127 3408 in
1154 3354 1417 3410 Sabandia
1444 3354 1717 3412 dominum
1737 3395 1752 3418 ,
1778 3365 1829 3408 et
1853 3369 1964 3408 suae

389 3451 720 3508 excellentia:
764 3449 1096 3517 capitaneum
1127 3445 1452 3511 destinavit,
1504 3447 1750 3515 quoniam
1781 3445 1965 3514 hujus-

391 3543 535 3597 modi
574 3542 857 3612 postulatio
906 3541 970 3595 ad
1010 3541 1154 3594 Beati
1209 3539 1422 3593 Eusebii
1453 3539 1625 3604 cedit,
1681 3539 1963 3607 poliulique

293 3646 299 3649 '
391 3635 593 3705 praefati
643 3636 1013 3701 devotionem,
1071 3634 1272 3688 eisdem
1322 3635 1620 3687 oratoribus
1651 3634 1964 3702 (accedente

389 3725 681 3782 venerandi
733 3726 952 3792 capituli
1013 3723 1298 3793 consensu)
1343 3732 1542 3791 partem
1593 3724 1812 3792 lapidis,
1861 3740 1963 3793 quo

391 3819 581 3874 Beatus
610 3817 868 3872 Eusebius
889 3815 1153 3884 lapidatus
1167 3816 1388 3881 exstitit,
1419 3825 1472 3870 et
1508 3817 1666 3870 morti
1708 3816 1960 3882 traditus;

391 3908 679 3979 loliumque
705 3925 867 3964 unttm
898 3908 1466 3976 Evangeliorum,ante
1487 3917 1700 3962 centum
1732 3909 1961 3978 quadra-

389 3999 532 4067 ginta
563 4010 787 4068 qnatuor
807 4045 822 4067 ,
848 4016 1008 4070 super
1032 4000 1178 4054 mille
1201 4015 1389 4064 annos,
1423 3999 1628 4068 praefati
1658 4000 1714 4054 S.
1750 4001 1964 4054 Eusebii

392 4103 550 4142 manu
583 4092 789 4158 propria
831 4092 1190 4162 conscriptum
1217 4132 1230 4155 ,
1278 4101 1332 4144 et
1360 4106 1386 4142 a
1432 4089 1681 4145 Sacrario
1711 4089 1967 4143 Ecclesiae

394 4181 658 4249 praedicta:
685 4197 803 4236 cum
826 4200 929 4252 qua
959 4185 1135 4239 decuit
1164 4183 1461 4238 reverentia
1490 4191 1806 4247 extractum,
1833 4183 1967 4236 elar-

395 4270 485 4341 giti
517 4271 713 4323 fuimus
747 4287 761 4322 :
794 4288 857 4324 ex
896 4289 1001 4338 quo
1026 4275 1430 4340 Evangeliorum
1463 4275 1598 4329 libro
1623 4276 1846 4344 plurima
1871 4276 1968 4329 mi-

391 4364 568 4418 racula
593 4362 703 4416 visa
735 4371 883 4426 sunt,
911 4379 1026 4430 quae
1073 4365 1212 4416 nulla
1257 4374 1505 4431 poterunt
1535 4367 1968 4433 tergiversatione

391 4454 576 4522 celari,
603 4461 657 4508 et
677 4469 794 4522 qua:
819 4453 991 4506 omnia
1011 4453 1148 4519 apud
1175 4453 1463 4508 Ecclesiam
1492 4463 1724 4506 nostram
1751 4455 1970 4521 pra-dic-

2066 3269 2235 3337 elogia
2263 3282 2329 3321 ex
2362 3266 2457 3320 SS.
2492 3265 2724 3326 Patrum,
2769 3274 2878 3316 tum
2911 3263 3238 3326 Graecorum,
3269 3271 3378 3315 tum
3406 3259 3630 3315 Latino-

2066 3375 2182 3412 rum
2228 3357 2439 3426 scriptis
2469 3365 2743 3423 excerpta,
2775 3371 2890 3424 qua:
2940 3354 2992 3407 in
3036 3354 3251 3408 basilica
3292 3352 3625 3420 Euscbiaua,

2064 3452 2200 3504 atrio
2227 3449 2535 3520 episcopali,
2577 3448 2828 3509 arcubus,
2872 3446 3145 3516 trophmis,
3178 3445 3380 3514 viisque
3405 3445 3633 3514 publicis

2064 3552 2217 3598 erant
2245 3541 2580 3612 apponenda,
2611 3541 2736 3595 illud
2766 3554 2972 3609 qqutte
3012 3538 3237 3593 Athonis
3265 3536 3500 3592 extabat.
3527 3537 3632 3591 Ha-

2068 3637 2219 3690 betur
2243 3636 2454 3688 demnm
2483 3633 2534 3686 in
2556 3632 2676 3686 Vita
2700 3634 2865 3686 sancti
2893 3631 3102 3684 Eusebii
3128 3631 3266 3700 typis
3289 3631 3451 3694 edita,
3483 3644 3631 3684 num.

2065 3743 2174 3790 xtv,
2212 3725 2302 3778 [οι.
2337 3724 2455 3777 158.
2488 3723 2836 3778 Sacrosancta
2861 3723 3141 3790 Evangelia
3168 3737 3260 3776 sua
3286 3721 3450 3790 ipsius
3474 3736 3635 3776 manu

2066 3818 2353 3886 descripta,
2388 3816 2759 3870 ﬁdissimorutn
2799 3817 3048 3869 comitum
3091 3816 3228 3877 loco,
3257 3815 3469 3869 assidue
3494 3813 3636 3883 apud

2065 3923 2122 3962 se
2150 3908 2365 3960 habuit:
2397 3908 2586 3973 quibus
2630 3920 2776 3970 usus,
2823 3905 3091 3967 vitiorum,
3129 3905 3499 3982 schismatum,
3526 3904 3635 3959 ha:-

2069 4013 2352 4067 resumque
2383 3995 2514 4051 t‘etra
2543 4006 2774 4050 monstra
2811 3995 3039 4063 undique
3061 3995 3457 4048 exterminavit.

2140 4093 2245 4148 Sed
2274 4091 2421 4162 quid
2465 4091 2719 4144 immoror
2758 4090 2808 4142 in
2834 4087 3164 4156 requirendis
3193 4088 3593 4156 probationibus
3617 4127 3634 4156 ,

2069 4199 2186 4239 cum
2217 4193 2294 4248 tu,
2334 4183 2404 4236 mi
2446 4183 2759 4246 Blanchine,
2803 4188 3130 4249 compertum
3179 4180 3397 4245 habeas,
3443 4190 3636 4250 quanta

2069 4275 2138 4330 sit
2168 4275 2326 4344 hujus
2353 4276 2487 4329 sacri
2519 4273 2721 4329 codicis
2755 4273 3002 4344 dignitas,
3031 4284 3223 4342 quanta
3254 4274 3366 4343 ejus
3395 4274 3640 4330 condito—

2073 4368 2147 4420 ris
2185 4366 2469 4431 certitudo,
2502 4376 2699 4435 quanta
2741 4367 2955 4435 insuper
2986 4365 3116 4420 ﬁdes
3143 4368 3191 4420 ei
3220 4367 3483 4421 habenda.
3530 4368 3641 4423 Hoc

2073 4455 2207 4507 duce
2256 4465 2565 4508 novatorum
2609 4471 2819 4510 errores
2867 4457 3082 4510 eludere
3120 4472 3312 4512 conare
3343 4475 3356 4510 :
3386 4470 3474 4522 ut,
3503 4461 3640 4514 sicut

391 4543 497 4603 tam
519 4559 724 4601 summa
748 4544 1091 4599 veneratione
1122 4552 1385 4598 asservata
1419 4544 1855 4609 transmittimus,
1882 4560 1972 4612 pa-
1999 4550 2047 4608 Ι)
2075 4546 2282 4596 oriente
2327 4544 2460 4608 sole,
2493 4544 2748 4612 quidquid
2788 4547 2853 4600 de
2885 4556 3138 4600 nocturna
3172 4546 3481 4600 umbrarum
3513 4549 3644 4601 cali-

391 4641 546 4710 rique
587 4639 931 4694 veneratione
972 4651 1136 4706 penes
1192 4651 1284 4691 eos
1321 4637 1594 4691 observari
1633 4636 1964 4690 aﬁ‘ectamus.

396 4733 501 4785 Has
528 4740 700 4786 autem
725 4741 934 4788 nostras
962 4745 1057 4799 per
1082 4729 1450 4794 secretarium,
1487 4739 1830 4798 nostrumque
1855 4729 1970 4796 jus-

394 4835 513 4874 sum
545 4822 875 4894 subsignari,
909 4831 962 4878 et
1003 4821 1162 4890 sigilli
1193 4821 1356 4874 nostri
1384 4821 1602 4889 majoris
1631 4819 1968 4887 appositione

395 4909 672 4963 roboratas
699 4910 751 4961 in
774 4911 1130 4964 testimonium
1164 4911 1553 4979 praemissorum
1582 4909 1964 4964 conceSs‘imus.

398 5004 586 5056 Datum
618 5001 880 5055 Vercellis
909 5015 975 5053 ex
1005 5001 1198 5068 palatio
1227 5001 1512 5071 episcopali
1540 5009 1723 5056 nostro
1742 5041 1758 5066 ,
1786 5000 1872 5054 die
1895 4998 1967 5052 24

393 5094 631 5149 Januarii
664 5091 878 5157 MDXV,
913 5093 1263 5160 praesentibus
1293 5094 1485 5148 ibidem
1537 5095 1746 5150 Andrea
1779 5093 1972 5148 Ferre-

396 5183 479 5238 rio
507 5183 734 5247 Patruo,
780 5191 832 5234 et
856 5181 1053 5234 vicario
1096 5189 1277 5235 nostro
1305 5185 1567 5252 generali,
1608 5195 1661 5239 et
1700 5184 1972 5237 Ludovico

395 5273 709 5337 deGromis,
724 5273 994 5327 Canonico
1011 5271 1354 5339 Vercellensi,
1385 5276 1606 5329 testibus
1620 5276 1682 5328 ad
1700 5277 1972 5340 prremissa

400 5365 602 5419 vocatis
627 5403 641 5424 ,
697 5371 751 5415 et
780 5365 998 5431 rogatis.
1021 5363 1061 5433 -ι-
1101 5364 1209 5416 loco
1241 5365 1409 5435 Signi.
1440 5366 1523 5420 Jo.
1548 5366 1613 5420 de
1639 5367 1918 5420 Ferreriis.
1947 5383 1965 5418 ι

468 5455 572 5508 Per
618 5454 759 5507 hunc
803 5451 1033 5522 denique
1084 5454 1272 5507 librum
1316 5459 1636 5526 prmcipuam
1687 5457 1971 5526 quamdam

401 5543 639 5610 ejusdem
670 5545 1007 5599 sanctitatem
1044 5545 1329 5613 aliquando
1361 5549 1673 5618 signiﬁcavit
1700 5549 1868 5613 Deus,
1899 5551 1974 5603 uti

402 5631 563 5683 etiam
613 5633 724 5701 ipsa
758 5635 1058 5705 syngrapha
1089 5637 1330 5702 superior
1376 5637 1580 5693 innuit:
1612 5639 1804 5708 smpius
1833 5639 1974 5693 enim

403 5722 601 5790 evenit,
648 5733 704 5778 ut
732 5725 842 5793 qui,
890 5726 981 5783 illo
1028 5735 1169 5782 taeto
1200 5723 1520 5795 pejorarunt,
1562 5731 1619 5798 ii,
1660 5737 1750 5787 aut
1796 5729 1974 5786 statim

2075 4633 2198 4700 gine
2222 4633 2484 4702 reliquum
2517 4643 2617 4698 est,
2648 4633 2755 4688 cito
2779 4635 3062 4697 dilabitur;
3107 4635 3199 4701 ita,
3227 4635 3328 4689 hoc
3366 4650 3520 4689 sacro
3549 4652 3643 4690 vo—

2076 4726 2273 4779 lumine
2305 4724 2356 4778 in
2395 4725 2562 4780 lucem
2585 4727 2752 4791 edito,
2785 4737 2834 4780 et
2863 4741 2964 4780 non
2995 4727 3163 4782 solum
3191 4727 3240 4780 in
3274 4726 3523 4782 litteraria
3554 4745 3642 4784 rc-

2075 4816 2303 4885 publica,
2334 4817 2427 4871 sed
2470 4818 2630 4874 etiam
2677 4819 2728 4872 in
2781 4828 2889 4873 toto
2939 4828 3197 4873 terrarum
3252 4820 3381 4875 orbe
3424 4820 3640 4882 diffuso,

2074 4908 2310 4960 omnium
2356 4909 2725 4962 haereticorum
2769 4910 2905 4963 oculi
2950 4910 3321 4977 catcutientes,
3365 4909 3644 4964 catholicae

2073 4997 2194 5051 ﬁdei
2224 4999 2494 5066 agnitione
2520 4999 2867 5054 illustrentur.

2145 5089 2298 5142 Faxit
2347 5090 2504 5156 Deus,
2535 5101 2590 5144 ut
2620 5108 2734 5146 mea
2766 5096 2924 5147 etiam
2953 5094 3017 5148 ad
3047 5095 3300 5164 majorem
3332 5097 3644 5153 orthodoxa:

2076 5179 2199 5234 ﬁdei
2227 5180 2685 5237 conﬁrmationem
2711 5223 2726 5249 ,
2756 5184 2820 5238 ad
2848 5187 3016 5255 majus
3042 5189 3225 5256 gloria:
3253 5191 3642 5246 incrementum

2077 5271 2135 5325 S.
2172 5271 2230 5324 P.
2267 5271 2327 5324 Ν.
2355 5273 2604 5342 martyris
2625 5276 2854 5344 episcopi
2891 5277 3126 5345 Eusebii,
3158 5282 3314 5352 eique
3340 5281 3644 5334 famulantis

2075 5364 2317 5434 capituli,
2349 5365 2415 5420 ad
2454 5365 2666 5454 dignam
2694 5367 2906 5424 demum
2945 5374 3021 5426 tui
3045 5374 3279 5427 nominis
3306 5371 3644 5426 commenda-

2077 5455 2274 5509 tionem
2322 5455 2689 5526 compleantur
2718 5470 2856 5513 vota.
2885 5464 3080 5532 Accipe
3117 5464 3275 5531 igitur
3299 5502 3313 5524 ,
3345 5463 3642 5530 prmclaris-

2077 5547 2231 5611 sime,
2261 5561 2322 5602 ac
2344 5562 2556 5618 semper
2582 5551 2710 5606 mihi
2733 5556 3032 5622 gratissime
3055 5553 3362 5620 Blanchine,
3390 5555 3643 5625 quidquid

2078 5635 2415 5692 imbecillitas
2458 5656 2571 5694 mea
2605 5644 2828 5714 seligere
2857 5646 3041 5714 potuit,
3075 5645 3213 5712 quod
3245 5659 3403 5700 omne
3446 5647 3645 5715 tibiju-

2078 5727 2459 5788 cundissituum
2507 5732 2620 5792 fore
2664 5737 2894 5793 conﬁdo.
2936 5733 3072 5793 Vive
3109 5736 3239 5807 diu,
3268 5737 3493 5798 zeiando
3522 5733 3644 5794 ﬁdei
