4288 6464
405 327 469 382 73

1326 327 1333 335 ’
1421 319 1757 379 EPISTOLA
1795 319 2121 380 RUGGERII
2158 321 2632 380 NOVARIENSIS.

3575 329 3645 385 74

405 439 707 504 veritatem;
738 452 802 494 ac
828 437 884 493 in
904 437 1073 495 arduo
1097 437 1459 509 maximoque,
1483 438 1624 510 quod
1648 437 1967 509 suscepisti,
1997 443 2051 502 Α
2073 438 2187 491 idus
2216 437 2432 509 Augusti
2462 440 2523 492 in
2546 438 2701 492 Curte
2730 438 2889 510 Regia
2923 438 3208 505 Lttstonoa,
3240 454 3334 497 seu
3358 440 3607 498 Justonoa
3624 485 3642 512 ,

405 544 584 601 opere.
606 537 661 585 te
684 528 825 584 Deus
846 528 1166 585 incolumem
1194 537 1404 593 servet,
1434 542 1497 584 ac
1522 528 1738 584 demum
1760 527 1827 582 ad
1849 527 1969 582 feli-

406 621 672 677 cissimum
694 621 885 676 salutis
904 629 1119 677 :eterna:
1147 621 1325 676 locum
1358 620 1631 690 perducat.
1660 619 1813 675 Vale.
1845 618 1974 675 Ver-

371 750 374 755 ~
408 713 553 769 cellis
577 712 667 769 die
690 728 744 767 χι
774 714 976 769 mensis
1014 710 1180 779 Junii,
1210 713 1368 767 Anno
1400 711 1611 767 Domini
1636 712 1794 766 i738.

407 867 765 927 BLANCBINI
809 868 1241 925 VERONENSIS
1278 868 1364 923 DE
1400 866 1647 924 CODICE
1678 865 1972 951 YERCEL-

912 962 1106 1017 LENSI
1148 958 1478 1017 JUDICIUM.

475 1076 587 1147 Ego
635 1075 688 1130 in
712 1074 1074 1132 illustrissimi
1114 1074 1356 1130 canonici
1411 1071 1661 1144 Ruggerii
1726 1070 1974 1127 laudibus

382 1171 383 1174 “
406 1167 595 1234 feram,
619 1168 666 1223 si
693 1168 1125 1224 dissertationem
1145 1181 1353 1237 quoque
1376 1166 1601 1221 texuerit
1624 1164 1970 1233 singularem,

406 1269 562 1331 atque
582 1273 645 1315 ea
668 1268 1010 1314 monumenta
1040 1257 1107 1313 ab
1127 1257 1271 1312 omni
1298 1256 1609 1325 antiquitate
1637 1254 1795 1323 petita
1827 1253 1975 1307 evul-

406 1347 629 1420 gaverit,
660 1364 778 1418 qum
806 1346 889 1420 (ut
917 1347 1032 1417 ipse
1066 1346 1120 1402 in
1160 1346 1384 1417 epistola
1413 1344 1623 1400 videtur
1650 1342 1892 1413 innuere)
1920 1343 1971 1397 in

406 1441 623 1498 archivo
651 1439 876 1511 insignis
902 1438 1122 1509 capituli
1151 1438 1218 1493 ad
1248 1437 1386 1493 hanc
1417 1436 1559 1491 diem
1593 1449 1763 1503 usque
1790 1433 1974 1489 adser-

406 1542 629 1597 vantur;
663 1539 721 1585 ut
749 1536 956 1585 eorum
978 1544 1081 1600 ope
1109 1528 1447 1585 sanctissimo
1480 1526 1730 1598 episcOpo
1755 1533 1811 1580 et
1836 1539 1975 1579 mar-

409 1623 511 1695 tyri
539 1621 771 1677 Eusebio
807 1621 1079 1676 laudatum
1116 1621 1355 1676 codicem
1388 1618 1801 1688 Evangeliorum
1826 1631 1969 1673 asse-

407 1723 489 1769 rat
508 1713 867 1782 vindicetque.
887 1711 965 1779 ld,
988 1722 1043 1767 ut
1063 1712 1441 1779 velitellicere,
1464 1710 1621 1769 etiam
1640 1722 1798 1780 atque
1813 1709 1972 1763 etiam

407 1820 569 1876 rogo;
597 1806 735 1861 sicut
751 1792 819 1861 ex
848 1805 1040 1860 litteris
1065 1805 1130 1859 ad
1159 1820 1281 1860 eum
1306 1806 1518 1874 scriptis
1547 1803 1598 1859 id
1629 1817 1715 1858 me
1742 1815 1976 1856 summo-

409 1911 538 1965 pere
584 1905 768 1965 optare
809 1896 1097 1967 perspexit.
1145 1898 1407 1964 Quantam
1438 1894 1977 1965 veroautiquissimte

362 2036 365 2039 .
409 1987 681 2043 traditioni
734 1986 1089 2043 Vercellensis
1134 1989 1385 2044 Ecclesiae
1431 1988 1591 2044 [idem
1638 2003 1737 2042 nos
1785 1986 1981 2040 habere

406 2080 709 2142 conveniat,
750 2078 976 2134 edocent
1021 2086 1136 2132 aeta
1163 2078 1253 2133 illa
1279 2078 1338 2134 S.
1364 2077 1605 2142 Eusebii,
1639 2092 1759 2148 qua:
1797 2075 1983 2131 Ferdi-

407 2170 625 2226 nandus
648 2170 921 2242 Ugbellius
951 2171 1148 2243 publici
1185 2173 1323 2241 juris
1370 2171 1496 2227 fecit
1535 2170 1690 2225 Tom.
1735 2185 1784 2223 tv
1814 2168 1981 2222 Italia:

406 2260 607 2324 Same,
640 2261 744 2316 col.
789 2262 947 2324 1050.
988 2261 1170 2330 prima:
1196 2260 1351 2326 edil.,
1391 2260 1649 2313 acodice
1680 2260 1761 2329 (ut
1786 2255 1977 2327 inquit)

404 2344 737 2405 uetustissimo
756 2349 888 2405 Vita:
903 2360 1195 2404 sanctorum
1214 2350 1505 2404 monasterii
1523 2347 1896 2403 Nonantulani.
1922 2345 1978 2401 in

402 2439 473 2496 iis
500 2454 730 2511 namque
754 2440 825 2495 ita
854 2440 1076 2510 legitur:
1109 2458 1129 2492 ι
1165 2439 1442 2511 Pugnabat
1466 2448 1644 2496 autem
1676 2438 1891 2511 (scilicet
1915 2437 1975 2493 S.

404 2531 678 2603 Eusebius)
702 2540 886 2589 contra
918 2532 1329 2614 immanissimas
1351 2532 1549 2589 bestias
1573 2532 1978 2596 Arriomanitas,

399 2638 528 2695 quae
552 2638 671 2679 eum
697 2623 1014 2695 expulerunt
1043 2623 1111 2679 de
1136 2624 1375 2689 civitate,
1402 2622 1773 2693 persecutione
1802 2622 1979 2693 populi

398 2723 598 2771 contra
622 2730 745 2770 eum
772 2715 1023 2771 excitata.
1050 2716 1118 2770 At
1142 2714 1251 2779 ille,
1283 2730 1350 2769 ne
1379 2714 1607 2785 populus
1629 2714 1682 2767 in
1710 2729 1830 2769 eum
1860 2728 1983 2782 pec-

395 2814 576 2871 caret,
617 2819 752 2874 quos
779 2814 968 2875 postea
995 2805 1360 2861 delectabatur
1384 2804 1581 2859 habere
1612 2802 1772 2868 ﬁlios,
1805 2802 1982 2858 sciens

395 2893 687 2964 scriptum,
713 2894 776 2950 Si
810 2910 896 2951 vos
927 2896 1179 2965 persecuti
1220 2897 1408 2967 fuerint
1432 2895 1487 2950 in
1512 2912 1616 2949 una
1643 2894 1865 2960 ciuitate,
1894 2893 1981 2963 [u-

393 2985 510 3055 gite
530 2984 587 3038 in
610 2986 788 3051 aliam,
814 2987 952 3042 ultra
979 2986 1173 3043 [lumen
1197 2986 1396 3042 Padum
1415 2987 1625 3042 transiit
1644 3027 1658 3051 ,
1686 2994 1739 3040 et
1765 2984 1829 3040 ad
1858 2985 1983 3040 Cas-

398 3084 574 3143 trum,
605 3077 747 3147 quod
787 3076 983 3155 dicitur
1026 3078 1467 3145 Gredonensium,
1522 3077 1863 3147 perveniens,
1913 3074 1982 3130 ibi

399 3166 589 3222 tribus
620 3168 891 3231 mensibus
929 3170 1158 3240 degens,
1186 3170 1240 3225 in
1263 3169 1521 3224 honorem
1550 3168 1610 3223 B.
1644 3167 1739 3223 Dei
1755 3166 1957 3223 Genitri

393 3259 487 3315 cis
514 3260 815 3315 construxit
842 3260 1179 3315 Oratorium:
1214 3260 1305 3315 ubi
1349 3260 1509 3315 etiam
1554 3260 1728 3314 adhuc
1760 3256 1984 3327 longius

393 3352 637 3423 degens,
669 3352 1007 3409 Evsncsuuu
1055 3352 1256 3409 Christi
1305 3354 1516 3423 propria
1548 3369 1706 3407 manu
1732 3366 1981 3413 scmrsrr,

393 3443 569 3513 cujus
590 3444 902 3499 miraculum
929 3444 982 3499 in
1004 3443 1190 3500 eodem
1219 3444 1404 3499 codice
1430 3454 1653 3514 quatuor
1673 3443 1988 3513 Evangelio-

391 3549 532 3591 rum
565 3550 669 3590 non
699 3537 871 3591 solum
900 3536 1077 3592 verbis
1104 3534 1326 3600 Christi,
1354 3534 1447 3589 sed
1476 3545 1529 3590 et
1555 3534 1792 3605 ejusdem
1817 3534 1987 3587 Patris

394 3633 567 3681 tanta
586 3627 752 3681 virtus
763 3636 1027 3690 coruscat,
1052 3636 1132 3693 ut,
1162 3626 1209 3682 si
1234 3626 1425 3697 aliquis
1446 3626 1697 3683 seductus
1718 3612 1988 3681 a'diabolo

390 3715 607 3771 falsum
636 3731 797 3785 super
820 3733 942 3772 eum
968 3718 1374 3773 Sacramentum
1408 3717 1617 3785 fecerit,
1644 3717 1801 3774 citius
1831 3730 1990 3787 super

389 3818 541 3861 eum
591 3804 740 3874 plaga
787 3804 1028 3875 corporis
1067 3807 1415 3861 ostendatur:
1468 3810 1535 3861 ita
1581 3818 1658 3874 ut,
1699 3817 1789 3862 aut
1821 3817 1992 3862 morte

390 3895 726 3963 mulctetur,
757 3908 848 3952 aut
881 3898 1104 3968 perditis
1134 3900 1305 3955 oculis
1333 3901 1606 3970 Spirituale
1632 3910 1686 3956 et
1713 3901 1993 3971 corporale

393 3988 603 4044 lumen
622 3988 847 4058 amittat,
870 4000 963 4045 aut
984 3988 1229 4047 ariditate
1259 3992 1644 4059 membrorum,
1670 4009 1888 4049 mancus
1912 3991 1993 4047 vel

387 4078 643 4136 claudus
669 4080 953 4148 efﬁciatur,
997 4091 1088 4137 aut
1116 4084 1388 4139 invasione
1414 4085 1717 4140 daemonum
1746 4100 1882 4157 pene
1904 4099 1996 4139 us-

386 4186 517 4243 que
576 4170 644 4225 ad
693 4173 891 4228 exitum
934 4172 1239 4229 dilanietur.
1281 4192 1300 4226 »
1358 4174 1515 4230 Hisce
1565 4174 1991 4240 laudationibus,

388 4264 655 4335 huicque
685 4268 802 4319 testi
854 4266 979 4320 item
1025 4266 1376 4336 Berengarius
1401 4268 1625 4331 accedit,
1660 4268 1797 4320 lilius
1824 4267 1992 4321 Eber-
2053 4333 2056 4336 ξ

384 4355 576 4412 bardi
626 4355 776 4410 ducis
821 4355 1225 4425 Forojuliensis,
1255 4359 1343 4426 qui
1373 4357 1657 4412 admodum
1698 4356 1991 4427 juvenisjn

364 4460 605 4534 .regern
646 4443 808 4500 Italia:
852 4460 993 4501 anno
1041 4446 1165 4512 888,
1212 4447 1312 4501 fuit
1364 4447 1623 4514 adlectus,
1676 4458 1733 4502 ut
1785 4454 1996 4503 constat

2077 544 2172 598 pro
2201 530 2516 599 quibusdam
2552 530 2764 600 praediis
2807 531 3156 601 Angelbergm
3193 533 3318 587 olim
3349 534 3645 603 imperatri-

2075 619 2174 687 cis,
2212 625 2263 674 ln
2305 620 2452 674 Italia
2488 621 2781 685 morantis;
2815 637 2879 674 ex
2908 621 3098 688 quibus
3129 622 3295 691 liquet
3325 618 3556 680 nondum
3581 641 3645 681 eo

2075 724 2215 764 anno
2240 711 2413 765 locum
2445 710 2611 765 fuisse
2638 711 2957 781 Berengario
2989 711 3266 767 invadendi
3300 716 3470 785 regni,
3505 716 3643 785 quod

2074 802 2245 856 solum
2298 811 2417 871 post
2454 812 2681 859 mortem
2728 802 2899 857 Caroli
2946 805 3291 873 subsequenti
3338 823 3478 867 anno
3518 808 3640 875 888,

2075 891 2267 947 factum
2291 903 2393 947 est.
2422 892 2557 947 Sunt
2576 904 2630 948 et
2656 895 2755 948 alia
2777 893 3056 958 diplomata
3084 895 3320 949 nondum
3348 897 3487 971 edita
3506 899 3651 968 ejus-

2075 981 2195 1036 dem
2242 982 2585 1052 Berengarii,
2630 999 2701 1038 ex
2749 984 2938 1054 quibus
2970 984 3106 1039 idem
3138 986 3419 1041 evincitur.
3473 988 3644 1044 Unum

2076 1072 2256 1126 datum
2286 1080 2368 1127 est
2408 1090 2542 1127 anno
2589 1075 2712 1141 889,
2746 1091 2796 1129 tv
2833 1076 2948 1128 idus
2985 1078 3297 1143 septctnbris,
3337 1095 3472 1131 anno
3502 1084 3644 1154 regni

2075 1178 2132 1225 ll,
2164 1164 2389 1218 alterum
2418 1179 2561 1219 anno
2588 1165 2715 1230 89i,
2746 1180 2795 1218 tv
2822 1180 2989 1220 nenas
3025 1168 3363 1234 septembris,
3393 1184 3531 1222 anno
3559 1188 3643 1226 rc-

2075 1253 2164 1321 gni
2208 1269 2299 1321 vtt,
2333 1261 2390 1307 ut
2428 1254 2530 1308 alia
2559 1243 2895 1309 emittantur.
2944 1254 3124 1312 jEtate
3168 1273 3297 1312 vero
3342 1259 3644 1331 Berengarit

2076 1345 2153 1396 sic
2180 1345 2573 1399 constabilitata
2597 1386 2611 1410 ,
2642 1348 2875 1401 nascitur
2904 1346 3034 1400 mihi
3066 1362 3205 1401 nunc
3235 1363 3427 1402 novum
3453 1351 3646 1419 proba-

2078 1433 2235 1487 tionis
2261 1449 2449 1504 genus,
2485 1435 2535 1488 in
2567 1452 2670 1505 quo
2697 1436 2810 1492 fere
2838 1439 3231 1507 conquiescam.
3265 1440 3367 1494 Sed
3399 1444 3644 1511 quoniam

2078 1525 2250 1593 ipsum
2289 1526 2539 1593 explicari
2589 1542 2691 1580 non
2726 1536 2938 1595 potest,
2972 1532 3069 1583 nisi
3103 1531 3354 1599 inspectis
3384 1538 3650 1604 argenteis

2076 1614 2288 1669 laminis
2334 1616 2571 1684 ejusdem
2629 1618 2827 1671 codicis
2879 1619 3197 1684 Euscbiani,
3253 1638 3280 1675 a
3334 1624 3653 1697 Berengario

2076 1723 2209 1761 auro
2256 1721 2582 1779 argentoque
2623 1710 2877 1776 contexti,
2930 1722 3088 1798 atque
3137 1714 3388 1769 Ecclesiae
3425 1720 3649 1789 principi

2006 1827 2054 1887 B
2078 1797 2443 1854 Vercellarum
2493 1800 2558 1854 ab
2588 1800 2703 1869 ipso
2744 1797 3050 1856 reverenter
3080 1803 3274 1869 oblati,
3306 1806 3430 1875 ipsa:
3462 1810 3653 1866 tabula:

2086 1887 2433 1958 inspiciantur
2481 1889 2640 1946 Parte
2684 1907 2721 1945 tt
2763 1891 2922 1962 hujus
2969 1895 3165 1963 Operis,
3200 1906 3332 1967 'pag.
3378 1914 3573 1954 nuxtv
3601 1912 3655 1957 et

2085 1995 2275 2042 anxv,
2308 1996 2373 2035 ex
2401 1982 2590 2051 quibus
2633 1983 2814 2037 licebit
2858 1985 3126 2053 conjicere
3164 2002 3286 2041 eum
3318 2031 3333 2054 ,
3378 2004 3655 2062 postquam

2068 2070 2317 2141 episcopi
2350 2070 3110 2142 Vercellensispatrimonium
3153 2080 3283 2132 satis
3312 2083 3545 2149 amplum
3575 2084 3657 2139 di-

2085 2159 2339 2227 ripuerat,
2390 2170 2584 2215 tactum
2616 2164 2800 2217 dolore
2826 2166 3001 2217 cordis
3030 2167 3371 2233 intrinsecus,
3402 2172 3661 2229 Eusebia-

2084 2265 2208 2304 num
2237 2254 2621 2322 autograpbum
2643 2269 2762 2309 cum
2789 2254 2996 2311 fanore
3018 2258 3327 2315 reddidisse.
3357 2262 3662 2321 Remnarro
3700 2276 3701 2281 ‘

2084 2354 2150 2393 ex
2199 2339 2465 2396 Hadriano
2510 2342 2740 2411 Valesio,
2792 2346 2882 2414 qui
2929 2363 3045 2418 cap.
3079 2366 3130 2403 tv
3161 2351 3572 2409 Atlnotatiouttm
3604 2356 3655 2410 in

2084 2431 2355 2509 laudatum
2378 2437 2629 2506 anonymi
2661 2439 3037 2510 panegyricum
3058 2441 3223 2511 inquit
3250 2460 3263 2497 ε
3298 2462 3317 2494 ι
3350 2444 3504 2499 Anno
3532 2446 3657 2510 886,

2085 2523 2223 2578 inter
2250 2524 2625 2595 Berengarium
2643 2527 3058 2596 Forojulienstam
3078 2532 3290 2599 ducem,
3319 2544 3369 2587 et
3398 2535 3659 2589 Luitwar-

2085 2613 2210 2669 dum
2241 2616 2549 2687 episcopum
2597 2618 2990 2675 Vereellensem
3010 2663 3023 2687 ,
3056 2622 3231 2676 Caroli
3266 2628 3482 2694 Augusti
3514 2643 3544 2682 a
3572 2644 3661 2685 se-

2084 2704 2244 2759 cretis
2270 2706 2630 2761 consiliarium
2655 2709 2889 2776 unicum,
2918 2723 3033 2765 orta
3056 2713 3321 2769 discordia
3337 2724 3438 2772 est.
3464 2718 3662 2774 Beren-

2085 2798 2263 2867 garius
2297 2812 2390 2866 per
2418 2799 2546 2863 vim,
2577 2808 2667 2854 aut
2692 2815 2788 2869 per
2816 2803 3036 2858 insidias
3069 2804 3339 2862 Vercellas
3368 2809 3660 2881 ingressus,

2086 2888 2281 2943 multas
2311 2905 2398 2945 res
2424 2891 2659 2961 episcopi
2707 2908 2803 2963 pro
2830 2894 3099 2951 voluntate
3137 2902 3416 2970 surripuit,
3448 2920 3509 2959 ac
3530 2905 3664 2965 urbe

2085 2979 2317 3034 excessit
2344 2982 2529 3050 spoliis
2551 2994 2795 3051 onustus,
2830 2986 3043 3041 nemine
3072 2988 3391 3057 prohibente
3416 3013 3428 3047 :
3461 2996 3553 3052 sed
3579 2999 3662 3051 in-

2086 3072 2329 3140 sequenti
2360 3086 2501 3127 anno
2548 3072 2648 3128 887
2677 3074 2740 3128 ad
2772 3075 3145 3140 imperatorem
3187 3086 3353 3147 venit,
3385 3094 3437 3139 et
3462 3089 3666 3158 magnis

2011 3195 2056 3257 Ο
2089 3160 2397 3215 muneribus
2440 3164 2817 3218 contumeliam
2868 3179 2929 3219 ac
2969 3166 3214 3237 injuriam
3257 3174 3508 3242 episc0po
3555 3176 3665 3231 fac-

2090 3260 2195 3304 tam
2249 3250 2369 3316 luit,
2422 3252 2742 3323 inimicoque
2793 3255 3070 3323 sati~fecit,
3121 3263 3565 3329 quemadmodum
3613 3270 3665 3325 in

2087 3342 2384 3396 Annalibus
2414 3342 2736 3398 Bcrtinianis
2765 3346 3057 3401 invenitur.
3095 3367 3114 3401 ›
3168 3354 3337 3431 Anno
3355 3356 3494 3408 enim
3520 3357 3625 3412 886
3647 3398 3665 3425 ,

2089 3430 2215 3485 Post
2259 3431 2484 3497 Pascha,
2533 3434 2821 3505 (inquiunt)
2868 3437 3042 3493 habito
3076 3446 3299 3510 generali
3328 3430 3520 3513 iPapite
3548 3465 3670 3501 con-

2088 3534 2234 3576 uentu
2278 3524 2562 3591 imperator.
2597 3541 2687 3594 per
2719 3524 3068 3597 Burgundiam
3091 3573 3104 3595 ,
3140 3532 3337 3585 obviam
3371 3532 3668 3592 Norminnis

2088 3618 2141 3670 in
2171 3616 2415 3683 Galliam,
2458 3620 2545 3683 qui
2591 3629 2708 3673 tunc
2754 3620 2972 3676 Parisiis
3020 3635 3209 3689 erant,
3238 3645 3393 3697 usque
3429 3634 3665 3698 pervenit.

2094 3706 2271 3762 Occiso
2310 3709 2379 3761 ibi
2412 3707 2636 3764 Henrico
2667 3710 2959 3767 Marchensi
2988 3712 3324 3783 Francorum,
3359 3722 3441 3787 qui
3462 3721 3515 3771 id
3539 3729 3667 3771 tent-

2091 3814 2186 3867 ptts
2214 3797 2511 3853 Neustriam
2548 3804 2723 3865 tenuit,
2752 3818 2859 3864 rex,
2889 3820 3068 3871 parum
3094 3820 3330 3874 prospere
3355 3807 3479 3858 actis
3500 3807 3665 3872 rebus,

2090 3889 2357 3941 revertitur
2394 3890 2447 3941 in
2488 3906 2603 3944 sua.
2642 3890 2909 3945 Discordia
2938 3895 3067 3947 inter
3096 3894 3457 3964 Berengarittnt
3483 3914 3672 3969 cogna-

2093 3988 2199 4032 tum
2243 3980 2394 4050 regis,
2428 3981 2515 4049 qui
2542 3980 2681 4035 Foro
2705 3983 2940 4037 Juliense
2967 3985 3189 4051 fruitur,
3235 3994 3283 4038 et
3328 3986 3672 4044 Liriwardum

2093 4074 2381 4143 episc0pum
2414 4073 2598 4126 oritur.
2633 4072 2916 4142 PrOpterca
2942 4074 3285 4146 Berengarius
3310 4082 3513 4136 mittens
3547 4083 3676 4137 Ver—

2093 4164 2328 4217 cellinam
2370 4164 2541 4215 urbem
2568 4165 2847 4230 expoliare,
2878 4165 3045 4234 ibique
3078 4169 3303 4234 veniens,
3329 4173 3503 4228 multis
3529 4175 3674 4228 rebus

2093 4253 2315 4320 episcOpi
2362 4252 2600 4323 abreptis,
2634 4263 2783 4324 prout
2809 4258 2997 4324 voluit,
3040 4274 3271 4317 reversus
3310 4274 3402 4317 est.
3447 4264 3513 4318 Et
3541 4282 3673 4319 anno

2093 4342 2220 4407 887,
2251 4343 2529 4409 imperator
2557 4345 2762 4399 elisaica
2801 4354 2985 4421 magna
3026 4350 3322 4419 inﬁmitate
3347 4354 3670 4425 adgravatur.

2098 4431 2283 4489 Postea
2296 4450 2476 4503 parum
2490 4437 2932 4503 convalescens,ad
2946 4440 3290 4495 Alemannth
3301 4443 3635 4512 proﬁciscitur
3653 4460 3673 4499 :

379 4525 465 4597 ει
500 4536 706 4609 sigillis
733 4539 903 4595 cereis
930 4538 1299 4609 diplomalum’
1341 4555 1461 4611 qum
1489 4540 1603 4611 ipse
1629 4540 1774 4595 dedit
1811 4540 1997 4610 primis
2024 4557 2077 4619 Β
2100 4543 2304 4598 uergens
2346 4525 2550 4619 Curle_m
2600 4527 2885 4594 Podonam,
2919 4548 3012 4602 pro
3042 4533 3236 4595 dolore,
3264 4535 3445 4598 capitis
3471 4535 3674 4587 incisio-

381 4630 487 4683 διιί
541 4628 705 4700 regni
755 4630 929 4687 annis.
961 4630 1036 4687 lbi
1077 4631 1218 4687 enim
1255 4631 1462 4703 efﬁgies
1497 4632 1735 4688 cernitur
1765 4631 1998 4687 hominis

381 4718 705 4786 imberbis,
736 4722 1045 4794 vultumque
1078 4722 1370 4795 iuvenilem
1402 4724 1755 4796 pratfcrentis,
1786 4724 1998 4795 qualem

382 4827 531 4892 non,
555 4809 749 4868 videas
776 4814 830 4869 in
852 4816 1286 4887 subsequentium
1311 4833 1570 4873 annorum
1600 4816 1999 4887 diplomatibus.

378 4900 765 4976 Gnglielmus
787 4903 1109 4964 Godelridus
1135 4909 1452 4973 Leibnitius,
1477 4908 1567 4979 qui
1596 4909 1885 4964 editionem
1917 4924 2003 4963 or-

378 4994 597 5063 navit,
628 5009 691 5051 sc
716 4995 928 5053 brevem
956 4998 1368 5069 Chronologiam
1407 4999 1611 5068 antiqui
1637 4999 1877 5052 carminis
1912 5014 2004 5067 pa-

378 5087 745 5161 negyrici“
772 5090 1009 5146 laudibus
1052 5092 1345 5165 Berengarii
1395 5092 1610 5163 Augusti
1655 5091 1907 5161 (primunt
1939 5089 2006 5143 ab

379 5174 707 5239 Hadriano
749 5179 959 5238 Valesio
1000 5183 1427 5240 cbristianissimi
1464 5185 1604 5255 regis
1627 5184 1813 5240 Galliae
1841 5184 2009 5236 histo-

375 5266 720 5341 riographo
762 5272 1041 5345 evulgati),
1069 5292 1099 5330 a
1128 5292 1310 5332 mense
1340 5278 1479 5331 maio
1520 5277 1644 5330 anni
1675 5275 1811 5337 887,‘
1846 5288 2006 5328 exor-

376 5365 567 5420 ditur
604 5373 829 5430 regttttm
856 5360 1166 5433 Berengarii
1197 5368 1247 5421 in
1273 5367 1440 5421 Italia.
1476 5364 1579 5421 Sed
1608 5364 1657 5418 id
1683 5364 1900 5417 minime
1922 5375 2007 5416 so-

373 5456 537 5511 lidis
602 5448 969 5521 fundamentis
989 5494 1004 5517 ,
1034 5455 1109 5507 uti
1139 5459 1215 5510 ait
1242 5456 1585 5512 doctissimus
1622 5454 1786 5509 abbas
1826 5452 2005 5508 Ludo-

375 5547 573 5601 vicus
638 5542 960 5600 Muralorius
996 5543 1154 5600 Parte
1183 5562 1200 5600 ι
1230 5547 1380 5604 Tomi
1412 5565 1451 5605 tt
1478 5550 1668 5605 Rerum
1710 5545 2012 5601 Italicarum

372 5654 531 5711 pag.
591 5634 733 5701 575,
764 5636 848 5692 cui
875 5647 1000 5693 ante
1024 5637 1208 5692 oculos
1231 5639 1651 5697 observabantur
1697 5638 1803 5695 duo
1845 5638 2016 5709 diplo-

373 5739 561 5790 mata
605 5722 795 5783 Caroli
834 5727 1012 5785 Crassi
1040 5730 1377 5802 imperatoris
1407 5770 1424 5799 ,
1457 5731 1581 5789 data
1606 5749 1741 5789 anno
1777 5730 1901 5803 887,
1958 5747 2015 5789 ut

842 5820 1115 5884 Panos.
1164 5822 1307 5887 Xll.

2102 4634 2214 4673 nem
2238 4619 2449 4689 accepit.
2479 4616 2756 4674 Transacto
2784 4621 2866 4675 die
2892 4633 3067 4676 sancto
3092 4622 3326 4688 Pascltaz,
3355 4624 3578 4676 habitum
3603 4636 3674 4681 est

2106 4709 2362 4786 Plpcitum
2394 4709 2721 4783 Weibilinga.
2766 4712 2793 4764 l
2802 4713 2850 4765 bi
2876 4715 3002 4766 inter
3032 4714 3133 4766 alia
3158 4713 3494 4785 Berengarius
3519 4716 3585 4769 ad
3612 4718 3675 4786 [i-

2106 4800 2361 4856 delitatem
2392 4800 2607 4855 Cesaris
2636 4804 2877 4869 pervenit,
2911 4804 3203 4873 magnisque
3233 4807 3526 4860 muneribus
3556 4826 3675 4862 con-

2108 4892 2364 4971 tumeliam
2390 4930 2405 4955 ,
2435 4907 2585 4955 quam
2617 4893 2671 4943 in
2701 4890 2993 4945 Liviwardo
3017 4896 3175 4963 priori
3199 4913 3332 4950 anno
3359 4900 3675 4954 commiserat

2106 4981 2452 5049 componenda
2481 4982 2714 5035 absolvit.

2174 5072 2457 5127 Eusebiani
2490 5072 2691 5128 codicis
2719 5077 3032 5145 operculum
3066 5096 3129 5135 ex
3159 5091 3381 5152 argento
3405 5094 3459 5139 et
3489 5099 3619 5139 auro
3643 5100 3673 5139 a

2106 5162 2428 5231 Berengario
2452 5178 2575 5233 rege
2604 5167 2953 5223 instauratum
2975 5212 2989 5235 ,
3019 5187 3082 5225 ex
3130 5188 3232 5227 una
3264 5184 3413 5242 parte
3440 5174 3677 5230 Salvato-

2111 5256 2186 5309 ris
2238 5255 2409 5312 nostri
2437 5256 2716 5339 _elligiem,
2766 5276 2829 5314 ex
2872 5262 2974 5315 alia
3006 5262 3061 5318 S.
3118 5263 3410 5319 Eusebium
3463 5266 3679 5323 exhibet

2109 5348 2351 5405 EUSEB.
2385 5351 2551 5406 EPS:
2603 5350 2668 5402 ad
2712 5348 2826 5418 ejus
2871 5366 2999 5405 vero
3032 5351 3193 5420 pedes
3240 5354 3438 5408 laudati
3494 5371 3677 5412 versus

2109 5441 2362 5512 adscripti
2396 5442 2639 5511 leguntur
2670 5459 2681 5492 :

2111 5557 2149 5619 -j-
2176 5554 2356 5619 Praisul
2386 5554 2465 5619 hic
2490 5553 2731 5619 Eusebius
2753 5555 2959 5619 scripsit,
2983 5556 3219 5619 solvitque
3253 5562 3468 5610 vetustas
3489 5576 3501 5611 :

2265 5616 2369 5665 Rex
2394 5616 2724 5676 Berengarius
2746 5615 2831 5663 sed
2855 5618 3089 5675 reparavit
3117 5615 3242 5663 idem
3269 5632 3281 5665 :

2114 5681 2381 5747 Argentum
2404 5675 2651 5747 postquam
2671 5675 2798 5747 fulvo
2817 5676 3112 5747 deprompsit
3130 5677 3659 5747 (Ldecompsit)etauro

2258 5732 2514 5799 Ecclesiae,
2527 5732 2733 5800 "praesul,
2759 5732 2931 5798 optulit
2952 5732 3058 5799 ipse
3083 5732 3195 5788 tuin.
3363 5732 3375 5744 '
3489 5732 3531 5737 ’⁷
3548 5732 3617 5738 ”“’
3633 5732 3677 5756 “”

3122 5820 3161 5880 3
