3902 6446
357 296 429 353 75
1063 235 1069 242 ’
1700 248 2229 314 ιδιιοιεεοιιειιι.
3108 251 3116 256 -
3520 229 3595 287 re

358 408 529 477 llujus
552 398 753 459 codicis
778 392 923 452 omni
952 390 1099 447 cultu
1126 391 1179 443 et

362 464 483 558 vide
511 499 872 567 integumenta
896 495 1147 555 argentea
1178 480 1273 535 τειί
1319 474 1484 531 incisa
1512 471 1669 525 Parte
1695 482 1731 520 ιι
1773 464 1929 533 hujus

364 594 544 665 operis
575 565 693 660 pag.
723 585 825 639 574
854 591 907 635 ει
930 578 1031 635 575
1052 615 1069 642 ,
1101 587 1234 644 quas
1241 565 1504 665 _allegavi.

434 642 597 753 lgitui-
625 642 694 734 eux
750 642 1131 743 epigrammate
1175 677 1206 716 a
1241 653 1564 726 Berengario
1716 642 1929 753 Vercel-

366 732 499 830 leusJi
531 768 716 825 codice
742 773 999 831 expresso
1030 764 1307 813 tenemus,
1350 748 1521 817 ipsum
1549 739 1787 797 codicem
1816 749 1845 788 a
1872 732 1931 788 S.

370 860 617 918 l-lnsebio'
640 856 799 911 fuisse
816 830 1101 905 exaratum
1137 858 1152 895 :
1186 837 1327 910 quod
1379 830 1736 889 tcStimonium
1759 867 1774 891 ,
1804 836 1935 893 quo-

369 960 505 1009 niam
536 952 622 1007 illo
650 962 775 1019 rege
804 938 1184 1013 proficiscitur,
1221 930 1288 985 ad
1317 940 1513 982 nonum
1540 919 1736 975 Christi
1768 930 1937 970 sarcu-

366 1052 472 1103 lum
511 1054 592 1099 est
628 1013 994 1095 referendum.
1018 1030 1316 1093 Antequam
1356 1032 1485 1073 vero
1512 1013 1726 1068 tollatur
1750 1017 1937 1060 manus

366 1158 395 1195 e
429 1137 635 1199 tabula,
665 1131 878 1186 unicum
911 1122 1099 1176 saltem
1134 1112 1331 1169 laudati
1371 1106 1570 1164 codicis
1600 1105 1774 1199 locum
1804 1096 1937 1151 reci-

370 1244 571 1292 temus,
602 1236 759 1295 quem
812 1214 991 1272 Ariani
1046 1223 1110 1264 eo
1164 1215 1439 1271 tempore,
1496 1186 1939 1265 qquuxentius

372 1285 822 1376 lilediolatiensem
857 1301 1152 1359 Ecclesium
1196 1293 1361 1349 armis
1403 1285 1747 1350 exercituque
1774 1292 1936 1333 occu~

367 1418 582 1483 paverat
633 1400 883 1476 (Valente
923 1406 975 1448 et
1006 1387 1231 1446 Ursacio
1261 1380 1561 1443 Ecclesiam
1589 1370 1937 1483 Sirmicnsem

369 1454 780 1561 incursantibus)
809 1488 875 1542 de
907 1496 1059 1538 sacro
1086 1475 1306 1533 Joannis
1338 1465 1627 1535 Evangelio
1674 1454 1939 1561 punienda

338 1606 524 1649 'nianu
552 1585 880 1642 sustulerunt
924 1578 1141 1649 (nempe
1184 1579 1395 1623 versum
1441 1560 1511 1626 6,
1540 1572 1658 1624 cap.
1691 1552 1794 1621 ιιι).
1830 1548 1941 1603 lloc

366 1687 505 1739 cnim
536 1680 824 1747 flagitium,
854 1666 1103 1739 quoniam
1132 1656 1521 1728 deprehensum
1553 1647 1650 1701 fuit
1675 1644 1942 1747 circaIan—

370 1794 495 1833 num
528 1730 787 1840 repuarata:
816 1760 1003 1816 salutis
1031 1754 1133 1810 557
1157 1792 1170 1815 ,
1204 1749 1390 1802 miram
1422 1736 1710 1840 Eusebiani
1741 1730 1939 1840 codicis

771 1846 1044 1910 ostendit,
1068 1852 1229 1910 atque
1260 1835 1463 1890 inolitze
1492 1822 1766 1883 traditioni
1795 1819 1943 1924 addit

371 1914 656 2013 ititixitituin
688 1944 895 2017 pondus
939 1930 1295 1991 auctoritatis.
1328 1923 1625 1995 Legebatur
1654 1929 1851 1983 nempe
1884 1914 1936 2017 inn

371 2048 582 2103 laudato
607 2002 779 2108 capite
808 2048 865 2088 ιιι
914 2022 1190 2094 Evangelii
1218 2016 1508 2073 secundum
1527 2010 1787 2082 Joannem
1808 2019 1861 2057 v.
1885 2002 1941 2065 6,

369 2138 504 2211 quod
535 2144 705 2189 natum
736 2137 807 2183 εει
836 2125 899 2178 de
928 2134 1109 2183 carne,
1138 2128 1259 2169 caro
1290 2119 1401 2174 est,
1438 2106 1558 2176 quia
1588 2102 1651 2154 de
1679 2112 1829 2151 carne
1853 2110 1946 2147 ua-

1235 2206 1245 2211 ‘
1311 2202 1341 2211 “
1390 2201 1400 2211 ⁸
1437 2200 1466 2211 Ἀ
1576 2193 1608 2211 ιη
1656 2192 1795 2211 9.3.-.-
1835 2197 1899 2211 --ι

373 2192 477 2288 tium
505 2240 579 2284 est
603 2245 617 2288 ;
644 2233 691 2279 et
720 2218 855 2292 quod
887 2223 1061 2268 natum
1104 2217 1176 2262 est
1212 2206 1273 2258 de
1304 2200 1506 2272 Spiritu
1529 2238 1544 2263 ,
1571 2192 1796 2264 Spiritus
1827 2197 1899 2241 est
1924 2229 1939 2253 ,
1975 2242 1979 2247 ,

373 2325 491 2390 (uia
518 2321 652 2373 Deus
686 2280 913 2383 spiritus
939 2314 1043 2367 εει,
1075 2311 1121 2355 ει
1148 2313 1211 2353 ea:
1236 2296 1346 2349 Deo
1377 2301 1525 2345 natus
1550 2296 1657 2349 est;
1688 2292 1745 2337 ut
1771 2280 1947 2335 adhuc

376 2374 433 2471 in
455 2374 779 2468 Vercellen'si
806 2399 991 2456 codice
1014 2392 1264 2447 habetur.
1300 2383 1405 2441 Sed
1437 2380 1584 2449 impii
1612 2374 1856 2471 homines
1882 2386 1943 2424 ea

376 2462 581 2568 verba,
600 2496 840 2570 quoniam
867 2488 1007 2543 Deus
1030 2482 1255 2553 Spiritus
1292 2484 1397 2537 εει,
1432 2471 1557 2526 dolo
1586 2483 1647 2522 ac
1674 2462 1856 2519 fraude
1880 2475 1946 2515 cx

373 2558 623 2653 omnibus
650 2588 831 2655 sacris
879 2569 1247 2636 voluminibus
1272 2580 1523 2630 erasere,
1552 2572 1608 2616 ut
1638 2558 1891 2615 discimus
1917 2568 1947 2606 a

376 2646 755 2746 S-i-Anibrosio
782 2718 797 2743 ,
829 2674 919 2745 qui
946 2670 1170 2727 Arianos
1200 2664 1277 2717 sic
1319 2656 1607 2728 compellat
1636 2654 1686 2705 in
1719 2652 1853 2705 libro
1884 2646 1950 2701 de

606 2739 806 2828 Sancto
840 2739 861 2821 τ’
908 2781 952 2815 «η
985 2759 1094 2814 Νεε
1136 2754 1311 2809 solum
1359 2751 1459 2804 hoc
1506 2747 1624 2801 loco
1674 2739 1951 2796 evidenter

292 2937 294 2941 ν
379 2833 544 2928 sancti
571 2863 804 2934 Spiritus
829 2858 1041 2913 θεὸτητα
1060 2890 1075 2917 ,
1106 2850 1208 2903 hoc
1235 2853 1319 2900 est
1362 2841 1617 2896 Deitatem
1640 2876 1654 2899 ,
1684 2833 1950 2901 scriptura

381 2923 636 3023 festaturl;
670 2951 764 3009 sed
785 2950 946 3005 etiam
975 2946 1089 3015 ipse
1116 2936 1373 2994 Dominus
1400 2931 1534 2987 dixit
1564 2929 1614 2982 in
1643 2923 1951 2993 Evangelio,

379 3053 618 3125 quoniam
644 3045 781 3101 Deus
808 3028 1034 3111 Spiritus
1055 3042 1147 3089 est.
1173 3031 1342 3097 Quem
1371 3025 1545 3080 locum
1576 3022 1647 3073 ita
1676 3026 1951 3085 expresse,

382 3116 594 3206 Ariani,
621 3129 978 3194 testificamiui
1015 3140 1135 3181 esse
1159 3122 1227 3176 de
1254 3116 1454 3189 Spiritu
1478 3154 1494 3179 ,

504 3199 775 3289 codicibus
797 3220 1051 3287 auferatis
1084 3235 1097 3270 :
1128 3224 1287 3284 atque
1318 3210 1518 3264 utinam
1547 3204 1615 3258 de
1641 3199 1834 3293 vestris
1854 3204 1957 3293 ,ει

388 3286 677 3382 nonetiam
726 3319 794 3372 de
840 3286 1093 3369 Ecclesiaa
1122 3303 1398 3361 codicibus
1427 3294 1707 3353 tolleretis.
1747 3309 1765 3342 ι
1801 3286 1957 3343 Dele-

388 3423 516 3475 bant
542 3427 669 3483 ergo
695 3423 816 3466 cum
860 3405 1035 3459 locum
1065 3414 1171 3454 non
1202 3394 1359 3450 modo
1383 3406 1453 3445 ex
1475 3389 1586 3444 suis
1605 3428 1621 3453 ,
1671 3381 1765 3438 sed
1794 3378 1955 3435 etiam

390 3470 738 3567 csEcclesize
764 3498 1039 3555 codicibus
1068 3488 1273 3547 Ariani.
1305 3486 1478 3556 Atque
1505 3478 1633 3536 illud
1662 3477 1864 3567 facinus
1879 3470 1957 3567 ad

387 3605 593 3659 exitum
633 3594 855 3651 feliciter
891 3586 1226 3657 perduxere;
1258 3578 1379 3647 quia
1419 3570 1634 3643 plurimi
1679 3583 1746 3622 ex
1792 3563 1955 3633 ipsis,

389 3691 752 3752 fraudulenter
780 3653 1113 3737 dissimulata
1153 3667 1344 3722 bieresi
1372 3705 1385 3729 ,
1432 3676 1551 3716 sese
1598 3657 1667 3711 ab
1706 3653 1960 3709 Ecclesire

387 3783 664 3841 catholicm
688 3766 1064 3833 communione
1108 3759 1280 3831 palam
1322 3752 1622 3809 subducere
1663 3744 1847 3815 perdiu
1876 3758 1961 3795 re-

395 3836 656 3946 fugerunt.
700 3865 807 3925 Sed
836 3879 866 3919 a
900 3850 1320 3930 vigilantissimis
1363 3843 1618 3901 Ecclesia:
1659 3836 1962 3946 pastoribus

398 3927 510 4025 huic
536 3966 848 4021 Arianorum
895 3950 1117 4025 perfidia
1147 3946 1354 4000 detecta
1383 3947 1498 4000 eat;
1529 3943 1587 3987 ut
1616 3938 1799 3986 narrat
1823 3927 1962 3981 idem

396 4055 737 4119 Ambrosius,
779 4049 868 4118 qui
896 4021 1068 4101 etiam
1119 4046 1329 4105 tempus
1356 4028 1611 4097 assignat.
1650 4041 1668 4074 ι
1702 4021 1783 4076 Eo
1818 4022 1961 4119 enim

657 4108 904 4213 (inquit),
936 4149 1041 4204 quo
1069 4128 1246 4200 impia:
1287 4117 1616 4178 infidelitatis
1664 4108 1964 4169 Auxentius

405 4210 847 4301 .‘tlediolatiensem
878 4224 1166 4279 Ecclesium
1215 4215 1379 4271 armis
1422 4210 1765 4276 exercituque
1803 4217 1963 4258 oceu-

406 4341 659 4410 pavemg‘
689 4324 775 4379 vel
820 4337 847 4373 a
890 4317 1115 4377 Valente
1149 4320 1306 4376 atque
1353 4303 1574 4360 Ursacio
1598 4341 1611 4363 ,
1640 4295 1965 4350 minantibus

965 4408 974 4410 _
1180 4402 1191 4410 ι
1256 4408 1261 4410 .
1367 4394 1402 4410 rw
1448 4391 1594 4410 AI--2_-
1636 4384 1938 4410 O:_M:A-.n:n

402 4384 764 4487 ;acerdotibus
791 4412 935 4474 suis,
964 4402 1335 4460 incnrsabatur
1367 4391 1598 4447 Ecclesia
1636 4384 1964 4447 Sirmiensis,

402 4526 591 4581 falsum
620 4485 720 4571 line
741 4554 753 4576 ,
778 4518 832 4563 et
863 4497 1198 4565 sacrilegium
1231 4499 1464 4543 vestrum
1498 4484 1548 4535 in
1576 4476 1967 4534 Ecclesiasticis

404 4566 674 4674 codicibus
700 4566 1097 4672 deprehensum
1126 4593 1226 4638 est.
1260 4583 1324 4635 Et
1349 4579 1575 4631 fortasse
1605 4572 1703 4623 iioc
1728 4566 1967 4674 etiam'in

407 4657 621 4765 Urit-ante
650 4657 869 4754 fecisltis.
910 4706 927 4739 ι
974 4681 1220 4739 Afiirmat
1250 4683 1427 4727 tamen
1456 4662 1833 4721 Sanetissimus
1861 4657 1968 4710 Me-

404 4794 727 4858 diolanensis
774 4784 1047 4840 Antistes,
1094 4773 1195 4825 hoc
1222 4774 1366 4821 tanto
1394 4761 1713 4815 Arianorum
1765 4750 1968 4805 scelere

408 4843 563 4950 iidem
618 4876 871 4937 Ecclesia:
900 4882 999 4923 nec
1021 4862 1209 4927 deleri,
1241 4871 1341 4913 nec
1368 4848 1676 4909 labefactari
1709 4843 1964 4950 potuisse.

414 4931 763 5040 inlisi-litteras
791 4960 1005 5032 quidem
1047 4951 1163 5022 (ait)
1211 4946 1455 5018 potuistis
1501 4940 1719 4995 abolere
1741 4976 1754 4999 ,
1783 4932 1876 4987 sed
1909 4931 1969 4984 ti-

700 5028 950 5129 potuistis
976 5041 1207 5097 auferre.
1239 5036 1363 5089 Plus
1391 5033 1481 5087 illa
1512 5045 1605 5084 vos
1651 5028 1810 5080 litura
1849 5035 1971 5124 pro-

784 5143 871 5197 illa
914 5149 1009 5189 vos
1054 5132 1212 5185 litura
1238 5122 1525 5223 damnabat
1552 5131 1791 5223 :mneque
1823 5114 1965 5223 enipi

402 5204 784 5319 pdterratis
810 5225 1035 5285 oblinire
1062 5219 1379 5307 veritatem,
1425 5210 1517 5265 sed
1562 5208 1659 5319 illa.
1707 5206 1873 5319 litura
1900 5204 1969 5257 de

406 5292 544 5401 libri:
573 5337 693 5390 vitae
708 5322 922 5381 nomina
934 5322 1108 5368 vestra
1120 5299 1357 5362 radebat:
1373 5321 1391 5349 ι
1412 5302 1475 5355 Ει
1488 5313 1613 5353 vero
1625 5296 1821 5395 (inquit
1835 5292 1968 5347 Ger-

404 5384 613 5490 ίξιᾟηιυς
642 5422 735 5477 lib.
767 5414 834 5468 de
865 5403 1131 5462 veteribus
1168 5395 1433 5451 luereticis
1465 5384 1962 5445 Ecelesiasticorum

666 5496 1089 5572 corruptoribus,
1111 5504 1227 5559 pag.
1254 5484 1399 5563 “6),
1422 5482 1598 5536 locum
1622 5478 1797 5577 illum,
1840 5490 1961 5544 quo-

408 5617 542 5669 niam
571 5607 699 5659 Deus
727 5568 954 5666 Spiritus
977 5597 1047 5643 εει
1067 5625 1082 5651 ,
1110 5596 1215 5636 ιιοιι
1244 5584 1430 5632 extare
1454 5572 1685 5641 amplius
1709 5569 1761 5622 in
1789 5568 1961 5635 capite

418 5656 561 5761 lino
589 5656 859 5750 Evangelii
888 5675 1177 5737 secundum
1205 5667 1495 5731 Joannem,
1544 5660 1735 5730 cuique
1762 5656 1961 5728 legenti

1206 380 1552 442 veneratione
1574 368 1929 447 prosequendi
1956 380 2011 438 Α
2034 362 2372 423 manifestum
2398 365 2481 416 est
2511 372 2527 412 :
2566 355 2676 413 illic
2712 360 2893 410 autem
2932 347 3200 409 exstitisse
3241 346 3296 403 in
3322 344 3595 403 codicibus

2032 454 2232 510 Latinis
2256 449 2552 521 prmsertim
2578 441 2989 502 Mediolanens‘is
3017 434 3467 509 Metropoleos’ﬁn
3496 450 3593 490 cu-

2027 546 2117 615 jus
2144 544 2337 597 finibus
2359 537 2621 594 Vercellae
2647 531 3080 600 continebantur)
3108 526 3324 598 scriptis
3343 535 3471 581 ante
3494 525 3596 581 ini-

2032 649 2135 704 qua
2172 632 2489 687 Arianorum
2540 636 2780 697 tempora
2802 664 2819 693 ,
2864 620 3062 679 nemini
3110 618 3328 675 dubium
3354 631 3475 672 esse
3501 629 3598 687 po-

2033 733 2155 780 test.

2106 814 2237 869 Vide
2264 811 2425 867 etiam
2447 805 2833 865 Tertullisnum
2859 806 2912 858 in
2939 802 3076 857 libro
3105 799 3173 855 de
3192 812 3353 854 carne
3378 795 3598 861 Christi,

2036 920 2193 975 quem
2226 902 2409 956 Romae
2439 897 2653 968 scripsit
2697 895 2953 950 adversus
2979 891 3333 955 Marcionem,
3362 887 3601 958 Apellem

2037 1008 2090 1051 et
2118 994 2494 1049 Valentinum:
2537 1003 2760 1059 quorum
2817 986 3019 1055 primus
3065 981 3291 1052 negabat
3332 978 3603 1036 Christum

2040 1101 2217 1141 veram
2249 1095 2462 1139 carnem
2485 1078 2765 1142 habuisse;
2789 1076 3052 1131 secundus
3077 1070 3403 1129 concedebat
3426 1083 3606 1124 veram

2039 1194 2254 1235 carnem
2288 1176 2533 1232 [rubuisse
2552 1212 2568 1238 ,
2600 1171 2695 1226 sed
2726 1184 2847 1224 vere
2869 1179 3050 1222 natum
3078 1180 3197 1220 esse
3212 1164 3467 1233 negabat;
3498 1169 3607 1217 ter-

2041 1272 2145 1323 tius
2184 1282 2302 1321 cum
2355 1266 2631 1327 fateretur,
2673 1271 2726 1315 et
2754 1274 2937 1315 veram
2977 1270 3193 1312 carnem
3244 1254 3525 1318 habuisse,
3555 1258 3614 1307 et

2042 1376 2164 1414 vere
2188 1370 2365 1411 natum
2396 1370 2515 1410 esse
2535 1395 2550 1419 ,
2582 1354 2758 1408 aiebat
2777 1351 2924 1405 illum
2955 1360 3134 1404 natum
3162 1362 3282 1403 esse
3305 1361 3399 1416 per
3430 1343 3607 1415 Virgi-.

2044 1467 2199 1515 nem,
2232 1459 2389 1518 atque
2418 1448 2469 1501 in
2500 1444 2747 1513 Virgine,
2778 1453 2832 1497 at
2862 1457 2968 1497 non
2994 1455 3059 1495 ex
3090 1440 3315 1509 virgine.
3339 1435 3614 1493 Adversus

2044 1541 2188 1597 enim
2220 1542 2350 1594 istos
2382 1538 2662 1592 haereticos
2693 1535 2833 1589 idem
2870 1531 3229 1588 Tertullisnus
3271 1528 3413 1583 hunc
3440 1529 3613 1596 ipsum

1974 1652 1983 1657 θ
2044 1634 2266 1689 Joannis
2292 1632 2465 1687 locum
2494 1628 2622 1683 citat
2654 1645 2667 1680 :
2702 1645 2720 1676 ι
2771 1627 2891 1695 Ipse
2933 1624 3218 1688 Dominus,
3251 1621 3461 1691 inquit,
3491 1633 3615 1673 sen-

1975 1743 2020 1801 Β
2048 1724 2335 1779 tentialiter
2361 1731 2414 1777 et
2444 1719 2713 1774 deliuitire
2763 1714 3157 1785 pronuntiavit,
3198 1711 3334 1782 quod
3374 1710 3430 1764 in
3466 1724 3621 1763 carne

2046 1823 2222 1866 natum
2260 1819 2361 1877 εει,
2395 1826 2514 1864 caro
2538 1816 2645 1875 εει,
2676 1821 2799 1869 eum
2838 1821 2904 1859 sx
2944 1819 3115 1859 canus
3153 1817 3331 1856 suun
3369 1815 3483 1855 ss'r.
3514 1798 3620 1854 Sed

2046 1896 2091 1960 Si
2145 1904 2212 1959 de
2244 1903 2458 1956 homine
2500 1898 2869 1954 tantummodo
2905 1896 3059 1961 dixit,
3104 1909 3210 1949 non
3237 1901 3293 1948 et
3331 1891 3398 1946 de
3425 1897 3621 1946 semet-

2046 2000 2197 2071 ipso;
2250 2000 2405 2069 plane
2432 2010 2562 2065 nega
2599 1994 2871 2048 Christum
2897 2032 2910 2056 ,
2942 2002 2994 2044 et
3025 1991 3097 2042 ita
3122 1983 3386 2048 defende,
3429 1996 3537 2037 non
3565 1986 3622 2035 et

2047 2070 2221 2161 ipsum
2250 2088 2591 2157 competisse.
2637 2084 2831 2153 Atquin
2877 2082 3123 2150 subjicit,
3153 2087 3199 2133 et
3241 2076 3375 2147 quod
3412 2074 3475 2127 de
3501 2070 3625 2142 Spi-

2048 2185 2149 2237 ritu
2172 2193 2345 2236 natum
2366 2190 2469 2244 εει,
2498 2178 2724 2248 Spiritus
2752 2186 2858 2241 εει,
2899 2190 3022 2239 QUIA
3051 2182 3185 2227 usus
3226 2181 3461 2225 srtnt'rus
3487 2179 3622 2231 est;

2048 2290 2117 2331 ετ
2146 2290 2213 2329 ne
2240 2288 2343 2327 nso
2369 2285 2533 2327 suus
2561 2283 2684 2325 ssr.
2717 2266 2831 2322 Hoc
2865 2267 3078 2336 utique,
3128 2262 3212 2316 vel
3254 2275 3319 2316 co
3362 2259 3532 2329 magis
3568 2256 3627 2312 in

2048 2367 2221 2435 ipsum
2250 2363 2451 2427 tendit,
2490 2362 2538 2414 si
2588 2368 2643 2415 et
2685 2359 2739 2411 iu
2780 2355 3061 2411 credentes
3113 2353 3250 2423 ejus.
3284 2351 3341 2407 Si
3391 2364 3524 2419 ergo
3571 2353 3629 2403 et

2049 2455 2151 2509 hoc
2180 2454 2245 2508 ad
2271 2453 2480 2523 ipsum,
2508 2466 2604 2505 cur
2631 2458 2684 2504 et
2711 2465 2816 2503 non
2844 2445 2973 2501 illud
3000 2444 3198 2515 supra?
3248 2460 3268 2493 ι
3301 2450 3404 2497 etc.
3436 2436 3619 2509 Neque

2052 2531 2237 2602 Roma:
2268 2555 2469 2600 tantum
2492 2584 2507 2609 ,
2545 2550 2636 2596 aut
2679 2541 2824 2596 solus
2854 2539 2953 2594 ista
3004 2537 3133 2606 legit
3178 2533 3542 2590 Tertullianus
3570 2530 3625 2586 in

2052 2636 2338 2706 Evangelio
2385 2633 2643 2697 Joannis;
2684 2630 2783 2686 sed
2830 2637 2885 2684 et
2918 2629 2970 2682 in
3000 2626 3177 2682 Africa
3205 2622 3533 2695 Cyprianus,
3564 2628 3621 2675 et

2051 2745 2171 2784 cum
2200 2728 2291 2782 illo
2321 2725 2537 2795 plurimi
2566 2720 2804 2793 episcopi
2826 2720 2878 2775 in
2902 2718 3129 2789 synodo,
3152 2729 3272 2787 qua:
3300 2712 3625 2783 Carthagine

2054 2836 2195 2874 anno
2214 2819 2318 2873 256
2356 2816 2626 2871 celebrata
2677 2823 2759 2869 est
2778 2855 2793 2881 ,
2815 2821 2869 2867 et
2901 2812 2953 2866 in
2981 2824 3084 2881 qua
3130 2808 3385 2879 agebatur
3411 2807 3473 2860 de
3497 2804 3629 2876 bap-

2055 2909 2272 2964 tizandis
2294 2906 2563 2961 Itwreticis.

2124 3001 2457 3058 Novissiinus
2485 2998 2658 3053 editor
2697 2996 2755 3052 S.
2796 2994 3064 3050 Ambrosii
3113 2991 3178 3046 ad
3231 2990 3372 3045 hunc
3407 2987 3631 3043 Joannis

1540 3119 1597 3166 ut
1625 3076 1805 3163 eum'e
1830 3076 1950 3158 ves?
1980 3110 2024 3172 ρ
2058 3096 2232 3149 locum
2253 3132 2267 3157 ,
2300 3106 2456 3161 quem
2480 3104 2546 3144 ex
2584 3088 2795 3142 laudato
2827 3084 3083 3140 Ecclesia:
3122 3082 3344 3136 doctore
3383 3076 3633 3147 superius

2058 3183 2297 3246 recitavi,
2321 3180 2437 3236 lucc
2465 3179 2667 3250 putavit
2705 3184 2826 3232 esse
2850 3166 3183 3230 observanda
3215 3189 3230 3226 :
3269 3188 3289 3222 ι
3327 3169 3633 3250 Sequentes

2057 3291 2215 3331 voces
2237 3274 2430 3344 (inquit
2450 3245 2623 3338 Item.
2654 3285 2728 3336 ιι,
2758 3285 2810 3339 p.
2835 3267 2997 3336 677},
3026 3266 3141 3335 quia
3181 3264 3257 3340 de
3276 3245 3431 3315 carne
3455 3260 3632 3312 natum

2058 3378 2163 3433 est,
2191 3382 2297 3422 non
2328 3366 2505 3421 minus
2533 3365 2726 3418 absunt
2754 3360 2821 3415 ab
2864 3359 3111 3414 omnibus
3134 3353 3372 3410 omnium
3404 3352 3631 3407 idioma—

2060 3471 2169 3515 tum
2213 3458 2422 3523 bibliis,
2470 3471 2629 3527 quam
2660 3454 2794 3519 illas,
2823 3452 2890 3508 de
2930 3450 3122 3521 quibus
3166 3446 3256 3503 hic
3305 3445 3627 3516 disputatur,

2058 3554 2295 3618 quoniam
2348 3546 2485 3600 Deus
2534 3545 2761 3612 Spiritus
2790 3552 2887 3597 est.
2929 3540 3091 3608 Atqui
3137 3538 3385 3593 dubitare
3430 3548 3629 3606 nequa-

2060 3654 2217 3708 quam
2264 3638 2390 3690 licet
2428 3634 2552 3704 quin
2584 3633 2663 3687 lue
2692 3632 2889 3686 ultima:
2918 3631 2984 3685 ab
3025 3627 3302 3683 llazreticis
3339 3626 3538 3681 fuerint
3564 3639 3631 3680 ex

2065 3731 2189 3784 albo
2214 3743 2485 3784 sacrarum
2509 3727 2817 3797 paginarum
2848 3739 3038 3779 erasm.
3075 3741 3094 3775 ι
3127 3720 3231 3777 Sed
3264 3720 3379 3775 lucc
3403 3718 3633 3775 fortasse

2062 3836 2221 3876 causa
2247 3828 2357 3884 est,
2390 3834 2483 3873 cur
2510 3816 2748 3871 Ecclesia
2774 3830 2879 3869 non
2916 3813 3212 3867 reatituerit
3240 3811 3414 3865 locum
3443 3810 3630 3873 illum;

2063 3914 2184 3981 quia
2208 3927 2313 3964 non
2343 3909 2469 3962 satis
2501 3896 2833 3974 exploratum
2877 3903 3141 3968 habebat,
3184 3910 3357 3954 utrum
3406 3914 3533 3954 vere
3579 3899 3636 3953 in

2065 4000 2447 4073 antiquissimis
2471 4007 2525 4053 et
2548 3996 2871 4068 primigeniis
2904 3993 3174 4061 Evangelii
3226 3992 3631 4061 exemplaribus

2066 4070 2377 4151 exstitisset.
2424 4090 2529 4147 Sed
2577 4090 2645 4144 de
2688 4090 2790 4143 hoc
2828 4088 2975 4141 satis.
3008 4085 3287 4154 Reliquum
3318 4093 3430 4147 est,
3477 4070 3639 4151 idque

2067 4202 2227 4241 unum
2256 4186 2481 4249 videtur,
2512 4192 2567 4237 ut
2594 4181 2863 4251 specimen
2906 4178 3275 4233 characternm
3308 4176 3633 4244 impressum

2068 4279 2188 4332 Par.
2223 4293 2279 4337 ιι,
2309 4277 2441 4331 Tab.
2474 4289 2543 4340 ιι,
2571 4282 2689 4343 post
2716 4286 2836 4344 pag.
2868 4269 2991 4334 588,
3019 4268 3298 4338 diligenter
3328 4263 3635 4333 inspiciant,

2068 4370 2157 4438 qui
2186 4384 2251 4423 ex
2272 4369 2509 4421 recitatis
2537 4366 2743 4419 indiciis
2766 4377 3054 4431 agnoscere
3096 4362 3147 4414 in
3178 4358 3300 4414 cod.
3332 4356 3544 4411 Vercel.
3574 4354 3633 4411 S.

1996 4469 2044 4527 ι)
2072 4460 2283 4513 Eusebii
2308 4468 2516 4511 a-tatem
2547 4464 2818 4510 recusant.
2842 4453 3233 4507 Remotissitnte
3278 4460 3425 4505 certe
3451 4448 3521 4502 sit
3548 4463 3639 4501 ve-

2074 4553 2281 4604 tustatis
2305 4563 2523 4603 necesse
2547 4558 2624 4602 est
2662 4548 2787 4601 illud
2820 4544 3297 4616 Evangelistarinm
3321 4583 3336 4607 ,
3383 4541 3523 4611 quod
3553 4539 3637 4597 vel

2071 4642 2136 4695 ab
2167 4641 2293 4707 ipsis
2323 4638 2627 4708 Berengarii
2656 4639 2797 4707 regis
2832 4637 3158 4706 temporibus
3181 4635 3288 4703 jam
3320 4641 3475 4687 aetate
3504 4647 3635 4687 con-

2071 4732 2268 4785 fectum
2292 4740 2503 4783 vetustas
2533 4730 2746 4803 solverat
2770 4771 2783 4793 ,
2816 4729 3063 4797 quodque
3094 4724 3459 4778 instauratione
3501 4722 3641 4777 indi-

2072 4825 2246 4893 gebat,
2277 4833 2332 4877 ut
2360 4823 2550 4892 legitur
2588 4822 2640 4875 in
2690 4821 3084 4891 Epigrammate
3127 4825 3383 4887 argenteo
3414 4816 3465 4869 in
3490 4823 3641 4885 tegu-

2073 4922 2250 4968 mento
2280 4913 2615 4983 superposito
2635 4953 2650 4978 ,
2674 4911 2813 4981 quod
2839 4912 3030 4974 habet,

2683 5024 2935 5072 Solvituue
2958 5025 3199 5069 vetustas:

2312 5084 2417 5133 Rex
2444 5086 2771 5145 Berengarius
2792 5080 2877 5132 sed
2897 5082 3141 5143 reparavit
3163 5080 3308 5130 idem.

2076 5196 2307 5252 Verbum
2339 5193 2547 5246 tandem
2571 5192 2655 5246 hic
2675 5192 2866 5248 addam
2892 5190 3033 5246 etde
3055 5190 3285 5260 imagine
3304 5188 3358 5243 S.
3380 5186 3636 5242 Eusebii:

2073 5287 2331 5356 insignior
2362 5298 2587 5352 namque
2614 5292 2729 5348 est,
2769 5297 2925 5353 quam
2971 5290 3027 5336 ut
3054 5281 3119 5335 de
3145 5295 3207 5335 ea
3235 5278 3444 5348 penitus
3475 5276 3639 5331 liceat

2070 5380 2252 5436 silere.
2289 5374 2634 5442 Bcrengarius
2665 5378 2715 5427 in
2744 5374 3181 5429 instaurationem
3206 5370 3409 5425 codicis
3453 5367 3638 5435 ingeri.

2069 5481 2176 5525 tem
2200 5468 2478 5539 pecuniam
2510 5462 2797 5531 impendit,
2830 5474 3064 5519 veterem
3097 5464 3302 5516 ieonam
3326 5460 3631 5526 renovavit,

2066 5564 2307 5627 ornavit,
2357 5570 2593 5625 auroque
2640 5557 2869 5626 compsit
2900 5574 2913 5608 :
2944 5564 2999 5610 at
3043 5552 3478 5619 inscriptionem,
3508 5565 3630 5620 qua:

2067 5652 2280 5709 extabat
2316 5647 2595 5721 primitus,
2641 5658 3232 5719 suasurussstscorus,
3288 5643 3405 5699 sine
3462 5643 3627 5699 sancti
