4288 6442
461 183 533 238 71
1492 179 1825 256 EPISTOLA
1861 172 2191 237 RUGGERII
2229 174 2698 256 NOVARIENSlS.
3246 140 3252 149 ’
3630 180 3699 239 73

464 296 762 370 adjectione
807 296 1069 367 retinuit,
1098 303 1260 355 tenax
1312 296 1635 355 venerabilis
1680 296 2029 368 antiquitatis.
2060 297 2111 358 Α
2137 308 2236 349 nus
2259 293 2337 348 uti
2360 293 2529 349 licuit.
2571 294 2682 365 Ego
2726 293 2922 351 divina:
2972 278 3328 368 providentiae
3370 295 3530 353 ductu
3562 294 3704 350 felici

534 434 642 491 CL.
682 433 1020 491 Mabillonius
1046 433 1146 491 To.
1178 434 1437 491 titineris
1464 434 1631 489 italici
1655 448 1707 505 p.
1737 432 1792 498 9,
1816 432 1881 489 de
1910 446 2036 487 nos-

468 536 549 583 tro
590 526 787 583 Codice
835 520 1165 583 Vercellensi
1214 528 1330 583 haec
1374 527 1563 583 scribit
1613 544 1627 581 :
1678 525 1746 581 lu
1792 526 2035 582 Sacrario

468 618 695 683 eiusdem
723 615 968 674 Ecclesia
998 614 1357 692 (Cathedyalis
1384 616 1778 689 Vcrcellarum)
1808 633 2037 671 asserva-

469 720 550 763 tur
579 712 869 764 veterrimus
900 709 1060 764 codex
1096 692 1525 773 membranaceus,
1557 708 1836 780 Evangelia
1861 707 2037 763 Sancti

472 802 702 857 Matt/tari
737 812 783 857 ct
811 802 991 858 Sancti
1024 802 1188 857 Marci
1234 802 1376 874 (lege
1395 845 1411 868 ,
1444 801 1552 858 SS.
1580 801 1813 856 Matthari
1837 844 1850 866 ,
1879 799 2040 855 Joan-

470 894 546 949 nis
566 934 582 961 ,
612 893 801 959 Luae,
831 903 881 948 et
910 893 1097 965 Marci)
1130 895 1389 948 continens
1425 909 1443 947 :
1484 894 1570 963 qui
1601 910 1631 945 a
1662 894 1851 948 Sancto
1884 892 2041 946 Euse-

470 988 552 1043 bio
583 988 820 1059 episc0po
846 997 895 1042 et
926 999 1150 1060 martyre
1195 988 1286 1042 illo
1313 988 1699 1059 generosissimo
1718 1030 1732 1053 ,
1758 1003 1905 1058 quem
1932 998 2043 1039 tan—

470 1089 642 1151 topere
663 1088 906 1134 vexarunt
937 1080 1148 1147 Ariani,
1183 1080 1399 1150 scriptus
1419 1122 1433 1145 ,
1466 1088 1615 1146 atque
1650 1079 1769 1132 huic
1798 1077 2045 1131 Ecclesia:

471 1192 737 1229 concessus
760 1174 1003 1229 creditur.
1031 1172 1175 1228 Certe
1204 1172 1493 1227 membrana
1532 1172 1631 1226 situ
1660 1176 1766 1241 fere
1805 1179 2046 1239 corrupta

476 1275 581 1331 est,
613 1268 933 1319 characteres
961 1280 1086 1337 pene
1124 1265 1403 1336 fugientes,
1446 1281 1506 1318 ac
1533 1263 1813 1318 semideleti
1831 1305 1844 1329 ,
1876 1263 2047 1316 tantis-

474 1373 563 1426 per
589 1374 619 1409 a
650 1357 879 1410 Romana
906 1356 1161 1428 scriptura
1190 1357 1515 1428 degenerant.
1542 1354 1735 1409 Littera
1774 1355 1817 1408 Α
1845 1355 1913 1407 ad
1941 1371 2048 1407 mo-

474 1450 594 1503 dum
628 1431 815 1505 Grteca:
836 1462 876 1507 Λ
899 1492 913 1515 ,
937 1450 1013 1505 Μ.
1041 1450 1208 1505 littera
1232 1466 1447 1518 superne
1473 1449 1647 1503 clausa
1675 1465 1707 1502 a
1734 1448 2049 1501 semicirculo

473 1542 698 1613 incipit:
752 1543 869 1596 alia:
918 1542 1097 1597 littera:
1144 1542 1390 1597 Romanis
1429 1543 1537 1611 fere
1583 1541 1792 1595 similes.
1849 1539 2051 1594 Codicis

474 1633 771 1703 operculum
801 1650 862 1687 ex
891 1643 1101 1704 argento
1130 1650 1160 1686 a
1187 1633 1494 1706 Berengario
1523 1634 1828 1700 imperatore
1856 1632 2051 1683 instau-

474 1732 640 1777 ratum
660 1766 675 1787 ,
702 1740 765 1778 ea:
790 1741 894 1778 una
919 1736 1065 1793 parte
1095 1725 1380 1781 Saluatoris
1401 1725 1645 1796 efﬁgiem,
1671 1740 1733 1778 ea:
1757 1722 1860 1776 alia
1888 1722 2051 1775 Sanc-

478 1824 583 1868 tum
612 1814 892 1869 Eusebium
923 1816 1160 1882 exhibet,
1192 1816 1438 1889 ud'cujus
1467 1824 1620 1885 caput
1648 1815 1701 1868 hi
1742 1830 1913 1869 versus
1936 1815 2055 1867 ads-

477 1906 626 1978 cripti
646 1906 894 1980 leguntur
924 1925 943 1962 :

569 2038 756 2105 Praesul
777 2039 1118 2105 bic_Eusebius
1142 2043 1353 2105 scripsit,
1375 2042 1612 2105 solvitque
1640 2048 1883 2093 vetustas:

724 2100 829 2151 Rex
854 2102 1185 2165 Berengarius
1207 2100 1293 2151 scd
1317 2100 1557 2166 reparavit
1580 2105 1727 2153 idem.

478 2222 535 2279 in
563 2223 741 2278 inlima
774 2239 900 2279 vero
930 2233 1080 2293 parte
1107 2226 1171 2280 ad
1202 2226 1364 2296 pedes
1386 2225 1604 2282 Eusebii
1634 2245 1647 2281 :

572 2350 844 2414 Argentum
867 2344 1119 2417 pestquam
1142 2352 1271 2403 fulvo
1294 2353 1499 2416 (Codex,
1522 2353 2056 2467 deprompiitt)élle$p:

682 2462 685 2465 .
1754 2436 1762 2461 l
1794 2434 1802 2464 Ι
2041 2452 2055 2467 ι

1735 2430 1825 2479 psu
1847 2430 1897 2467 et
1918 2430 2055 2477 auro,

630 2462 885 2555 Ecclesite,
912 2497 1109 2560 praesul,
1129 2496 1306 2548 obtulit
1325 2497 1430 2560 ipse
1452 2502 1565 2547 tuae.

546 2643 899 2700 Doctissimus
939 2658 1151 2715 quoque
1198 2644 1626 2700 Moutl’auconius
1664 2644 1753 2700 die
1798 2660 1887 2700 xxi
1935 2644 2055 2699 Maii

481 2733 756 2790 Vercellas
785 2735 915 2800 ivit,
944 2744 1105 2805 atque
1129 2735 1490 2792 Eusebiauuni
1519 2737 1758 2792 codicem
1791 2737 1845 2790 in
1876 2736 2056 2790 Diario

478 2826 662 2884 Italico
684 2870 699 2895 ,
726 2845 843 2899 cap.
873 2830 974 2893 28,
1004 2846 1056 2899 p.
1088 2830 1228 2894 Mt,
1261 2831 1332 2885 ita
1354 2830 1640 2900 descripsit
1674 2848 1685 2883 :
1712 2830 1947 2884 Codicem
1969 2845 2054 2883 ve-

478 2920 807 2974 tristissimum
835 2921 1020 2974 ibidem
1071 2920 1287 2992 (nempe
1337 2922 1389 2975 in
1439 2920 1682 2975 Ecclesia
1722 2918 2053 2991 Cathedrali)

474 3012 788 3081 inspeximus
811 3054 825 3075 ,
859 3014 910 3066 in
933 3013 1111 3067 charta
1144 3014 1528 3068 membranacea
1552 3013 1849 3067 tenuissima
1875 3028 2058 3066 exara—

475 3111 617 3169 tum;
646 3103 944 3173 aiebantque
971 3105 1083 3173 ipsa
1110 3104 1170 3158 S.
1199 3103 1403 3158 Eusebii
1435 3120 1615 3170 manu,
1640 3104 1725 3172 qui
1754 3104 1944 3157 steculo
1969 3101 2051 3156 IV

473 3194 684 3262 ﬂoruit,
712 3186 1052 3265 descriptum,
1083 3196 1465 3261 versionemque
1503 3212 1567 3250 ea:
1609 3194 1787 3250 Graeco
1818 3201 1869 3249 in
1906 3194 2054 3249 Lati-

476 3302 595 3340 num
622 3287 684 3341 ab
706 3286 878 3341 eodem
899 3273 1226 3341 adornatam.
1258 3284 1528 3340 Nonnulla
1552 3287 1691 3353 hinc,
1715 3295 1761 3339 et
1784 3286 1905 3340 inde
1927 3288 2051 3357 legi,

474 3382 793 3451 comperique
824 3379 1119 3435 Versionem
1147 3396 1252 3433 esse
1280 3396 1311 3433 a
1351 3378 1566 3449 Vulgata
1594 3388 1767 3432 nostra
1798 3388 1900 3431 toto
1928 3378 2053 3432 creto

476 3472 869 3542 discrepantem.
923 3471 1095 3526 Codex
1135 3472 1307 3527 multis
1354 3472 1407 3525 in
1455 3470 1682 3541 partibus
1721 3471 2053 3539 labefactatus

475 3564 883 3630 putrefactusque
928 3572 1039 3626 est;
1082 3562 1218 3631 quod
1259 3578 1413 3627 casu,
1465 3562 1734 3631 plusquam
1776 3570 2049 3626 vrlustalc,

473 3652 694 3704 evenisse
723 3651 1058 3718 dictitabant,
1087 3654 1457 3721 narrabantque
1484 3654 1575 3705 diu
1625 3654 1677 3706 in
1725 3654 1937 3721 ﬂumine
1964 3653 2051 3705 de-

473 3755 714 3793 mersum.
748 3740 915 3809 ilnjus
954 3741 1301 3810 alphabetum
1343 3742 1492 3797 dedit
1536 3743 1675 3798 idem
1724 3742 2051 3797 Moutlauco-

475 3824 594 3887 nius
616 3874 630 3897 ,
661 3834 929 3902 priinievm
957 3833 1104 3888 natali
1133 3836 1459 3903 respondens
1485 3876 1497 3899 ,
1526 3835 1622 3891 sed
1666 3850 1695 3887 a
1742 3834 2050 3903 calchugra-

472 3924 579 3997 pho
602 3941 787 3995 parum
816 3928 1100 3997 diligenter
1143 3943 1455 3996 expressum
1502 3938 1556 3982 et
1585 3928 1737 3983 valde
1776 3928 2047 3983 diversum

472 4034 502 4071 a
550 4018 779 4087 genuina
840 4018 1211 4083 cliuractermn
1268 4019 1473 4084 forma,
1504 4036 1664 4089 quam
1719 4034 1818 4088 ego
1849 4017 2046 4088 protuli

472 4106 631 4163 Parte
657 4124 716 4172 ll,
747 4109 877 4162 Tali.
927 4125 986 4170 tt.
1018 4120 1155 4179 post,
1206 4126 1324 4179 pag.
1357 4110 1482 4164 £88.
1514 4110 1658 4164 Obiit
1684 4110 1739 4163 S.
1783 4108 2046 4161 Eusebius

472 4214 613 4253 anno
638 4198 835 4254 Christi
866 4200 990 4252 571.
1011 4200 1186 4266 Quare
1209 4200 1380 4253 codex
1412 4200 1509 4252 istc
1553 4199 1789 4251 omnium
1831 4196 2046 4249 Latino-

471 4305 589 4346 rum
617 4291 864 4346 biliurum
887 4290 952 4344 N.
975 4289 1037 4345 Τ.
1064 4292 1452 4345 vetustissimus
1473 4289 1770 4345 censendus
1794 4297 1899 4343 est.

2132 387 2411 458 faustaque
2476 402 2506 441 a
2564 388 2874 444 doctissimo
2932 399 2987 446 et
3037 391 3338 446 clarissimo
3410 392 3524 445 viro
3588 388 3701 443 Sci-

2138 480 2297 547 pione
2325 480 2632 534 marchione
2663 481 2870 536 Mall'eio
2917 483 3026 553 (qui
3056 498 3271 555 semper
3302 484 3406 539 erit
3436 484 3564 537 mihi
3586 471 3714 538 cum.

2138 570 2347 624 eximiis
2368 582 2527 641 atque
2558 575 2859 640 promeritis
2890 575 3131 629 laudibus
3161 576 3537 645 nominandus)
3558 591 3703 629 anno

2140 662 2275 717 1726
2306 678 2423 716 cum
2453 662 2680 719 Veronae
2711 666 3022 721 canonicum
3054 681 3290 735 agerem,
3334 667 3558 723 edoctus
3599 668 3711 720 iue-

2141 769 2255 809 ram
2288 755 2543 810 Vercellis
2583 764 2771 813 extare
2813 758 3049 814 codicem
3076 758 3504 829 Evangeliarium
3554 770 3710 814 tanta:

2140 846 2443 911 vetustatis,
2488 857 2542 901 ut
2582 847 2946 904 Veronensem
2998 860 3233 905 nostrum
3275 867 3344 905 xu
3389 852 3712 907 srcculorum

2146 936 2323 1007 (quem
2368 949 2491 992 tunc
2532 940 2586 994 in
2618 942 2820 995 (edibus
2864 942 3247 1012 capituiartbus
3290 959 3321 997 a
3372 959 3456 996 me
3484 944 3712 1012 primum

2145 1033 2472 1101 cxscriptum
2500 1075 2514 1099 ,
2570 1049 2738 1103 usque
2792 1034 2859 1089 ad
2887 1050 3084 1090 annum
3127 1035 3267 1092 H32
3313 1051 3417 1105 quo
3450 1036 3669 1089 Romam
3699 1078 3713 1101 ,

2147 1124 2301 1186 veni,
2334 1139 2548 1194 semper
2594 1126 2740 1181 domi
2788 1130 3015 1194 socium,
3043 1138 3097 1183 et
3134 1138 3400 1199 tamquam
3427 1129 3717 1184 contuber-

2150 1214 2324 1267 nalem
2358 1215 2551 1277 habui,
2579 1219 2828 1286 qtmniant
2879 1220 2946 1273 ab
2993 1221 3323 1289 amplissimo
3373 1220 3605 1289 capitulo
3650 1221 3718 1274 il-

2149 1304 2595 1360 lustrissimorum
2676 1323 2737 1361 ac
2811 1310 3384 1365 reverendissimorum
3432 1311 3719 1365 canonico-

2151 1412 2268 1449 rum
2310 1398 2440 1450 mihi
2469 1398 2567 1451 soli
2610 1397 2833 1453 faetiltas
2883 1398 3019 1477 facta
3068 1402 3237 1455 fuerat
3291 1402 3440 1456 illum
3490 1403 3716 1469 edendi,

2155 1501 2211 1542 ut
2263 1490 2316 1543 in
2364 1493 2497 1545 actis
2553 1492 2936 1560 capilularihus
2983 1493 3240 1565 lcgitm),
3274 1511 3341 1549 ex
3397 1496 3722 1549 tenuissimis

2132 1584 2482 1657 membranis
2525 1599 2753 1653 purpura
2793 1586 2970 1639 tinctis
3023 1596 3075 1640 et
3114 1587 3314 1652 aureis,
3354 1589 3726 1657 argenteisqne

2081 1677 2554 1747 Beliaracterilius
2634 1679 2863 1732 exaratis
2938 1679 3292 1748 confectum,
3358 1691 3725 1749 exsuperaret.

2159 1768 2333 1834 Quare
2367 1784 2507 1822 anno
2549 1770 2844 1838 insequenti
2889 1771 3063 1835 1727,
3118 1772 3510 1842 epistolaribus,
3543 1772 3730 1826 nl‘lieiis

2158 1873 2384 1913 exorare
2443 1859 2581 1927 cmpi
2640 1859 3020 1927 pratlaudatum
3090 1861 3509 1917 illuslrissimum
3559 1864 3729 1917 virum

2162 1950 2505 2005 Franciscam
2568 1950 2943 2019 Hieronymum
3015 1952 3339 2022 Rnggcrium
3415 1955 3729 2009 canonicum

2158 2041 2659 2111 prastantissimnm
2692 2050 2891 2095 sanetze
2944 2042 3306 2099 Vercellensis
3353 2046 3608 2101 Ecclesiae
3629 2089 3644 2114 ,
3676 2058 3731 2104 ut

2158 2147 2374 2186 onmem
2404 2148 2621 2199 operam
2658 2132 2709 2187 in
2738 2149 2802 2187 ea
2833 2134 3189 2190 exscribendo
3215 2136 3396 2193 codice
3426 2152 3628 2207 ponere
3653 2139 3730 2193 div

2157 2232 2432 2292 gnaretur.
2478 2223 2525 2277 is
2573 2222 2789 2279 tandem
2841 2226 3039 2293 ingenti
3087 2227 3251 2281 labori
3309 2244 3367 2283 se
3411 2229 3623 2294 obtulit,
3673 2244 3735 2283 ac

2162 2314 2356 2368 litteris
2401 2314 2731 2370 humanitate
2778 2316 3108 2384 plenissimis
3159 2319 3471 2389 Exemplum
3523 2336 3732 2375 meeum

2159 2406 2603 2471 communicavit;
2653 2416 2708 2461 ut
2754 2407 2884 2481 illud
2927 2410 2977 2462 in
3006 2410 3177 2463 lucem
3224 2411 3473 2473 ederem,
3507 2423 3561 2467 et
3601 2414 3733 2466 meis

2159 2496 2623 2552 observationibus
2654 2499 2996 2555 illustrarem.
3028 2502 3159 2555 Dum
3190 2504 3303 2557 lucc
3334 2505 3531 2571 scribo,
3555 2504 3734 2560 CLVir

2162 2587 2402 2654 Raphacl
2437 2588 2705 2644 Vernazza
2749 2591 3104 2661 philosophia:
3155 2604 3209 2647 et
3256 2610 3423 2649 sacrae
3454 2596 3734 2667 theologia:

2158 2668 2451 2749 ductor-,ct
2496 2684 2546 2738 in
2592 2684 2911 2741 bibliotheca
2954 2688 3205 2743 Vaticana
3257 2691 3490 2760 scriptor
3541 2693 3735 2763 lingua:

2158 2773 2377 2839 ϐαρειῃ,
2407 2775 2690 2831 revolvens
2734 2777 2950 2831 codices
2980 2780 3179 2849 regina:
3210 2780 3526 2849 Succorum,
3571 2799 3734 2839 unum

2159 2868 2355 2936 reperit
2384 2884 2413 2921 ι
2444 2868 2649 2935 szecnli,
2676 2871 2940 2939 signatum
2974 2887 3027 2924 n.
3054 2872 3177 2940 5M,
3209 2874 3259 2928 in
3282 2890 3389 2945 quo
3414 2876 3525 2931 fere
3544 2878 3733 2932 eadem

2160 2957 2443 3024 habentur;
2488 2976 2607 3029 qua:
2635 2976 2703 3015 ex
2728 2962 2915 3016 codice
2942 2962 3246 3018 millenario
3280 2968 3591 3023 monasterii
3626 2968 3731 3023 No-

2084 3062 2128 3125 C
2161 3050 2434 3104 nantulani
2462 3050 2711 3119 superius
2732 3067 2757 3103 a
2787 3053 2941 3109 nobis
2976 3054 3143 3110 relata
3176 3065 3301 3112 sunt
3340 3072 3461 3128 pag.
3489 3060 3551 3115 61
3600 3059 3670 3116 Pr

2158 3136 2579 3207 legomenorum;
2613 3149 2667 3194 et
2710 3151 2833 3195 sunt
2864 3140 2980 3197 haec
3012 3160 3027 3197 :
3630 3162 3633 3165 '

2226 3230 2409 3284 Sciens
2432 3232 2722 3301 scriptum:
2751 3234 2805 3288 Si
2845 3248 2941 3287 vos
2979 3237 3247 3305 persecuti
3299 3237 3497 3295 iuerint
3540 3242 3592 3296 in
3624 3259 3729 3299 una

2153 3322 2387 3395 civitate,
2413 3324 2574 3392 fugite
2602 3326 2653 3378 in
2672 3325 2829 3379 aliam
2851 3370 2864 3393 ,
2901 3327 3038 3379 ultra
3059 3330 3247 3397 ﬂumen
3278 3332 3481 3386 Padum
3504 3337 3726 3391 transiit.

2155 3413 2220 3467 Et
2260 3415 2328 3467 ad
2354 3412 2608 3481 Castrum,
2652 3418 2787 3485 quod
2822 3419 3007 3472 dicitur
3055 3420 3509 3494 Creudonensium,
3557 3446 3729 3495 perve-

2152 3506 2313 3571 niens,
2336 3506 2390 3559 in
2418 3507 2609 3561 honore
2636 3508 2791 3562 beata:
2811 3507 2907 3563 Dei
2930 3508 3200 3567 Geuitricis
3233 3513 3415 3568 Maria:
3441 3520 3721 3571 oratorium

2151 3591 2453 3652 construxit.
2495 3598 2595 3653 Ubi
2624 3601 2775 3655 etiam
2813 3600 2980 3654 adhuc
3009 3603 3213 3674 longius
3243 3606 3443 3674 degens,
3482 3592 3720 3679 Evange-

2152 3689 2275 3741 lium
2319 3689 2507 3743 Christi
2539 3693 2750 3759 propria
2780 3707 2938 3745 manu
2962 3693 3198 3763 scripsit,
3247 3698 3391 3765 cujus
3420 3696 3719 3751 miraculum

2150 3781 2203 3832 in
2242 3782 2415 3835 eodem
2456 3782 2629 3836 codice
2671 3794 2888 3852 quatuor
2933 3783 3353 3854 Evangeliorum,
3401 3802 3502 3840 non
3556 3791 3721 3844 solum

2150 3871 2312 3925 verbis
2340 3872 2554 3937 Christi,
2586 3874 2674 3927 sed
2703 3876 2851 3927 etiam
2884 3874 3111 3946 ejusdem
3146 3874 3340 3940 Patris,
3372 3889 3510 3933 tanta
3538 3882 3718 3936 virtute

2148 3965 2424 4033 stepissime
2450 3975 2715 4028 coruscat,
2762 3976 2813 4017 ut
2850 3968 2894 4019 si
2936 3967 3119 4034 aliquis
3162 3968 3397 4023 seductus
3440 3988 3472 4024 a
3516 3974 3717 4028 diabolo

2147 4054 2335 4121 falsum
2362 4068 2510 4122 super
2542 4069 2656 4105 eum
2706 4054 2880 4120 fecerit
2932 4067 3336 4125 sacramentum,
3377 4061 3526 4118 citius
3565 4066 3718 4137 phgi

2145 4144 2425 4211 corporalis
2454 4144 2764 4207 ostenditur;
2808 4144 2879 4197 ita
2909 4156 2979 4212 ut,
3011 4159 3097 4200 aut
3126 4154 3593 4222 morte‘mulctetur,
3623 4170 3710 4211 aut

2146 4234 2354 4305 perditis
2396 4235 2577 4299 oculis,
2622 4236 2890 4303 spirituale
2924 4238 3092 4293 lumen
3128 4251 3173 4294 et
3202 4246 3464 4313 corporale
3492 4253 3708 4317 amittat,

2145 4337 2233 4380 aut
2256 4327 2494 4379 ariditate
2532 4328 2868 4381 membrorum
2908 4347 3113 4384 mancus
3156 4335 3233 4386 vel
3288 4336 3499 4391 claudus
3526 4341 3709 4408 efﬁcia-

558 4423 810 4479 antrum
901 4418 1317 4494 Evangeliarium
1387 4422 1707 4493 quadruplex
1789 4421 2037 4476 coiurnna
2068 4427 2121 4487 1)
2147 4428 2249 4485 tur,
2286 4430 2373 4472 aut
2405 4420 2662 4473 inuasione
2688 4420 2997 4486 drcmonum,
3040 4440 3168 4494 pene
3210 4442 3366 4494 usque
3406 4429 3473 4480 ad
3520 4434 3707 4489 exitum

472 4515 639 4584 prima
699 4514 917 4569 exhibet
980 4514 1122 4567 hunc
1187 4513 1426 4569 codicem
1478 4506 1909 4578 ’Eiisebianuin,
1972 4511 2038 4565 de

470 4619 576 4674 quo
614 4606 897 4675 loquimur.
924 4606 1005 4661 Ad
1037 4604 1385 4674 efﬁngendam
1419 4605 1531 4673 ejus
1574 4605 1833 4675 picturam
1883 4616 2035 4674 typo-

468 4696 771 4767 grapliicam
794 4737 807 4760 ,
838 4711 960 4751 cuni
990 4697 1178 4750 nativis
1220 4697 1551 4750 lineamentis
1580 4695 1712 4761 suis,
1753 4694 1874 4748 dedi
1905 4704 2036 4763 epe-

468 4801 604 4853 ram,
627 4796 686 4842 ut
710 4786 876 4841 editio
905 4786 1058 4842 ﬁeret
1088 4788 1151 4841 ad
1178 4786 1311 4841 hanc
1341 4790 1638 4856 pactionem
1664 4801 2032 4853 normamque,

470 4886 739 4947 ut‘nempe
788 4889 861 4933 tot
890 4879 1045 4933 linem
1086 4889 1267 4947 totque
1292 4880 1467 4933 exitus
1492 4879 1797 4955 earumdem
1825 4893 2038 4946 semper

470 4977 649 5024 essent
690 4972 741 5023 ir.
786 4971 1049 5043 impresso
1094 4983 1223 5042 quot
1248 4973 1300 5026 in
1346 4974 1713 5041 manuscripto
1754 4973 1922 5037 libro;
1952 4986 2035 5025 re-

473 5068 618 5114 tenta
644 5060 803 5113 etiam
832 5076 1038 5116 summa
1061 5064 1319 5133 religiOne
1340 5064 1527 5119 eadem
1558 5062 1957 5133 orthographia,
1982 5069 2036 5116 et

469 5151 805 5223 spbalmstie,
849 5162 1010 5222 atque
1052 5155 1419 5227 frequentibus
1467 5157 1919 5211 immutationibus
1947 5152 2035 5205 lit-

468 5251 736 5308 terarum;
786 5254 839 5298 ut
887 5245 979 5309 ita,
1026 5252 1347 5319 quicumque
1384 5248 1613 5303 voluerit
1652 5247 1790 5301 hanc
1838 5242 2031 5299 editio—

470 5350 591 5389 nem
614 5350 735 5391 cum
763 5334 1094 5405 autograpbo
1122 5338 1305 5391 sedula
1336 5339 1619 5393 collatione
1646 5336 1910 5399 conferre,
1943 5347 2031 5401 pe-

470 5426 679 5497 rieopas
696 5442 904 5495 omnes,
938 5426 1155 5483 totidem
1181 5428 1335 5483 lineis
1364 5444 1669 5500 expressas,
1699 5428 1843 5482 nullo
1870 5440 2036 5496 nego-

471 5517 547 5572 tio
572 5519 830 5585 inveniat,
860 5521 1142 5593 exigatque
1166 5520 1231 5575 ad
1254 5536 1495 5575 normam
1540 5519 1816 5576 sacerrimi
1860 5518 2036 5572 Evan-

469 5606 719 5679 gelistarii
750 5609 1009 5669 Ecclesiae
1056 5611 1440 5669 Vercellarum.
1488 5611 1587 5666 illo
1632 5610 1830 5667 nemini
1860 5610 2034 5666 hacte-

2140 4512 2432 4567 dilanietur.
2464 4514 2680 4566 Interim
2717 4523 2905 4579 autem,
2936 4516 3057 4569 dum
3083 4517 3149 4569 ibi
3172 4519 3225 4570 in
3254 4520 3362 4587 ipso
3394 4522 3572 4577 Castra
3592 4544 3706 4581 cum

2140 4606 2400 4675 discipulis
2433 4606 2535 4657 suis
2562 4615 2864 4669 moraretur,
2898 4600 3030 4675 facta
3054 4608 3290 4672 concilio,
3317 4618 3420 4665 ctc.

2210 4696 2358 4750 Nunc
2389 4712 2535 4759 vero,
2582 4696 2829 4764 quoniam
2873 4696 2980 4762 jam
3031 4698 3193 4751 multa
3226 4699 3290 4754 de
3321 4712 3423 4759 tam
3463 4712 3700 4782 antiquo,

2138 4795 2247 4842 tam
2302 4784 2609 4840 venerando
2658 4784 3065 4853 Evangeliorum
3116 4792 3298 4847 codice
3328 4836 3341 4859 ,
3383 4804 3701 4860 sanctissimi

2138 4881 2385 4948 martyris
2413 4887 2465 4930 et
2492 4877 2726 4946 episcopi
2758 4876 3111 4935 Vercellensis
3139 4880 3356 4939 Eusebii
3382 4894 3594 4947 nomine
3618 4896 3699 4949 in-

2138 4971 2352 5038 signilo,
2384 4966 2635 5037 praelatus
2656 4983 2800 5034 sum,
2830 4956 3002 5039 operm
3019 4964 3241 5040 pretium
3266 4980 3364 5032 erit
3393 4986 3695 5053 ostendere,

2137 5061 2323 5115 eodem
2350 5059 2530 5114 italum
2559 5063 2842 5129 contineri,
2872 5077 3011 5131 quae,
3042 5074 3097 5119 ut
3123 5066 3292 5137 inquit
3318 5072 3542 5131 Sanctus
3578 5078 3699 5135 Hie-

2134 5168 2411 5223 ronymus,
2439 5156 2691 5207 nascentis
2733 5154 2974 5211 Ecclesite
3004 5157 3158 5224 fidem
3182 5161 3449 5231 roboravit,
3479 5187 3697 5242 quicque

2130 5244 2335 5299 Latinis
2362 5246 2607 5299 Patribus
2638 5246 2921 5314 primitivis
2964 5247 3060 5301 fuit
3083 5252 3134 5304 in
3173 5269 3292 5317 usu,
3324 5260 3435 5313 sive
3480 5263 3543 5315 ad
3570 5280 3698 5319 (πηι-

2135 5335 2393 5389 firmanda
2424 5336 2545 5390 lidei
2596 5335 2863 5403 dogmata.
2918 5339 3030 5391 sive
3076 5341 3142 5393 ad
3188 5346 3438 5401 tradenda
3488 5368 3696 5413 morum

2134 5439 2426 5500 precepta,
2450 5437 2607 5494 atque
2638 5427 2879 5481 cmlestis
2904 5428 3223 5499 disciplina).
3249 5435 3531 5507 Postquam
3555 5451 3698 5505 enim

2134 5518 2202 5573 ad
2228 5518 2429 5574 Gentes
2464 5516 2815 5572 occidentalis
2844 5518 3009 5589 plaga:
3038 5521 3087 5573 in
3120 5522 3417 5585 Christiana
3446 5538 3698 5609 religione

2137 5608 2492 5665 instituendas
2530 5606 2680 5663 missi
2710 5609 3107 5678 suntapostoli,
3142 5617 3335 5683 prodiit
3368 5606 3567 5685 statim—
3596 5635 3694 5691 La-
