3902 6402
358 286 424 337 79
1592 301 1597 305 -
1669 270 2191 328 pnocscousna.
2882 334 2883 337 γ
3513 276 3583 331 8ο

354 399 462 467 tina
510 394 639 448 Novi
668 391 991 447 Testatncnti
1034 390 1399 459 interpretatio
1419 428 1434 454 ,
1481 401 1599 456 qua:
1638 387 1911 456 exemplar
1939 400 1989 459 Α
2015 385 2263 455 pluribus,
2292 400 2382 437 cur
2402 401 2501 438 non
2528 385 2595 437 ad
2632 384 2860 438 (iuream
2890 384 3133 455 originem
3156 395 3473 452 revertentes,
3500 404 3577 455 eo,

350 484 731 554 autograpbutn
764 482 986 536 lideliter
1014 480 1384 544 exhiberet;ut
1420 478 1510 541 ita,
1536 478 1693 532 etiam
1724 476 1790 531 ad
1816 476 1915 529 La-

354 578 585 630 tinorum
633 574 889 638 haustus,
920 570 1024 624 illa:
1068 572 1122 624 in
1162 572 1323 623 vitam
1370 578 1619 623 aeternam
1663 568 1915 621 salientes

352 680 504 735 aqua:
532 664 896 717 decurrerent.
926 662 991 715 Et
1011 659 1251 730 quamvis
1272 700 1286 724 ,
1343 667 1475 712 teste
1527 658 1583 713 S.
1617 658 1915 725 Augustino

355 754 469 824 (lib.
500 769 533 806 tt
585 755 648 805 de
698 752 941 805 Doctrina
989 750 1316 814 Christiana,
1347 749 1546 818 σαμε,
1591 766 1641 801 n.
1678 748 1798 817 ili),
1830 749 1917 814 qui

355 846 649 914 Scripturus
674 860 739 898 ea:
763 842 977 897 Hebrwa
1028 844 1203 913 lingua
1245 842 1298 894 in
1348 840 1575 895 Grarcam
1617 850 1870 893 verterunt
1895 882 1910 907 ,

352 940 605 993 numerari
634 938 855 1005 possint,
890 936 1061 988 Latini
1082 942 1247 987 autem
1274 935 1564 1003 interpretes
1594 933 1735 985 nullo
1764 934 1913 987 modo

354 1031 431 1103 (ut
452 1032 583 1084 enim
610 1030 791 1099 cuique
821 1026 1001 1097 primis
1028 1025 1150 1094 ﬁdei
1170 1025 1557 1107 temporibus‘in
1581 1040 1761 1075 manus
1781 1024 1915 1075 venit

352 1123 513 1177 codem
531 1119 761 1182 Grtecus,
785 1126 831 1169 et
852 1117 1223 1186 aliquantulum
1254 1116 1509 1183 facultatis
1536 1114 1628 1166 sibi
1654 1116 1914 1182 utriusque

350 1214 537 1284 lingua:
570 1210 755 1263 habere
781 1208 1062 1274 videbatur,
1105 1223 1259 1261 ausus
1294 1216 1366 1259 est
1409 1204 1785 1273 interpretari);
1837 1213 1914 1258 ta—

352 1321 496 1369 men,
525 1314 584 1356 ut
630 1302 770 1372 apud
826 1302 1044 1356 Graecos
1091 1296 1611 1368 septuagintaviralis
1652 1297 1913 1351 versionis

348 1394 647 1449 excellebat
675 1393 988 1456 auctoritas,
1027 1391 1096 1444 ita
1128 1390 1264 1457 apud
1289 1389 1507 1443 Latinos
1542 1387 1679 1441 Itala
1703 1388 1914 1442 carteris

352 1485 565 1552 pra-lata
597 1472 726 1549 fuit;
770 1474 927 1551 quam
980 1482 1206 1549 primum
1250 1480 1360 1533 Itali
1392 1480 1578 1533 Patres
1601 1520 1629 1544 ,.
1670 1477 1792 1531 dein
1823 1478 1912 1530 alii

347 1573 546 1627 Latium
576 1572 829 1626 Ecclesia:
874 1571 1197 1638 scriptores,
1235 1569 1595 1622 Tertullianits
1625 1566 1910 1630 videlicet,

344 1665 664 1734 Cyprianus,
706 1656 1052 1722 Ambrosius,
1086 1661 1446 1727 Augustinus,
1490 1669 1542 1711 ct
1567 1658 1655 1709 alii
1681 1697 1697 1720 ,
1745 1671 1913 1724 usque

2018 492 2129 545 qtae
2174 474 2514 529 velavitiosis
2562 474 2917 543 interpretibus
2969 473 3100 528 male
3152 477 3387 540 reddita,
3434 476 3509 529 rel
3545 467 3583 529 ιι

2019 564 2464 633 prresumptoribus
2495 565 2739 635 imperitis
2773 563 3035 618 emendata
3082 566 3388 633 perversius,
3436 565 3514 618 vel
3551 582 3582 617 a

2015 654 2236 707 librariis
2287 655 2672 709 dormitantibus
2721 665 2807 707 aut
2843 656 3019 707 addita
3048 664 3165 707 sunt
3190 693 3205 717 ,
3252 665 3339 709 aut
3368 663 3580 721 mutata,

2015 747 2426 814 corrigimus.....
2469 746 2590 801 Ha’c
2620 762 2836 817 prazscns
2878 747 3267 817 pratfatiuncula
3319 748 3585 814 pollicetur

2014 848 2230 906 quatuor
2258 848 2453 890 tantum
2472 837 2772 908 Evangelia,
2801 838 3044 893 codicum
3073 837 3381 892 Grtecorum
3405 854 3583 894 emen-

2015 928 2135 981 data
2163 928 2465 995 collatione,
2508 928 2598 981 sed
2638 940 2893 994 veterum;
2936 945 3047 999 qua:
3078 945 3138 981 ne
3159 928 3373 981 multum
3413 945 3443 980 a
3486 929 3586 983 lec-

2014 1018 2165 1071 tionis
2213 1017 2407 1071 Latina:
2455 1020 2812 1071 consuetudine
2848 1008 3237 1088 discreparent;
3278 1020 3349 1071 ita
3388 1019 3584 1075 calamo

1980 1111 2414 1183 temperavimus,
2464 1120 2520 1163 ut
2566 1107 2645 1161 his
2686 1118 2899 1174 tantum,
2954 1125 3068 1176 qua:
3107 1126 3310 1163 sensum
3350 1110 3587 1163 videban-

2015 1202 2097 1245 tur
2138 1205 2348 1258 mutare,
2393 1194 2663 1258 correctis,
2709 1194 2904 1262 reliqua
2947 1209 3151 1247 manere
3176 1203 3478 1263 pateremur,
3530 1204 3587 1247 ut

2014 1286 2341 1354 fuerant?....
2397 1283 2618 1354 Magnus
2672 1285 2753 1337 hic
2798 1286 2850 1337 in
2896 1285 3081 1338 nostris
3129 1285 3385 1337 codicibus
3446 1301 3587 1340 error

2012 1376 2249 1440 inole:it,
2299 1376 2459 1441 dum,
2507 1376 2641 1444 quod
2685 1378 2737 1427 in
2756 1376 2929 1429 eadem
2979 1393 3032 1428 re
3082 1377 3216 1431 alius
3261 1375 3587 1453 Evangelista

2017 1469 2131 1533 plus
2186 1467 2351 1530 dixit,
2401 1469 2453 1520 in
2482 1470 2603 1532 alio,
2647 1469 2764 1536 quia
2808 1470 2969 1520 minus
3015 1470 3296 1536 putaverint
3322 1510 3335 1533 ,
3374 1468 3586 1523 addide.

2013 1566 2162 1621 runt;
2189 1558 2265 1610 vel
2284 1598 2298 1620 ,
2328 1557 2445 1609 dum
2488 1559 2719 1610 eunrdum
2749 1574 2948 1611 sensum
2970 1558 3101 1611 alius
3131 1560 3277 1612 aliter
3303 1560 3580 1629 expressit,

2012 1648 2125 1714 ille,
2177 1648 2260 1715 qui
2290 1663 2447 1699 unum
2485 1663 2511 1700 e
2551 1657 2767 1716 quatuor
2814 1649 3031 1716 primum
3080 1649 3307 1716 legerat,
3353 1650 3421 1700 ad
3470 1650 3582 1718 ejus

347 1755 412 1808 ad
467 1754 706 1823 Gregorii
758 1752 930 1820 Magni
982 1764 1261 1817 ιεωνοι-ει,
1309 1748 1619 1819 adhibueris,
1665 1748 1777 1802 vir,
1829 1748 1908 1801 ut,
1948 1739 2301 1821 Bezcemplum
2348 1748 2555 1792 crateras
2600 1754 2795 1807 quoque
2857 1740 3175 1791 (estimaverit
3214 1740 3578 1793 emendandos.

346 1844 530 1898 Matth.
566 1841 821 1897 l’etitdier
847 1842 1226 1895 dissertatione
1254 1839 1458 1893 decima
1501 1838 1555 1892 in
1598 1837 1793 1906 Script.
1831 1840 1912 1890 in-

346 1934 463 2004 quit
496 1950 508 1983 :
538 1933 651 1986 licet
701 1931 940 2001 temporis
992 1945 1227 1997 processu
1272 1930 1521 1982 versiones
1577 1928 1748 1980 latina!
1789 1942 1913 1991 pene

343 2027 556 2095 infinita:
594 2026 902 2095 prodierint,
939 2039 1038 2075 una
1073 2032 1238 2075 tamen
1286 2023 1416 2074 inter
1452 2020 1603 2085 alias,
1631 2036 1781 2088 quam
1809 2018 1914 2070 Au-

344 2121 573 2191 gustinus
625 2117 846 2180 ltslam,
900 2113 1240 2184 Hieronymus
1268 2113 1547 2182 Vulgatatn
1576 2153 1590 2177 ,
1638 2112 1911 2183 Gregorius

341 2214 589 2269 Veterem
647 2217 1001 2277 nuncuparunt
1032 2248 1046 2273 ,
1118 2222 1365 2277 quamque
1413 2205 1637 2259 omnium
1693 2205 1909 2273 primunt

344 2305 499 2374 fuisse
538 2303 716 2354 merito
745 2299 1089 2369 suspicamur,
1139 2296 1417 2365 principem
1461 2296 1625 2348 locum
1672 2294 1906 2347 obtinuit.

349 2394 494 2447 Hanc
544 2393 635 2445 sub
677 2388 1020 2460 apostolorum
1065 2387 1371 2461 temporibus
1410 2386 1712 2439 elaboratam
1760 2385 1908 2437 multi

342 2486 657 2553 apiuantur,
702 2496 791 2533 nec
843 2480 951 2533 sine
996 2478 1167 2543 aliquo
1214 2476 1563 2547 fundamento,
1619 2490 1681 2527 ne
1724 2473 1908 2527 Latina

344 2575 572 2629 Ecclesia
603 2573 987 2640 Scripturarum
1022 2571 1256 2623 thesauro
1296 2568 1489 2621 tamdiu
1536 2568 1834 2634 privaretur.
1864 2570 1902 2619 Α

342 2681 447 2735 quo
495 2672 668 2717 tntnen
722 2662 881 2717 fuerit
926 2662 1260 2723 concinnata,
1322 2660 1475 2713 nobis
1520 2661 1905 2727 incompertum

344 2765 461 2819 est;
488 2756 609 2807 licet
634 2753 796 2806 certis
829 2751 1037 2805 indiciis
1091 2750 1364 2818 signisque
1409 2751 1519 2817 ipsa
1550 2752 1755 2803 secerni
1784 2765 1908 2818 pos-

343 2857 424 2902 set
446 2848 514 2899 ab
534 2845 660 2901 aliis
687 2842 1243 2911 interpretationibus;
1274 2841 1521 2909 quoniam
1562 2840 1620 2893 S.
1651 2838 1902 2907 Augusti-

341 2954 438 2992 nus
460 2953 555 2992 nos
573 2937 749 3000 docet,
778 2936 915 2989 inter
938 2936 1111 2987 varias
1142 2930 1354 2985 Latinas
1385 2931 1680 2996 versioncs,
1717 2928 1904 2983 Italam

342 3029 502 3081 luisse
560 3042 667 3094 pra:
711 3025 920 3078 caeteris
971 3022 1274 3092 insignem,
1331 3021 1581 3090 quoniam
1624 3022 1903 3075 sententiis

2021 1827 2166 1882 Unde
2191 1828 2402 1893 accidit,
2448 1839 2501 1881 ut
2545 1828 2683 1897 apud
2720 1845 2812 1881 nos
2865 1830 3021 1882 mixta
3064 1829 3176 1898 sint
3204 1830 3393 1889 omnia,
3436 1838 3483 1882 et
3531 1830 3585 1881 in

2016 1918 2195 1970 Marco
2226 1920 2376 1987 plura
2428 1917 2583 1971 Luca:
2638 1929 2788 1984 atque
2820 1917 3083 1982 Matt/uel;
3122 1933 3322 1969 rursum
3365 1918 3417 1969 in
3450 1915 3585 1970 Mat-

2018 2011 2149 2063 tlueo
2181 2010 2328 2079 plura
2380 2008 2599 2062 Joannis
2639 2018 2685 2062 et
2736 2009 2932 2071 Marci;
2972 2018 3017 2061 et
3056 2011 3107 2059 in
3146 2008 3338 2061 creteris
3359 2008 3581 2075 reliquo-

2010 2119 2155 2167 rum,
2187 2118 2301 2171 qua:
2320 2102 2435 2153 aliis
2476 2103 2683 2169 prapria
2723 2111 2871 2163 sunt,
2915 2100 3252 2153 inveniantur.
3290 2098 3472 2163 Plura,
3502 2098 3583 2152 in-

2008 2195 2123 2262 quit
2163 2193 2513 2246 doctissimus
2538 2191 2725 2244 Petrus
2756 2190 2999 2244 Saltaticr
3045 2190 3337 2243 mcuacltus
3367 2187 3574 2242 ordinis

2010 2283 2065 2337 S.
2097 2283 2365 2337 Benedicti
2410 2299 2439 2336 υ
2483 2284 2893 2351 congregatione
2940 2280 2998 2335 S.
3050 2280 3245 2345 Mauri,
3291 2282 3341 2332 in
3375 2279 3457 2332 Itis
3512 2278 3574 2335 S.

2008 2371 2245 2425 doctoris
2292 2372 2471 2424 verbis
2512 2378 2638 2426 sunt
2680 2370 3073 2437 perpendenda.
3122 2370 3303 2423 Primo
3342 2370 3575 2437 quidem,

2010 2461 2060 2513 in
2088 2476 2273 2513 corum
2297 2476 2521 2514 numero
2546 2461 2951 2529 exemplarium,
2977 2476 3095 2529 qua:
3125 2462 3264 2515 inter
3290 2476 3348 2515 se
3376 2462 3577 2515 discre-

2009 2551 2203 2618 pabunt
2228 2594 2241 2613 ,
2288 2552 2432 2605 luere
2462 2552 2699 2621 qnmdant
2731 2552 2829 2603 :tliu
2856 2552 3020 2618 inagis
3047 2554 3253 2605 sincera
3288 2554 3377 2618 (ut
3407 2553 3576 2606 codex

2010 2643 2417 2713 Evangeliorum
2441 2644 2788 2711 Eusebianos)
2808 2659 2820 2695 :
2838 2658 2895 2697 ea
2915 2652 3089 2695 autem
3109 2644 3222 2695 aliis
3235 2655 3388 2697 erant
3403 2644 3575 2699 since-

2008 2738 2171 2801 riora,
2219 2738 2525 2805 Hieronymi
2575 2735 2798 2804 judicio,
2830 2750 2947 2802 qua:
2980 2733 3167 2789 Gra'co
3215 2737 3384 2805 magis
3423 2744 3578 2791 erant

2005 2837 2387 2888 consentanea,
2442 2835 2499 2878 ut
2550 2825 2746 2878 diserte
2793 2822 3055 2892 signiﬁcat
3098 2835 3315 2880 sanctus
3366 2827 3572 2892 doctor,

2004 2930 2125 2969 cum
2150 2918 2245 2980 ait,
2290 2916 2339 2968 id
2377 2915 2478 2968 sibi
2507 2930 2642 2969 Ottlts
2670 2916 2996 2983 impositum,
3048 2924 3103 2967 ut
3146 2914 3333 2968 arbiter
3362 2919 3534 2970 sedeat
3558 2959 3573 2983 ,

2006 3014 2061 3058 et
2104 3006 2243 3057 inter
2268 3004 2627 3073 discrepantia
2676 3004 2874 3058 Latinae
2924 3004 3381 3072 interpretationis
3425 3005 3576 3061 Scri-

341 3118 509 3187 magis
549 3124 664 3170 crat
714 3115 1028 3182 perspicua,
1094 3112 1484 3180 verborumque
1536 3111 1787 3164 tenacior.
1839 3109 1903 3163 In

2010 3106 2280 3165 pturarum
2302 3098 2642 3163 exemplaria,
2663 3097 2895 3148 decernat
2920 3110 3030 3163 qua:
3056 3096 3154 3147 sint
3180 3095 3293 3157 illa,
3326 3110 3440 3163 qua
3458 3112 3576 3149 cum

346 3208 471 3274 ipsis
523 3204 542 3274 (
582 3203 750 3273 inquit
782 3200 801 3273 )
848 3200 1333 3271 interpretationibus
1365 3215 1521 3254 t'rsu
1560 3200 1751 3252 creteris
1771 3214 1903 3270 prato

342 3295 567 3363 feratur;
617 3309 735 3344 nam
784 3302 855 3345 est
907 3292 1171 3344 verborum
1219 3290 1476 3357 tenacior,
1543 3305 1657 3342 cum
1707 3291 1903 3359 perspi-

341 3384 527 3435 cuitate
567 3382 839 3436 sententiis.
885 3381 1106 3447 Itaque,
1155 3382 1201 3435 si
1251 3381 1491 3434 codicem
1545 3380 1903 3434 Eusebianunt

344 3473 443 3527 hac
467 3471 664 3540 duplici
702 3472 827 3524 dote
852 3470 1169 3540 gaudentem
1210 3472 1519 3535 ostendero,
1548 3482 1750 3526 certum
1778 3472 1901 3535 erit,

340 3578 407 3617 co
436 3562 699 3617 contineri
742 3560 929 3612 ltalam
951 3599 983 3625 ,_
1014 3570 1321 3627 usurpatam
1367 3561 1421 3613 in
1472 3561 1729 3614 Ecclesia.
1763 3561 1906 3614 Prte-

343 3664 486 3707 terea
544 3649 652 3704 illa:
708 3649 1007 3713 labetulte,
1063 3650 1254 3716 quibus
1305 3650 1436 3701 Itala
1481 3664 1697 3716 aspersa
1751 3658 1904 3714 erat,

344 3746 517 3799 adhuc
567 3744 747 3797 insunt
795 3740 1008 3793 laudato
1054 3728 1222 3794 codici
1252 3755 1265 3790 :
1302 3754 1463 3809 quare
1489 3739 1543 3793 in
1571 3739 1790 3793 dubium
1821 3756 1906 3794 re-

345 3834 523 3886 vocari
574 3833 874 3886 nullatenus
898 3837 1107 3899 potest,
1151 3830 1278 3897 quin
1311 3830 1421 3898 ipse
1450 3829 1899 3901 eamdemltalam

344 3925 541 3978 nostris
592 3923 762 3977 oculis
808 3930 1176 3990 reprtcsentet.
1214 3920 1527 3974 Audiendus
1555 3921 1612 3975 S.
1648 3920 1906 3991 llierony-

346 4008 486 4075 mus,
529 4012 616 4076 qui
646 4011 882 4065 codicem
924 4010 1339 4080 Evangeliorum
1394 4011 1539 4065 Italte
1575 4026 1667 4065 seu
1702 4012 1906 4080 antiqui
1936 4005 1961 4019 ‘

346 4102 670 4169 interpretis,
695 4102 844 4169 jussu
873 4103 932 4155 Β.
959 4102 1169 4156 Damasi
1194 4101 1352 4171 Papa:
1380 4102 1445 4154 ad
1487 4101 1726 4156 Graecam
1748 4102 1903 4156 [idem

348 4194 563 4261 exigit:
601 4189 801 4243 Nouum
848 4207 972 4259 opus
1004 4191 1103 4260 (ad
1146 4192 1392 4247 eumdem
1444 4192 1721 4247 Damasum
1772 4196 1905 4248 scri-

350 4285 464 4352 bit)
492 4284 658 4353 facere
704 4294 781 4332 me
821 4280 959 4348 cogis
1006 4296 1067 4332 ea:
1098 4280 1300 4346 Veteri;
1344 4291 1399 4334 ut
1443 4293 1552 4349 post
1596 4285 1905 4350 exemplaria

349 4374 736 4442 Scripturarum
758 4378 859 4423 toto
883 4366 1014 4422 Orbe
1034 4369 1282 4438 dispersa,
1316 4370 1459 4436 quasi
1491 4372 1693 4437 quidam
1723 4372 1907 4423 arbiter

2010 3186 2188 3239 (ἔνατα
2218 3189 2530 3239 consentiant
2580 3187 2804 3239 veritate.
2838 3188 2905 3239 At
2937 3201 3061 3240 vero
3109 3186 3196 3239 illa
3240 3185 3444 3241 Latina:
3488 3184 3576 3240 in-

2007 3279 2403 3346 terpretationis
2428 3279 2753 3346 exemplaria
2777 3319 2791 3344 ,
2839 3293 2957 3347 qum
2985 3293 3105 3332 cum
3134 3278 3319 3334 Grtcca
3348 3292 3575 3354 consen-

2007 3369 2142 3421 tiunt
2191 3372 2435 3433 veritate,
2490 3371 2601 3438 ipsa
2648 3376 2772 3421 sunt
2826 3368 3151 3437 exemplaria
3206 3384 3326 3438 quae
3383 3384 3567 3439 puram

2007 3450 2474 3527 putathtalicam
2517 3466 2925 3528 repraesentant,
2958 3472 3114 3525 quam
3164 3460 3375 3514 ceteris
3422 3468 3577 3515 ante-

2007 3548 2336 3616 ponendam,
2389 3557 2570 3615 utpote
2599 3549 2881 3601 verborum
2931 3546 3277 3614 tenaciorem,
3312 3556 3574 3616 pronun-

2008 3639 2103 3689 tiat
2130 3638 2473 3705 Augustinus.
2528 3637 2730 3690 Deinde
2772 3638 2824 3689 in
2867 3636 3094 3693 diversis
3124 3640 3270 3692 hisee
3298 3640 3576 3709 exempla-

2006 3725 2153 3781 ribus
2196 3727 2357 3780 tnulta
2387 3727 2632 3797 equidem
2660 3736 2830 3793 erant,
2882 3727 2961 3782 vel
3004 3745 3036 3781 a
3081 3729 3275 3782 vitiosis
3324 3731 3574 3801 interpre-

2007 3817 2141 3873 tibus
2191 3821 2319 3872 ntalc
2363 3819 2583 3886 reddita,
2633 3822 2711 3874 vel
2764 3837 2795 3872 a
2836 3822 3281 3890 pra'sumptoribus
3327 3804 3587 3892 imperitis

2007 3911 2268 3964 emendata
2298 3913 2571 3982 perversius
2590 3952 2605 3977 ,
2640 3912 2713 3965 vel
2739 3928 2769 3965 a
2797 3910 3017 3965 librariis
3047 3912 3439 3967 dormitantibus
3489 3925 3578 3969 aut

2007 4001 2223 4069 addita,
2276 4012 2363 4055 aut
2408 4012 2622 4056 mutata.
2686 4002 2779 4056 liae
2831 4012 3008 4055 tamen
3072 4004 3340 4070 maculm,
3386 4006 3580 4073 quibus

2005 4108 2221 4163 aspersa
2249 4104 2383 4162 crat,
2428 4094 2731 4163 Hieronymi
2759 4102 2936 4159 tetate,
2966 4104 3122 4149 vetus
3160 4094 3578 4165 Evangeliorum

2005 4185 2395 4256 interpretatio,
2445 4186 2582 4241 adeo
2613 4185 2994 4255 impedimento
3021 4201 3125 4240 non
3170 4195 3323 4253 sunt,
3370 4189 3581 4257 quomi-

2006 4294 2106 4334 nus
2136 4289 2313 4335 nostra
2339 4288 2496 4334 aetate
2522 4280 2885 4350 dignoscatur,
2924 4290 2981 4333 ut
3005 4280 3167 4334 etiam
3198 4281 3480 4349 plurimum
3509 4280 3577 4334 ad

2008 4385 2123 4422 eam
2161 4372 2540 4425 secernendam
2573 4371 2893 4425 conducant.
2943 4370 3207 4426 Craterum
3235 4352 3579 4443 pltaud'tales

343 4467 578 4531 sedeam;
623 4464 817 4529 etquia
855 4460 985 4512 inter
1023 4474 1076 4512 se
1117 4458 1333 4525 variant,
1364 4474 1478 4529 quae
1509 4461 1607 4513 sint
1648 4461 1767 4525 illa,
1795 4476 1906 4527 qua:
1932 4472 1984 4530 ι)
2011 4458 2106 4511 bas
2143 4458 2306 4512 fuisse
2334 4459 2567 4513 maculas
2596 4460 3027 4525 existimandum,
3062 4472 3118 4514 ut
3146 4461 3214 4514 iis
3242 4458 3453 4530 penitus
3480 4462 3580 4518 fte-

346 4572 462 4609 cum
505 4553 685 4609 Graeca
714 4550 1027 4605 consentiant
1055 4550 1261 4603 veritate
1283 4588 1298 4614 ,
1345 4550 1626 4601 decernam.
1672 4550 1795 4603 Pius
1832 4551 1909 4602 la-

350 4648 458 4711 bor,
482 4647 569 4699 sed
594 4644 875 4715 periculosa
905 4640 1255 4713 prazsumptio.
1292 4638 1357 4693 Et
1400 4652 1517 4709 post
1563 4655 1725 4709 pauca
1754 4656 1765 4692 :
1797 4641 1907 4707 quis

347 4738 503 4799 enim,
532 4751 643 4787 cum
668 4736 720 4788 in
739 4751 919 4789 manus
945 4735 1176 4786 volumen
1221 4732 1569 4798 assumpserit,
1596 4743 1639 4784 et
1669 4749 1700 4784 a
1728 4732 1906 4797 saliva,

344 4842 497 4897 quam
525 4827 674 4879 semel
700 4826 911 4889 imbibit,
958 4826 1134 4878 viderit
1171 4824 1458 4895 discrepare
1499 4824 1632 4894 quod
1678 4826 1907 4889 lectitat,

347 4935 449 4973 non
476 4916 647 4975 statim
683 4924 909 4983 erumpat
938 4915 990 4966 in
1018 4930 1217 4979 vocem,
1263 4932 1341 4967 me
1378 4917 1658 4983 falsarium,
1694 4932 1769 4969 me
1806 4918 1912 4968 cla-

348 5011 533 5064 mitans
561 5022 668 5061 esse
693 5005 991 5070 sacrilegum
1012 5040 1026 5065 ,
1076 5003 1160 5069 qui
1180 5004 1391 5055 audeam
1416 5006 1607 5073 aliquid
1646 5006 1698 5058 in
1718 5008 1910 5059 iveteri-

346 5102 438 5155 bus
479 5100 618 5152 libris
660 5096 873 5156 addere,
925 5100 1147 5156 mutare,
1180 5093 1461 5162 corrigere?
1487 5095 1733 5149 Adversus
1762 5114 1912 5165 quant

346 5192 588 5247 invidiam
618 5187 809 5256 duplex
848 5199 1001 5237 causa
1028 5197 1105 5233 me
1134 5184 1438 5248 consolatur,
1470 5183 1601 5252 quod
1640 5194 1685 5235 et
1724 5196 1799 5251 tu,
1826 5187 1915 5251 qui

349 5296 574 5337 summus
604 5275 840 5330 sacerdos
880 5290 952 5339 es,
986 5271 1289 5341 [ierijubes;
1331 5284 1374 5325 et
1414 5288 1585 5325 verum
1630 5288 1729 5324 non
1772 5290 1912 5339 esse,

350 5374 485 5441 quod
516 5370 711 5431 variat,
762 5368 911 5417 etiam
945 5362 1305 5414 maledicorum
1351 5364 1633 5416 testimonio
1678 5378 1913 5431 compro-

351 5464 515 5515 batur.
549 5462 606 5513 Si
638 5458 768 5511 enim
807 5452 1005 5508 Latinis
1061 5450 1424 5516 exemplaribus
1474 5454 1600 5521 ﬁdes
1651 5459 1723 5505 est
1762 5452 1911 5503 ad/ti-

352 5552 536 5609 benda,
572 5547 928 5614 respondeant,
958 5540 1177 5612 quibus?
1208 5550 1279 5592 tot
1305 5543 1434 5594 enim
1463 5552 1577 5597 sunt
1605 5543 1915 5611 exemplaria

353 5654 501 5711 pene,
525 5647 641 5705 quot
671 5638 884 5690 codices.
918 5636 1013 5689 Sin
1036 5643 1207 5686 autent
1236 5632 1413 5688 veritas
1441 5642 1514 5689 est
1546 5638 1814 5706 querenda
1850 5636 1913 5691 de

1998 4547 2225 4615 daretur
2256 4558 2407 4601 vetus
2445 4549 2836 4618 interpretatio;
2884 4548 3317 4620 quandoquidem
3348 4550 3433 4604 vel
3463 4552 3579 4619 ipse

2008 4645 2232 4691 testatur
2259 4638 2631 4707 Hieronymus,
2672 4654 2731 4693 se
2769 4639 2992 4707 plurima
3024 4640 3307 4709 reliquisse
3336 4641 3533 4695 intacta
3560 4682 3575 4695 .

1962 4802 1965 4807 ἢ
2009 4745 2071 4782 ne
2098 4732 2311 4782 multum
2350 4730 2584 4800 (inquit)
2626 4747 2657 4783 a
2683 4732 2913 4784 lectionis
2968 4730 3167 4784 Latina:
3210 4734 3579 4787 consuetudine

2010 4822 2377 4889 discreparent,
2409 4824 2479 4876 ita
2506 4824 2702 4876 calamo
2727 4825 3132 4893 temperavimus,
3169 4835 3225 4897 ut
3251 4827 3331 4879 Itis
3356 4836 3574 4894 tantum,

2010 4928 2121 4982 qua:
2143 4930 2343 4967 sensum
2384 4914 2677 4967 videbantur
2717 4924 2929 4978 mutare,
2960 4916 3221 4980 correctis,
3248 4916 3443 4986 reliqua
3467 4932 3581 4969 ma-

2010 5018 2127 5055 nere
2166 5014 2470 5073 pateremur,
2501 5015 2552 5057 ut
2584 5006 2809 5074 fuerant.
2850 5006 3033 5073 Itaque
3073 5016 3178 5058 tam
3216 5006 3332 5061 limo
3383 5008 3577 5064 Hiero-

2013 5091 2157 5161 nymi
2188 5094 2346 5145 verba
2367 5134 2382 5159 ,
2432 5095 2623 5163 quibus
2669 5094 2855 5148 menda
2875 5135 2890 5160 ,
2923 5104 2976 5148 et
3004 5096 3238 5149 maculas
3260 5138 3279 5164 ι
3324 5113 3484 5167 quam
3525 5108 3581 5153 et

2010 5198 2106 5247 ea,
2163 5186 2352 5251 quibus
2395 5185 2704 5239 Latinarum
2753 5188 3249 5254 interpretationum
3298 5205 3578 5243 numerum

2014 5274 2333 5341 ampliﬁcat,
2367 5276 2622 5330 debemus
2664 5278 2999 5345 interpretari
3029 5281 3260 5345 mollius,
3295 5278 3489 5333 nedum
3515 5294 3579 5334 ea

2017 5379 2204 5432 urgere
2233 5365 2617 5420 vehementius.
2640 5404 2643 5407 ι
2898 5426 2901 5431 _
3086 5414 3089 5417 λ

2086 5454 2344 5519 Quoniam
2401 5470 2528 5511 vero
2578 5456 2820 5514 laudatus
2868 5460 3294 5530 sapientissimus
3332 5460 3578 5517 Sabatier

2013 5546 2269 5612 quasdam
2304 5548 2620 5618 -prtucipuas
2653 5554 2870 5608 .veteris
2894 5568 2922 5603 a
2954 5564 3091 5603 nova
3114 5550 3579 5619 {interpretatione

2015 5635 2399 5706 discrepantias
2430 5639 2479 5693 in
2509 5640 2735 5695 medium
2766 5640 2989 5710 profert,
3012 5641 3351 5709 experiamur
3397 5651 3576 5701 utrum
