4288 6460
483 458 540 515 81
1473 508 1475 510 .
1497 455 1827 512 EPISTULA
1869 453 2194 510 RUGGERII
2232 452 2410 511 NOVA
2422 455 2704 512 RIENSIS.
3652 452 3724 510 εει

482 587 555 628 ea:
585 585 792 636 omnes,
818 587 952 640 quas
979 571 1191 639 recitat,
1220 571 1355 625 tales
1385 570 1511 634 sint,
1536 585 1600 625 ex
1625 570 1815 638 quibus
1835 566 2035 636 proprii
2075 574 2128 632 Α
2154 566 2513 637 Evangeliario
2533 567 2831 640 quaduplici
2860 567 3115 635 exhibitis,
3135 567 3386 637 cognosci
3412 583 3505 622 sua
3533 575 3724 637 sponte

483 665 688 723 colores
718 663 868 719 Itala:
890 666 942 719 in
965 664 1148 719 codice
1171 663 1493 720 Vercellensi
1517 662 1744 729 aliisque
1784 661 1834 713 in
1863 669 2043 714 nostro

551 830 786 904 Μαιηιωί
837 849 1012 918 capite
1041 865 1079 914 ι,
1126 863 1238 903 ver.
1281 847 1370 902 25.
1415 846 1472 902 In
1519 846 1742 917 Vulgata
1792 843 2048 899 hodierna

484 938 692 1010 legitur,
725 937 859 994 Ecce
884 939 1034 1012 Virgo
1059 941 1109 993 in
1139 949 1278 994 utero
1294 938 1521 1004 habebit;
1546 939 1600 993 in
1628 937 1840 1007 antiqua
1871 945 2048 991 autem

484 1029 552 1083 ila
579 1029 823 1098 legerunt
872 1030 1001 1084 olim
1052 1029 1305 1096 Irenarus,
1352 1028 1669 1100 Cyprianus,
1714 1028 2046 1093 Ambrosius,

486 1123 834 1191 Augustinus,
876 1122 1098 1193 Vigilins
1125 1121 1435 1191 'l‘apsensis,
1465 1121 1571 1175 Leo
1592 1119 1842 1188 Magnus,
1885 1118 2052 1172 Maxi-

484 1214 835 1269 musTaurin.
869 1225 999 1280 etc.,
1026 1217 1078 1269 in
1107 1224 1248 1268 utero
1275 1213 1541 1282 concipiet,
1568 1212 1651 1267 vel
1676 1213 1908 1281 accipiet.

550 1393 735 1447 Matth.
782 1407 900 1462 cap.
953 1409 1007 1458 ll,
1041 1394 1095 1450 5.
1125 1392 1497 1464 Interpretatio
1552 1398 1704 1444 vetns
1734 1388 1935 1443 ferebat
1956 1431 1970 1454 ,
1998 1391 2053 1442 in

486 1482 770 1550 Bttitlehent
796 1483 1027 1550 ludicre;
1054 1501 1083 1539 e
1113 1484 1300 1539 Grmco
1326 1491 1415 1544 τῆς·
1443 1481 1713 1546 Ἰουδαίας
1739 1495 1840 1534 ηοιι
1869 1479 2049 1545 Judw,

492 1576 633 1647 quod
685 1579 735 1631 in
781 1577 1003 1647 Vulgata
1048 1576 1301 1631 hodierna
1343 1575 1551 1644 legitur.
1603 1573 1958 1642 llieronymus
2002 1572 2053 1625 in

486 1667 759 1732 Μιιιιιιηιι,
794 1677 924 1722 tom.
958 1685 1029 1731 tv,
1057 1669 1160 1722 col.
1192 1657 1243 1734 9,
1293 1667 1547 1742 similiter.
1590 1666 1738 1735 legit,
1765 1666 1818 1718 in
1857 1664 2057 1718 Bethle-

483 1757 601 1811 hent
639 1758 870 1824 Judwte;
899 1760 988 1813 sed
1025 1761 1110 1813 hic
1142 1759 1479 1813 librariorum
1510 1772 1748 1812 errorem
1803 1772 1927 1812 esse
1965 1755 2060 1810 ad-

487 1859 698 1904 monet:
729 1849 979 1905 l’utamus
1007 1853 1140 1904 enim
1167 1848 1378 1922 (inquit)
1402 1850 1465 1904 ab
1492 1847 1816 1920 Evangelista
1838 1851 2058 1926 primum

485 1940 694 2000 editum.
718 1941 850 1994 sicut
873 1941 925 1993 in
954 1941 1064 2012 ipso
1096 1940 1344 1994 Hebraieo
1367 1939 1604 2009 legimus,
1635 1938 1810 2005 ludat,
1839 1955 1940 1993 non
1967 1938 2058 1993 Ju-

492 2029 641 2084 daxe.
663 2030 987 2103 Hieronymo
1006 2030 1292 2096 assentior,
1309 2041 1362 2085 et
1381 2045 1624 2086 errorem
1648 2045 1770 2086 esse
1787 2029 2055 2084 concedo:
2091 2015 2139 2074 Β

487 2133 850 2176 verumtamen
878 2137 1032 2177 error
1051 2129 1152 2188 est,
1172 2137 1276 2191 quo
1300 2132 1450 2176 vetus
1475 2121 1847 2191 interpretatio
1873 2121 2059 2191 digno-

484 2213 672 2278 scitur,
700 2221 753 2266 et
779 2228 900 2267 cum
932 2211 1121 2268 Graeco
1154 2223 1300 2268 textu
1333 2215 1500 2284 magis
1541 2228 1662 2268 esse
1691 2223 2055 2270 consentanea

491 2303 910 2359 demonstratur.
1464 2357 1468 2361 λ

557 2392 703 2447 Matt.
733 2409 854 2462 cap.
880 2411 932 2460 v,
965 2396 1030 2448 7:
1065 2395 1211 2448 Beati
1240 2395 1588 2449 misericordes
1610 2437 1624 2461 ,
1655 2397 1892 2465 quoniam
1933 2397 2059 2465 ipsis

487 2485 801 2537 miserebitur
823 2485 980 2550 Deus,
1006 2501 1068 2539 ex
1092 2487 1217 2540 Itala
1238 2486 1498 2540 Versione
1521 2487 1779 2558 prodiisse
1791 2487 2063 2557 colligitur

489 2591 554 2629 ex
590 2575 793 2630 Hilario
813 2617 827 2642 ,
859 2576 1176 2641 Ambrosio,
1212 2561 1530 2646 Augustino,
1557 2577 1868 2632 Chromatin
1895 2580 2059 2649 Aqui-

491 2665 713 2732 leirnsi,
742 2675 964 2722 auctore
1005 2668 1523 2738 Operisimperlecti,
1560 2669 1616 2724 S.
1680 2668 1962 2724 Valeriano
2007 2679 2065 2725 et

491 2756 633 2811 aliis.
1485 2761 1495 2768 “

495 2887 497 2889 .
565 2847 756 2901 Matth.
789 2847 975 2916 capite.
1002 2860 1050 2901 v.
1095 2848 1225 2902 Item
1276 2857 1328 2902 et
1364 2862 1575 2903 versum
1608 2848 1680 2902 εἳ
1711 2847 1947 2918 ejusdem
1976 2863 2064 2903 ca-

492 2933 641 3004 pitis,
674 2935 874 3000 Omnis,
921 2939 1006 3006 qni
1047 2939 1282 2991 irascitur
1309 2937 1458 3008 fratri
1499 2954 1590 2990 suo
1637 2939 1745 2991 sine
1798 2955 1987 3003 causa,
2033 2954 2064 2994 θ

492 3025 703 3105 Graeco,
732 3032 834 3089 Πᾶς
866 3027 1228 3106 ὁὸργιζόμενος
1258 3038 1328 3101 τῷ
1367 3029 1557 3102 ἀδελφῷ
1585 3033 1740 3084 αὐτοῦ
1773 3033 1874 3088 εἰκῆ
1903 3048 1914 3082 :
1942 3045 2062 3083 nam

495 3115 738 3185 plerique
768 3117 952 3171 Patres
985 3121 1205 3188 antiqui,
1239 3119 1468 3172 lrenmns
1519 3120 1800 3184 videlicet,
1846 3119 2067 3190 Cypria-

495 3223 616 3271 nus,
642 3209 895 3274 Hilarius,
940 3211 1274 3276 Philastrius,
1305 3210 1654 3277 Augustinus,
1699 3200 1758 3266 S'.
1794 3211 2062 3278 Paulinus,

492 3306 685 3354 auctor
723 3302 904 3369 Operis
948 3296 1266 3371 imperfecti,
1311 3301 1602 3372 Gregorius
1647 3303 1714 3356 Μ.
1750 3303 1952 3371 pariter
1972 3303 2066 3357 ad-

491 3389 651 3457 dunt,
679 3392 786 3446 sine
814 3407 988 3444 causa.

569 3659 758 3714 Matth.
806 3674 926 3729 cap.
974 3676 1045 3726 γι,
1076 3659 1128 3712 4.
1182 3659 1250 3712 Et
1276 3669 1417 3730 pater
1442 3668 1572 3722 tuus,
1605 3660 1690 3726 qui
1715 3658 1848 3712 videt
1873 3659 1924 3712 in
1947 3659 2064 3712 abs-

494 3752 724 3815 condito,
754 3754 835 3807 vel
859 3756 910 3805 in
940 3754 1202 3817 abseonso,
1230 3754 1402 3807 reddet
1434 3752 1521 3805 tibi
1543 3754 1593 3805 in
1620 3753 1807 3821 palam,
1841 3752 1906 3806 ad
1931 3768 2069 3806 eam-

491 3841 620 3896 dem
651 3844 881 3908 pertinet
910 3844 1233 3907 versionem,
1269 3843 1750 3914 teste‘Angustinn,
1777 3843 1864 3912 qui
1889 3842 1980 3896 lib.
2030 3858 2067 3896 ιι

488 3935 567 3987 de
601 3931 775 3986 Serm.
833 3933 984 3986 Dom.
1017 3936 1067 3986 in
1101 3944 1302 3994 monte,
1335 3937 1441 3986 ait:
1475 3934 1638 3986 Multa
1669 3933 1853 3986 Latina
1883 3933 2068 3988 Exem-

487 4023 666 4095 plar-ia
715 4023 787 4076 sic
832 4023 1048 4089 habere;
1102 4024 1189 4076 sed
1229 4025 1369 4094 quia,
1402 4025 1589 4091 inquit,
1632 4024 1683 4076 in
1714 4023 1923 4091 ercis,
1957 4040 2069 4094 quw

488 4115 676 4186 priora
701 4126 840 4178 sunt,
867 4131 967 4168 non
993 4115 1291 4181 invenimus,
1325 4115 1520 4184 palam,
1550 4131 1648 4168 non
1675 4117 1959 4184 putavimus
1987 4116 2069 4170 hic

487 4222 609 4262 esse
653 4207 848 4276 aliquid
888 4207 1280 4263 disserendum:
1311 4208 1361 4262 in
1392 4207 1579 4263 Grch
1605 4218 1778 4263 tamen
1810 4209 2069 4264 hodierno
2102 4245 2136 4274 _~

483 4305 605 4362 est.
630 4296 888 4353 ἀποδώσει
913 4319 996 4353 σοι
1022 4300 1069 4352 ἐν
1098 4307 1171 4372 τῷ
1190 4307 1406 4374 φανερῷ.

463 4449 475 4456 ,
574 4391 763 4445 Matth.
794 4406 912 4460 cap.
947 4407 1023 4455 vr,
1058 4392 1141 4446 Η.
1175 4392 1390 4460 Vulgata
1423 4400 1574 4444 vetus
1605 4391 1841 4459 legebat,
1877 4388 2070 4442 Panem

485 4492 732 4538 nostrum
775 4484 1121 4552 quotidianum
1167 4483 1233 4534 da
1285 4481 1426 4535 nobis
1454 4482 1639 4546 hodie;
1668 4492 1722 4534 et
1763 4482 1831 4534 ita
1878 4481 2070 4549 legisse

484 4583 716 4630 constat
740 4575 1145 4638 Tertnliiannm,
1183 4573 1526 4646 Cyprianum,
1559 4573 1897 4628 Ambrosium
1923 4615 1938 4639 ,
1966 4574 2072 4628 Au-

482 4668 794 4746 gustinum,
826 4665 1216 4732 Chromatium,
1246 4664 1540 4720 Sedulium.
1585 4663 1920 4730 Prtcterhos,
1948 4663 2072 4720 Hie-

2152 656 2379 728 possint.

2227 840 2411 895 Matth.
2474 858 2591 913 cap.
2652 860 2708 908 ι,
2771 845 2861 899 25.
2906 844 3085 900 Codex
3158 846 3543 913 Vercellensis,
3590 847 3725 901 Ecce

2162 967 2225 988 ...
2254 951 2317 1004 go
2344 935 2396 988 in
2417 953 2456 986 ss
2578 951 2634 989 ro
2657 937 2926 1006 concipiet.
2948 939 3237 1007 Suppletur
3255 953 3322 994 ex
3355 938 3648 993 Veronensi
3669 950 3725 993 et

2154 1025 2495 1092 Corbcicnsi,
2518 1030 2607 1097 qni
2640 1030 2855 1096 habent,
2887 1030 3018 1084 Ecce
3032 1031 3183 1102 Virgo
3213 1033 3265 1085 in
3292 1042 3433 1086 utero
3456 1033 3721 1100 concipiet.

2159 1117 2230 1172 Et
2254 1121 2321 1172 ita
2351 1120 2730 1188 Tertullianus,
2775 1124 2868 1178 lib.
2921 1124 2990 1180 de
3036 1125 3207 1179 Carne
3236 1125 3451 1187 Christi,
3481 1140 3597 1193 cap.
3631 1123 3723 1177 94.

2160 1212 2297 1269 Vide
2323 1216 2683 1271 Martianmutn
2716 1219 2994 1289 Remarque
3006 1236 3092 1272 sur
3115 1220 3164 1272 la
3193 1217 3402 1272 Version
3423 1217 3448 1270 1
3458 1218 3644 1287 talique
3662 1216 3727 1269 de

2158 1307 2440 1380 l’Evangile
2462 1310 2526 1362 de
2554 1310 2609 1365 Β.
2640 1311 2914 1379 Matthieu,
2945 1327 3061 1381 pag.
3101 1314 3220 1368 H8.

2229 1397 2412 1456 Matth.
2446 1415 2562 1470 cap.
2597 1417 2664 1464 tt,
2693 1402 2743 1455 5.
2787 1401 2965 1457 Codex
2985 1403 3360 1468 Vercellensis,
3393 1402 3444 1454 in
3473 1399 3739 1456 Bethleem.

2160 1487 2375 1543 Judww.
2412 1491 2477 1544 Et
2512 1491 2582 1544 ita
2613 1492 2898 1548 Brixianus
2940 1507 2993 1549 et
3046 1493 3586 1551 San-Germanensis.
3623 1491 3725 1545 Vc-

2163 1581 2412 1635 ronensis
2437 1596 2585 1646 vero,
2632 1583 2685 1634 in
2715 1582 2972 1638 Bethleem
3007 1587 3207 1638 civitate
3245 1583 3458 1638 Juda’re.
3497 1586 3553 1635 S.
3590 1583 3732 1637 llila-

2161 1671 2272 1724 rius
2301 1686 2511 1740 quoque
2541 1671 2593 1724 in
2623 1671 2816 1726 Psaltn.
2846 1675 3027 1736 cxxxr,
3071 1685 3125 1730 et
3164 1675 3220 1729 S.
3256 1676 3440 1729 Anthr.
3489 1676 3538 1726 in
3579 1674 3728 1727 Psal-

2161 1778 2301 1816 mum
2332 1779 2492 1830 xxxv,
2525 1767 2724 1833 lt‘gUlll,
2757 1767 2808 1818 in
2841 1766 3091 1820 Bethleem
3117 1766 3334 1820 Jndww.

2234 2391 2418 2446 Matth.
2441 2407 2557 2464 cap.
2591 2407 2644 2458 ν,
2677 2409 2727 2447 v.
2763 2395 2814 2448 7.
2847 2393 3028 2450 Codex
3061 2395 3438 2461 Vercellensis,
3469 2394 3724 2450 Beati

2163 2476 2293 2537 serit:
2468 2486 2652 2538 rebitur
2684 2485 2840 2539 Deus.
2875 2487 3070 2541 Veron.
3126 2499 3179 2543 et
3218 2487 3535 2542 Sun-Germ.
3586 2488 3732 2542 Beati

2165 2576 2540 2642 misericordes,
2572 2579 2690 2646 quia
2716 2577 3054 2646 (Sani-Germ.
3087 2579 3346 2647 quoniam)
3378 2579 3499 2649 ipsis
3530 2580 3733 2633 misere—

2166 2666 2297 2718 bitur
2348 2666 2504 2720 Deus.
2557 2667 2688 2722 Vide
2735 2667 3003 2722 laudatum
3045 2669 3427 2734 Martianwum,
3487 2687 3602 2739 pag.
3658 2671 3726 2724 12

2164 2755 2404 2826 ejusdem
2433 2744 2630 2827 epe'ris.

2202 2870 2214 2879 ο
2236 2845 2423 2900 Matth.
2455 2862 2569 2917 cap.
2603 2865 2664 2911 \t,
2697 2848 2767 2902 22
2787 2890 2801 2914 ,
2830 2848 3010 2904 Codex
3038 2849 3267 2905 Vercell.
3304 2851 3480 2905 Omnis
3507 2853 3592 2920 qui
3620 2853 3727 2905 ira-

2177 2937 2338 2990 scitur
2363 2939 2510 3007 {ralri
2538 2956 2628 2992 suo
2659 2942 2766 2993 sine
2814 2957 2986 2994 causa.
3034 2944 3096 2996 Et
3140 2942 3209 2994 ita
3270 2943 3460 2996 Veton.
3507 2944 3651 2997 Brix.
3686 2953 3740 2998 et

2167 3028 2325 3083 Corb.
2363 3027 2592 3098 Legebat
2619 3032 2669 3084 in
2701 3033 2976 3086 codicibus
3022 3031 3222 3086 Latinis
3264 3036 3318 3085 ὃ.
3369 3034 3733 3099 Augustinus,

2167 3131 2222 3174 at
2251 3120 2303 3173 in
2338 3120 2538 3175 Gratcis
2567 3137 2670 3175 non
2703 3123 2998 3188 invenerat,
3039 3131 3094 3175 ut
3134 3123 3299 3177 refert
3330 3125 3420 3176 lib.
3457 3140 3493 3187 ι,
3521 3124 3730 3177 lletrac.

2168 3227 2287 3281 cap.
2326 3213 2403 3268 l9.
2439 3214 2634 3268 Contra
2684 3229 2809 3267 vero
2859 3215 2915 3267 S.
2952 3215 3307 3282 Hieronymus
3349 3217 3398 3268 in
3431 3214 3733 3268 Matthxum

2171 3301 2282 3368 hic,
2311 3303 2506 3357 auferri
2531 3304 2678 3372 jubet
2707 3305 2760 3360 τὸ
2791 3304 2898 3357 sine
2919 3320 3071 3357 causa
3107 3321 3170 3357 ex
3201 3305 3404 3358 Latinis
3431 3305 3732 3366 codicibus,

2171 3394 2223 3448 in
2250 3396 2443 3464 quibus
2475 3396 2779 3465 irrepserat,
2807 3412 3093 3465 veramque
3136 3397 3416 3452 lcetioncm
3448 3401 3637 3462 teneri,
3680 3399 3732 3451 in

2169 3488 2384 3555 optimis
2424 3488 2574 3542 libris
2615 3498 2898 3541 servatam.
2932 3489 3184 3544 Eamdetn
3221 3505 3329 3543 rem
3360 3488 3735 3544 animadvertit

2169 3575 2456 3633 Cassianus
2487 3579 2810 3633 inStitution.
2847 3580 2935 3634 lib.
2968 3596 3079 3644 vttt,
3108 3596 3224 3650 cap.
3249 3581 3337 3636 20.

2240 3671 2425 3724 Matth.
2478 3686 2594 3740 cap.
2647 3688 2718 3738 ιιι,
2770 3671 2821 3724 4.
2866 3670 3044 3726 Codex
3088 3673 3464 3739 Vercellensis,
3499 3684 3553 3728 et
3589 3673 3728 3728 San-

2169 3763 2375 3826 Germ.,
2407 3775 2452 3816 et
2480 3775 2620 3834 pater
2650 3774 2786 3831 tuus,
2815 3766 2902 3834 qui
2924 3765 3055 3818 videt
3083 3767 3135 3818 in
3164 3769 3426 3832 absronso,
3455 3768 3625 3820 reddet
3649 3767 3738 3822 tibi

2168 3856 2221 3909 in
2241 3859 2430 3924 palam.
2464 3854 2655 3908 Veron.
2679 3867 2723 3907 et
2753 3867 2894 3925 pater
2918 3858 3156 3925 tuus,qui
3184 3858 3312 3910 videt
3339 3867 3383 3909 te
3405 3858 3456 3908 in
3477 3857 3737 3921 abiconso,

2167 3945 2340 3998 reddet
2370 3945 2456 4000 tibi
2481 3962 2534 3998 tu
2584 3947 2771 4015 palam.
2817 3948 2982 4012 llrix.,
3016 3957 3060 3999 et
3092 3958 3234 4010 pater
3263 3956 3378 3999 tuus
3407 3945 3493 4014 qui
3521 3945 3651 4000 videt
3685 3947 3736 3999 in

2168 4038 2409 4094 absconso
2452 4039 2624 4092 reddet
2648 4039 2738 4092 tibi
2762 4041 2812 4092 in
2843 4041 3125 4107 manifesto.

2245 4409 2429 4463 Matth.
2474 4425 2592 4505 cap.
2629 4425 2711 4476 vr,
2770 4411 2856 4467 ll.
2902 4412 3081 4469 Codex
3114 4414 3490 4482 Vcrcellcnsis,
3543 4416 3736 4472 Panem

2175 4513 2403 4557 nostrum
2429 4506 2759 4560 cottidianum
2790 4510 2856 4563 da
2893 4511 3035 4564 nobis
3063 4512 3227 4566 hodie.
3265 4511 3331 4565 Et
3359 4513 3427 4566 ita
3460 4512 3737 4580 Veronen-

2175 4595 2268 4661 sis,
2298 4596 2439 4651 Brix.
2469 4608 2521 4652 et
2544 4595 2702 4654 Corb.

485 4739 783 4827 rostytnus,
809 4757 900 4812 lib.
945 4773 983 4812 ιι
1030 4757 1080 4810 ἱιι
1117 4757 1284 4826 Epist.
1309 4755 1373 4811 ad
1403 4755 1577 4810 Titum
1603 4755 1808 4811 diserte
1855 4757 2070 4823 asserit,
2101 4739 2156 4800 D

479 4847 784 4902 secundum
813 4848 1022 4902 Latinos
1069 4849 1358 4918 interpretes
1397 4848 1639 4917 scriptum
1678 4863 1786 4901 esse
1817 4888 1830 4913 ,
1875 4847 2075 4902 Panem

482 4947 751 4995 "nstrum
781 4938 1185 5010 quotidianum;
1217 4939 1305 4994 sed
1329 4938 1510 4994 melius
1556 4939 1609 4992 in
1640 4937 1817 4992 (ἐνωοο
1863 4939 2071 5006 haberi,

481 5032 576 5088 Pa
586 5045 709 5085 nem
735 5040 970 5086 nostrum
984 5032 1241 5087 ἆπιούσιον
1251 5073 1262 5095 ,
1283 5030 1338 5084 id
1353 5038 1423 5084 est
1444 5030 1596 5099 ρνωσὶ
1599 5047 1776 5100 puum,
1795 5031 2073 5102 egregium,

477 5123 818 5194 peculiarem
882 5139 902 5178 :
953 5121 1018 5179 Et
1063 5132 1186 5195 post
1257 5136 1424 5192 pauca
1465 5138 1479 5174 :
1531 5122 1794 5189 Quidam,
1857 5123 2073 5192 inquit,

477 5213 769 5267 ἰπιοὺσιον
812 5215 1192 5269 existimant...
1243 5229 1426 5284 panem
1469 5215 1660 5267 dictum
1684 5255 1699 5280 ,
1748 5214 1884 5284 quod
1926 5227 2077 5284 super

481 5318 690 5359 omnes
719 5307 897 5367 οὐσίας
928 5309 1032 5360 sit:
1067 5316 1122 5361 et
1147 5306 1359 5362 Comm.
1393 5307 1444 5360 in
1475 5305 1661 5360 Matth.
1699 5305 1852 5373 Quod
1877 5320 1970 5358 nos
1989 5319 2077 5358 su-

481 5393 1015 5468 persubstantialem
1069 5398 1404 5469 expressimus
1426 5437 1442 5465 ,
1512 5399 1565 5452 in
1636 5395 1814 5452 erco
1868 5397 2075 5450 habetur

474 5489 779 5545 ἐπισύσων.

502 5589 531 5615 σ
571 5577 820 5633 Matthmi
835 5575 1107 5646 capitexx,
1130 5592 1179 5632 c.
1196 5578 1425 5634 28.Post
1446 5579 1561 5634 base
1593 5578 1751 5634 verba
1768 5591 1950 5634 versus
1969 5575 2072 5632 εει

469 5669 665 5725 Sicut
684 5663 852 5724 Filius
863 5666 1079 5720 hominis
1090 5681 1192 5719 non
1215 5669 1344 5720 venit
1357 5670 1653 5734 ministrari,
1668 5668 1754 5722 sed
1772 5667 2078 5732 ministrare,

468 5770 535 5816 et
552 5757 702 5812 dare
724 5754 945 5811 animum
958 5773 1101 5811 suam
1121 5759 1514 5826 redemptionem
1531 5776 1623 5828 pro
1644 5759 1834 5824 multis,
1860 5755 1972 5810 haec
1993 5772 2080 5812 se-

465 5855 751 5922 qssulttur
793 5848 845 5901 in
877 5863 978 5904 ms.
1007 5846 1345 5914 Colbertino,
1378 5857 1431 5902 ut
1459 5857 1516 5903 et
1539 5850 1591 5903 in
1619 5847 1736 5902 aliis
1761 5835 2081 5916 exemplati-

2255 5575 2482 5631 Mattltaei
2531 5572 2703 5643 capite
2746 5587 2842 5626 xx.
2890 5571 3074 5627 Codex
3100 5571 3453 5626 Vercellensis
3485 5579 3602 5638 post
3625 5585 3745 5628 ver.

2186 5665 2257 5722 28
2298 5666 2411 5721 hate
2434 5663 2609 5718 addit:
2649 5661 2748 5716 Vos
2775 5672 2942 5716 autem
2964 5663 3185 5731 qna'ritis
3212 5661 3272 5712 de
3298 5659 3483 5728 pusillo
3506 5669 3746 5726 crescere,

2187 5769 2236 5814 et
2277 5759 2338 5813 de
2374 5759 2566 5828 majore
2593 5756 2808 5809 minores
2849 5768 2971 5808 esse.
3025 5751 3280 5804 latrantes
3327 5760 3513 5817 autem,
3561 5761 3607 5806 et
3666 5770 3751 5805 ro-

2189 5851 2294 5920 gati
2334 5851 2400 5903 ad
2429 5862 2620 5902 (tenam
2647 5888 2662 5914 ,
2693 5864 2726 5900 η
2845 5843 3073 5898 recumbe
3184 5842 3235 5895 in
3262 5841 3387 5894 locis
3416 5857 3442 5895 e
3561 5845 3758 5897 nentia-
