  <div class='ocr_page' id='page_1' title='image "/cluster/home/n/w/nwhite01/storage/ocr_20150623/12-13/uc1.31175013632818/049.png"; bbox 0 0 3902 6422; ppageno 0'>
   <div class='ocr_carea' id='block_1_1' title="bbox 408 469 1977 535">
    <p class='ocr_par' dir='ltr' id='par_1_1' title="bbox 408 469 1977 529">
     <span class='ocr_line' id='line_1_1' title="bbox 408 469 1977 529; baseline -0.001 -3"><span class='ocrx_word' id='word_1_1' title='bbox 408 469 477 526; x_wconf 84' lang='grc'><strong>85</strong></span> <span class='ocrx_word' id='word_1_2' title='bbox 1744 473 1977 529; x_wconf 74' lang='lat' dir='ltr'><strong>PROLEl</strong></span> 
     </span>
    </p>
   </div>
   <div class='ocr_carea' id='block_1_2' title="bbox 2088 469 3658 535">
    <p class='ocr_par' dir='ltr' id='par_1_2' title="bbox 2088 474 3658 535">
     <span class='ocr_line' id='line_1_2' title="bbox 2088 474 3658 535; baseline 0.004 -6"><span class='ocrx_word' id='word_1_3' title='bbox 2088 474 2269 530; x_wconf 84' lang='lat' dir='ltr'><strong>IENA.</strong></span> <span class='ocrx_word' id='word_1_4' title='bbox 3582 478 3658 535; x_wconf 78' lang='grc'><strong>84</strong></span> 
     </span>
    </p>
   </div>
   <div class='ocr_carea' id='block_1_3' title="bbox 406 587 3657 663">
    <p class='ocr_par' dir='ltr' id='par_1_3' title="bbox 406 587 3657 663">
     <span class='ocr_line' id='line_1_3' title="bbox 406 587 3657 663; baseline 0.004 -22"><span class='ocrx_word' id='word_1_5' title='bbox 406 587 505 643; x_wconf 88' lang='lat' dir='ltr'><strong>bus</strong></span> <span class='ocrx_word' id='word_1_6' title='bbox 533 589 728 643; x_wconf 91' lang='lat' dir='ltr'><strong>veteris</strong></span> <span class='ocrx_word' id='word_1_7' title='bbox 758 589 1211 659; x_wconf 88' lang='lat' dir='ltr'><strong>interpretationis</strong></span> <span class='ocrx_word' id='word_1_8' title='bbox 1230 633 1243 655; x_wconf 92' lang='lat'><strong>,</strong></span> <span class='ocrx_word' id='word_1_9' title='bbox 1273 606 1391 660; x_wconf 73' lang='lat' dir='ltr'><strong>qum</strong></span> <span class='ocrx_word' id='word_1_10' title='bbox 1417 591 1632 661; x_wconf 86' lang='lat' dir='ltr'><strong>quidem</strong></span> <span class='ocrx_word' id='word_1_11' title='bbox 1660 589 1965 645; x_wconf 89' lang='lat' dir='ltr'><strong>desideran-</strong></span> <span class='ocrx_word' id='word_1_12' title='bbox 1993 602 2047 659; x_wconf 77' lang='grc' dir='ltr'><strong>Α</strong></span> <span class='ocrx_word' id='word_1_13' title='bbox 2069 592 2145 644; x_wconf 90' lang='lat' dir='ltr'><strong>rib</strong></span> <span class='ocrx_word' id='word_1_14' title='bbox 2166 629 2252 657; x_wconf 91' lang='lat'><strong>...,</strong></span> <span class='ocrx_word' id='word_1_15' title='bbox 2283 607 2346 646; x_wconf 87' lang='lat' dir='ltr'><strong>ne</strong></span> <span class='ocrx_word' id='word_1_16' title='bbox 2395 593 2525 661; x_wconf 79' lang='lat' dir='ltr'><strong>forte</strong></span> <span class='ocrx_word' id='word_1_17' title='bbox 2575 595 2763 649; x_wconf 85' lang='lat' dir='ltr'><strong>clarior</strong></span> <span class='ocrx_word' id='word_1_18' title='bbox 2789 603 2835 649; x_wconf 91' lang='lat' dir='ltr'><strong>te</strong></span> <span class='ocrx_word' id='word_1_19' title='bbox 2877 613 2938 650; x_wconf 92' lang='lat' dir='ltr'><strong>su</strong></span> <span class='ocrx_word' id='word_1_20' title='bbox 2964 633 3051 663; x_wconf 91' lang='lat'><strong>...,</strong></span> <span class='ocrx_word' id='word_1_21' title='bbox 3074 596 3240 651; x_wconf 82' lang='lat' dir='ltr'><strong>ueniat</strong></span> <span class='ocrx_word' id='word_1_22' title='bbox 3257 615 3276 663; x_wconf 86' lang='lat'><em>;</em></span> <span class='ocrx_word' id='word_1_23' title='bbox 3392 597 3514 653; x_wconf 86' lang='lat' dir='ltr'><strong>cede</strong></span> <span class='ocrx_word' id='word_1_24' title='bbox 3628 615 3657 653; x_wconf 92' lang='lat' dir='ltr'><strong>s</strong></span> 
     </span>
    </p>
   </div>
   <div class='ocr_carea' id='block_1_4' title="bbox 407 680 1970 750">
    <p class='ocr_par' dir='ltr' id='par_1_4' title="bbox 407 680 1970 750">
     <span class='ocr_line' id='line_1_4' title="bbox 407 680 1970 750; baseline 0.002 -18"><span class='ocrx_word' id='word_1_25' title='bbox 407 686 493 733; x_wconf 86' lang='lat' dir='ltr'><strong>tur</strong></span> <span class='ocrx_word' id='word_1_26' title='bbox 524 680 572 731; x_wconf 90' lang='lat' dir='ltr'><strong>iu</strong></span> <span class='ocrx_word' id='word_1_27' title='bbox 610 680 827 749; x_wconf 81' lang='lat' dir='ltr'><strong>Vulgata</strong></span> <span class='ocrx_word' id='word_1_28' title='bbox 864 682 1118 737; x_wconf 86' lang='lat' dir='ltr'><strong>hodierna</strong></span> <span class='ocrx_word' id='word_1_29' title='bbox 1158 682 1430 749; x_wconf 76' lang='lat' dir='ltr'><strong>Evangelii</strong></span> <span class='ocrx_word' id='word_1_30' title='bbox 1455 683 1605 750; x_wconf 80' lang='lat' dir='ltr'><strong>juxta</strong></span> <span class='ocrx_word' id='word_1_31' title='bbox 1632 680 1970 735; x_wconf 68' lang='lat' dir='ltr'><strong>Matthaeum:</strong></span> 
     </span>
    </p>
   </div>
   <div class='ocr_carea' id='block_1_5' title="bbox 412 774 1976 847">
    <p class='ocr_par' dir='ltr' id='par_1_5' title="bbox 412 774 1976 847">
     <span class='ocr_line' id='line_1_5' title="bbox 412 774 1976 847; baseline -0.001 -19"><span class='ocrx_word' id='word_1_32' title='bbox 412 774 515 828; x_wconf 82' lang='lat' dir='ltr'><strong>Vos</strong></span> <span class='ocrx_word' id='word_1_33' title='bbox 541 779 957 845; x_wconf 78' lang='lat' dir='ltr'><strong>autemquwritis</strong></span> <span class='ocrx_word' id='word_1_34' title='bbox 991 779 1053 831; x_wconf 89' lang='lat' dir='ltr'><strong>de</strong></span> <span class='ocrx_word' id='word_1_35' title='bbox 1096 779 1284 847; x_wconf 83' lang='lat' dir='ltr'><strong>pusillo</strong></span> <span class='ocrx_word' id='word_1_36' title='bbox 1312 793 1551 841; x_wconf 70' lang='lat' dir='ltr'><strong>crescere,</strong></span> <span class='ocrx_word' id='word_1_37' title='bbox 1594 785 1640 830; x_wconf 92' lang='lat' dir='ltr'><strong>et</strong></span> <span class='ocrx_word' id='word_1_38' title='bbox 1683 776 1745 828; x_wconf 90' lang='lat' dir='ltr'><strong>de</strong></span> <span class='ocrx_word' id='word_1_39' title='bbox 1791 775 1976 846; x_wconf 80' lang='lat' dir='ltr'><strong>majori</strong></span> 
     </span>
    </p>
   </div>
   <div class='ocr_carea' id='block_1_6' title="bbox 404 867 1975 939">
    <p class='ocr_par' dir='ltr' id='par_1_6' title="bbox 404 867 1975 939">
     <span class='ocr_line' id='line_1_6' title="bbox 404 867 1975 939; baseline -0.001 -20"><span class='ocrx_word' id='word_1_40' title='bbox 404 868 570 920; x_wconf 89' lang='lat' dir='ltr'><strong>minor</strong></span> <span class='ocrx_word' id='word_1_41' title='bbox 592 868 652 935; x_wconf 80' lang='grc' dir='ltr'><strong>(Ι.</strong></span> <span class='ocrx_word' id='word_1_42' title='bbox 681 868 917 937; x_wconf 79' lang='lat' dir='ltr'><strong>minores)</strong></span> <span class='ocrx_word' id='word_1_43' title='bbox 960 886 1081 923; x_wconf 84' lang='lat' dir='ltr'><strong>esse.</strong></span> <span class='ocrx_word' id='word_1_44' title='bbox 1135 869 1391 929; x_wconf 80' lang='lat' dir='ltr'><strong>latrantes</strong></span> <span class='ocrx_word' id='word_1_45' title='bbox 1418 878 1601 932; x_wconf 89' lang='lat' dir='ltr'><strong>autem,</strong></span> <span class='ocrx_word' id='word_1_46' title='bbox 1633 879 1679 921; x_wconf 89' lang='lat' dir='ltr'><strong>et</strong></span> <span class='ocrx_word' id='word_1_47' title='bbox 1718 868 1882 939; x_wconf 83' lang='lat' dir='ltr'><strong>rogati</strong></span> <span class='ocrx_word' id='word_1_48' title='bbox 1907 867 1975 919; x_wconf 87' lang='lat' dir='ltr'><strong>ad</strong></span> 
     </span>
    </p>
   </div>
   <div class='ocr_carea' id='block_1_7' title="bbox 406 962 1976 1025">
    <p class='ocr_par' dir='ltr' id='par_1_7' title="bbox 406 962 1976 1025">
     <span class='ocr_line' id='line_1_7' title="bbox 406 962 1976 1025; baseline -0.001 -13"><span class='ocrx_word' id='word_1_49' title='bbox 406 976 617 1025; x_wconf 66' lang='lat' dir='ltr'><strong>canant,</strong></span> <span class='ocrx_word' id='word_1_50' title='bbox 668 963 821 1025; x_wconf 86' lang='lat' dir='ltr'><strong>nolite</strong></span> <span class='ocrx_word' id='word_1_51' title='bbox 848 963 1131 1015; x_wconf 78' lang='lat' dir='ltr'><strong>recumbcte</strong></span> <span class='ocrx_word' id='word_1_52' title='bbox 1159 962 1211 1015; x_wconf 90' lang='lat' dir='ltr'><strong>in</strong></span> <span class='ocrx_word' id='word_1_53' title='bbox 1242 962 1365 1016; x_wconf 87' lang='lat' dir='ltr'><strong>locis</strong></span> <span class='ocrx_word' id='word_1_54' title='bbox 1417 962 1827 1014; x_wconf 73' lang='lat' dir='ltr'><strong>eminentioribus</strong></span> <span class='ocrx_word' id='word_1_55' title='bbox 1854 1001 1867 1023; x_wconf 93' lang='lat'><strong>,</strong></span> <span class='ocrx_word' id='word_1_56' title='bbox 1915 976 1976 1012; x_wconf 89' lang='lat' dir='ltr'><strong>ne</strong></span> 
     </span>
    </p>
   </div>
   <div class='ocr_carea' id='block_1_8' title="bbox 408 1051 1974 1122">
    <p class='ocr_par' dir='ltr' id='par_1_8' title="bbox 408 1051 1974 1122">
     <span class='ocr_line' id='line_1_8' title="bbox 408 1051 1974 1122; baseline -0.002 -17"><span class='ocrx_word' id='word_1_57' title='bbox 408 1054 537 1121; x_wconf 77' lang='lat' dir='ltr'><strong>forte</strong></span> <span class='ocrx_word' id='word_1_58' title='bbox 560 1053 746 1106; x_wconf 84' lang='lat' dir='ltr'><strong>clarior</strong></span> <span class='ocrx_word' id='word_1_59' title='bbox 770 1064 815 1106; x_wconf 91' lang='lat' dir='ltr'><strong>tc</strong></span> <span class='ocrx_word' id='word_1_60' title='bbox 838 1056 1190 1122; x_wconf 75' lang='lat' dir='ltr'><strong>superveniat;</strong></span> <span class='ocrx_word' id='word_1_61' title='bbox 1232 1063 1275 1105; x_wconf 88' lang='lat' dir='ltr'><strong>et</strong></span> <span class='ocrx_word' id='word_1_62' title='bbox 1303 1054 1539 1106; x_wconf 79' lang='lat' dir='ltr'><em>accedens</em></span> <span class='ocrx_word' id='word_1_63' title='bbox 1568 1053 1653 1122; x_wconf 87' lang='lat' dir='ltr'><strong>qui</strong></span> <span class='ocrx_word' id='word_1_64' title='bbox 1684 1051 1748 1104; x_wconf 89' lang='lat' dir='ltr'><strong>ad</strong></span> <span class='ocrx_word' id='word_1_65' title='bbox 1784 1060 1974 1105; x_wconf 81' lang='lat' dir='ltr'><strong>ctenaln</strong></span> 
     </span>
    </p>
   </div>
   <div class='ocr_carea' id='block_1_9' title="bbox 404 1142 1971 1205">
    <p class='ocr_par' dir='ltr' id='par_1_9' title="bbox 404 1142 1971 1205">
     <span class='ocr_line' id='line_1_9' title="bbox 404 1142 1971 1205; baseline 0.001 -13"><span class='ocrx_word' id='word_1_66' title='bbox 404 1142 593 1194; x_wconf 77' lang='lat' dir='ltr'><strong>vocavit</strong></span> <span class='ocrx_word' id='word_1_67' title='bbox 622 1151 688 1205; x_wconf 91' lang='lat' dir='ltr'><strong>te,</strong></span> <span class='ocrx_word' id='word_1_68' title='bbox 718 1144 850 1195; x_wconf 86' lang='lat' dir='ltr'><strong>dicat</strong></span> <span class='ocrx_word' id='word_1_69' title='bbox 880 1144 968 1196; x_wconf 87' lang='lat' dir='ltr'><strong>tibi</strong></span> <span class='ocrx_word' id='word_1_70' title='bbox 994 1159 1006 1194; x_wconf 93' lang='lat'>:</span> <span class='ocrx_word' id='word_1_71' title='bbox 1035 1144 1213 1195; x_wconf 85' lang='lat' dir='ltr'><strong>Adhuc</strong></span> <span class='ocrx_word' id='word_1_72' title='bbox 1254 1144 1489 1196; x_wconf 75' lang='lat' dir='ltr'><strong>deorsum</strong></span> <span class='ocrx_word' id='word_1_73' title='bbox 1530 1143 1711 1195; x_wconf 86' lang='lat' dir='ltr'><strong>accede</strong></span> <span class='ocrx_word' id='word_1_74' title='bbox 1736 1158 1751 1194; x_wconf 91' lang='lat'><strong><em>:</em></strong></span> <span class='ocrx_word' id='word_1_75' title='bbox 1772 1150 1817 1195; x_wconf 89' lang='lat' dir='ltr'><strong>et</strong></span> <span class='ocrx_word' id='word_1_76' title='bbox 1848 1158 1971 1194; x_wconf 87' lang='lat' dir='ltr'><strong>con-</strong></span> 
     </span>
    </p>
   </div>
   <div class='ocr_carea' id='block_1_10' title="bbox 406 1232 1975 1303">
    <p class='ocr_par' dir='ltr' id='par_1_10' title="bbox 406 1232 1975 1303">
     <span class='ocr_line' id='line_1_10' title="bbox 406 1232 1975 1303; baseline 0 -19"><span class='ocrx_word' id='word_1_77' title='bbox 406 1232 658 1297; x_wconf 82' lang='lat' dir='ltr'><strong>fundaris.</strong></span> <span class='ocrx_word' id='word_1_78' title='bbox 696 1232 756 1287; x_wconf 87' lang='lat' dir='ltr'><strong>Si</strong></span> <span class='ocrx_word' id='word_1_79' title='bbox 779 1244 944 1287; x_wconf 77' lang='lat' dir='ltr'><strong>autem</strong></span> <span class='ocrx_word' id='word_1_80' title='bbox 973 1233 1259 1285; x_wconf 81' lang='lat' dir='ltr'><strong>recubueris</strong></span> <span class='ocrx_word' id='word_1_81' title='bbox 1288 1235 1338 1286; x_wconf 92' lang='lat' dir='ltr'><strong>in</strong></span> <span class='ocrx_word' id='word_1_82' title='bbox 1366 1234 1476 1286; x_wconf 91' lang='lat' dir='ltr'><strong>loco</strong></span> <span class='ocrx_word' id='word_1_83' title='bbox 1521 1234 1774 1303; x_wconf 79' lang='lat' dir='ltr'><strong>inferiori,</strong></span> <span class='ocrx_word' id='word_1_84' title='bbox 1819 1242 1863 1285; x_wconf 89' lang='lat' dir='ltr'><strong>et</strong></span> <span class='ocrx_word' id='word_1_85' title='bbox 1890 1248 1975 1284; x_wconf 84' lang='lat' dir='ltr'><strong>su-</strong></span> 
     </span>
    </p>
   </div>
   <div class='ocr_carea' id='block_1_11' title="bbox 405 1320 1973 1393">
    <p class='ocr_par' dir='ltr' id='par_1_11' title="bbox 405 1320 1973 1393">
     <span class='ocr_line' id='line_1_11' title="bbox 405 1320 1973 1393; baseline 0.002 -21"><span class='ocrx_word' id='word_1_86' title='bbox 405 1320 679 1390; x_wconf 87' lang='lat' dir='ltr'><strong>pervenerit</strong></span> <span class='ocrx_word' id='word_1_87' title='bbox 703 1321 943 1376; x_wconf 84' lang='lat' dir='ltr'><strong>humilior</strong></span> <span class='ocrx_word' id='word_1_88' title='bbox 970 1333 1037 1388; x_wconf 83' lang='lat' dir='ltr'><strong>te,</strong></span> <span class='ocrx_word' id='word_1_89' title='bbox 1069 1324 1197 1377; x_wconf 86' lang='lat' dir='ltr'><strong>dicet</strong></span> <span class='ocrx_word' id='word_1_90' title='bbox 1228 1325 1316 1377; x_wconf 89' lang='lat' dir='ltr'><strong>tibi</strong></span> <span class='ocrx_word' id='word_1_91' title='bbox 1345 1326 1429 1393; x_wconf 82' lang='lat' dir='ltr'><strong>qui</strong></span> <span class='ocrx_word' id='word_1_92' title='bbox 1472 1334 1517 1377; x_wconf 90' lang='lat' dir='ltr'><strong>te</strong></span> <span class='ocrx_word' id='word_1_93' title='bbox 1564 1324 1630 1376; x_wconf 89' lang='lat' dir='ltr'><strong>ad</strong></span> <span class='ocrx_word' id='word_1_94' title='bbox 1657 1340 1849 1377; x_wconf 74' lang='lat' dir='ltr'><strong>comam</strong></span> <span class='ocrx_word' id='word_1_95' title='bbox 1886 1339 1973 1376; x_wconf 75' lang='lat'><strong>1‘0-</strong></span> 
     </span>
    </p>
   </div>
   <div class='ocr_carea' id='block_1_12' title="bbox 404 1413 1970 1491">
    <p class='ocr_par' dir='ltr' id='par_1_12' title="bbox 404 1413 1970 1491">
     <span class='ocr_line' id='line_1_12' title="bbox 404 1413 1970 1491; baseline 0.001 -24"><span class='ocrx_word' id='word_1_96' title='bbox 404 1416 590 1491; x_wconf 75' lang='lat' dir='ltr'><strong>cauit:</strong></span> <span class='ocrx_word' id='word_1_97' title='bbox 622 1414 821 1470; x_wconf 80' lang='lat' dir='ltr'><strong>Accedo</strong></span> <span class='ocrx_word' id='word_1_98' title='bbox 858 1413 1031 1470; x_wconf 82' lang='lat' dir='ltr'><strong>adhuc</strong></span> <span class='ocrx_word' id='word_1_99' title='bbox 1082 1418 1333 1486; x_wconf 85' lang='lat' dir='ltr'><strong>superius.-</strong></span> <span class='ocrx_word' id='word_1_100' title='bbox 1386 1416 1451 1469; x_wconf 84' lang='lat' dir='ltr'><strong>Et</strong></span> <span class='ocrx_word' id='word_1_101' title='bbox 1497 1418 1591 1469; x_wconf 81' lang='lat' dir='ltr'><strong>erit</strong></span> <span class='ocrx_word' id='word_1_102' title='bbox 1645 1416 1734 1470; x_wconf 87' lang='lat' dir='ltr'><strong>tibi</strong></span> <span class='ocrx_word' id='word_1_103' title='bbox 1776 1417 1970 1469; x_wconf 82' lang='lat' dir='ltr'><strong>utilius.</strong></span> 
     </span>
    </p>
   </div>
   <div class='ocr_carea' id='block_1_13' title="bbox 402 1500 1975 1571">
    <p class='ocr_par' dir='ltr' id='par_1_13' title="bbox 402 1500 1975 1571">
     <span class='ocr_line' id='line_1_13' title="bbox 402 1500 1975 1571; baseline 0.003 -13"><span class='ocrx_word' id='word_1_104' title='bbox 402 1504 669 1560; x_wconf 88' lang='lat' dir='ltr'><strong>Juvencus</strong></span> <span class='ocrx_word' id='word_1_105' title='bbox 697 1516 892 1571; x_wconf 86' lang='lat' dir='ltr'><strong>autem,</strong></span> <span class='ocrx_word' id='word_1_106' title='bbox 926 1500 1043 1561; x_wconf 87' lang='lat' dir='ltr'><strong>cum</strong></span> <span class='ocrx_word' id='word_1_107' title='bbox 1070 1549 1083 1571; x_wconf 94' lang='lat'><strong>,</strong></span> <span class='ocrx_word' id='word_1_108' title='bbox 1138 1508 1201 1561; x_wconf 86' lang='lat' dir='ltr'><strong>ad</strong></span> <span class='ocrx_word' id='word_1_109' title='bbox 1246 1508 1682 1563; x_wconf 86' lang='lat' dir='ltr'><strong>conscribendam</strong></span> <span class='ocrx_word' id='word_1_110' title='bbox 1734 1509 1975 1563; x_wconf 78' lang='lat' dir='ltr'><strong>versibus</strong></span> 
     </span>
    </p>
   </div>
   <div class='ocr_carea' id='block_1_14' title="bbox 404 1596 1964 1668">
    <p class='ocr_par' dir='ltr' id='par_1_14' title="bbox 404 1596 1964 1668">
     <span class='ocr_line' id='line_1_14' title="bbox 404 1596 1964 1668; baseline 0.003 -18"><span class='ocrx_word' id='word_1_111' title='bbox 404 1596 678 1651; x_wconf 89' lang='lat' dir='ltr'><strong>historiam</strong></span> <span class='ocrx_word' id='word_1_112' title='bbox 711 1599 1098 1668; x_wconf 79' lang='lat' dir='ltr'><strong>Evangelicam,</strong></span> <span class='ocrx_word' id='word_1_113' title='bbox 1134 1600 1369 1654; x_wconf 89' lang='lat' dir='ltr'><strong>codicem</strong></span> <span class='ocrx_word' id='word_1_114' title='bbox 1412 1602 1639 1655; x_wconf 64' lang='lat' dir='ltr'><strong>Matth-xi</strong></span> <span class='ocrx_word' id='word_1_115' title='bbox 1667 1602 1964 1656; x_wconf 84' lang='lat' dir='ltr'><strong>secundum</strong></span> 
     </span>
    </p>
   </div>
   <div class='ocr_carea' id='block_1_15' title="bbox 402 1690 1975 1759">
    <p class='ocr_par' dir='ltr' id='par_1_15' title="bbox 402 1690 1975 1759">
     <span class='ocr_line' id='line_1_15' title="bbox 402 1690 1975 1759; baseline 0.001 -17"><span class='ocrx_word' id='word_1_116' title='bbox 402 1699 640 1744; x_wconf 88' lang='lat' dir='ltr'><strong>veterem</strong></span> <span class='ocrx_word' id='word_1_117' title='bbox 664 1690 1157 1759; x_wconf 87' lang='lat' dir='ltr'><strong>interpretationem</strong></span> <span class='ocrx_word' id='word_1_118' title='bbox 1189 1693 1404 1747; x_wconf 77' lang='lat' dir='ltr'><strong>haberet</strong></span> <span class='ocrx_word' id='word_1_119' title='bbox 1432 1735 1445 1757; x_wconf 91' lang='lat'><strong>,</strong></span> <span class='ocrx_word' id='word_1_120' title='bbox 1478 1693 1615 1748; x_wconf 89' lang='lat' dir='ltr'><strong>hunc</strong></span> <span class='ocrx_word' id='word_1_121' title='bbox 1644 1703 1856 1747; x_wconf 87' lang='lat' dir='ltr'><strong>secutus</strong></span> <span class='ocrx_word' id='word_1_122' title='bbox 1886 1706 1975 1746; x_wconf 89' lang='lat' dir='ltr'><strong>co-</strong></span> 
     </span>
    </p>
   </div>
   <div class='ocr_carea' id='block_1_16' title="bbox 405 1780 1970 1860">
    <p class='ocr_par' dir='ltr' id='par_1_16' title="bbox 405 1780 1970 1860">
     <span class='ocr_line' id='line_1_16' title="bbox 405 1780 1970 1860; baseline 0.003 -26"><span class='ocrx_word' id='word_1_123' title='bbox 405 1780 599 1845; x_wconf 85' lang='lat' dir='ltr'><strong>dicem,</strong></span> <span class='ocrx_word' id='word_1_124' title='bbox 629 1781 884 1852; x_wconf 83' lang='lat' dir='ltr'><strong>quidquid</strong></span> <span class='ocrx_word' id='word_1_125' title='bbox 918 1784 969 1837; x_wconf 91' lang='lat' dir='ltr'><strong>in</strong></span> <span class='ocrx_word' id='word_1_126' title='bbox 1001 1784 1167 1839; x_wconf 86' lang='lat' dir='ltr'><strong>veteri</strong></span> <span class='ocrx_word' id='word_1_127' title='bbox 1205 1786 1643 1860; x_wconf 74' lang='lat' dir='ltr'><strong>interpretatione</strong></span> <span class='ocrx_word' id='word_1_128' title='bbox 1674 1785 1970 1856; x_wconf 78' lang='lat' dir='ltr'><strong>legebatur,</strong></span> 
     </span>
    </p>
   </div>
   <div class='ocr_carea' id='block_1_17' title="bbox 404 1873 1371 1929">
    <p class='ocr_par' dir='ltr' id='par_1_17' title="bbox 404 1873 1371 1929">
     <span class='ocr_line' id='line_1_17' title="bbox 404 1873 1371 1929; baseline 0.004 -4"><span class='ocrx_word' id='word_1_129' title='bbox 404 1873 727 1927; x_wconf 78' lang='lat' dir='ltr'><strong>carminibus</strong></span> <span class='ocrx_word' id='word_1_130' title='bbox 755 1875 953 1928; x_wconf 83' lang='lat' dir='ltr'><strong>Latinis</strong></span> <span class='ocrx_word' id='word_1_131' title='bbox 975 1874 1053 1929; x_wconf 89' lang='lat' dir='ltr'><strong>sic</strong></span> <span class='ocrx_word' id='word_1_132' title='bbox 1098 1875 1330 1929; x_wconf 83' lang='lat' dir='ltr'><strong>reddidit</strong></span> <span class='ocrx_word' id='word_1_133' title='bbox 1360 1894 1371 1929; x_wconf 92' lang='lat'><strong>:</strong></span> 
     </span>
    </p>
   </div>
   <div class='ocr_carea' id='block_1_18' title="bbox 736 2010 1676 2066">
    <p class='ocr_par' dir='ltr' id='par_1_18' title="bbox 736 2010 1676 2066">
     <span class='ocr_line' id='line_1_18' title="bbox 736 2010 1676 2066; baseline -0.003 -8"><span class='ocrx_word' id='word_1_134' title='bbox 736 2010 953 2059; x_wconf 81' lang='lat' dir='ltr'><strong>Hominis</strong></span> <span class='ocrx_word' id='word_1_135' title='bbox 976 2020 1113 2057; x_wconf 84' lang='lat' dir='ltr'><strong>natus</strong></span> <span class='ocrx_word' id='word_1_136' title='bbox 1135 2010 1204 2057; x_wconf 84' lang='lat' dir='ltr'><strong>sic</strong></span> <span class='ocrx_word' id='word_1_137' title='bbox 1228 2016 1396 2059; x_wconf 88' lang='lat' dir='ltr'><strong>cuncta</strong></span> <span class='ocrx_word' id='word_1_138' title='bbox 1422 2012 1676 2066; x_wconf 79' lang='lat' dir='ltr'><strong>ministrat,</strong></span> 
     </span>
    </p>
   </div>
   <div class='ocr_carea' id='block_1_19' title="bbox 496 2068 1662 2133">
    <p class='ocr_par' dir='ltr' id='par_1_19' title="bbox 496 2068 1662 2133">
     <span class='ocr_line' id='line_1_19' title="bbox 496 2068 1662 2133; baseline -0.001 -14"><span class='ocrx_word' id='word_1_139' title='bbox 496 2068 741 2133; x_wconf 81' lang='lat' dir='ltr'><strong>Obsequio</strong></span> <span class='ocrx_word' id='word_1_140' title='bbox 760 2071 892 2119; x_wconf 87' lang='lat' dir='ltr'><strong>solus</strong></span> <span class='ocrx_word' id='word_1_141' title='bbox 916 2074 1104 2131; x_wconf 76' lang='lat' dir='ltr'><strong>pmprio</strong></span> <span class='ocrx_word' id='word_1_142' title='bbox 1121 2074 1195 2133; x_wconf 88' lang='lat' dir='ltr'><strong>pia</strong></span> <span class='ocrx_word' id='word_1_143' title='bbox 1221 2085 1420 2120; x_wconf 86' lang='lat' dir='ltr'><strong>munera</strong></span> <span class='ocrx_word' id='word_1_144' title='bbox 1447 2079 1662 2131; x_wconf 71' lang='lat' dir='ltr'><strong>gestans,</strong></span> 
     </span>
    </p>
   </div>
   <div class='ocr_carea' id='block_1_20' title="bbox 494 2132 1771 2193">
    <p class='ocr_par' dir='ltr' id='par_1_20' title="bbox 494 2132 1771 2193">
     <span class='ocr_line' id='line_1_20' title="bbox 494 2132 1771 2193; baseline 0.001 -14"><span class='ocrx_word' id='word_1_145' title='bbox 494 2132 590 2179; x_wconf 74' lang='lat' dir='ltr'><strong>l’ro</strong></span> <span class='ocrx_word' id='word_1_146' title='bbox 614 2132 870 2193; x_wconf 83' lang='lat' dir='ltr'><strong>multisque</strong></span> <span class='ocrx_word' id='word_1_147' title='bbox 896 2135 1100 2179; x_wconf 81' lang='lat' dir='ltr'><strong>animum</strong></span> <span class='ocrx_word' id='word_1_148' title='bbox 1122 2132 1336 2193; x_wconf 62' lang='lat' dir='ltr'><strong>pretioso</strong></span> <span class='ocrx_word' id='word_1_149' title='bbox 1358 2135 1594 2193; x_wconf 67' lang='lat' dir='ltr'><strong>sanguine</strong></span> <span class='ocrx_word' id='word_1_150' title='bbox 1623 2133 1771 2191; x_wconf 84' lang='lat' dir='ltr'><strong>ponit.</strong></span> 
     </span>
    </p>
   </div>
   <div class='ocr_carea' id='block_1_21' title="bbox 493 2194 1729 2255">
    <p class='ocr_par' dir='ltr' id='par_1_21' title="bbox 493 2194 1729 2255">
     <span class='ocr_line' id='line_1_21' title="bbox 493 2194 1729 2255; baseline 0 -14"><span class='ocrx_word' id='word_1_151' title='bbox 493 2194 564 2241; x_wconf 83' lang='lat' dir='ltr'><strong>Ad</strong></span> <span class='ocrx_word' id='word_1_152' title='bbox 591 2208 673 2241; x_wconf 81' lang='lat' dir='ltr'><strong>vos</strong></span> <span class='ocrx_word' id='word_1_153' title='bbox 699 2208 756 2241; x_wconf 79' lang='lat' dir='ltr'><strong>ex</strong></span> <span class='ocrx_word' id='word_1_154' title='bbox 784 2195 991 2241; x_wconf 76' lang='lat' dir='ltr'><strong>minimis</strong></span> <span class='ocrx_word' id='word_1_155' title='bbox 1014 2196 1184 2254; x_wconf 80' lang='lat' dir='ltr'><strong>Opibus</strong></span> <span class='ocrx_word' id='word_1_156' title='bbox 1202 2196 1545 2243; x_wconf 73' lang='lat' dir='ltr'><strong>transcendere</strong></span> <span class='ocrx_word' id='word_1_157' title='bbox 1571 2194 1729 2255; x_wconf 77' lang='lat' dir='ltr'><strong>vultis,</strong></span> 
     </span>
    </p>
   </div>
   <div class='ocr_carea' id='block_1_22' title="bbox 493 2255 1612 2316">
    <p class='ocr_par' dir='ltr' id='par_1_22' title="bbox 493 2255 1612 2316">
     <span class='ocr_line' id='line_1_22' title="bbox 493 2255 1612 2316; baseline -0.003 -12"><span class='ocrx_word' id='word_1_158' title='bbox 493 2255 554 2305; x_wconf 77' lang='lat' dir='ltr'><strong>Et</strong></span> <span class='ocrx_word' id='word_1_159' title='bbox 575 2257 645 2303; x_wconf 85' lang='lat' dir='ltr'><strong>sic</strong></span> <span class='ocrx_word' id='word_1_160' title='bbox 665 2268 694 2304; x_wconf 89' lang='lat' dir='ltr'><strong>e</strong></span> <span class='ocrx_word' id='word_1_161' title='bbox 717 2258 915 2303; x_wconf 89' lang='lat' dir='ltr'><strong>summis</strong></span> <span class='ocrx_word' id='word_1_162' title='bbox 939 2255 1083 2316; x_wconf 84' lang='lat' dir='ltr'><strong>lapsi,</strong></span> <span class='ocrx_word' id='word_1_163' title='bbox 1111 2258 1453 2316; x_wconf 79' lang='lat' dir='ltr'><strong>comprenttitis</strong></span> <span class='ocrx_word' id='word_1_164' title='bbox 1476 2258 1612 2304; x_wconf 87' lang='lat' dir='ltr'><strong>imos.</strong></span> 
     </span>
    </p>
   </div>
   <div class='ocr_carea' id='block_1_23' title="bbox 493 2318 1677 2378">
    <p class='ocr_par' dir='ltr' id='par_1_23' title="bbox 493 2318 1677 2378">
     <span class='ocr_line' id='line_1_23' title="bbox 493 2318 1677 2378; baseline -0.002 -15"><span class='ocrx_word' id='word_1_165' title='bbox 493 2318 543 2364; x_wconf 75' lang='lat' dir='ltr'><strong>Si</strong></span> <span class='ocrx_word' id='word_1_166' title='bbox 572 2330 653 2365; x_wconf 90' lang='lat' dir='ltr'><strong>vos</strong></span> <span class='ocrx_word' id='word_1_167' title='bbox 676 2318 877 2378; x_wconf 86' lang='lat' dir='ltr'><strong>quisque</strong></span> <span class='ocrx_word' id='word_1_168' title='bbox 905 2325 1039 2365; x_wconf 87' lang='lat' dir='ltr'><strong>vocat</strong></span> <span class='ocrx_word' id='word_1_169' title='bbox 1062 2329 1213 2365; x_wconf 60' lang='lat' dir='ltr'><strong>etenus</strong></span> <span class='ocrx_word' id='word_1_170' title='bbox 1235 2320 1449 2365; x_wconf 82' lang='lat' dir='ltr'><strong>convivia</strong></span> <span class='ocrx_word' id='word_1_171' title='bbox 1476 2330 1677 2377; x_wconf 83' lang='lat' dir='ltr'><strong>pom-ns,</strong></span> 
     </span>
    </p>
   </div>
   <div class='ocr_carea' id='block_1_24' title="bbox 491 2378 1694 2440">
    <p class='ocr_par' dir='ltr' id='par_1_24' title="bbox 491 2378 1694 2440">
     <span class='ocr_line' id='line_1_24' title="bbox 491 2378 1694 2440; baseline -0.002 -13"><span class='ocrx_word' id='word_1_172' title='bbox 491 2378 726 2427; x_wconf 83' lang='lat' dir='ltr'><strong>Cornibus</strong></span> <span class='ocrx_word' id='word_1_173' title='bbox 750 2380 795 2425; x_wconf 92' lang='lat' dir='ltr'><strong>in</strong></span> <span class='ocrx_word' id='word_1_174' title='bbox 817 2380 1017 2425; x_wconf 76' lang='lat' dir='ltr'><strong>summis</strong></span> <span class='ocrx_word' id='word_1_175' title='bbox 1039 2378 1227 2427; x_wconf 79' lang='lat' dir='ltr'><strong>devitet</strong></span> <span class='ocrx_word' id='word_1_176' title='bbox 1252 2391 1435 2440; x_wconf 74' lang='lat' dir='ltr'><strong>ponere</strong></span> <span class='ocrx_word' id='word_1_177' title='bbox 1462 2379 1694 2440; x_wconf 79' lang='lat' dir='ltr'><strong>membra,</strong></span> 
     </span>
    </p>
   </div>
   <div class='ocr_carea' id='block_1_25' title="bbox 492 2438 1675 2499">
    <p class='ocr_par' dir='ltr' id='par_1_25' title="bbox 492 2438 1675 2499">
     <span class='ocr_line' id='line_1_25' title="bbox 492 2438 1675 2499; baseline -0.001 -12"><span class='ocrx_word' id='word_1_178' title='bbox 492 2441 704 2497; x_wconf 73' lang='lat' dir='ltr'><strong>Quisque</strong></span> <span class='ocrx_word' id='word_1_179' title='bbox 730 2442 854 2499; x_wconf 86' lang='lat' dir='ltr'><strong>sapit</strong></span> <span class='ocrx_word' id='word_1_180' title='bbox 876 2454 885 2486; x_wconf 92' lang='lat'><strong>:</strong></span> <span class='ocrx_word' id='word_1_181' title='bbox 904 2442 1017 2488; x_wconf 82' lang='lat' dir='ltr'><strong>veni</strong></span> <span class='ocrx_word' id='word_1_182' title='bbox 1058 2466 1073 2487; x_wconf 82' lang='grc' dir='ltr'><strong>ι.</strong></span> <span class='ocrx_word' id='word_1_183' title='bbox 1096 2438 1260 2487; x_wconf 82' lang='lat' dir='ltr'><strong>forsan</strong></span> <span class='ocrx_word' id='word_1_184' title='bbox 1276 2442 1313 2487; x_wconf 88' lang='lat' dir='ltr'><strong>si</strong></span> <span class='ocrx_word' id='word_1_185' title='bbox 1339 2440 1512 2487; x_wconf 87' lang='lat' dir='ltr'><strong>nobilis</strong></span> <span class='ocrx_word' id='word_1_186' title='bbox 1534 2438 1675 2499; x_wconf 86' lang='lat' dir='ltr'><strong>alter,</strong></span> 
     </span>
    </p>
   </div>
   <div class='ocr_carea' id='block_1_26' title="bbox 491 2500 1544 2561">
    <p class='ocr_par' dir='ltr' id='par_1_26' title="bbox 491 2500 1544 2561">
     <span class='ocr_line' id='line_1_26' title="bbox 491 2500 1544 2561; baseline -0.001 -13"><span class='ocrx_word' id='word_1_187' title='bbox 491 2501 719 2561; x_wconf 78' lang='lat' dir='ltr'><strong>Turpiter</strong></span> <span class='ocrx_word' id='word_1_188' title='bbox 742 2500 923 2549; x_wconf 76' lang='lat' dir='ltr'><strong>eximio</strong></span> <span class='ocrx_word' id='word_1_189' title='bbox 943 2508 1146 2560; x_wconf 73' lang='lat' dir='ltr'><strong>cogetur</strong></span> <span class='ocrx_word' id='word_1_190' title='bbox 1172 2501 1352 2547; x_wconf 74' lang='lat' dir='ltr'><strong>cedere</strong></span> <span class='ocrx_word' id='word_1_191' title='bbox 1376 2514 1544 2553; x_wconf 78' lang='lat' dir='ltr'><strong>cornu.</strong></span> 
     </span>
    </p>
   </div>
   <div class='ocr_carea' id='block_1_27' title="bbox 493 2561 1710 2619">
    <p class='ocr_par' dir='ltr' id='par_1_27' title="bbox 493 2561 1710 2619">
     <span class='ocr_line' id='line_1_27' title="bbox 493 2561 1710 2619; baseline -0.002 -9"><span class='ocrx_word' id='word_1_192' title='bbox 493 2562 656 2618; x_wconf 84' lang='lat' dir='ltr'><strong>Qucnt</strong></span> <span class='ocrx_word' id='word_1_193' title='bbox 674 2569 829 2609; x_wconf 82' lang='lat' dir='ltr'><strong>tumor</strong></span> <span class='ocrx_word' id='word_1_194' title='bbox 850 2562 998 2609; x_wconf 82' lang='lat' dir='ltr'><strong>inllati</strong></span> <span class='ocrx_word' id='word_1_195' title='bbox 1019 2561 1178 2608; x_wconf 88' lang='lat' dir='ltr'><strong>cordis</strong></span> <span class='ocrx_word' id='word_1_196' title='bbox 1198 2573 1286 2619; x_wconf 68' lang='lat' dir='ltr'><strong>per</strong></span> <span class='ocrx_word' id='word_1_197' title='bbox 1310 2574 1490 2609; x_wconf 89' lang='lat' dir='ltr'><strong>summa</strong></span> <span class='ocrx_word' id='word_1_198' title='bbox 1518 2562 1710 2609; x_wconf 85' lang='lat' dir='ltr'><strong>locarat.</strong></span> 
     </span>
    </p>
   </div>
   <div class='ocr_carea' id='block_1_28' title="bbox 490 2621 1721 2683">
    <p class='ocr_par' dir='ltr' id='par_1_28' title="bbox 490 2621 1721 2683">
     <span class='ocr_line' id='line_1_28' title="bbox 490 2621 1721 2683; baseline 0.002 -15"><span class='ocrx_word' id='word_1_199' title='bbox 490 2622 573 2683; x_wconf 77' lang='lat' dir='ltr'><strong>Sin</strong></span> <span class='ocrx_word' id='word_1_200' title='bbox 598 2629 855 2670; x_wconf 78' lang='lat' dir='ltr'><strong>contentus</strong></span> <span class='ocrx_word' id='word_1_201' title='bbox 879 2624 974 2670; x_wconf 86' lang='lat' dir='ltr'><strong>erit</strong></span> <span class='ocrx_word' id='word_1_202' title='bbox 996 2622 1257 2669; x_wconf 77' lang='lat' dir='ltr'><strong>mediocria</strong></span> <span class='ocrx_word' id='word_1_203' title='bbox 1284 2621 1525 2683; x_wconf 61' lang='lat' dir='ltr'><strong>prendere</strong></span> <span class='ocrx_word' id='word_1_204' title='bbox 1552 2634 1721 2679; x_wconf 71' lang='lat' dir='ltr'><strong>ctetttc,</strong></span> 
     </span>
    </p>
   </div>
   <div class='ocr_carea' id='block_1_29' title="bbox 492 2681 1637 2744">
    <p class='ocr_par' dir='ltr' id='par_1_29' title="bbox 492 2681 1637 2744">
     <span class='ocr_line' id='line_1_29' title="bbox 492 2681 1637 2744; baseline -0.002 -13"><span class='ocrx_word' id='word_1_205' title='bbox 492 2681 796 2744; x_wconf 79' lang='lat' dir='ltr'><strong>Inferiorquc</strong></span> <span class='ocrx_word' id='word_1_206' title='bbox 820 2683 995 2731; x_wconf 88' lang='lat' dir='ltr'><strong>dehinc</strong></span> <span class='ocrx_word' id='word_1_207' title='bbox 1016 2682 1054 2731; x_wconf 89' lang='lat' dir='ltr'><strong>si</strong></span> <span class='ocrx_word' id='word_1_208' title='bbox 1080 2696 1188 2731; x_wconf 78' lang='lat' dir='ltr'><strong>mox</strong></span> <span class='ocrx_word' id='word_1_209' title='bbox 1214 2681 1411 2731; x_wconf 84' lang='lat' dir='ltr'><strong>conviva</strong></span> <span class='ocrx_word' id='word_1_210' title='bbox 1438 2683 1637 2744; x_wconf 82' lang='lat' dir='ltr'><strong>subibit,</strong></span> 
     </span>
    </p>
   </div>
   <div class='ocr_carea' id='block_1_30' title="bbox 494 2743 1675 2807">
    <p class='ocr_par' dir='ltr' id='par_1_30' title="bbox 494 2743 1675 2807">
     <span class='ocr_line' id='line_1_30' title="bbox 494 2743 1675 2807; baseline 0 -14"><span class='ocrx_word' id='word_1_211' title='bbox 494 2744 566 2793; x_wconf 78' lang='lat' dir='ltr'><strong>Ad</strong></span> <span class='ocrx_word' id='word_1_212' title='bbox 590 2743 770 2807; x_wconf 82' lang='lat' dir='ltr'><strong>potiora</strong></span> <span class='ocrx_word' id='word_1_213' title='bbox 795 2744 982 2806; x_wconf 84' lang='lat' dir='ltr'><strong>pudens</strong></span> <span class='ocrx_word' id='word_1_214' title='bbox 1004 2746 1225 2794; x_wconf 86' lang='lat' dir='ltr'><strong>transibit</strong></span> <span class='ocrx_word' id='word_1_215' title='bbox 1248 2752 1394 2793; x_wconf 86' lang='lat' dir='ltr'><strong>strata</strong></span> <span class='ocrx_word' id='word_1_216' title='bbox 1416 2743 1675 2794; x_wconf 83' lang='lat' dir='ltr'><strong>thorortmt.</strong></span> 
     </span>
    </p>
   </div>
   <div class='ocr_carea' id='block_1_31' title="bbox 477 2889 1975 2960">
    <p class='ocr_par' dir='ltr' id='par_1_31' title="bbox 477 2889 1975 2960">
     <span class='ocr_line' id='line_1_31' title="bbox 477 2889 1975 2960; baseline -0.003 -14"><span class='ocrx_word' id='word_1_217' title='bbox 477 2891 601 2947; x_wconf 74' lang='lat' dir='ltr'><strong>llaec</strong></span> <span class='ocrx_word' id='word_1_218' title='bbox 640 2891 877 2960; x_wconf 73' lang='lat' dir='ltr'><strong>proiecto</strong></span> <span class='ocrx_word' id='word_1_219' title='bbox 898 2891 1116 2945; x_wconf 72' lang='lat' dir='ltr'><strong>iuvenci</strong></span> <span class='ocrx_word' id='word_1_220' title='bbox 1155 2892 1388 2945; x_wconf 86' lang='lat' dir='ltr'><strong>carmina</strong></span> <span class='ocrx_word' id='word_1_221' title='bbox 1419 2889 1699 2945; x_wconf 83' lang='lat' dir='ltr'><strong>manifesto</strong></span> <span class='ocrx_word' id='word_1_222' title='bbox 1732 2904 1849 2945; x_wconf 84' lang='lat' dir='ltr'><strong>esse</strong></span> <span class='ocrx_word' id='word_1_223' title='bbox 1891 2906 1975 2942; x_wconf 90' lang='lat' dir='ltr'><strong>ar-</strong></span> 
     </span>
    </p>
   </div>
   <div class='ocr_carea' id='block_1_32' title="bbox 398 2982 1972 3053">
    <p class='ocr_par' dir='ltr' id='par_1_32' title="bbox 398 2982 1972 3053">
     <span class='ocr_line' id='line_1_32' title="bbox 398 2982 1972 3053; baseline 0.001 -18"><span class='ocrx_word' id='word_1_224' title='bbox 398 2992 649 3053; x_wconf 79' lang='lat' dir='ltr'><strong>gumento</strong></span> <span class='ocrx_word' id='word_1_225' title='bbox 675 2982 891 3045; x_wconf 87' lang='lat' dir='ltr'><strong>debent,</strong></span> <span class='ocrx_word' id='word_1_226' title='bbox 922 2992 1128 3051; x_wconf 89' lang='lat' dir='ltr'><strong>poetam</strong></span> <span class='ocrx_word' id='word_1_227' title='bbox 1176 2985 1227 3037; x_wconf 91' lang='lat' dir='ltr'><strong>in</strong></span> <span class='ocrx_word' id='word_1_228' title='bbox 1254 2983 1636 3037; x_wconf 86' lang='lat' dir='ltr'><strong>conscribenda</strong></span> <span class='ocrx_word' id='word_1_229' title='bbox 1669 2982 1972 3049; x_wconf 80' lang='lat' dir='ltr'><strong>evangelica</strong></span> 
     </span>
    </p>
   </div>
   <div class='ocr_carea' id='block_1_33' title="bbox 401 3076 1975 3145">
    <p class='ocr_par' dir='ltr' id='par_1_33' title="bbox 401 3076 1975 3145">
     <span class='ocr_line' id='line_1_33' title="bbox 401 3076 1975 3145; baseline 0 -16"><span class='ocrx_word' id='word_1_230' title='bbox 401 3076 617 3130; x_wconf 47' lang='lat' dir='ltr'><strong>historia</strong></span> <span class='ocrx_word' id='word_1_231' title='bbox 670 3092 821 3130; x_wconf 87' lang='lat' dir='ltr'><strong>usum</strong></span> <span class='ocrx_word' id='word_1_232' title='bbox 867 3078 1026 3131; x_wconf 81' lang='lat' dir='ltr'><strong>fuisse</strong></span> <span class='ocrx_word' id='word_1_233' title='bbox 1051 3076 1236 3130; x_wconf 88' lang='lat' dir='ltr'><strong>ccdice</strong></span> <span class='ocrx_word' id='word_1_234' title='bbox 1264 3077 1471 3141; x_wconf 89' lang='lat' dir='ltr'><strong>Latino,</strong></span> <span class='ocrx_word' id='word_1_235' title='bbox 1508 3077 1662 3145; x_wconf 90' lang='lat' dir='ltr'><strong>plane</strong></span> <span class='ocrx_word' id='word_1_236' title='bbox 1697 3086 1877 3131; x_wconf 84' lang='lat' dir='ltr'><strong>nostra</strong></span> <span class='ocrx_word' id='word_1_237' title='bbox 1903 3078 1975 3129; x_wconf 89' lang='lat' dir='ltr'><strong>si-</strong></span> 
     </span>
    </p>
   </div>
   <div class='ocr_carea' id='block_1_34' title="bbox 402 3168 1970 3237">
    <p class='ocr_par' dir='ltr' id='par_1_34' title="bbox 402 3168 1970 3237">
     <span class='ocr_line' id='line_1_34' title="bbox 402 3168 1970 3237; baseline 0.001 -18"><span class='ocrx_word' id='word_1_238' title='bbox 402 3168 534 3232; x_wconf 92' lang='lat' dir='ltr'><strong>mili,</strong></span> <span class='ocrx_word' id='word_1_239' title='bbox 552 3168 743 3237; x_wconf 80' lang='lat' dir='ltr'><strong>quique</strong></span> <span class='ocrx_word' id='word_1_240' title='bbox 769 3178 999 3222; x_wconf 89' lang='lat' dir='ltr'><strong>veterem</strong></span> <span class='ocrx_word' id='word_1_241' title='bbox 1025 3168 1514 3236; x_wconf 85' lang='lat' dir='ltr'><strong>interpretationem</strong></span> <span class='ocrx_word' id='word_1_242' title='bbox 1540 3176 1970 3235; x_wconf 65' lang='lat' dir='ltr'><strong>reprmsentaret.</strong></span> 
     </span>
    </p>
   </div>
   <div class='ocr_carea' id='block_1_35' title="bbox 474 3260 1974 3329">
    <p class='ocr_par' dir='ltr' id='par_1_35' title="bbox 474 3260 1974 3329">
     <span class='ocr_line' id='line_1_35' title="bbox 474 3260 1974 3329; baseline -0.001 -15"><span class='ocrx_word' id='word_1_243' title='bbox 474 3260 632 3314; x_wconf 79' lang='lat' dir='ltr'><strong>Mat-ci</strong></span> <span class='ocrx_word' id='word_1_244' title='bbox 666 3276 779 3329; x_wconf 89' lang='lat' dir='ltr'><strong>cap.</strong></span> <span class='ocrx_word' id='word_1_245' title='bbox 810 3278 889 3323; x_wconf 85' lang='grc' dir='ltr'>ιιι,</span> <span class='ocrx_word' id='word_1_246' title='bbox 915 3262 965 3315; x_wconf 85' lang='grc'><strong>5.</strong></span> <span class='ocrx_word' id='word_1_247' title='bbox 1000 3260 1341 3315; x_wconf 87' lang='lat' dir='ltr'><strong>Ohservanda</strong></span> <span class='ocrx_word' id='word_1_248' title='bbox 1370 3262 1419 3313; x_wconf 90' lang='lat' dir='ltr'><strong>in</strong></span> <span class='ocrx_word' id='word_1_249' title='bbox 1464 3260 1545 3313; x_wconf 84' lang='lat' dir='ltr'><strong>his</strong></span> <span class='ocrx_word' id='word_1_250' title='bbox 1590 3260 1750 3313; x_wconf 86' lang='lat' dir='ltr'><strong>Marci</strong></span> <span class='ocrx_word' id='word_1_251' title='bbox 1800 3260 1974 3313; x_wconf 78' lang='lat' dir='ltr'><strong>Evan-</strong></span> 
     </span>
    </p>
   </div>
   <div class='ocr_carea' id='block_1_36' title="bbox 2076 682 3653 753">
    <p class='ocr_par' dir='ltr' id='par_1_36' title="bbox 2076 682 3653 753">
     <span class='ocr_line' id='line_1_36' title="bbox 2076 682 3653 753; baseline 0.006 -18"><span class='ocrx_word' id='word_1_252' title='bbox 2076 682 2162 753; x_wconf 83' lang='lat' dir='ltr'><strong>qui</strong></span> <span class='ocrx_word' id='word_1_253' title='bbox 2187 686 2256 735; x_wconf 82' lang='lat' dir='ltr'><strong>ad</strong></span> <span class='ocrx_word' id='word_1_254' title='bbox 2280 699 2467 737; x_wconf 65' lang='lat' dir='ltr'><strong>cernam</strong></span> <span class='ocrx_word' id='word_1_255' title='bbox 2496 688 2687 739; x_wconf 77' lang='lat' dir='ltr'><strong>vocavit</strong></span> <span class='ocrx_word' id='word_1_256' title='bbox 2720 696 2787 751; x_wconf 88' lang='lat' dir='ltr'><strong>te,</strong></span> <span class='ocrx_word' id='word_1_257' title='bbox 2813 687 2949 741; x_wconf 83' lang='lat' dir='ltr'><strong>dicat</strong></span> <span class='ocrx_word' id='word_1_258' title='bbox 2976 688 3067 742; x_wconf 83' lang='lat' dir='ltr'><strong>tibi</strong></span> <span class='ocrx_word' id='word_1_259' title='bbox 3090 706 3110 742; x_wconf 89' lang='grc'><strong>.·</strong></span> <span class='ocrx_word' id='word_1_260' title='bbox 3144 688 3321 743; x_wconf 80' lang='lat' dir='ltr'><strong>Adhuc</strong></span> <span class='ocrx_word' id='word_1_261' title='bbox 3346 692 3584 745; x_wconf 86' lang='lat' dir='ltr'><strong>deorsum</strong></span> <span class='ocrx_word' id='word_1_262' title='bbox 3609 728 3653 745; x_wconf 93' lang='lat'><strong>..</strong></span> 
     </span>
    </p>
   </div>
   <div class='ocr_carea' id='block_1_37' title="bbox 2076 774 3653 843">
    <p class='ocr_par' dir='ltr' id='par_1_37' title="bbox 2076 774 3653 843">
     <span class='ocr_line' id='line_1_37' title="bbox 2076 774 3653 843; baseline 0.006 -17"><span class='ocrx_word' id='word_1_263' title='bbox 2076 774 2194 827; x_wconf 85' lang='lat' dir='ltr'><strong>cede</strong></span> <span class='ocrx_word' id='word_1_264' title='bbox 2217 790 2233 826; x_wconf 93' lang='lat'><em>:</em></span> <span class='ocrx_word' id='word_1_265' title='bbox 2262 784 2309 828; x_wconf 91' lang='lat' dir='ltr'><strong>et</strong></span> <span class='ocrx_word' id='word_1_266' title='bbox 2332 776 2587 843; x_wconf 77' lang='lat' dir='ltr'><strong>confunda</strong></span> <span class='ocrx_word' id='word_1_267' title='bbox 2754 789 2852 832; x_wconf 87' lang='lat' dir='ltr'><strong>tem</strong></span> <span class='ocrx_word' id='word_1_268' title='bbox 2876 780 2927 832; x_wconf 89' lang='lat' dir='ltr'><strong>in</strong></span> <span class='ocrx_word' id='word_1_269' title='bbox 2950 779 3061 833; x_wconf 85' lang='lat' dir='ltr'><strong>loco</strong></span> <span class='ocrx_word' id='word_1_270' title='bbox 3085 781 3137 833; x_wconf 88' lang='lat' dir='ltr'><strong>in</strong></span> <span class='ocrx_word' id='word_1_271' title='bbox 3248 780 3374 833; x_wconf 86' lang='lat' dir='ltr'><strong>riori</strong></span> <span class='ocrx_word' id='word_1_272' title='bbox 3396 781 3583 835; x_wconf 72' lang='lat' dir='ltr'><strong>recubat</strong></span> <span class='ocrx_word' id='word_1_273' title='bbox 3610 819 3653 835; x_wconf 90' lang='lat'><strong>..</strong></span> 
     </span>
    </p>
   </div>
   <div class='ocr_carea' id='block_1_38' title="bbox 2076 868 3655 943">
    <p class='ocr_par' dir='ltr' id='par_1_38' title="bbox 2076 868 3655 943">
     <span class='ocr_line' id='line_1_38' title="bbox 2076 868 3655 943; baseline 0.006 -24"><span class='ocrx_word' id='word_1_274' title='bbox 2076 868 2166 929; x_wconf 88' lang='lat' dir='ltr'><strong>ris,</strong></span> <span class='ocrx_word' id='word_1_275' title='bbox 2196 878 2239 920; x_wconf 90' lang='lat' dir='ltr'><strong>et</strong></span> <span class='ocrx_word' id='word_1_276' title='bbox 2261 870 2611 938; x_wconf 73' lang='lat' dir='ltr'><strong>supervenerit</strong></span> <span class='ocrx_word' id='word_1_277' title='bbox 2631 868 2873 924; x_wconf 76' lang='lat' dir='ltr'><strong>humilior</strong></span> <span class='ocrx_word' id='word_1_278' title='bbox 2907 882 2973 939; x_wconf 91' lang='lat' dir='ltr'><strong>te,</strong></span> <span class='ocrx_word' id='word_1_279' title='bbox 3005 872 3136 925; x_wconf 86' lang='lat' dir='ltr'><strong>dicet</strong></span> <span class='ocrx_word' id='word_1_280' title='bbox 3168 872 3275 939; x_wconf 91' lang='lat' dir='ltr'><strong>tibi,</strong></span> <span class='ocrx_word' id='word_1_281' title='bbox 3301 873 3386 943; x_wconf 86' lang='lat' dir='ltr'><strong>qui</strong></span> <span class='ocrx_word' id='word_1_282' title='bbox 3406 882 3451 926; x_wconf 90' lang='lat' dir='ltr'><strong>te</strong></span> <span class='ocrx_word' id='word_1_283' title='bbox 3467 872 3534 926; x_wconf 89' lang='lat' dir='ltr'><strong>ad</strong></span> <span class='ocrx_word' id='word_1_284' title='bbox 3553 889 3655 928; x_wconf 71' lang='lat' dir='ltr'><strong>cte-</strong></span> 
     </span>
    </p>
   </div>
   <div class='ocr_carea' id='block_1_39' title="bbox 2082 961 3655 1033">
    <p class='ocr_par' dir='ltr' id='par_1_39' title="bbox 2082 961 3655 1033">
     <span class='ocr_line' id='line_1_39' title="bbox 2082 961 3655 1033; baseline 0.006 -23"><span class='ocrx_word' id='word_1_285' title='bbox 2082 975 2202 1011; x_wconf 89' lang='lat' dir='ltr'><strong>nam</strong></span> <span class='ocrx_word' id='word_1_286' title='bbox 2232 962 2424 1014; x_wconf 88' lang='lat' dir='ltr'><strong>vocavit</strong></span> <span class='ocrx_word' id='word_1_287' title='bbox 2450 976 2467 1013; x_wconf 90' lang='lat'><strong><em>:</em></strong></span> <span class='ocrx_word' id='word_1_288' title='bbox 2495 961 2687 1016; x_wconf 78' lang='lat' dir='ltr'><strong>Accede</strong></span> <span class='ocrx_word' id='word_1_289' title='bbox 2714 962 2881 1016; x_wconf 90' lang='lat' dir='ltr'><strong>adhuc</strong></span> <span class='ocrx_word' id='word_1_290' title='bbox 2924 966 3177 1033; x_wconf 75' lang='lat' dir='ltr'><strong>superius.</strong></span> <span class='ocrx_word' id='word_1_291' title='bbox 3209 963 3275 1018; x_wconf 90' lang='lat' dir='ltr'><strong>Et</strong></span> <span class='ocrx_word' id='word_1_292' title='bbox 3304 966 3397 1019; x_wconf 88' lang='lat' dir='ltr'><strong>erit</strong></span> <span class='ocrx_word' id='word_1_293' title='bbox 3441 966 3535 1019; x_wconf 85' lang='lat' dir='ltr'><strong>hoc</strong></span> <span class='ocrx_word' id='word_1_294' title='bbox 3562 966 3655 1019; x_wconf 91' lang='lat' dir='ltr'><strong>tibi</strong></span> 
     </span>
    </p>
   </div>
   <div class='ocr_carea' id='block_1_40' title="bbox 2075 1054 3649 1129">
    <p class='ocr_par' dir='ltr' id='par_1_40' title="bbox 2075 1054 3649 1129">
     <span class='ocr_line' id='line_1_40' title="bbox 2075 1054 3649 1129; baseline 0.004 -25"><span class='ocrx_word' id='word_1_295' title='bbox 2075 1054 2269 1106; x_wconf 79' lang='lat' dir='ltr'><strong>utilius.</strong></span> <span class='ocrx_word' id='word_1_296' title='bbox 2304 1054 2500 1109; x_wconf 88' lang='lat' dir='ltr'><strong>Veron.</strong></span> <span class='ocrx_word' id='word_1_297' title='bbox 2537 1055 2641 1109; x_wconf 86' lang='lat' dir='ltr'><strong>Vos</strong></span> <span class='ocrx_word' id='word_1_298' title='bbox 2668 1066 2833 1110; x_wconf 86' lang='lat' dir='ltr'><strong>autem</strong></span> <span class='ocrx_word' id='word_1_299' title='bbox 2857 1058 3084 1127; x_wconf 76' lang='lat' dir='ltr'><strong>quteritis</strong></span> <span class='ocrx_word' id='word_1_300' title='bbox 3105 1056 3168 1110; x_wconf 90' lang='lat' dir='ltr'><strong>de</strong></span> <span class='ocrx_word' id='word_1_301' title='bbox 3192 1057 3381 1129; x_wconf 88' lang='lat' dir='ltr'><strong>pusillo</strong></span> <span class='ocrx_word' id='word_1_302' title='bbox 3404 1073 3649 1122; x_wconf 87' lang='lat' dir='ltr'><strong>crescere,</strong></span> 
     </span>
    </p>
   </div>
   <div class='ocr_carea' id='block_1_41' title="bbox 2077 1146 3653 1221">
    <p class='ocr_par' dir='ltr' id='par_1_41' title="bbox 2077 1146 3653 1221">
     <span class='ocr_line' id='line_1_41' title="bbox 2077 1146 3653 1221; baseline 0.003 -22"><span class='ocrx_word' id='word_1_303' title='bbox 2077 1154 2122 1199; x_wconf 87' lang='lat' dir='ltr'><strong>et</strong></span> <span class='ocrx_word' id='word_1_304' title='bbox 2144 1146 2205 1199; x_wconf 90' lang='lat' dir='ltr'><strong>de</strong></span> <span class='ocrx_word' id='word_1_305' title='bbox 2226 1147 2418 1200; x_wconf 87' lang='lat' dir='ltr'><strong>minore</strong></span> <span class='ocrx_word' id='word_1_306' title='bbox 2439 1152 2657 1221; x_wconf 86' lang='lat' dir='ltr'><strong>majores</strong></span> <span class='ocrx_word' id='word_1_307' title='bbox 2684 1166 2808 1203; x_wconf 83' lang='lat' dir='ltr'><strong>esse.</strong></span> <span class='ocrx_word' id='word_1_308' title='bbox 2833 1149 3090 1203; x_wconf 80' lang='lat' dir='ltr'><strong>latrantes</strong></span> <span class='ocrx_word' id='word_1_309' title='bbox 3112 1159 3298 1219; x_wconf 85' lang='lat' dir='ltr'><strong>autem,</strong></span> <span class='ocrx_word' id='word_1_310' title='bbox 3328 1162 3373 1206; x_wconf 89' lang='lat' dir='ltr'><strong>et</strong></span> <span class='ocrx_word' id='word_1_311' title='bbox 3398 1152 3563 1221; x_wconf 88' lang='lat' dir='ltr'><strong>rogati</strong></span> <span class='ocrx_word' id='word_1_312' title='bbox 3583 1152 3653 1204; x_wconf 87' lang='lat' dir='ltr'><strong>ad</strong></span> 
     </span>
    </p>
   </div>
   <div class='ocr_carea' id='block_1_42' title="bbox 2079 1241 3652 1306">
    <p class='ocr_par' dir='ltr' id='par_1_42' title="bbox 2079 1241 3652 1306">
     <span class='ocr_line' id='line_1_42' title="bbox 2079 1241 3652 1306; baseline 0.004 -16"><span class='ocrx_word' id='word_1_313' title='bbox 2079 1254 2268 1291; x_wconf 68' lang='lat' dir='ltr'><strong>caenam</strong></span> <span class='ocrx_word' id='word_1_314' title='bbox 2294 1280 2308 1302; x_wconf 88' lang='lat'><strong>,</strong></span> <span class='ocrx_word' id='word_1_315' title='bbox 2361 1241 2514 1293; x_wconf 85' lang='lat' dir='ltr'><strong>nolite</strong></span> <span class='ocrx_word' id='word_1_316' title='bbox 2557 1241 2842 1295; x_wconf 79' lang='lat' dir='ltr'><strong>recumbere</strong></span> <span class='ocrx_word' id='word_1_317' title='bbox 2866 1242 2919 1295; x_wconf 88' lang='lat' dir='ltr'><strong>in</strong></span> <span class='ocrx_word' id='word_1_318' title='bbox 2951 1242 3075 1294; x_wconf 82' lang='lat' dir='ltr'><strong>locis</strong></span> <span class='ocrx_word' id='word_1_319' title='bbox 3102 1243 3509 1296; x_wconf 75' lang='lat' dir='ltr'><strong>eminentioribus</strong></span> <span class='ocrx_word' id='word_1_320' title='bbox 3542 1284 3555 1306; x_wconf 92' lang='lat'><strong>,</strong></span> <span class='ocrx_word' id='word_1_321' title='bbox 3587 1260 3652 1297; x_wconf 85' lang='lat' dir='ltr'><strong>ne</strong></span> 
     </span>
    </p>
   </div>
   <div class='ocr_carea' id='block_1_43' title="bbox 2076 1331 3645 1403">
    <p class='ocr_par' dir='ltr' id='par_1_43' title="bbox 2076 1331 3645 1403">
     <span class='ocr_line' id='line_1_43' title="bbox 2076 1331 3645 1403; baseline 0.005 -23"><span class='ocrx_word' id='word_1_322' title='bbox 2076 1332 2205 1399; x_wconf 71' lang='lat' dir='ltr'><strong>[arte</strong></span> <span class='ocrx_word' id='word_1_323' title='bbox 2230 1331 2415 1383; x_wconf 87' lang='lat' dir='ltr'><strong>clarior</strong></span> <span class='ocrx_word' id='word_1_324' title='bbox 2443 1341 2488 1384; x_wconf 90' lang='lat' dir='ltr'><strong>te</strong></span> <span class='ocrx_word' id='word_1_325' title='bbox 2514 1333 2865 1402; x_wconf 82' lang='lat' dir='ltr'><strong>superveniat;</strong></span> <span class='ocrx_word' id='word_1_326' title='bbox 2889 1342 2932 1385; x_wconf 87' lang='lat' dir='ltr'><strong>et</strong></span> <span class='ocrx_word' id='word_1_327' title='bbox 2959 1334 3222 1400; x_wconf 81' lang='lat' dir='ltr'><strong>accedens,</strong></span> <span class='ocrx_word' id='word_1_328' title='bbox 3253 1334 3339 1403; x_wconf 86' lang='lat' dir='ltr'><strong>qui</strong></span> <span class='ocrx_word' id='word_1_329' title='bbox 3363 1334 3430 1386; x_wconf 89' lang='lat' dir='ltr'><strong>ad</strong></span> <span class='ocrx_word' id='word_1_330' title='bbox 3451 1349 3645 1388; x_wconf 67' lang='lat' dir='ltr'><strong>caenam</strong></span> 
     </span>
    </p>
   </div>
   <div class='ocr_carea' id='block_1_44' title="bbox 2074 1423 3649 1486">
    <p class='ocr_par' dir='ltr' id='par_1_44' title="bbox 2074 1423 3649 1486">
     <span class='ocr_line' id='line_1_44' title="bbox 2074 1423 3649 1486; baseline 0.003 -11"><span class='ocrx_word' id='word_1_331' title='bbox 2074 1424 2268 1475; x_wconf 89' lang='lat' dir='ltr'><strong>vocavit</strong></span> <span class='ocrx_word' id='word_1_332' title='bbox 2297 1433 2360 1486; x_wconf 86' lang='lat' dir='ltr'><strong>te,</strong></span> <span class='ocrx_word' id='word_1_333' title='bbox 2408 1423 2541 1476; x_wconf 87' lang='lat' dir='ltr'><strong>dicat</strong></span> <span class='ocrx_word' id='word_1_334' title='bbox 2574 1425 2703 1477; x_wconf 89' lang='lat' dir='ltr'><strong>tibi:</strong></span> <span class='ocrx_word' id='word_1_335' title='bbox 2733 1424 2912 1478; x_wconf 82' lang='lat' dir='ltr'><strong>Adhuc</strong></span> <span class='ocrx_word' id='word_1_336' title='bbox 2940 1425 3175 1479; x_wconf 77' lang='lat' dir='ltr'><strong>deorsum</strong></span> <span class='ocrx_word' id='word_1_337' title='bbox 3204 1424 3385 1479; x_wconf 86' lang='lat' dir='ltr'><strong>accede</strong></span> <span class='ocrx_word' id='word_1_338' title='bbox 3407 1442 3425 1479; x_wconf 88' lang='lat'><strong><em>:</em></strong></span> <span class='ocrx_word' id='word_1_339' title='bbox 3450 1435 3495 1480; x_wconf 86' lang='lat' dir='ltr'><strong>et</strong></span> <span class='ocrx_word' id='word_1_340' title='bbox 3524 1442 3649 1480; x_wconf 87' lang='lat' dir='ltr'><strong>con-</strong></span> 
     </span>
    </p>
   </div>
   <div class='ocr_carea' id='block_1_45' title="bbox 2077 1514 3649 1587">
    <p class='ocr_par' dir='ltr' id='par_1_45' title="bbox 2077 1514 3649 1587">
     <span class='ocr_line' id='line_1_45' title="bbox 2077 1514 3649 1587; baseline 0.005 -22"><span class='ocrx_word' id='word_1_341' title='bbox 2077 1514 2329 1582; x_wconf 79' lang='lat' dir='ltr'><strong>fundaris.</strong></span> <span class='ocrx_word' id='word_1_342' title='bbox 2369 1515 2429 1569; x_wconf 82' lang='lat' dir='ltr'><strong>Si</strong></span> <span class='ocrx_word' id='word_1_343' title='bbox 2454 1524 2621 1568; x_wconf 85' lang='lat' dir='ltr'><strong>autent</strong></span> <span class='ocrx_word' id='word_1_344' title='bbox 2646 1517 2831 1570; x_wconf 86' lang='lat' dir='ltr'><strong>inloco</strong></span> <span class='ocrx_word' id='word_1_345' title='bbox 2859 1517 3088 1587; x_wconf 78' lang='lat' dir='ltr'><strong>inferiori</strong></span> <span class='ocrx_word' id='word_1_346' title='bbox 3128 1518 3436 1584; x_wconf 83' lang='lat' dir='ltr'><strong>recubueris,</strong></span> <span class='ocrx_word' id='word_1_347' title='bbox 3470 1528 3517 1572; x_wconf 84' lang='lat' dir='ltr'><strong>et</strong></span> <span class='ocrx_word' id='word_1_348' title='bbox 3557 1536 3649 1573; x_wconf 86' lang='lat' dir='ltr'><strong>su-</strong></span> 
     </span>
    </p>
   </div>
   <div class='ocr_carea' id='block_1_46' title="bbox 2076 1606 3653 1677">
    <p class='ocr_par' dir='ltr' id='par_1_46' title="bbox 2076 1606 3653 1677">
     <span class='ocr_line' id='line_1_46' title="bbox 2076 1606 3653 1677; baseline 0.004 -18"><span class='ocrx_word' id='word_1_349' title='bbox 2076 1608 2353 1675; x_wconf 73' lang='lat' dir='ltr'><strong>pervenerit</strong></span> <span class='ocrx_word' id='word_1_350' title='bbox 2382 1606 2620 1661; x_wconf 78' lang='lat' dir='ltr'><strong>humilior</strong></span> <span class='ocrx_word' id='word_1_351' title='bbox 2649 1618 2716 1673; x_wconf 87' lang='lat' dir='ltr'><strong>te,</strong></span> <span class='ocrx_word' id='word_1_352' title='bbox 2743 1608 2871 1661; x_wconf 85' lang='lat' dir='ltr'><strong>dicet</strong></span> <span class='ocrx_word' id='word_1_353' title='bbox 2903 1609 2991 1661; x_wconf 88' lang='lat' dir='ltr'><strong>tibi</strong></span> <span class='ocrx_word' id='word_1_354' title='bbox 3030 1610 3116 1677; x_wconf 87' lang='lat' dir='ltr'><strong>qui</strong></span> <span class='ocrx_word' id='word_1_355' title='bbox 3142 1608 3208 1661; x_wconf 87' lang='lat' dir='ltr'><strong>ad</strong></span> <span class='ocrx_word' id='word_1_356' title='bbox 3233 1626 3427 1665; x_wconf 71' lang='lat' dir='ltr'><strong>coenam</strong></span> <span class='ocrx_word' id='word_1_357' title='bbox 3462 1611 3653 1665; x_wconf 72' lang='lat' dir='ltr'><strong>vocavit</strong></span> 
     </span>
    </p>
   </div>
   <div class='ocr_carea' id='block_1_47' title="bbox 2077 1696 3653 1757">
    <p class='ocr_par' dir='ltr' id='par_1_47' title="bbox 2077 1696 3653 1757">
     <span class='ocr_line' id='line_1_47' title="bbox 2077 1696 3653 1757; baseline 0.008 -12"><span class='ocrx_word' id='word_1_358' title='bbox 2077 1704 2163 1749; x_wconf 86' lang='lat' dir='ltr'><strong>te:</strong></span> <span class='ocrx_word' id='word_1_359' title='bbox 2193 1696 2384 1751; x_wconf 81' lang='lat' dir='ltr'><strong>Accede</strong></span> <span class='ocrx_word' id='word_1_360' title='bbox 2411 1697 2576 1751; x_wconf 86' lang='lat' dir='ltr'><strong>adhuc</strong></span> <span class='ocrx_word' id='word_1_361' title='bbox 2604 1714 2825 1751; x_wconf 86' lang='lat' dir='ltr'><strong>sursum.</strong></span> <span class='ocrx_word' id='word_1_362' title='bbox 2861 1697 2925 1751; x_wconf 80' lang='lat' dir='ltr'><strong>Et</strong></span> <span class='ocrx_word' id='word_1_363' title='bbox 2955 1700 3047 1752; x_wconf 78' lang='lat' dir='ltr'><strong>erit</strong></span> <span class='ocrx_word' id='word_1_364' title='bbox 3078 1700 3171 1753; x_wconf 91' lang='lat' dir='ltr'><strong>hoc</strong></span> <span class='ocrx_word' id='word_1_365' title='bbox 3194 1700 3282 1753; x_wconf 83' lang='lat' dir='ltr'><strong>tibi</strong></span> <span class='ocrx_word' id='word_1_366' title='bbox 3313 1703 3508 1756; x_wconf 86' lang='lat' dir='ltr'><strong>utilius.</strong></span> <span class='ocrx_word' id='word_1_367' title='bbox 3551 1702 3653 1757; x_wconf 88' lang='lat' dir='ltr'><strong>Pa-</strong></span> 
     </span>
    </p>
   </div>
   <div class='ocr_carea' id='block_1_48' title="bbox 2076 1788 3652 1856">
    <p class='ocr_par' dir='ltr' id='par_1_48' title="bbox 2076 1788 3652 1856">
     <span class='ocr_line' id='line_1_48' title="bbox 2076 1788 3652 1856; baseline 0.008 -17"><span class='ocrx_word' id='word_1_368' title='bbox 2076 1788 2151 1841; x_wconf 90' lang='lat' dir='ltr'><strong>ria</strong></span> <span class='ocrx_word' id='word_1_369' title='bbox 2181 1788 2377 1842; x_wconf 85' lang='lat' dir='ltr'><strong>habent</strong></span> <span class='ocrx_word' id='word_1_370' title='bbox 2394 1788 3411 1856; x_wconf 73' lang='lat' dir='ltr'><strong>CodicesCorheien.,Sun-Germanen.</strong></span> <span class='ocrx_word' id='word_1_371' title='bbox 3436 1806 3489 1850; x_wconf 88' lang='lat' dir='ltr'><strong>et</strong></span> <span class='ocrx_word' id='word_1_372' title='bbox 3510 1796 3652 1851; x_wconf 85' lang='lat' dir='ltr'><strong>alius</strong></span> 
     </span>
    </p>
   </div>
   <div class='ocr_carea' id='block_1_49' title="bbox 2077 1878 3652 1940">
    <p class='ocr_par' dir='ltr' id='par_1_49' title="bbox 2077 1878 3652 1940">
     <span class='ocr_line' id='line_1_49' title="bbox 2077 1878 3652 1940; baseline 0.005 -8"><span class='ocrx_word' id='word_1_373' title='bbox 2077 1878 2381 1933; x_wconf 82' lang='lat' dir='ltr'><strong>Monasterii</strong></span> <span class='ocrx_word' id='word_1_374' title='bbox 2410 1881 2589 1937; x_wconf 78' lang='lat' dir='ltr'><strong>Sancti</strong></span> <span class='ocrx_word' id='word_1_375' title='bbox 2621 1882 2848 1937; x_wconf 78' lang='lat' dir='ltr'><strong>Andreze</strong></span> <span class='ocrx_word' id='word_1_376' title='bbox 2883 1898 3040 1937; x_wconf 87' lang='lat' dir='ltr'><strong>secus</strong></span> <span class='ocrx_word' id='word_1_377' title='bbox 3078 1886 3430 1940; x_wconf 84' lang='lat' dir='ltr'><strong>Avenionent.</strong></span> <span class='ocrx_word' id='word_1_378' title='bbox 3465 1886 3652 1940; x_wconf 78' lang='lat' dir='ltr'><strong>Exstat</strong></span> 
     </span>
    </p>
   </div>
   <div class='ocr_carea' id='block_1_50' title="bbox 1997 1969 3643 2041">
    <p class='ocr_par' dir='ltr' id='par_1_50' title="bbox 1997 1969 3643 2041">
     <span class='ocr_line' id='line_1_50' title="bbox 1997 1969 3643 2041; baseline 0.002 -14"><span class='ocrx_word' id='word_1_379' title='bbox 1997 1969 2041 2027; x_wconf 80' lang='grc' dir='ltr'><strong>Β</strong></span> <span class='ocrx_word' id='word_1_380' title='bbox 2069 1987 2277 2041; x_wconf 83' lang='lat' dir='ltr'><strong>quoque</strong></span> <span class='ocrx_word' id='word_1_381' title='bbox 2301 1971 2439 2026; x_wconf 88' lang='lat' dir='ltr'><strong>idem</strong></span> <span class='ocrx_word' id='word_1_382' title='bbox 2468 1986 2825 2028; x_wconf 87' lang='lat' dir='ltr'><strong>assutuentnm</strong></span> <span class='ocrx_word' id='word_1_383' title='bbox 2857 1976 2907 2028; x_wconf 92' lang='lat' dir='ltr'><strong>in</strong></span> <span class='ocrx_word' id='word_1_384' title='bbox 2937 1976 2971 2029; x_wconf 73' lang='lat'>2</span> <span class='ocrx_word' id='word_1_385' title='bbox 3021 1976 3226 2031; x_wconf 75' lang='lat' dir='ltr'><strong>Latinis</strong></span> <span class='ocrx_word' id='word_1_386' title='bbox 3253 1977 3413 2031; x_wconf 89' lang='lat' dir='ltr'><strong>codd.</strong></span> <span class='ocrx_word' id='word_1_387' title='bbox 3448 1978 3643 2033; x_wconf 73' lang='lat' dir='ltr'><strong>biblio-</strong></span> 
     </span>
    </p>
   </div>
   <div class='ocr_carea' id='block_1_51' title="bbox 2077 2060 3652 2136">
    <p class='ocr_par' dir='ltr' id='par_1_51' title="bbox 2077 2060 3652 2136">
     <span class='ocr_line' id='line_1_51' title="bbox 2077 2060 3652 2136; baseline 0.007 -23"><span class='ocrx_word' id='word_1_388' title='bbox 2077 2062 2243 2115; x_wconf 76' lang='lat' dir='ltr'><strong>theca:</strong></span> <span class='ocrx_word' id='word_1_389' title='bbox 2276 2060 2600 2129; x_wconf 84' lang='lat' dir='ltr'><strong>Bodleianac,</strong></span> <span class='ocrx_word' id='word_1_390' title='bbox 2629 2075 2683 2119; x_wconf 89' lang='lat' dir='ltr'><strong>et</strong></span> <span class='ocrx_word' id='word_1_391' title='bbox 2713 2065 2765 2121; x_wconf 90' lang='lat' dir='ltr'><strong>iu</strong></span> <span class='ocrx_word' id='word_1_392' title='bbox 2811 2066 3130 2136; x_wconf 86' lang='lat' dir='ltr'><strong>quibusdam</strong></span> <span class='ocrx_word' id='word_1_393' title='bbox 3182 2069 3456 2123; x_wconf 78' lang='lat' dir='ltr'><strong>veteribus</strong></span> <span class='ocrx_word' id='word_1_394' title='bbox 3502 2068 3652 2124; x_wconf 87' lang='lat' dir='ltr'><strong>libris</strong></span> 
     </span>
    </p>
   </div>
   <div class='ocr_carea' id='block_1_52' title="bbox 2080 2155 3649 2229">
    <p class='ocr_par' dir='ltr' id='par_1_52' title="bbox 2080 2155 3649 2229">
     <span class='ocr_line' id='line_1_52' title="bbox 2080 2155 3649 2229; baseline 0.004 -21"><span class='ocrx_word' id='word_1_395' title='bbox 2080 2155 2348 2209; x_wconf 89' lang='lat' dir='ltr'><strong>Versionis</strong></span> <span class='ocrx_word' id='word_1_396' title='bbox 2370 2156 2644 2213; x_wconf 74' lang='lat' dir='ltr'><strong>Saxonica:</strong></span> <span class='ocrx_word' id='word_1_397' title='bbox 2668 2159 2806 2227; x_wconf 88' lang='lat' dir='ltr'><strong>apud</strong></span> <span class='ocrx_word' id='word_1_398' title='bbox 2828 2158 2955 2214; x_wconf 87' lang='lat' dir='ltr'><strong>Var.</strong></span> <span class='ocrx_word' id='word_1_399' title='bbox 2987 2159 3140 2215; x_wconf 70' lang='lat' dir='ltr'><strong>Lees.</strong></span> <span class='ocrx_word' id='word_1_400' title='bbox 3157 2159 3301 2214; x_wconf 76' lang='lat' dir='ltr'><strong>Millii</strong></span> <span class='ocrx_word' id='word_1_401' title='bbox 3324 2179 3337 2213; x_wconf 83' lang='lat'><strong>;</strong></span> <span class='ocrx_word' id='word_1_402' title='bbox 3363 2162 3489 2214; x_wconf 88' lang='lat' dir='ltr'><strong>item</strong></span> <span class='ocrx_word' id='word_1_403' title='bbox 3512 2160 3649 2229; x_wconf 87' lang='lat' dir='ltr'><strong>apud</strong></span> 
     </span>
    </p>
   </div>
   <div class='ocr_carea' id='block_1_53' title="bbox 2077 2245 3653 2319">
    <p class='ocr_par' dir='ltr' id='par_1_53' title="bbox 2077 2245 3653 2319">
     <span class='ocr_line' id='line_1_53' title="bbox 2077 2245 3653 2319; baseline 0.004 -20"><span class='ocrx_word' id='word_1_404' title='bbox 2077 2245 2135 2299; x_wconf 89' lang='lat' dir='ltr'><strong>S.</strong></span> <span class='ocrx_word' id='word_1_405' title='bbox 2169 2247 2421 2300; x_wconf 81' lang='lat' dir='ltr'><strong>Hilarium</strong></span> <span class='ocrx_word' id='word_1_406' title='bbox 2470 2248 2585 2315; x_wconf 87' lang='lat' dir='ltr'><strong>hic,</strong></span> <span class='ocrx_word' id='word_1_407' title='bbox 2619 2264 2766 2303; x_wconf 90' lang='lat' dir='ltr'><strong>num.</strong></span> <span class='ocrx_word' id='word_1_408' title='bbox 2814 2250 2901 2313; x_wconf 72' lang='grc'><strong>12,</strong></span> <span class='ocrx_word' id='word_1_409' title='bbox 2935 2259 2990 2304; x_wconf 88' lang='lat' dir='ltr'><strong>et</strong></span> <span class='ocrx_word' id='word_1_410' title='bbox 3017 2249 3157 2319; x_wconf 84' lang='lat' dir='ltr'><strong>apud</strong></span> <span class='ocrx_word' id='word_1_411' title='bbox 3190 2249 3247 2306; x_wconf 91' lang='lat' dir='ltr'><strong>S.</strong></span> <span class='ocrx_word' id='word_1_412' title='bbox 3280 2250 3513 2308; x_wconf 85' lang='lat' dir='ltr'><strong>Leonem</strong></span> <span class='ocrx_word' id='word_1_413' title='bbox 3545 2251 3653 2306; x_wconf 86' lang='lat' dir='ltr'><strong>Ma-</strong></span> 
     </span>
    </p>
   </div>
   <div class='ocr_carea' id='block_1_54' title="bbox 2074 2337 3307 2412">
    <p class='ocr_par' dir='ltr' id='par_1_54' title="bbox 2074 2337 3307 2412">
     <span class='ocr_line' id='line_1_54' title="bbox 2074 2337 3307 2412; baseline 0.004 -23"><span class='ocrx_word' id='word_1_414' title='bbox 2074 2353 2234 2407; x_wconf 79' lang='lat' dir='ltr'><strong>gnum</strong></span> <span class='ocrx_word' id='word_1_415' title='bbox 2265 2339 2313 2391; x_wconf 90' lang='lat' dir='ltr'><strong>in</strong></span> <span class='ocrx_word' id='word_1_416' title='bbox 2344 2337 2500 2408; x_wconf 67' lang='lat' dir='ltr'><strong>epist.</strong></span> <span class='ocrx_word' id='word_1_417' title='bbox 2528 2339 2594 2395; x_wconf 89' lang='lat' dir='ltr'><strong>ad</strong></span> <span class='ocrx_word' id='word_1_418' title='bbox 2620 2339 2954 2395; x_wconf 84' lang='lat' dir='ltr'><strong>Pulcltcriatn</strong></span> <span class='ocrx_word' id='word_1_419' title='bbox 2989 2341 3307 2412; x_wconf 72' lang='lat' dir='ltr'><strong>Augustam.</strong></span> 
     </span>
    </p>
   </div>
   <div class='ocr_carea' id='block_1_55' title="bbox 2149 3238 3725 3326">
    <p class='ocr_par' dir='ltr' id='par_1_55' title="bbox 2149 3238 3725 3326">
     <span class='ocr_line' id='line_1_55' title="bbox 2149 3238 3725 3326; baseline 0 -15"><span class='ocrx_word' id='word_1_420' title='bbox 2149 3258 2306 3311; x_wconf 85' lang='lat' dir='ltr'><strong>Marci</strong></span> <span class='ocrx_word' id='word_1_421' title='bbox 2336 3272 2453 3326; x_wconf 87' lang='lat' dir='ltr'><strong>cap.</strong></span> <span class='ocrx_word' id='word_1_422' title='bbox 2490 3273 2568 3322; x_wconf 85' lang='lat' dir='ltr'><strong>Ill,</strong></span> <span class='ocrx_word' id='word_1_423' title='bbox 2602 3258 2654 3312; x_wconf 86' lang='lat'><strong>5.</strong></span> <span class='ocrx_word' id='word_1_424' title='bbox 2684 3257 2867 3313; x_wconf 75' lang='lat' dir='ltr'><strong>Codex</strong></span> <span class='ocrx_word' id='word_1_425' title='bbox 2901 3257 3291 3323; x_wconf 88' lang='lat' dir='ltr'><strong>Vercellensis,</strong></span> <span class='ocrx_word' id='word_1_426' title='bbox 3324 3256 3393 3311; x_wconf 81' lang='lat' dir='ltr'><strong>Et</strong></span> <span class='ocrx_word' id='word_1_427' title='bbox 3432 3258 3653 3312; x_wconf 82' lang='lat' dir='ltr'><strong>circum-</strong></span> <span class='ocrx_word' id='word_1_428' title='bbox 3724 3238 3725 3241; x_wconf 8' lang='grc' dir='ltr'><strong>η</strong></span> 
     </span>
    </p>
   </div>
   <div class='ocr_carea' id='block_1_56' title="bbox 401 3331 3655 3419">
    <p class='ocr_par' dir='ltr' id='par_1_56' title="bbox 401 3331 3655 3419">
     <span class='ocr_line' id='line_1_56' title="bbox 401 3331 3655 3419; baseline -0.001 -14"><span class='ocrx_word' id='word_1_429' title='bbox 401 3352 523 3419; x_wconf 78' lang='lat' dir='ltr'><strong>gelii</strong></span> <span class='ocrx_word' id='word_1_430' title='bbox 548 3351 724 3406; x_wconf 85' lang='lat' dir='ltr'><strong>verbis</strong></span> <span class='ocrx_word' id='word_1_431' title='bbox 750 3352 963 3419; x_wconf 86' lang='lat' dir='ltr'><strong>antiqua</strong></span> <span class='ocrx_word' id='word_1_432' title='bbox 988 3351 1314 3405; x_wconf 85' lang='lat' dir='ltr'><strong>Latinaltala</strong></span> <span class='ocrx_word' id='word_1_433' title='bbox 1356 3350 1755 3418; x_wconf 85' lang='lat' dir='ltr'><strong>interpretatio:</strong></span> <span class='ocrx_word' id='word_1_434' title='bbox 1790 3349 1856 3401; x_wconf 82' lang='lat' dir='ltr'><strong>Et</strong></span> <span class='ocrx_word' id='word_1_435' title='bbox 1876 3351 1977 3403; x_wconf 88' lang='lat' dir='ltr'><strong>cir—</strong></span> <span class='ocrx_word' id='word_1_436' title='bbox 2003 3331 2045 3391; x_wconf 69' lang='grc' dir='ltr'><strong>Ο</strong></span> <span class='ocrx_word' id='word_1_437' title='bbox 2081 3350 2300 3417; x_wconf 82' lang='lat' dir='ltr'><strong>spicieus</strong></span> <span class='ocrx_word' id='word_1_438' title='bbox 2342 3364 2424 3400; x_wconf 85' lang='lat' dir='ltr'><strong>eos</strong></span> <span class='ocrx_word' id='word_1_439' title='bbox 2454 3365 2567 3401; x_wconf 85' lang='lat' dir='ltr'><strong>cum</strong></span> <span class='ocrx_word' id='word_1_440' title='bbox 2611 3350 2899 3412; x_wconf 80' lang='lat' dir='ltr'><strong>iracundia,</strong></span> <span class='ocrx_word' id='word_1_441' title='bbox 2953 3350 3130 3402; x_wconf 87' lang='lat' dir='ltr'><strong>dolens</strong></span> <span class='ocrx_word' id='word_1_442' title='bbox 3175 3364 3330 3418; x_wconf 87' lang='lat' dir='ltr'><strong>super</strong></span> <span class='ocrx_word' id='word_1_443' title='bbox 3377 3349 3655 3403; x_wconf 67' lang='lat' dir='ltr'><strong>cecitatem</strong></span> 
     </span>
    </p>
   </div>
   <div class='ocr_carea' id='block_1_57' title="bbox 402 3440 1979 3510">
    <p class='ocr_par' dir='ltr' id='par_1_57' title="bbox 402 3440 1979 3510">
     <span class='ocr_line' id='line_1_57' title="bbox 402 3440 1979 3510; baseline 0 -19"><span class='ocrx_word' id='word_1_444' title='bbox 402 3442 730 3507; x_wconf 81' lang='lat' dir='ltr'><strong>cumspicicns</strong></span> <span class='ocrx_word' id='word_1_445' title='bbox 753 3458 833 3494; x_wconf 88' lang='lat' dir='ltr'><strong>eos</strong></span> <span class='ocrx_word' id='word_1_446' title='bbox 848 3458 958 3493; x_wconf 82' lang='lat' dir='ltr'><strong>cum</strong></span> <span class='ocrx_word' id='word_1_447' title='bbox 982 3441 1326 3510; x_wconf 82' lang='lat' dir='ltr'><strong>indignatione</strong></span> <span class='ocrx_word' id='word_1_448' title='bbox 1346 3457 1496 3510; x_wconf 84' lang='lat' dir='ltr'><strong>super</strong></span> <span class='ocrx_word' id='word_1_449' title='bbox 1517 3449 1741 3492; x_wconf 85' lang='lat' dir='ltr'><strong>emortua</strong></span> <span class='ocrx_word' id='word_1_450' title='bbox 1775 3440 1979 3492; x_wconf 84' lang='lat' dir='ltr'><strong>illorum</strong></span> 
     </span>
    </p>
   </div>
   <div class='ocr_carea' id='block_1_58' title="bbox 405 3529 1976 3595">
    <p class='ocr_par' dir='ltr' id='par_1_58' title="bbox 405 3529 1976 3595">
     <span class='ocr_line' id='line_1_58' title="bbox 405 3529 1976 3595; baseline -0.001 -14"><span class='ocrx_word' id='word_1_451' title='bbox 405 3530 581 3592; x_wconf 85' lang='lat' dir='ltr'><strong>corda,</strong></span> <span class='ocrx_word' id='word_1_452' title='bbox 599 3531 723 3582; x_wconf 77' lang='lat' dir='ltr'><strong>dixit</strong></span> <span class='ocrx_word' id='word_1_453' title='bbox 740 3532 962 3584; x_wconf 86' lang='lat' dir='ltr'><strong>homini:</strong></span> <span class='ocrx_word' id='word_1_454' title='bbox 989 3530 1217 3585; x_wconf 79' lang='lat' dir='ltr'><strong>Extende</strong></span> <span class='ocrx_word' id='word_1_455' title='bbox 1238 3548 1443 3583; x_wconf 88' lang='lat' dir='ltr'><strong>manum</strong></span> <span class='ocrx_word' id='word_1_456' title='bbox 1474 3540 1627 3582; x_wconf 83' lang='lat' dir='ltr'><strong>luant.</strong></span> <span class='ocrx_word' id='word_1_457' title='bbox 1654 3530 1717 3583; x_wconf 86' lang='lat' dir='ltr'><strong>Et</strong></span> <span class='ocrx_word' id='word_1_458' title='bbox 1734 3529 1976 3595; x_wconf 77' lang='lat' dir='ltr'><strong>extendit,</strong></span> 
     </span>
    </p>
   </div>
   <div class='ocr_carea' id='block_1_59' title="bbox 404 3622 1976 3687">
    <p class='ocr_par' dir='ltr' id='par_1_59' title="bbox 404 3622 1976 3687">
     <span class='ocr_line' id='line_1_59' title="bbox 404 3622 1976 3687; baseline 0.003 -17"><span class='ocrx_word' id='word_1_459' title='bbox 404 3631 449 3670; x_wconf 77' lang='lat' dir='ltr'><strong>ct</strong></span> <span class='ocrx_word' id='word_1_460' title='bbox 500 3623 728 3673; x_wconf 88' lang='lat' dir='ltr'><strong>restituta</strong></span> <span class='ocrx_word' id='word_1_461' title='bbox 754 3633 824 3675; x_wconf 86' lang='lat' dir='ltr'><strong>est</strong></span> <span class='ocrx_word' id='word_1_462' title='bbox 851 3638 1030 3675; x_wconf 83' lang='lat' dir='ltr'><strong>manus</strong></span> <span class='ocrx_word' id='word_1_463' title='bbox 1056 3622 1125 3685; x_wconf 83' lang='lat' dir='ltr'><strong>ei,</strong></span> <span class='ocrx_word' id='word_1_464' title='bbox 1145 3624 1276 3676; x_wconf 82' lang='lat' dir='ltr'><strong>sicut</strong></span> <span class='ocrx_word' id='word_1_465' title='bbox 1297 3634 1345 3677; x_wconf 90' lang='lat' dir='ltr'><strong>et</strong></span> <span class='ocrx_word' id='word_1_466' title='bbox 1371 3623 1531 3675; x_wconf 89' lang='lat' dir='ltr'><strong>altera</strong></span> <span class='ocrx_word' id='word_1_467' title='bbox 1564 3637 1657 3687; x_wconf 85' lang='lat' dir='ltr'><strong>pro</strong></span> <span class='ocrx_word' id='word_1_468' title='bbox 1691 3623 1881 3687; x_wconf 81' lang='lat' dir='ltr'><strong>quibus</strong></span> <span class='ocrx_word' id='word_1_469' title='bbox 1927 3623 1976 3675; x_wconf 90' lang='lat' dir='ltr'><strong>in</strong></span> 
     </span>
    </p>
   </div>
   <div class='ocr_carea' id='block_1_60' title="bbox 408 3696 1979 3785">
    <p class='ocr_par' dir='ltr' id='par_1_60' title="bbox 408 3713 1979 3785">
     <span class='ocr_line' id='line_1_60' title="bbox 408 3713 1979 3785; baseline 0.002 -21"><span class='ocrx_word' id='word_1_470' title='bbox 408 3713 631 3783; x_wconf 78' lang='lat' dir='ltr'><strong>Vulgata</strong></span> <span class='ocrx_word' id='word_1_471' title='bbox 664 3714 923 3783; x_wconf 83' lang='lat' dir='ltr'><strong>legimus:</strong></span> <span class='ocrx_word' id='word_1_472' title='bbox 958 3715 1020 3769; x_wconf 73' lang='lat' dir='ltr'><strong>Et</strong></span> <span class='ocrx_word' id='word_1_473' title='bbox 1052 3716 1462 3785; x_wconf 76' lang='lat' dir='ltr'><strong>circumspiciens</strong></span> <span class='ocrx_word' id='word_1_474' title='bbox 1489 3731 1571 3768; x_wconf 86' lang='lat' dir='ltr'><strong>eos</strong></span> <span class='ocrx_word' id='word_1_475' title='bbox 1601 3731 1711 3766; x_wconf 88' lang='lat' dir='ltr'><strong>cum</strong></span> <span class='ocrx_word' id='word_1_476' title='bbox 1734 3715 1827 3776; x_wconf 85' lang='lat' dir='ltr'><strong>ira,</strong></span> <span class='ocrx_word' id='word_1_477' title='bbox 1855 3730 1979 3767; x_wconf 88' lang='lat' dir='ltr'><strong>con-</strong></span> 
     </span>
    </p>
   </div>
   <div class='ocr_carea' id='block_1_61' title="bbox 408 3806 1975 3874">
    <p class='ocr_par' dir='ltr' id='par_1_61' title="bbox 408 3806 1975 3874">
     <span class='ocr_line' id='line_1_61' title="bbox 408 3806 1975 3874; baseline -0.002 -15"><span class='ocrx_word' id='word_1_478' title='bbox 408 3808 635 3860; x_wconf 82' lang='lat' dir='ltr'><strong>tristatus</strong></span> <span class='ocrx_word' id='word_1_479' title='bbox 665 3824 817 3874; x_wconf 86' lang='lat' dir='ltr'><strong>super</strong></span> <span class='ocrx_word' id='word_1_480' title='bbox 848 3809 1067 3860; x_wconf 69' lang='lat' dir='ltr'><strong>ueritate</strong></span> <span class='ocrx_word' id='word_1_481' title='bbox 1092 3808 1261 3859; x_wconf 81' lang='lat' dir='ltr'><strong>cordis</strong></span> <span class='ocrx_word' id='word_1_482' title='bbox 1310 3824 1505 3867; x_wconf 83' lang='lat' dir='ltr'><strong>eorum,</strong></span> <span class='ocrx_word' id='word_1_483' title='bbox 1538 3807 1660 3857; x_wconf 88' lang='lat' dir='ltr'><strong>dicit</strong></span> <span class='ocrx_word' id='word_1_484' title='bbox 1694 3806 1975 3859; x_wconf 83' lang='lat' dir='ltr'><strong>homini...</strong></span> 
     </span>
    </p>
   </div>
   <div class='ocr_carea' id='block_1_62' title="bbox 410 3893 1975 3961">
    <p class='ocr_par' dir='ltr' id='par_1_62' title="bbox 410 3893 1975 3961">
     <span class='ocr_line' id='line_1_62' title="bbox 410 3893 1975 3961; baseline -0.004 -12"><span class='ocrx_word' id='word_1_485' title='bbox 410 3908 455 3949; x_wconf 87' lang='lat' dir='ltr'><strong>ct</strong></span> <span class='ocrx_word' id='word_1_486' title='bbox 483 3898 711 3951; x_wconf 86' lang='lat' dir='ltr'><strong>restituta</strong></span> <span class='ocrx_word' id='word_1_487' title='bbox 751 3906 821 3949; x_wconf 87' lang='lat' dir='ltr'><strong>est</strong></span> <span class='ocrx_word' id='word_1_488' title='bbox 854 3913 1033 3947; x_wconf 88' lang='lat' dir='ltr'><strong>manus</strong></span> <span class='ocrx_word' id='word_1_489' title='bbox 1060 3894 1137 3947; x_wconf 87' lang='lat' dir='ltr'><strong>illi</strong></span> <span class='ocrx_word' id='word_1_490' title='bbox 1162 3910 1178 3946; x_wconf 93' lang='lat'><em>:</em></span> <span class='ocrx_word' id='word_1_491' title='bbox 1207 3909 1325 3961; x_wconf 65' lang='lat' dir='ltr'><strong>qua:</strong></span> <span class='ocrx_word' id='word_1_492' title='bbox 1351 3893 1521 3960; x_wconf 78' lang='lat' dir='ltr'><strong>magis</strong></span> <span class='ocrx_word' id='word_1_493' title='bbox 1548 3894 1833 3944; x_wconf 71' lang='lat' dir='ltr'><strong>concinnnt</strong></span> <span class='ocrx_word' id='word_1_494' title='bbox 1856 3907 1975 3944; x_wconf 90' lang='lat' dir='ltr'><strong>cum</strong></span> 
     </span>
    </p>
   </div>
   <div class='ocr_carea' id='block_1_63' title="bbox 408 3982 1980 4057">
    <p class='ocr_par' dir='ltr' id='par_1_63' title="bbox 408 3982 1980 4057">
     <span class='ocr_line' id='line_1_63' title="bbox 408 3982 1980 4057; baseline -0.005 -15"><span class='ocrx_word' id='word_1_495' title='bbox 408 3988 613 4049; x_wconf 70' lang='lat' dir='ltr'><strong>Grmco,</strong></span> <span class='ocrx_word' id='word_1_496' title='bbox 646 3986 732 4041; x_wconf 85' lang='lat' dir='ltr'><strong>ubi</strong></span> <span class='ocrx_word' id='word_1_497' title='bbox 775 3988 855 4041; x_wconf 91' lang='lat' dir='ltr'><strong>sic</strong></span> <span class='ocrx_word' id='word_1_498' title='bbox 899 3986 1122 4039; x_wconf 74' lang='lat' dir='ltr'><strong>habetur</strong></span> <span class='ocrx_word' id='word_1_499' title='bbox 1166 4001 1179 4037; x_wconf 89' lang='lat'><strong>:</strong></span> <span class='ocrx_word' id='word_1_500' title='bbox 1214 3987 1304 4037; x_wconf 77' lang='grc' dir='ltr'><strong>Καὶ</strong></span> <span class='ocrx_word' id='word_1_501' title='bbox 1335 3982 1765 4057; x_wconf 59' lang='grc' dir='ltr'><strong>περιωεῲάμενος</strong></span> <span class='ocrx_word' id='word_1_502' title='bbox 1793 3984 1980 4041; x_wconf 69' lang='grc' dir='ltr'><strong>αὐτοὺς</strong></span> 
     </span>
    </p>
   </div>
   <div class='ocr_carea' id='block_1_64' title="bbox 409 4074 1981 4155">
    <p class='ocr_par' dir='ltr' id='par_1_64' title="bbox 409 4074 1981 4155">
     <span class='ocr_line' id='line_1_64' title="bbox 409 4074 1981 4155; baseline -0.004 -21"><span class='ocrx_word' id='word_1_503' title='bbox 409 4083 516 4151; x_wconf 77' lang='grc' dir='ltr'><strong>μετ’</strong></span> <span class='ocrx_word' id='word_1_504' title='bbox 545 4084 717 4155; x_wconf 70' lang='grc' dir='ltr'><strong>ὀργῆς,</strong></span> <span class='ocrx_word' id='word_1_505' title='bbox 748 4078 1158 4150; x_wconf 71' lang='grc' dir='ltr'><strong>συλλυπούμενος</strong></span> <span class='ocrx_word' id='word_1_506' title='bbox 1188 4078 1270 4130; x_wconf 85' lang='grc' dir='ltr'><strong>ἐπὶ</strong></span> <span class='ocrx_word' id='word_1_507' title='bbox 1296 4085 1356 4149; x_wconf 73' lang='grc' dir='ltr'>τῇ</span> <span class='ocrx_word' id='word_1_508' title='bbox 1386 4078 1624 4149; x_wconf 78' lang='grc' dir='ltr'><strong>πωρώσει</strong></span> <span class='ocrx_word' id='word_1_509' title='bbox 1658 4084 1747 4135; x_wconf 81' lang='grc' dir='ltr'><strong>τῆς</strong></span> <span class='ocrx_word' id='word_1_510' title='bbox 1770 4074 1981 4149; x_wconf 74' lang='grc' dir='ltr'><strong>καρδίας</strong></span> 
     </span>
    </p>
   </div>
   <div class='ocr_carea' id='block_1_65' title="bbox 409 4165 1979 4243">
    <p class='ocr_par' dir='ltr' id='par_1_65' title="bbox 409 4165 1979 4243">
     <span class='ocr_line' id='line_1_65' title="bbox 409 4165 1979 4243; baseline -0.006 -20"><span class='ocrx_word' id='word_1_511' title='bbox 409 4171 594 4231; x_wconf 69' lang='grc' dir='ltr'><strong>αὐτῶν,</strong></span> <span class='ocrx_word' id='word_1_512' title='bbox 624 4170 751 4239; x_wconf 74' lang='grc' dir='ltr'><strong>λέγει</strong></span> <span class='ocrx_word' id='word_1_513' title='bbox 774 4178 844 4223; x_wconf 79' lang='grc' dir='ltr'><strong>τῶ</strong></span> <span class='ocrx_word' id='word_1_514' title='bbox 876 4171 1242 4243; x_wconf 75' lang='grc' dir='ltr'><strong>ἀνορό›πῳ.....</strong></span> <span class='ocrx_word' id='word_1_515' title='bbox 1278 4169 1361 4220; x_wconf 77' lang='grc' dir='ltr'><strong>καὶ</strong></span> <span class='ocrx_word' id='word_1_516' title='bbox 1386 4165 1775 4220; x_wconf 75' lang='grc' dir='ltr'><strong>ἀποκατεστάθη</strong></span> <span class='ocrx_word' id='word_1_517' title='bbox 1802 4166 1830 4220; x_wconf 78' lang='grc' dir='ltr'>ἡ</span> <span class='ocrx_word' id='word_1_518' title='bbox 1861 4166 1979 4236; x_wconf 81' lang='grc' dir='ltr'><strong>χεὶρ</strong></span> 
     </span>
    </p>
   </div>
   <div class='ocr_carea' id='block_1_66' title="bbox 408 4256 887 4317">
    <p class='ocr_par' dir='ltr' id='par_1_66' title="bbox 408 4256 887 4317">
     <span class='ocr_line' id='line_1_66' title="bbox 408 4256 887 4317; baseline 0 -4"><span class='ocrx_word' id='word_1_519' title='bbox 408 4261 562 4314; x_wconf 76' lang='grc' dir='ltr'>αὐτοῦ</span> <span class='ocrx_word' id='word_1_520' title='bbox 593 4261 658 4317; x_wconf 84' lang='grc' dir='ltr'><strong>ὡς</strong></span> <span class='ocrx_word' id='word_1_521' title='bbox 688 4261 717 4315; x_wconf 85' lang='grc' dir='ltr'>ἡ</span> <span class='ocrx_word' id='word_1_522' title='bbox 747 4256 887 4317; x_wconf 64' lang='grc' dir='ltr'><strong>ἄλλη.</strong></span> 
     </span>
    </p>
   </div>
   <div class='ocr_carea' id='block_1_67' title="bbox 483 4499 1980 4596">
    <p class='ocr_par' dir='ltr' id='par_1_67' title="bbox 483 4499 1980 4596">
     <span class='ocr_line' id='line_1_67' title="bbox 483 4499 1980 4596; baseline -0.006 -12"><span class='ocrx_word' id='word_1_523' title='bbox 483 4528 641 4584; x_wconf 75' lang='lat' dir='ltr'><strong>Marci</strong></span> <span class='ocrx_word' id='word_1_524' title='bbox 685 4542 803 4596; x_wconf 90' lang='lat' dir='ltr'><strong>cap.</strong></span> <span class='ocrx_word' id='word_1_525' title='bbox 836 4542 888 4588; x_wconf 70' lang='grc' dir='ltr'>ι,</span> <span class='ocrx_word' id='word_1_526' title='bbox 920 4524 1009 4579; x_wconf 79' lang='grc'><strong>17.</strong></span> <span class='ocrx_word' id='word_1_527' title='bbox 1046 4523 1266 4589; x_wconf 83' lang='lat' dir='ltr'><strong>Quidam</strong></span> <span class='ocrx_word' id='word_1_528' title='bbox 1296 4499 1658 4593; x_wconf 83' lang='lat' dir='ltr'><strong>adgeniculans</strong></span> <span class='ocrx_word' id='word_1_529' title='bbox 1679 4562 1693 4586; x_wconf 89' lang='lat'><strong>,</strong></span> <span class='ocrx_word' id='word_1_530' title='bbox 1744 4522 1939 4574; x_wconf 89' lang='lat' dir='ltr'><strong>dicebat</strong></span> <span class='ocrx_word' id='word_1_531' title='bbox 1966 4540 1980 4576; x_wconf 91' lang='lat'><strong>:</strong></span> 
     </span>
    </p>
   </div>
   <div class='ocr_carea' id='block_1_68' title="bbox 408 4612 1987 4690">
    <p class='ocr_par' dir='ltr' id='par_1_68' title="bbox 408 4612 1987 4690">
     <span class='ocr_line' id='line_1_68' title="bbox 408 4612 1987 4690; baseline -0.006 -17"><span class='ocrx_word' id='word_1_532' title='bbox 408 4638 527 4690; x_wconf 70' lang='lat' dir='ltr'><strong>qua:</strong></span> <span class='ocrx_word' id='word_1_533' title='bbox 558 4622 639 4674; x_wconf 87' lang='lat' dir='ltr'><strong>Itis</strong></span> <span class='ocrx_word' id='word_1_534' title='bbox 673 4619 968 4673; x_wconf 88' lang='lat' dir='ltr'><strong>redduntur</strong></span> <span class='ocrx_word' id='word_1_535' title='bbox 989 4617 1167 4669; x_wconf 89' lang='lat' dir='ltr'><strong>verbis</strong></span> <span class='ocrx_word' id='word_1_536' title='bbox 1195 4615 1244 4667; x_wconf 91' lang='lat' dir='ltr'><strong>in</strong></span> <span class='ocrx_word' id='word_1_537' title='bbox 1275 4614 1497 4683; x_wconf 81' lang='lat' dir='ltr'><strong>Vulgata</strong></span> <span class='ocrx_word' id='word_1_538' title='bbox 1526 4622 1729 4677; x_wconf 88' lang='lat' dir='ltr'><strong>nostra,</strong></span> <span class='ocrx_word' id='word_1_539' title='bbox 1760 4612 1987 4667; x_wconf 87' lang='lat' dir='ltr'><strong>Procur-</strong></span> 
     </span>
    </p>
   </div>
   <div class='ocr_carea' id='block_1_69' title="bbox 412 4706 1804 4783">
    <p class='ocr_par' dir='ltr' id='par_1_69' title="bbox 412 4706 1804 4783">
     <span class='ocr_line' id='line_1_69' title="bbox 412 4706 1804 4783; baseline -0.005 -16"><span class='ocrx_word' id='word_1_540' title='bbox 412 4732 526 4768; x_wconf 83' lang='lat' dir='ltr'><strong>rcns</strong></span> <span class='ocrx_word' id='word_1_541' title='bbox 553 4713 780 4783; x_wconf 83' lang='lat' dir='ltr'><strong>quidam,</strong></span> <span class='ocrx_word' id='word_1_542' title='bbox 812 4726 942 4781; x_wconf 83' lang='lat' dir='ltr'><strong>genu</strong></span> <span class='ocrx_word' id='word_1_543' title='bbox 965 4710 1099 4778; x_wconf 86' lang='lat' dir='ltr'><strong>ﬂexo</strong></span> <span class='ocrx_word' id='word_1_544' title='bbox 1129 4718 1245 4760; x_wconf 86' lang='lat' dir='ltr'><strong>ante</strong></span> <span class='ocrx_word' id='word_1_545' title='bbox 1271 4723 1403 4773; x_wconf 89' lang='lat' dir='ltr'><strong>eum,</strong></span> <span class='ocrx_word' id='word_1_546' title='bbox 1436 4706 1644 4776; x_wconf 89' lang='lat' dir='ltr'><strong>rogabat</strong></span> <span class='ocrx_word' id='word_1_547' title='bbox 1672 4722 1804 4760; x_wconf 87' lang='lat' dir='ltr'><strong>eum.</strong></span> 
     </span>
    </p>
   </div>
   <div class='ocr_carea' id='block_1_70' title="bbox 486 4885 1985 4959">
    <p class='ocr_par' dir='ltr' id='par_1_70' title="bbox 486 4885 1985 4959">
     <span class='ocr_line' id='line_1_70' title="bbox 486 4885 1985 4959; baseline -0.003 -16"><span class='ocrx_word' id='word_1_548' title='bbox 486 4892 643 4944; x_wconf 80' lang='lat' dir='ltr'><strong>Mat-ei</strong></span> <span class='ocrx_word' id='word_1_549' title='bbox 664 4906 779 4959; x_wconf 88' lang='lat' dir='ltr'><strong>cap.</strong></span> <span class='ocrx_word' id='word_1_550' title='bbox 812 4907 864 4954; x_wconf 78' lang='grc' dir='ltr'><strong>χ,</strong></span> <span class='ocrx_word' id='word_1_551' title='bbox 891 4890 978 4943; x_wconf 80' lang='grc'><strong>58.</strong></span> <span class='ocrx_word' id='word_1_552' title='bbox 1010 4887 1129 4941; x_wconf 82' lang='lat' dir='ltr'><strong>Vin’</strong></span> <span class='ocrx_word' id='word_1_553' title='bbox 1150 4896 1203 4941; x_wconf 90' lang='lat' dir='ltr'><strong>et</strong></span> <span class='ocrx_word' id='word_1_554' title='bbox 1230 4885 1373 4941; x_wconf 86' lang='lat' dir='ltr'><strong>aliud</strong></span> <span class='ocrx_word' id='word_1_555' title='bbox 1400 4900 1430 4939; x_wconf 90' lang='lat' dir='ltr'><strong>e</strong></span> <span class='ocrx_word' id='word_1_556' title='bbox 1471 4885 1617 4939; x_wconf 87' lang='lat' dir='ltr'><strong>Novo</strong></span> <span class='ocrx_word' id='word_1_557' title='bbox 1639 4885 1985 4939; x_wconf 89' lang='lat' dir='ltr'><strong>Testamento</strong></span> 
     </span>
    </p>
   </div>
   <div class='ocr_carea' id='block_1_71' title="bbox 413 4977 1982 5049">
    <p class='ocr_par' dir='ltr' id='par_1_71' title="bbox 413 4977 1982 5049">
     <span class='ocr_line' id='line_1_71' title="bbox 413 4977 1982 5049; baseline -0.003 -14"><span class='ocrx_word' id='word_1_558' title='bbox 413 4984 743 5048; x_wconf 83' lang='lat' dir='ltr'><strong>exemplum,</strong></span> <span class='ocrx_word' id='word_1_559' title='bbox 772 4997 876 5049; x_wconf 85' lang='lat' dir='ltr'><strong>quo</strong></span> <span class='ocrx_word' id='word_1_560' title='bbox 906 4981 1117 5047; x_wconf 86' lang='lat' dir='ltr'><strong>planum</strong></span> <span class='ocrx_word' id='word_1_561' title='bbox 1171 4979 1259 5031; x_wconf 89' lang='lat' dir='ltr'><strong>liat</strong></span> <span class='ocrx_word' id='word_1_562' title='bbox 1288 5021 1302 5044; x_wconf 90' lang='lat'><strong>,</strong></span> <span class='ocrx_word' id='word_1_563' title='bbox 1360 4977 1548 5031; x_wconf 76' lang='lat' dir='ltr'><strong>Irentri</strong></span> <span class='ocrx_word' id='word_1_564' title='bbox 1603 4977 1982 5046; x_wconf 90' lang='lat' dir='ltr'><strong>interpretem,</strong></span> 
     </span>
    </p>
   </div>
   <div class='ocr_carea' id='block_1_72' title="bbox 414 5066 1991 5140">
    <p class='ocr_par' dir='ltr' id='par_1_72' title="bbox 414 5066 1991 5140">
     <span class='ocr_line' id='line_1_72' title="bbox 414 5066 1991 5140; baseline -0.003 -13"><span class='ocrx_word' id='word_1_565' title='bbox 414 5072 705 5140; x_wconf 73' lang='lat' dir='ltr'><strong>Scriptum</strong></span> <span class='ocrx_word' id='word_1_566' title='bbox 736 5070 1031 5122; x_wconf 84' lang='lat' dir='ltr'><strong>versiculos</strong></span> <span class='ocrx_word' id='word_1_567' title='bbox 1060 5085 1125 5122; x_wconf 82' lang='lat' dir='ltr'><strong>ex</strong></span> <span class='ocrx_word' id='word_1_568' title='bbox 1168 5070 1358 5124; x_wconf 83' lang='lat' dir='ltr'><strong>Latino</strong></span> <span class='ocrx_word' id='word_1_569' title='bbox 1384 5070 1570 5124; x_wconf 89' lang='lat' dir='ltr'><strong>codice</strong></span> <span class='ocrx_word' id='word_1_570' title='bbox 1600 5070 1796 5131; x_wconf 86' lang='lat' dir='ltr'><strong>veteris</strong></span> <span class='ocrx_word' id='word_1_571' title='bbox 1822 5066 1991 5123; x_wconf 86' lang='lat' dir='ltr'><strong>luter-</strong></span> 
     </span>
    </p>
   </div>
   <div class='ocr_carea' id='block_1_73' title="bbox 416 5158 1985 5233">
    <p class='ocr_par' dir='ltr' id='par_1_73' title="bbox 416 5158 1985 5233">
     <span class='ocr_line' id='line_1_73' title="bbox 416 5158 1985 5233; baseline -0.003 -16"><span class='ocrx_word' id='word_1_572' title='bbox 416 5159 735 5233; x_wconf 88' lang='lat' dir='ltr'><strong>pretationis</strong></span> <span class='ocrx_word' id='word_1_573' title='bbox 760 5159 1149 5223; x_wconf 88' lang='lat' dir='ltr'><strong>descripsisse?</strong></span> <span class='ocrx_word' id='word_1_574' title='bbox 1198 5158 1430 5223; x_wconf 76' lang='lat' dir='ltr'><strong>tremens</strong></span> <span class='ocrx_word' id='word_1_575' title='bbox 1475 5161 1565 5215; x_wconf 89' lang='lat' dir='ltr'><strong>lib.</strong></span> <span class='ocrx_word' id='word_1_576' title='bbox 1598 5176 1634 5227; x_wconf 90' lang='lat' dir='ltr'><strong>t,</strong></span> <span class='ocrx_word' id='word_1_577' title='bbox 1662 5175 1779 5229; x_wconf 88' lang='lat' dir='ltr'><strong>cap.</strong></span> <span class='ocrx_word' id='word_1_578' title='bbox 1809 5160 1900 5225; x_wconf 70' lang='grc'><strong>21,</strong></span> <span class='ocrx_word' id='word_1_579' title='bbox 1931 5176 1985 5215; x_wconf 87' lang='grc' dir='ltr'>ιι.</span> 
     </span>
    </p>
   </div>
   <div class='ocr_carea' id='block_1_74' title="bbox 419 5249 1983 5317">
    <p class='ocr_par' dir='ltr' id='par_1_74' title="bbox 419 5249 1983 5317">
     <span class='ocr_line' id='line_1_74' title="bbox 419 5249 1983 5317; baseline -0.002 -9"><span class='ocrx_word' id='word_1_580' title='bbox 419 5254 455 5307; x_wconf 73' lang='lat'><strong>2</strong></span> <span class='ocrx_word' id='word_1_581' title='bbox 480 5294 495 5317; x_wconf 91' lang='lat'><strong>,</strong></span> <span class='ocrx_word' id='word_1_582' title='bbox 549 5255 620 5307; x_wconf 85' lang='lat' dir='ltr'><strong>ita</strong></span> <span class='ocrx_word' id='word_1_583' title='bbox 669 5264 736 5304; x_wconf 83' lang='lat' dir='ltr'><strong>ex</strong></span> <span class='ocrx_word' id='word_1_584' title='bbox 784 5249 1071 5317; x_wconf 81' lang='lat' dir='ltr'><strong>Evangelio</strong></span> <span class='ocrx_word' id='word_1_585' title='bbox 1104 5249 1259 5302; x_wconf 81' lang='lat' dir='ltr'><strong>Marci</strong></span> <span class='ocrx_word' id='word_1_586' title='bbox 1294 5251 1475 5303; x_wconf 83' lang='lat' dir='ltr'><strong>laudat</strong></span> <span class='ocrx_word' id='word_1_587' title='bbox 1510 5252 1757 5307; x_wconf 89' lang='lat' dir='ltr'><strong>eumdem</strong></span> <span class='ocrx_word' id='word_1_588' title='bbox 1784 5269 1833 5306; x_wconf 91' lang='lat' dir='ltr'><strong>v.</strong></span> <span class='ocrx_word' id='word_1_589' title='bbox 1869 5253 1939 5307; x_wconf 77' lang='lat'><strong>&#39;58</strong></span> <span class='ocrx_word' id='word_1_590' title='bbox 1971 5271 1983 5305; x_wconf 94' lang='lat'>:</span> 
     </span>
    </p>
   </div>
   <div class='ocr_carea' id='block_1_75' title="bbox 418 5339 1988 5414">
    <p class='ocr_par' dir='ltr' id='par_1_75' title="bbox 418 5339 1988 5414">
     <span class='ocr_line' id='line_1_75' title="bbox 418 5339 1988 5414; baseline -0.002 -15"><span class='ocrx_word' id='word_1_591' title='bbox 418 5347 637 5401; x_wconf 79' lang='grc' dir='ltr'><strong>Δύνασθέ</strong></span> <span class='ocrx_word' id='word_1_592' title='bbox 663 5364 717 5398; x_wconf 85' lang='grc' dir='ltr'><strong>τε</strong></span> <span class='ocrx_word' id='word_1_593' title='bbox 744 5344 1014 5414; x_wconf 79' lang='grc' dir='ltr'><strong>βάπτισμα</strong></span> <span class='ocrx_word' id='word_1_594' title='bbox 1034 5339 1433 5412; x_wconf 79' lang='grc' dir='ltr'><strong>βαπτισθῆναι,ὃ</strong></span> <span class='ocrx_word' id='word_1_595' title='bbox 1462 5342 1556 5413; x_wconf 71' lang='grc' dir='ltr'><strong>ἐγὼ</strong></span> <span class='ocrx_word' id='word_1_596' title='bbox 1577 5343 1732 5413; x_wconf 74' lang='grc' dir='ltr'><strong>μέλλω</strong></span> <span class='ocrx_word' id='word_1_597' title='bbox 1746 5345 1988 5413; x_wconf 81' lang='grc' dir='ltr'><strong>βαπτίζε-</strong></span> 
     </span>
    </p>
   </div>
   <div class='ocr_carea' id='block_1_76' title="bbox 418 5432 1986 5502">
    <p class='ocr_par' dir='ltr' id='par_1_76' title="bbox 418 5432 1986 5502">
     <span class='ocr_line' id='line_1_76' title="bbox 418 5432 1986 5502; baseline -0.003 -11"><span class='ocrx_word' id='word_1_598' title='bbox 418 5440 553 5493; x_wconf 74' lang='grc' dir='ltr'><strong>σθαι.</strong></span> <span class='ocrx_word' id='word_1_599' title='bbox 578 5436 673 5491; x_wconf 89' lang='lat' dir='ltr'><strong>Ille</strong></span> <span class='ocrx_word' id='word_1_600' title='bbox 703 5448 832 5488; x_wconf 89' lang='lat' dir='ltr'><strong>vero</strong></span> <span class='ocrx_word' id='word_1_601' title='bbox 862 5433 944 5487; x_wconf 88' lang='lat' dir='ltr'><strong>bis</strong></span> <span class='ocrx_word' id='word_1_602' title='bbox 969 5434 1145 5487; x_wconf 89' lang='lat' dir='ltr'><strong>verbis</strong></span> <span class='ocrx_word' id='word_1_603' title='bbox 1175 5434 1457 5497; x_wconf 80' lang='lat' dir='ltr'><strong>transfert,</strong></span> <span class='ocrx_word' id='word_1_604' title='bbox 1496 5432 1716 5486; x_wconf 84' lang='lat' dir='ltr'><strong>Potestis</strong></span> <span class='ocrx_word' id='word_1_605' title='bbox 1736 5433 1986 5502; x_wconf 82' lang='lat' dir='ltr'><strong>baptisma</strong></span> 
     </span>
    </p>
   </div>
   <div class='ocr_carea' id='block_1_77' title="bbox 422 5522 1988 5599">
    <p class='ocr_par' dir='ltr' id='par_1_77' title="bbox 422 5522 1988 5599">
     <span class='ocr_line' id='line_1_77' title="bbox 422 5522 1988 5599; baseline -0.001 -18"><span class='ocrx_word' id='word_1_606' title='bbox 422 5530 514 5599; x_wconf 88' lang='lat' dir='ltr'><strong>(al.</strong></span> <span class='ocrx_word' id='word_1_607' title='bbox 543 5522 871 5597; x_wconf 85' lang='lat' dir='ltr'><strong>baptismum)</strong></span> <span class='ocrx_word' id='word_1_608' title='bbox 902 5525 1169 5592; x_wconf 75' lang='lat' dir='ltr'><strong>baptizari,</strong></span> <span class='ocrx_word' id='word_1_609' title='bbox 1207 5524 1341 5593; x_wconf 90' lang='lat' dir='ltr'><strong>quod</strong></span> <span class='ocrx_word' id='word_1_610' title='bbox 1375 5540 1464 5595; x_wconf 80' lang='lat' dir='ltr'><strong>ego</strong></span> <span class='ocrx_word' id='word_1_611' title='bbox 1509 5525 1665 5578; x_wconf 90' lang='lat' dir='ltr'><strong>habeo</strong></span> <span class='ocrx_word' id='word_1_612' title='bbox 1696 5525 1988 5594; x_wconf 75' lang='lat' dir='ltr'><strong>baptizari?</strong></span> 
     </span>
    </p>
   </div>
   <div class='ocr_carea' id='block_1_78' title="bbox 421 5613 1987 5687">
    <p class='ocr_par' dir='ltr' id='par_1_78' title="bbox 421 5613 1987 5687">
     <span class='ocr_line' id='line_1_78' title="bbox 421 5613 1987 5687; baseline 0 -17"><span class='ocrx_word' id='word_1_613' title='bbox 421 5633 540 5684; x_wconf 69' lang='lat' dir='ltr'><strong>qua:</strong></span> <span class='ocrx_word' id='word_1_614' title='bbox 569 5619 766 5687; x_wconf 86' lang='lat' dir='ltr'><strong>pariter</strong></span> <span class='ocrx_word' id='word_1_615' title='bbox 786 5616 855 5670; x_wconf 85' lang='lat' dir='ltr'><strong>ab</strong></span> <span class='ocrx_word' id='word_1_616' title='bbox 875 5615 1159 5686; x_wconf 89' lang='lat' dir='ltr'><strong>antiquiori</strong></span> <span class='ocrx_word' id='word_1_617' title='bbox 1190 5615 1438 5671; x_wconf 83' lang='lat' dir='ltr'><strong>versione</strong></span> <span class='ocrx_word' id='word_1_618' title='bbox 1472 5616 1733 5683; x_wconf 90' lang='lat' dir='ltr'><strong>prodiisse</strong></span> <span class='ocrx_word' id='word_1_619' title='bbox 1767 5613 1987 5670; x_wconf 84' lang='lat' dir='ltr'><strong>Colber-</strong></span> 
     </span>
    </p>
   </div>
   <div class='ocr_carea' id='block_1_79' title="bbox 425 5703 1981 5776">
    <p class='ocr_par' dir='ltr' id='par_1_79' title="bbox 425 5703 1981 5776">
     <span class='ocr_line' id='line_1_79' title="bbox 425 5703 1981 5776; baseline 0 -20"><span class='ocrx_word' id='word_1_620' title='bbox 425 5707 564 5758; x_wconf 90' lang='lat' dir='ltr'><strong>tinus</strong></span> <span class='ocrx_word' id='word_1_621' title='bbox 608 5708 774 5761; x_wconf 82' lang='lat' dir='ltr'><strong>codex</strong></span> <span class='ocrx_word' id='word_1_622' title='bbox 822 5706 1036 5767; x_wconf 82' lang='lat' dir='ltr'><strong>indicat,</strong></span> <span class='ocrx_word' id='word_1_623' title='bbox 1092 5703 1308 5758; x_wconf 85' lang='lat' dir='ltr'><strong>Potestis</strong></span> <span class='ocrx_word' id='word_1_624' title='bbox 1360 5704 1661 5773; x_wconf 85' lang='lat' dir='ltr'><strong>baptismum</strong></span> <span class='ocrx_word' id='word_1_625' title='bbox 1699 5706 1981 5776; x_wconf 78' lang='lat' dir='ltr'><strong>baptizari,</strong></span> 
     </span>
    </p>
   </div>
   <div class='ocr_carea' id='block_1_80' title="bbox 422 5797 1167 5863">
    <p class='ocr_par' dir='ltr' id='par_1_80' title="bbox 422 5797 1167 5863">
     <span class='ocr_line' id='line_1_80' title="bbox 422 5797 1167 5863; baseline 0.003 -18"><span class='ocrx_word' id='word_1_626' title='bbox 422 5811 568 5861; x_wconf 73' lang='lat' dir='ltr'><strong>quem</strong></span> <span class='ocrx_word' id='word_1_627' title='bbox 598 5811 686 5863; x_wconf 84' lang='lat' dir='ltr'><strong>ego</strong></span> <span class='ocrx_word' id='word_1_628' title='bbox 715 5798 962 5863; x_wconf 85' lang='lat' dir='ltr'><strong>baptizari</strong></span> <span class='ocrx_word' id='word_1_629' title='bbox 990 5797 1167 5849; x_wconf 84' lang='lat' dir='ltr'><strong>habeo.</strong></span> 
     </span>
    </p>
   </div>
   <div class='ocr_carea' id='block_1_81' title="bbox 486 5884 1986 5955">
    <p class='ocr_par' dir='ltr' id='par_1_81' title="bbox 486 5884 1986 5955">
     <span class='ocr_line' id='line_1_81' title="bbox 486 5884 1986 5955; baseline -0.001 -16"><span class='ocrx_word' id='word_1_630' title='bbox 486 5886 643 5939; x_wconf 78' lang='lat' dir='ltr'><strong>Marci</strong></span> <span class='ocrx_word' id='word_1_631' title='bbox 659 5899 775 5954; x_wconf 89' lang='lat' dir='ltr'><strong>cap.</strong></span> <span class='ocrx_word' id='word_1_632' title='bbox 805 5902 895 5950; x_wconf 73' lang='grc' dir='ltr'>λιι,</span> <span class='ocrx_word' id='word_1_633' title='bbox 913 5886 977 5939; x_wconf 67' lang='lat' dir='ltr'><strong>Eli</strong></span> <span class='ocrx_word' id='word_1_634' title='bbox 998 5886 1084 5941; x_wconf 85' lang='lat' dir='ltr'><strong>ubi</strong></span> <span class='ocrx_word' id='word_1_635' title='bbox 1105 5885 1320 5955; x_wconf 84' lang='lat' dir='ltr'><strong>Vulgata</strong></span> <span class='ocrx_word' id='word_1_636' title='bbox 1345 5884 1527 5953; x_wconf 83' lang='lat' dir='ltr'><strong>habet,</strong></span> <span class='ocrx_word' id='word_1_637' title='bbox 1551 5885 1720 5941; x_wconf 83' lang='lat' dir='ltr'><strong>Vidua</strong></span> <span class='ocrx_word' id='word_1_638' title='bbox 1737 5903 1839 5941; x_wconf 86' lang='lat' dir='ltr'><strong>una</strong></span> <span class='ocrx_word' id='word_1_639' title='bbox 1860 5902 1986 5955; x_wconf 80' lang='lat' dir='ltr'><strong>pau-</strong></span> 
     </span>
    </p>
   </div>
   <div class='ocr_carea' id='block_1_82' title="bbox 2081 3438 3657 3502">
    <p class='ocr_par' dir='ltr' id='par_1_82' title="bbox 2081 3438 3657 3502">
     <span class='ocr_line' id='line_1_82' title="bbox 2081 3438 3657 3502; baseline 0.001 -9"><span class='ocrx_word' id='word_1_640' title='bbox 2081 3440 2249 3493; x_wconf 87' lang='lat' dir='ltr'><strong>cordis</strong></span> <span class='ocrx_word' id='word_1_641' title='bbox 2287 3455 2476 3502; x_wconf 88' lang='lat' dir='ltr'><strong>eorum,</strong></span> <span class='ocrx_word' id='word_1_642' title='bbox 2506 3440 2574 3491; x_wconf 91' lang='lat' dir='ltr'><strong>ait</strong></span> <span class='ocrx_word' id='word_1_643' title='bbox 2604 3438 2797 3492; x_wconf 86' lang='lat' dir='ltr'><strong>homini</strong></span> <span class='ocrx_word' id='word_1_644' title='bbox 2821 3456 2841 3493; x_wconf 88' lang='lat'><em>:</em></span> <span class='ocrx_word' id='word_1_645' title='bbox 2873 3439 3101 3493; x_wconf 83' lang='lat' dir='ltr'><strong>Extende</strong></span> <span class='ocrx_word' id='word_1_646' title='bbox 3141 3456 3345 3493; x_wconf 87' lang='lat' dir='ltr'><strong>manum</strong></span> <span class='ocrx_word' id='word_1_647' title='bbox 3384 3449 3544 3493; x_wconf 84' lang='lat' dir='ltr'><strong>tuam.</strong></span> <span class='ocrx_word' id='word_1_648' title='bbox 3588 3439 3657 3495; x_wconf 82' lang='lat' dir='ltr'><strong>Et</strong></span> 
     </span>
    </p>
   </div>
   <div class='ocr_carea' id='block_1_83' title="bbox 2043 3529 3657 3598">
    <p class='ocr_par' dir='ltr' id='par_1_83' title="bbox 2043 3529 3657 3598">
     <span class='ocr_line' id='line_1_83' title="bbox 2043 3529 3657 3598; baseline 0.004 -19"><span class='ocrx_word' id='word_1_649' title='bbox 2043 3574 2048 3579; x_wconf 89' lang='lat'><strong>.</strong></span> <span class='ocrx_word' id='word_1_650' title='bbox 2082 3530 2299 3583; x_wconf 86' lang='lat' dir='ltr'><strong>extendit</strong></span> <span class='ocrx_word' id='word_1_651' title='bbox 2324 3546 2340 3592; x_wconf 87' lang='lat'><strong><em>;</em></strong></span> <span class='ocrx_word' id='word_1_652' title='bbox 2370 3538 2413 3581; x_wconf 87' lang='lat' dir='ltr'><strong>et</strong></span> <span class='ocrx_word' id='word_1_653' title='bbox 2442 3529 2673 3581; x_wconf 87' lang='lat' dir='ltr'><strong>restituta</strong></span> <span class='ocrx_word' id='word_1_654' title='bbox 2703 3539 2773 3581; x_wconf 87' lang='lat' dir='ltr'><strong>est</strong></span> <span class='ocrx_word' id='word_1_655' title='bbox 2807 3545 2985 3581; x_wconf 87' lang='lat' dir='ltr'><strong>manus</strong></span> <span class='ocrx_word' id='word_1_656' title='bbox 3012 3530 3145 3598; x_wconf 83' lang='lat' dir='ltr'><strong>ejus,</strong></span> <span class='ocrx_word' id='word_1_657' title='bbox 3168 3530 3297 3581; x_wconf 85' lang='lat' dir='ltr'><strong>sicut</strong></span> <span class='ocrx_word' id='word_1_658' title='bbox 3323 3538 3369 3581; x_wconf 80' lang='lat' dir='ltr'><strong>et</strong></span> <span class='ocrx_word' id='word_1_659' title='bbox 3402 3530 3526 3583; x_wconf 89' lang='lat' dir='ltr'><strong>alia.</strong></span> <span class='ocrx_word' id='word_1_660' title='bbox 3556 3529 3657 3585; x_wconf 80' lang='lat' dir='ltr'><strong>Ve-</strong></span> 
     </span>
    </p>
   </div>
   <div class='ocr_carea' id='block_1_84' title="bbox 2082 3617 3658 3687">
    <p class='ocr_par' dir='ltr' id='par_1_84' title="bbox 2082 3617 3658 3687">
     <span class='ocr_line' id='line_1_84' title="bbox 2082 3617 3658 3687; baseline 0.001 -14"><span class='ocrx_word' id='word_1_661' title='bbox 2082 3636 2200 3673; x_wconf 84' lang='lat' dir='ltr'><strong>rnn.</strong></span> <span class='ocrx_word' id='word_1_662' title='bbox 2237 3617 2304 3671; x_wconf 88' lang='lat' dir='ltr'><strong>Et</strong></span> <span class='ocrx_word' id='word_1_663' title='bbox 2330 3620 2735 3687; x_wconf 82' lang='lat' dir='ltr'><strong>circumspiciens</strong></span> <span class='ocrx_word' id='word_1_664' title='bbox 2757 3634 2840 3672; x_wconf 82' lang='lat' dir='ltr'><strong>eos</strong></span> <span class='ocrx_word' id='word_1_665' title='bbox 2863 3634 2975 3671; x_wconf 92' lang='lat' dir='ltr'><strong>cum</strong></span> <span class='ocrx_word' id='word_1_666' title='bbox 2998 3619 3094 3680; x_wconf 85' lang='lat' dir='ltr'><strong>ira,</strong></span> <span class='ocrx_word' id='word_1_667' title='bbox 3109 3618 3220 3669; x_wconf 82' lang='lat' dir='ltr'><strong>indi</strong></span> <span class='ocrx_word' id='word_1_668' title='bbox 3317 3657 3330 3671; x_wconf 93' lang='lat'><strong>.</strong></span> <span class='ocrx_word' id='word_1_669' title='bbox 3354 3619 3408 3671; x_wconf 86' lang='lat' dir='ltr'><strong>in</strong></span> <span class='ocrx_word' id='word_1_670' title='bbox 3431 3620 3658 3675; x_wconf 69' lang='lat' dir='ltr'><strong>caecitate</strong></span> 
     </span>
    </p>
   </div>
   <div class='ocr_carea' id='block_1_85' title="bbox 2084 3707 3657 3772">
    <p class='ocr_par' dir='ltr' id='par_1_85' title="bbox 2084 3707 3657 3772">
     <span class='ocr_line' id='line_1_85' title="bbox 2084 3707 3657 3772; baseline 0.001 -8"><span class='ocrx_word' id='word_1_671' title='bbox 2084 3711 2251 3764; x_wconf 85' lang='lat' dir='ltr'><strong>cordis</strong></span> <span class='ocrx_word' id='word_1_672' title='bbox 2276 3726 2470 3772; x_wconf 91' lang='lat' dir='ltr'><strong>eorum,</strong></span> <span class='ocrx_word' id='word_1_673' title='bbox 2497 3712 2567 3762; x_wconf 89' lang='lat' dir='ltr'><strong>ait</strong></span> <span class='ocrx_word' id='word_1_674' title='bbox 2612 3710 2800 3762; x_wconf 88' lang='lat' dir='ltr'><strong>homini</strong></span> <span class='ocrx_word' id='word_1_675' title='bbox 2824 3725 2843 3762; x_wconf 86' lang='lat'><strong><em>:</em></strong></span> <span class='ocrx_word' id='word_1_676' title='bbox 2874 3707 3099 3761; x_wconf 78' lang='lat' dir='ltr'><strong>Extende</strong></span> <span class='ocrx_word' id='word_1_677' title='bbox 3126 3725 3333 3761; x_wconf 88' lang='lat' dir='ltr'><strong>manum</strong></span> <span class='ocrx_word' id='word_1_678' title='bbox 3382 3718 3541 3764; x_wconf 81' lang='lat' dir='ltr'><strong>luant.</strong></span> <span class='ocrx_word' id='word_1_679' title='bbox 3591 3709 3657 3765; x_wconf 82' lang='lat' dir='ltr'><strong>Et</strong></span> 
     </span>
    </p>
   </div>
   <div class='ocr_carea' id='block_1_86' title="bbox 2085 3798 3653 3869">
    <p class='ocr_par' dir='ltr' id='par_1_86' title="bbox 2085 3798 3653 3869">
     <span class='ocr_line' id='line_1_86' title="bbox 2085 3798 3653 3869; baseline 0.001 -18"><span class='ocrx_word' id='word_1_680' title='bbox 2085 3799 2346 3860; x_wconf 72' lang='lat' dir='ltr'><strong>extendit;</strong></span> <span class='ocrx_word' id='word_1_681' title='bbox 2378 3809 2424 3851; x_wconf 88' lang='lat' dir='ltr'><strong>et</strong></span> <span class='ocrx_word' id='word_1_682' title='bbox 2453 3800 2686 3851; x_wconf 87' lang='lat' dir='ltr'><strong>restituta</strong></span> <span class='ocrx_word' id='word_1_683' title='bbox 2709 3807 2779 3851; x_wconf 83' lang='lat' dir='ltr'><strong>est</strong></span> <span class='ocrx_word' id='word_1_684' title='bbox 2810 3813 2989 3849; x_wconf 87' lang='lat' dir='ltr'><strong>manus</strong></span> <span class='ocrx_word' id='word_1_685' title='bbox 3015 3800 3128 3869; x_wconf 86' lang='lat' dir='ltr'><strong>ejus</strong></span> <span class='ocrx_word' id='word_1_686' title='bbox 3147 3839 3163 3861; x_wconf 91' lang='lat'><strong>,</strong></span> <span class='ocrx_word' id='word_1_687' title='bbox 3195 3799 3327 3851; x_wconf 85' lang='lat' dir='ltr'><strong>sicut</strong></span> <span class='ocrx_word' id='word_1_688' title='bbox 3356 3801 3480 3855; x_wconf 83' lang='lat' dir='ltr'><strong>alia.</strong></span> <span class='ocrx_word' id='word_1_689' title='bbox 3507 3798 3653 3853; x_wconf 82' lang='lat' dir='ltr'><strong>Brix.</strong></span> 
     </span>
    </p>
   </div>
   <div class='ocr_carea' id='block_1_87' title="bbox 2087 3888 3659 3961">
    <p class='ocr_par' dir='ltr' id='par_1_87' title="bbox 2087 3888 3659 3961">
     <span class='ocr_line' id='line_1_87' title="bbox 2087 3888 3659 3961; baseline 0.004 -21"><span class='ocrx_word' id='word_1_690' title='bbox 2087 3888 2149 3941; x_wconf 87' lang='lat' dir='ltr'><strong>Et</strong></span> <span class='ocrx_word' id='word_1_691' title='bbox 2180 3890 2587 3960; x_wconf 85' lang='lat' dir='ltr'><strong>circumspiciens</strong></span> <span class='ocrx_word' id='word_1_692' title='bbox 2617 3905 2698 3942; x_wconf 89' lang='lat' dir='ltr'><strong>eos</strong></span> <span class='ocrx_word' id='word_1_693' title='bbox 2728 3904 2839 3941; x_wconf 90' lang='lat' dir='ltr'><strong>cum</strong></span> <span class='ocrx_word' id='word_1_694' title='bbox 2862 3889 2960 3951; x_wconf 87' lang='lat' dir='ltr'><strong>ira,</strong></span> <span class='ocrx_word' id='word_1_695' title='bbox 2992 3890 3321 3946; x_wconf 81' lang='lat' dir='ltr'><strong>contristatus</strong></span> <span class='ocrx_word' id='word_1_696' title='bbox 3342 3889 3456 3961; x_wconf 88' lang='lat' dir='ltr'><strong>(est)</strong></span> <span class='ocrx_word' id='word_1_697' title='bbox 3481 3892 3534 3945; x_wconf 88' lang='lat' dir='ltr'><strong>in</strong></span> <span class='ocrx_word' id='word_1_698' title='bbox 3559 3908 3659 3947; x_wconf 77' lang='lat' dir='ltr'><strong>ca:-</strong></span> 
     </span>
    </p>
   </div>
   <div class='ocr_carea' id='block_1_88' title="bbox 2082 3982 3657 4045">
    <p class='ocr_par' dir='ltr' id='par_1_88' title="bbox 2082 3982 3657 4045">
     <span class='ocr_line' id='line_1_88' title="bbox 2082 3982 3657 4045; baseline 0.003 -11"><span class='ocrx_word' id='word_1_699' title='bbox 2082 3982 2281 4035; x_wconf 88' lang='lat' dir='ltr'><strong>citatem</strong></span> <span class='ocrx_word' id='word_1_700' title='bbox 2319 3983 2485 4036; x_wconf 88' lang='lat' dir='ltr'><strong>cordis</strong></span> <span class='ocrx_word' id='word_1_701' title='bbox 2540 3998 2733 4045; x_wconf 88' lang='lat' dir='ltr'><strong>eorum,</strong></span> <span class='ocrx_word' id='word_1_702' title='bbox 2762 3982 2891 4035; x_wconf 83' lang='lat' dir='ltr'><strong>dixit</strong></span> <span class='ocrx_word' id='word_1_703' title='bbox 2920 3982 3113 4035; x_wconf 86' lang='lat' dir='ltr'><strong>homini</strong></span> <span class='ocrx_word' id='word_1_704' title='bbox 3136 3998 3154 4036; x_wconf 90' lang='lat'><strong><em>:</em></strong></span> <span class='ocrx_word' id='word_1_705' title='bbox 3176 3983 3407 4039; x_wconf 81' lang='lat' dir='ltr'><strong>Extende</strong></span> <span class='ocrx_word' id='word_1_706' title='bbox 3450 4002 3657 4039; x_wconf 88' lang='lat' dir='ltr'><strong>ntanum</strong></span> 
     </span>
    </p>
   </div>
   <div class='ocr_carea' id='block_1_89' title="bbox 2083 4072 3657 4144">
    <p class='ocr_par' dir='ltr' id='par_1_89' title="bbox 2083 4072 3657 4144">
     <span class='ocr_line' id='line_1_89' title="bbox 2083 4072 3657 4144; baseline 0.002 -17"><span class='ocrx_word' id='word_1_707' title='bbox 2083 4083 2238 4127; x_wconf 78' lang='lat' dir='ltr'><strong>tuam.</strong></span> <span class='ocrx_word' id='word_1_708' title='bbox 2288 4072 2355 4126; x_wconf 82' lang='lat' dir='ltr'><strong>Et</strong></span> <span class='ocrx_word' id='word_1_709' title='bbox 2382 4074 2647 4136; x_wconf 79' lang='lat' dir='ltr'><strong>extendit;</strong></span> <span class='ocrx_word' id='word_1_710' title='bbox 2678 4082 2724 4126; x_wconf 87' lang='lat' dir='ltr'><strong>et</strong></span> <span class='ocrx_word' id='word_1_711' title='bbox 2767 4075 2999 4126; x_wconf 79' lang='lat' dir='ltr'><strong>restituta</strong></span> <span class='ocrx_word' id='word_1_712' title='bbox 3038 4084 3112 4126; x_wconf 84' lang='lat' dir='ltr'><strong>est</strong></span> <span class='ocrx_word' id='word_1_713' title='bbox 3154 4090 3334 4127; x_wconf 88' lang='lat' dir='ltr'><strong>manus</strong></span> <span class='ocrx_word' id='word_1_714' title='bbox 3362 4076 3493 4144; x_wconf 86' lang='lat' dir='ltr'><strong>ejus.</strong></span> <span class='ocrx_word' id='word_1_715' title='bbox 3524 4076 3657 4130; x_wconf 88' lang='lat' dir='ltr'><strong>Vin-</strong></span> 
     </span>
    </p>
   </div>
   <div class='ocr_carea' id='block_1_90' title="bbox 2088 4162 3661 4234">
    <p class='ocr_par' dir='ltr' id='par_1_90' title="bbox 2088 4162 3661 4234">
     <span class='ocr_line' id='line_1_90' title="bbox 2088 4162 3661 4234; baseline 0.001 -17"><span class='ocrx_word' id='word_1_716' title='bbox 2088 4162 2196 4217; x_wconf 86' lang='lat' dir='ltr'><strong>dub</strong></span> <span class='ocrx_word' id='word_1_717' title='bbox 2319 4179 2433 4215; x_wconf 89' lang='lat' dir='ltr'><strong>cum</strong></span> <span class='ocrx_word' id='word_1_718' title='bbox 2462 4163 2828 4232; x_wconf 82' lang='lat' dir='ltr'><strong>indignatione,</strong></span> <span class='ocrx_word' id='word_1_719' title='bbox 2856 4163 3182 4216; x_wconf 83' lang='lat' dir='ltr'><strong>contristatus</strong></span> <span class='ocrx_word' id='word_1_720' title='bbox 3217 4172 3467 4234; x_wconf 81' lang='lat' dir='ltr'><strong>est-super</strong></span> <span class='ocrx_word' id='word_1_721' title='bbox 3495 4181 3661 4219; x_wconf 84' lang='lat' dir='ltr'><strong>entor-</strong></span> 
     </span>
    </p>
   </div>
   <div class='ocr_carea' id='block_1_91' title="bbox 2085 4252 3646 4321">
    <p class='ocr_par' dir='ltr' id='par_1_91' title="bbox 2085 4252 3646 4321">
     <span class='ocr_line' id='line_1_91' title="bbox 2085 4252 3646 4321; baseline 0.004 -16"><span class='ocrx_word' id='word_1_722' title='bbox 2085 4263 2173 4306; x_wconf 88' lang='lat' dir='ltr'><strong>tua</strong></span> <span class='ocrx_word' id='word_1_723' title='bbox 2214 4252 2369 4305; x_wconf 88' lang='lat' dir='ltr'><strong>corda</strong></span> <span class='ocrx_word' id='word_1_724' title='bbox 2418 4268 2667 4308; x_wconf 87' lang='lat' dir='ltr'><strong>eorunt...</strong></span> <span class='ocrx_word' id='word_1_725' title='bbox 2694 4253 2924 4306; x_wconf 88' lang='lat' dir='ltr'><strong>restituta</strong></span> <span class='ocrx_word' id='word_1_726' title='bbox 2969 4262 3040 4307; x_wconf 87' lang='lat' dir='ltr'><strong>est</strong></span> <span class='ocrx_word' id='word_1_727' title='bbox 3086 4270 3271 4319; x_wconf 78' lang='lat' dir='ltr'><strong>manus</strong></span> <span class='ocrx_word' id='word_1_728' title='bbox 3314 4258 3428 4321; x_wconf 85' lang='lat' dir='ltr'><strong>eius</strong></span> <span class='ocrx_word' id='word_1_729' title='bbox 3452 4257 3646 4312; x_wconf 81' lang='lat' dir='ltr'><strong>statim.</strong></span> 
     </span>
    </p>
   </div>
   <div class='ocr_carea' id='block_1_92' title="bbox 2083 4344 3656 4419">
    <p class='ocr_par' dir='ltr' id='par_1_92' title="bbox 2083 4344 3656 4419">
     <span class='ocr_line' id='line_1_92' title="bbox 2083 4344 3656 4419; baseline 0.003 -20"><span class='ocrx_word' id='word_1_730' title='bbox 2083 4344 2247 4400; x_wconf 85' lang='lat' dir='ltr'><strong>Corb.</strong></span> <span class='ocrx_word' id='word_1_731' title='bbox 2277 4359 2487 4415; x_wconf 79' lang='lat' dir='ltr'><strong>queque</strong></span> <span class='ocrx_word' id='word_1_732' title='bbox 2514 4344 2696 4409; x_wconf 86' lang='lat' dir='ltr'><strong>habet,</strong></span> <span class='ocrx_word' id='word_1_733' title='bbox 2721 4354 2767 4398; x_wconf 91' lang='lat' dir='ltr'><strong>et</strong></span> <span class='ocrx_word' id='word_1_734' title='bbox 2787 4348 3019 4399; x_wconf 85' lang='lat' dir='ltr'><strong>restituta</strong></span> <span class='ocrx_word' id='word_1_735' title='bbox 3038 4353 3109 4398; x_wconf 88' lang='lat' dir='ltr'><strong>est</strong></span> <span class='ocrx_word' id='word_1_736' title='bbox 3136 4361 3317 4399; x_wconf 83' lang='lat' dir='ltr'><strong>manus</strong></span> <span class='ocrx_word' id='word_1_737' title='bbox 3334 4349 3447 4419; x_wconf 84' lang='lat' dir='ltr'><strong>ejus</strong></span> <span class='ocrx_word' id='word_1_738' title='bbox 3467 4349 3656 4404; x_wconf 86' lang='lat' dir='ltr'><strong>statim.</strong></span> 
     </span>
    </p>
   </div>
   <div class='ocr_carea' id='block_1_93' title="bbox 2092 4435 3657 4502">
    <p class='ocr_par' dir='ltr' id='par_1_93' title="bbox 2092 4435 3657 4502">
     <span class='ocr_line' id='line_1_93' title="bbox 2092 4435 3657 4502; baseline 0.001 -11"><span class='ocrx_word' id='word_1_739' title='bbox 2092 4435 2214 4491; x_wconf 75' lang='lat' dir='ltr'><strong>Gal.</strong></span> <span class='ocrx_word' id='word_1_740' title='bbox 2246 4444 2297 4489; x_wconf 90' lang='lat' dir='ltr'><strong>et</strong></span> <span class='ocrx_word' id='word_1_741' title='bbox 2325 4436 2557 4491; x_wconf 88' lang='lat' dir='ltr'><strong>restituta</strong></span> <span class='ocrx_word' id='word_1_742' title='bbox 2574 4446 2647 4490; x_wconf 88' lang='lat' dir='ltr'><strong>est</strong></span> <span class='ocrx_word' id='word_1_743' title='bbox 2668 4453 2846 4489; x_wconf 88' lang='lat' dir='ltr'><strong>manus</strong></span> <span class='ocrx_word' id='word_1_744' title='bbox 2875 4436 3013 4490; x_wconf 84' lang='lat' dir='ltr'><strong>illius</strong></span> <span class='ocrx_word' id='word_1_745' title='bbox 3057 4436 3286 4502; x_wconf 87' lang='lat' dir='ltr'><strong>sanitati,</strong></span> <span class='ocrx_word' id='word_1_746' title='bbox 3317 4438 3452 4491; x_wconf 89' lang='lat' dir='ltr'><strong>sicut</strong></span> <span class='ocrx_word' id='word_1_747' title='bbox 3475 4438 3657 4493; x_wconf 83' lang='lat' dir='ltr'><strong>altera.</strong></span> 
     </span>
    </p>
   </div>
   <div class='ocr_carea' id='block_1_94' title="bbox 2154 4525 3640 4598">
    <p class='ocr_par' dir='ltr' id='par_1_94' title="bbox 2154 4525 3640 4598">
     <span class='ocr_line' id='line_1_94' title="bbox 2154 4525 3640 4598; baseline 0.003 -20"><span class='ocrx_word' id='word_1_748' title='bbox 2154 4525 2309 4578; x_wconf 81' lang='lat' dir='ltr'><strong>Marci</strong></span> <span class='ocrx_word' id='word_1_749' title='bbox 2340 4540 2458 4594; x_wconf 79' lang='lat' dir='ltr'><strong>cap.</strong></span> <span class='ocrx_word' id='word_1_750' title='bbox 2488 4543 2542 4593; x_wconf 74' lang='grc' dir='ltr'>ι,</span> <span class='ocrx_word' id='word_1_751' title='bbox 2562 4527 2648 4580; x_wconf 81' lang='grc'><strong>17.</strong></span> <span class='ocrx_word' id='word_1_752' title='bbox 2665 4526 2843 4581; x_wconf 72' lang='lat' dir='ltr'><strong>leex</strong></span> <span class='ocrx_word' id='word_1_753' title='bbox 2870 4526 3244 4594; x_wconf 87' lang='lat' dir='ltr'><strong>Vercellensis,</strong></span> <span class='ocrx_word' id='word_1_754' title='bbox 3268 4544 3401 4581; x_wconf 85' lang='lat' dir='ltr'><strong>unus</strong></span> <span class='ocrx_word' id='word_1_755' title='bbox 3425 4530 3640 4598; x_wconf 86' lang='lat' dir='ltr'><strong>genibus</strong></span> 
     </span>
    </p>
   </div>
   <div class='ocr_carea' id='block_1_95' title="bbox 2092 4616 3659 4690">
    <p class='ocr_par' dir='ltr' id='par_1_95' title="bbox 2092 4616 3659 4690">
     <span class='ocr_line' id='line_1_95' title="bbox 2092 4616 3659 4690; baseline 0.005 -24"><span class='ocrx_word' id='word_1_756' title='bbox 2092 4626 2375 4679; x_wconf 85' lang='lat' dir='ltr'><strong>prostratus</strong></span> <span class='ocrx_word' id='word_1_757' title='bbox 2403 4616 2607 4686; x_wconf 87' lang='lat' dir='ltr'><strong>rogabat</strong></span> <span class='ocrx_word' id='word_1_758' title='bbox 2634 4633 2769 4681; x_wconf 88' lang='lat' dir='ltr'><strong>eum,</strong></span> <span class='ocrx_word' id='word_1_759' title='bbox 2800 4617 2993 4671; x_wconf 88' lang='lat' dir='ltr'><strong>dicens.</strong></span> <span class='ocrx_word' id='word_1_760' title='bbox 3041 4618 3240 4673; x_wconf 88' lang='lat' dir='ltr'><strong>Veron.</strong></span> <span class='ocrx_word' id='word_1_761' title='bbox 3272 4620 3481 4687; x_wconf 85' lang='lat' dir='ltr'><strong>quidam</strong></span> <span class='ocrx_word' id='word_1_762' title='bbox 3505 4620 3659 4690; x_wconf 86' lang='lat' dir='ltr'><strong>adge-</strong></span> 
     </span>
    </p>
   </div>
   <div class='ocr_carea' id='block_1_96' title="bbox 2008 4702 3651 4777">
    <p class='ocr_par' dir='ltr' id='par_1_96' title="bbox 2008 4702 3651 4777">
     <span class='ocr_line' id='line_1_96' title="bbox 2008 4702 3651 4777; baseline 0.004 -16"><span class='ocrx_word' id='word_1_763' title='bbox 2008 4702 2062 4761; x_wconf 92' lang='lat' dir='ltr'><strong>D</strong></span> <span class='ocrx_word' id='word_1_764' title='bbox 2087 4706 2340 4770; x_wconf 86' lang='lat' dir='ltr'><strong>uiculans,</strong></span> <span class='ocrx_word' id='word_1_765' title='bbox 2365 4724 2551 4777; x_wconf 88' lang='lat' dir='ltr'><strong>rogans</strong></span> <span class='ocrx_word' id='word_1_766' title='bbox 2572 4725 2705 4773; x_wconf 88' lang='lat' dir='ltr'><strong>eum,</strong></span> <span class='ocrx_word' id='word_1_767' title='bbox 2737 4717 2783 4761; x_wconf 90' lang='lat' dir='ltr'><strong>et</strong></span> <span class='ocrx_word' id='word_1_768' title='bbox 2828 4709 3021 4763; x_wconf 82' lang='lat' dir='ltr'><strong>dicens.</strong></span> <span class='ocrx_word' id='word_1_769' title='bbox 3065 4710 3196 4764; x_wconf 85' lang='lat' dir='ltr'><strong>Vide</strong></span> <span class='ocrx_word' id='word_1_770' title='bbox 3231 4711 3496 4767; x_wconf 88' lang='lat' dir='ltr'><strong>variantes</strong></span> <span class='ocrx_word' id='word_1_771' title='bbox 3538 4712 3651 4768; x_wconf 88' lang='lat' dir='ltr'><strong>lec-</strong></span> 
     </span>
    </p>
   </div>
   <div class='ocr_carea' id='block_1_97' title="bbox 2084 4797 3108 4869">
    <p class='ocr_par' dir='ltr' id='par_1_97' title="bbox 2084 4797 3108 4869">
     <span class='ocr_line' id='line_1_97' title="bbox 2084 4797 3108 4869; baseline 0.005 -19"><span class='ocrx_word' id='word_1_772' title='bbox 2084 4797 2257 4852; x_wconf 86' lang='lat' dir='ltr'><strong>tiones</strong></span> <span class='ocrx_word' id='word_1_773' title='bbox 2283 4798 2454 4853; x_wconf 81' lang='lat' dir='ltr'><strong>Grtcci</strong></span> <span class='ocrx_word' id='word_1_774' title='bbox 2480 4808 2653 4854; x_wconf 81' lang='lat' dir='ltr'><strong>textus</strong></span> <span class='ocrx_word' id='word_1_775' title='bbox 2699 4800 2837 4869; x_wconf 85' lang='lat' dir='ltr'><strong>apud</strong></span> <span class='ocrx_word' id='word_1_776' title='bbox 2870 4803 3108 4855; x_wconf 81' lang='lat' dir='ltr'><strong>Millium.</strong></span> 
     </span>
    </p>
   </div>
   <div class='ocr_carea' id='block_1_98' title="bbox 2157 4891 3654 4966">
    <p class='ocr_par' dir='ltr' id='par_1_98' title="bbox 2157 4891 3654 4966">
     <span class='ocr_line' id='line_1_98' title="bbox 2157 4891 3654 4966; baseline 0.006 -22"><span class='ocrx_word' id='word_1_777' title='bbox 2157 4891 2316 4944; x_wconf 88' lang='lat' dir='ltr'><strong>Marci</strong></span> <span class='ocrx_word' id='word_1_778' title='bbox 2343 4906 2459 4960; x_wconf 86' lang='lat' dir='ltr'><strong>cap.</strong></span> <span class='ocrx_word' id='word_1_779' title='bbox 2485 4908 2541 4954; x_wconf 75' lang='grc' dir='ltr'><strong>ι,</strong></span> <span class='ocrx_word' id='word_1_780' title='bbox 2566 4892 2652 4949; x_wconf 82' lang='grc'><strong>53.</strong></span> <span class='ocrx_word' id='word_1_781' title='bbox 2683 4892 2859 4947; x_wconf 81' lang='lat' dir='ltr'><strong>Codex</strong></span> <span class='ocrx_word' id='word_1_782' title='bbox 2885 4894 3109 4949; x_wconf 89' lang='lat' dir='ltr'><strong>Vercell.</strong></span> <span class='ocrx_word' id='word_1_783' title='bbox 3139 4897 3347 4963; x_wconf 84' lang='lat' dir='ltr'><strong>potestis</strong></span> <span class='ocrx_word' id='word_1_784' title='bbox 3460 4898 3654 4966; x_wconf 87' lang='lat' dir='ltr'><strong>baptis-</strong></span> 
     </span>
    </p>
   </div>
   <div class='ocr_carea' id='block_1_99' title="bbox 2087 4983 3655 5056">
    <p class='ocr_par' dir='ltr' id='par_1_99' title="bbox 2087 4983 3655 5056">
     <span class='ocr_line' id='line_1_99' title="bbox 2087 4983 3655 5056; baseline 0.005 -21"><span class='ocrx_word' id='word_1_785' title='bbox 2087 4997 2249 5047; x_wconf 85' lang='lat' dir='ltr'><strong>mum,</strong></span> <span class='ocrx_word' id='word_1_786' title='bbox 2299 4983 2434 5053; x_wconf 88' lang='lat' dir='ltr'><strong>quod</strong></span> <span class='ocrx_word' id='word_1_787' title='bbox 2482 5000 2573 5054; x_wconf 80' lang='lat' dir='ltr'><strong>ego</strong></span> <span class='ocrx_word' id='word_1_788' title='bbox 2624 4984 2869 5056; x_wconf 78' lang='lat' dir='ltr'><strong>baptizor,</strong></span> <span class='ocrx_word' id='word_1_789' title='bbox 2902 4987 3177 5052; x_wconf 76' lang='lat' dir='ltr'><strong>baptizari.</strong></span> <span class='ocrx_word' id='word_1_790' title='bbox 3226 4989 3291 5041; x_wconf 85' lang='lat' dir='ltr'><strong>Et</strong></span> <span class='ocrx_word' id='word_1_791' title='bbox 3336 4988 3405 5043; x_wconf 88' lang='lat' dir='ltr'><strong>ita</strong></span> <span class='ocrx_word' id='word_1_792' title='bbox 3462 4990 3655 5045; x_wconf 78' lang='lat' dir='ltr'><strong>Veron.</strong></span> 
     </span>
    </p>
   </div>
   <div class='ocr_carea' id='block_1_100' title="bbox 2093 5072 3662 5153">
    <p class='ocr_par' dir='ltr' id='par_1_100' title="bbox 2093 5072 3662 5153">
     <span class='ocr_line' id='line_1_100' title="bbox 2093 5072 3662 5153; baseline 0.008 -27"><span class='ocrx_word' id='word_1_793' title='bbox 2093 5072 2526 5130; x_wconf 85' lang='lat' dir='ltr'><strong>Vindobonensis</strong></span> <span class='ocrx_word' id='word_1_794' title='bbox 2563 5086 2742 5130; x_wconf 86' lang='lat' dir='ltr'><strong>autem</strong></span> <span class='ocrx_word' id='word_1_795' title='bbox 2797 5085 2852 5130; x_wconf 83' lang='lat' dir='ltr'><strong>et</strong></span> <span class='ocrx_word' id='word_1_796' title='bbox 2884 5078 3030 5133; x_wconf 80' lang='lat' dir='ltr'><strong>Brix.</strong></span> <span class='ocrx_word' id='word_1_797' title='bbox 3060 5081 3266 5149; x_wconf 81' lang='lat' dir='ltr'><strong>potestis</strong></span> <span class='ocrx_word' id='word_1_798' title='bbox 3404 5083 3662 5153; x_wconf 78' lang='lat' dir='ltr'><strong>baptizare</strong></span> 
     </span>
    </p>
   </div>
   <div class='ocr_carea' id='block_1_101' title="bbox 2091 5164 2934 5239">
    <p class='ocr_par' dir='ltr' id='par_1_101' title="bbox 2091 5164 2934 5239">
     <span class='ocr_line' id='line_1_101' title="bbox 2091 5164 2934 5239; baseline 0.005 -21"><span class='ocrx_word' id='word_1_799' title='bbox 2091 5164 2415 5236; x_wconf 88' lang='lat' dir='ltr'><strong>baptismum,</strong></span> <span class='ocrx_word' id='word_1_800' title='bbox 2446 5182 2543 5237; x_wconf 88' lang='lat' dir='ltr'><strong>quo</strong></span> <span class='ocrx_word' id='word_1_801' title='bbox 2570 5183 2661 5238; x_wconf 87' lang='lat' dir='ltr'><strong>ego</strong></span> <span class='ocrx_word' id='word_1_802' title='bbox 2685 5168 2934 5239; x_wconf 78' lang='lat' dir='ltr'><strong>baptizor.</strong></span> 
     </span>
    </p>
   </div>
   <div class='ocr_carea' id='block_1_102' title="bbox 3220 5708 3227 5735">
    <p class='ocr_par' dir='ltr' id='par_1_102' title="bbox 3220 5708 3227 5735">
     <span class='ocr_line' id='line_1_102' title="bbox 3220 5708 3227 5735; baseline 0 0"><span class='ocrx_word' id='word_1_803' title='bbox 3220 5708 3227 5735; x_wconf 73' lang='grc' dir='ltr'><strong>Ι</strong></span> 
     </span>
    </p>
   </div>
   <div class='ocr_carea' id='block_1_103' title="bbox 2160 5878 3653 5952">
    <p class='ocr_par' dir='ltr' id='par_1_103' title="bbox 2160 5878 3653 5952">
     <span class='ocr_line' id='line_1_103' title="bbox 2160 5878 3653 5952; baseline 0.001 -14"><span class='ocrx_word' id='word_1_804' title='bbox 2160 5881 2321 5938; x_wconf 85' lang='lat' dir='ltr'><strong>Marci</strong></span> <span class='ocrx_word' id='word_1_805' title='bbox 2349 5895 2466 5952; x_wconf 88' lang='lat' dir='ltr'><strong>cap.</strong></span> <span class='ocrx_word' id='word_1_806' title='bbox 2500 5895 2601 5950; x_wconf 78' lang='lat' dir='ltr'><strong>xu,</strong></span> <span class='ocrx_word' id='word_1_807' title='bbox 2632 5881 2724 5936; x_wconf 68' lang='grc' dir='ltr'><strong>Εὶι.</strong></span> <span class='ocrx_word' id='word_1_808' title='bbox 2754 5880 2937 5939; x_wconf 83' lang='lat' dir='ltr'><strong>Codex</strong></span> <span class='ocrx_word' id='word_1_809' title='bbox 2962 5878 3346 5950; x_wconf 83' lang='lat' dir='ltr'><strong>Vercellensis,</strong></span> <span class='ocrx_word' id='word_1_810' title='bbox 3372 5897 3478 5939; x_wconf 85' lang='lat' dir='ltr'><strong>una</strong></span> <span class='ocrx_word' id='word_1_811' title='bbox 3501 5883 3653 5941; x_wconf 73' lang='lat' dir='ltr'><strong>vidua</strong></span> 
     </span>
    </p>
   </div>
  </div>
