4288 6442
516 495 593 554 85

1544 490 1883 573 ,arlsrou
1920 493 2255 553 necessu
2289 494 2764 553 novsnmusas.
3706 494 3778 551 se

516 627 611 686 per
630 612 766 665 misit
808 610 911 665 duo
938 611 1158 677 minuta,
1189 608 1397 666 ferebat
1432 594 1817 677 vetus'v'ersio,
1848 644 1934 665 ....
1962 608 2098 664 misit
2130 624 2175 683 Α
2200 610 2337 663 misit
2366 612 2561 667 minuta
2586 611 2707 664 duo.
2742 609 2969 664 Vindob.
3024 627 3124 662 tt.."t
3156 610 3306 664 uidua
3333 610 3472 664 misit
3511 626 3613 666 tera
3656 610 3779 665 duo.

520 715 623 757 tera
650 701 771 755 duo.

489 783 502 790 ’
589 790 753 849 marci
781 808 900 863 cap.
936 809 1049 857 xm,
1083 793 1172 849 15.
1196 792 1296 861 Qui
1336 793 1390 848 in
1424 794 1793 863 superioribus,
1845 808 1945 847 non
1983 792 2098 847 des-

517 887 696 941 cendat
719 902 738 941 :
763 877 886 957 quae
936 887 1006 941 ita
1038 886 1091 942 in
1145 886 1373 953 Vulgata
1418 897 1601 945 nostra
1628 888 2022 958 exprimuntur,
2050 895 2096 942 et

516 978 604 1049 qui
626 992 778 1048 super
806 987 1011 1045 tectum,
1043 994 1106 1033 uc
1127 976 1415 1032 descendat.

591 1160 659 1218 Ut
702 1162 819 1233 plus
865 1160 1069 1218 inesset
1113 1159 1364 1231 ponderis
1394 1158 1519 1215 huic
1557 1158 1679 1215 rudi
1718 1156 1925 1212 Iudicio
1964 1172 2103 1221 meo;

517 1262 680 1325 atque
721 1254 1086 1308 innotescerct
1128 1251 1271 1306 Italas
1313 1250 1573 1307 ver‘sionis
1613 1263 1779 1321 genus
1818 1248 2100 1304 sacerrimi

516 1346 719 1400 codicis
751 1342 1115 1399 Vcrcellarum
1140 1384 1156 1409 ,
1191 1342 1243 1397 in
1273 1341 1503 1397 medium
1532 1340 1727 1411 pratuli
1754 1340 1853 1393 ltos
1883 1339 2100 1394 univer-

516 1451 609 1493 sos
632 1436 1043 1506 Evangeliorum
1068 1436 1236 1500 locos,
1260 1450 1395 1506 quos
1412 1434 1855 1502 Sapientissimus
1872 1433 2101 1487 domnus

515 1524 705 1583 Petrus
731 1524 975 1585 Sabatier
1008 1526 1061 1580 in
1089 1525 1245 1581 Pra-t‘.
1280 1525 1515 1596 generali
1544 1515 1796 1594 allegavit
1830 1539 1893 1578 ex
1923 1523 2098 1577 Patri-

514 1617 614 1675 bus
652 1616 960 1689 primitivis,
1001 1630 1162 1688 atque
1204 1634 1268 1672 ex
1304 1616 1578 1673 codicibus
1606 1631 1739 1672 mss.
1778 1615 2099 1670 veneranda;

513 1709 864 1781 antiquitatis,
887 1709 952 1764 ad
976 1710 1384 1781 exprimendam
1416 1710 1702 1779 imaginem
1730 1709 1965 1777 antiqutc
1996 1707 2098 1762 La-

518 1801 643 1867 tina:
672 1800 816 1857 Italas
846 1801 1235 1858 translationis.
1262 1801 1404 1857 Nihil
1430 1802 1497 1857 ab
1518 1788 1601 1856 eo.
1615 1801 1860 1872 prmstari
1887 1808 2099 1871 poterat
2148 1818 2151 1821 ·

516 1893 572 1950 in
594 1893 694 1949 ltoc
721 1908 921 1965 genere
947 1893 1157 1959 doctius
1203 1902 1363 1963 atque
1420 1892 1683 1958 lucidius;
1712 1892 1960 1961 quoniam
1983 1891 2097 1961 ipse

2203 699 2401 755 Veron.
2438 718 2539 754 una
2566 702 2717 755 vidua
2742 701 2873 755 misit
2899 716 3003 755 tera
3032 700 3271 773 (minuta)
3304 702 3430 757 duo.

2276 792 2435 846 Marci
2461 807 2580 860 cap.
2614 809 2735 855 xui,
2770 794 2855 856 15,
2884 790 3063 847 Codex
3090 792 3471 858 Vercellensis,
3503 794 3590 864 qui
3632 810 3783 864 super

2208 893 2391 938 tectum
2413 884 2587 953 fuerit,
2613 901 2711 937 non
2728 882 3016 939 descendat.
3036 882 3197 937 Corl).
3224 884 3312 953 qui
3338 886 3390 939 in
3410 884 3781 955 superioribus,

2209 991 2309 1029 non
2339 974 2667 1027 descendant.
2694 972 2894 1029 Veron.
2923 981 2977 1028 et
3002 972 3269 1028 Brizz......

2274 1153 2460 1208 Matth.
2490 1168 2607 1222 cap.
2648 1168 2722 1217 vt,
2780 1152 2865 1207 l8.
2912 1152 2967 1207 ln
2996 1151 3321 1215 Vercellcn.,
3347 1150 3545 1208 Veron.
3571 1163 3626 1209 et
3645 1154 3779 1210 San-

2202 1244 2525 1303 Germanen.
2556 1243 2790 1308 additur,
2819 1245 2871 1298 in
2895 1244 3087 1317 palam,
3113 1253 3169 1298 ut
3199 1244 3248 1297 in
3276 1242 3465 1299 Graeco
3498 1253 3671 1300 textu.

2274 1338 2458 1393 Matth.
2489 1353 2607 1407 cap.
2625 1354 2684 1403 x,
2708 1337 2797 1392 25.
2820 1336 3437 1402 Vercellen.,Corbeien.
3465 1346 3517 1391 et
3540 1337 3777 1392 [tt-ixian.

2203 1428 2493 1485 Βεειειιὺιιι.
2529 1431 2703 1486 Grmci
2736 1446 2947 1501 quoque
2976 1430 3189 1485 codices
3217 1433 3419 1500 legunt,
3452 1430 3778 1495 Βιε).ζεϐοὺ).,

2201 1504 2341 1590 {illud
2364 1520 2649 1577 Chaldaice
2673 1529 2776 1587 est,
2806 1522 3203 1576 Deussordiunt.

2237 1611 2458 1679 _l\lattlt.
2500 1627 2620 1681 cap.
2670 1627 2780 1677 ιιι,
2822 1628 2877 1667 v.
2919 1612 3009 1668 51.
3060 1611 3387 1679 Vercellen.,
3434 1612 3696 1666 \‘eronen.
3724 1620 3780 1666 et

2200 1702 2482 1758 Cnrbeien.
2512 1700 2703 1756 Dicunt
2736 1705 2818 1757 ei:
2848 1695 3175 1758 novissimus.
3210 1704 3272 1758 Et
3302 1704 3372 1757 ita
3397 1712 3604 1759 veteres
3634 1720 3773 1758 non-

2200 1796 2333 1850 nulli
2374 1794 2585 1850 codices
2634 1793 2807 1849 Graeci
2854 1805 2909 1849 et
2954 1791 3129 1849 Latini
3197 1794 3299 1848 hoc
3340 1794 3458 1849 loco
3503 1794 3776 1857 ferebant,

2203 1896 2355 1955 prout
2372 1881 2678 1955 Caa‘tabrig.
2699 1883 3032 1940 Greco-Lat.
3052 1883 3245 1956 Copltt.
3266 1884 3486 1940 Armen.
3507 1883 3775 1940 Lelchest.

516 1986 730 2052 omnia,
760 2000 879 2055 quat
900 1983 1089 2051 alicrt,
1120 1985 1232 2039 loca
1261 1983 1516 2039 variantia
1537 2025 1553 2050 ,
1584 1998 1690 2038 non
1714 1982 1909 2037 leviter
1937 1982 2098 2035 attin-
2126 1981 2173 2041 B
2202 1990 2253 2035 et
2298 1978 2468 2033 l‘aris.
2518 1978 2571 2043 6,
2618 1978 2757 2049 apud
2798 1977 3043 2033 Militum.
3097 1972 3165 2033 At
3209 1988 3394 2032 nostra
3445 1986 3601 2032 actate
3645 1978 3769 2032 libri

517 2078 613 2148 git,
650 2077 817 2131 multo
843 2075 1020 2131 minus
1051 2083 1273 2149 temere,
1305 2084 1397 2130 aut
1422 2090 1491 2130 ex
1528 2073 1893 2144 praejudicatis
1922 2073 2097 2127 notio-

520 2169 717 2240 nibns;
749 2168 844 2226 sed
875 2168 1131 2239 inspectis
1167 2168 1485 2241 collatisque
1518 2167 1720 2223 Graecis
1774 2164 2103 2235 exemplari-

520 2260 642 2325 bus,
673 2259 946 2331 explorata
970 2260 1131 2316 etiam
1156 2257 1472 2315 Latinorum
1505 2260 1707 2322 indole,
1738 2259 1789 2311 in
1818 2257 2098 2311 consilium

520 2350 741 2420 insuper
763 2349 1019 2405 adhibitis
1048 2336 1303 2419 operibus
1327 2350 1425 2404 SS.
1458 2349 1671 2401 Patrum
1701 2346 2059 2416 antiquiorum
2078 2383 2095 2409 ,

516 2441 741 2512 singulis
785 2439 1018 2512 denique
1062 2454 1269 2493 summa
1313 2453 1447 2495 cum.
1476 2439 1749 2508 diligentia
1797 2437 2094 2507 pensitatis,

490 2548 641 2604 ,quze
668 2533 721 2587 in
752 2531 1055 2603 Intjusmadi
1089 2531 1432 2602 inquisitione
1463 2533 1596 2587 lucis
1624 2530 1897 2603 quidpiam
1930 2530 2101 2586 liene-

518 2625 624 2682 rari
673 2639 832 2695 posse
872 2624 1208 2680 videbantur.
1254 2621 1388 2680 Cum
1424 2627 1567 2681 enim
1612 2624 1663 2679 in
1708 2625 1962 2679 Palu-stra
2000 2624 2100 2680 hac

447 2710 459 2723 ’
520 2719 742 2792 multum
760 2727 901 2771 esset
923 2723 1190 2783 versatus,
1219 2724 1273 2771 et
1294 2717 1569 2786 explorate
1594 2717 1820 2771 subinde
1843 2716 1943 2785 ipsi
1964 2731 2097 2771 con-

518 2818 689 2866 Staret
731 2809 797 2863 de
841 2807 1124 2862 luculentis
1168 2807 1489 2863 testimoniis
1535 2822 1567 2861 a
1612 2822 1672 2861 se
1710 2807 1972 2877 prolatis,
2022 2805 2098 2859 nil

486 2928 497 2938 ε
522 2900 799 2966 mirum,si
826 2901 877 2955 itt
902 2902 1090 2957 iisdem
1116 2900 1413 2971 allegandis
1441 2913 1729 2971 numquam
1756 2898 2099 2969 ceSpitaverit

520 2990 604 3044 vir
631 2990 922 3065 maximus.
958 2991 1063 3057 Sed
1092 2992 1341 3062 quoniam
1372 3005 1439 3047 ex
1470 2991 1650 3045 multis
1679 2989 1953 3053 labeculis,
1980 2988 2098 3057 qui-

520 3081 623 3138 bus
650 3082 777 3137 ltala
802 3082 856 3139 iu
884 3084 1161 3141 codicibus
1188 3084 1347 3139 modo
1368 3096 1611 3152 respersa
1634 3093 1739 3149 εει,
1764 3082 1832 3136 ita
1855 3090 2096 3135 veterem

520 3179 672 3248 quasi
702 3176 930 3233 formam
963 3179 1228 3250 aliquibus
1252 3176 1466 3235 videtur
1493 3177 1764 3242 amisisse,
1794 3176 1879 3230 vix
1900 3174 2007 3249 jam
2038 3180 2099 3228 ιιι

520 3266 634 3340 ipsa
656 3269 912 3344 ettgnosci
932 3280 1127 3340 queat;
1150 3281 1203 3325 et
1224 3270 1570 3325 simulacrum
1585 3268 1860 3325 dumtaxat
1883 3265 2095 3337 aliquod

2201 2070 2395 2136 Gnaei,
2428 2082 2482 2126 et
2511 2072 2682 2126 Latini
2719 2071 2858 2142 typis
2888 2070 3089 2140 vnlgati
3115 2070 3319 2141 legunt,
3352 2072 3570 2143 primus.
3595 2070 3776 2126 Oritur

2204 2164 2253 2219 id
2287 2181 2345 2218 ex
2386 2163 2801 2233 tranSpositione
2828 2163 3213 2218 versiculorum
3240 2162 3312 2219 99
3341 2173 3391 2218 et
3420 2164 3506 2230 50,
3548 2163 3600 2217 in
3633 2162 3773 2215 hunc

2204 2255 2417 2315 modum
2447 2273 2461 2308 :
2496 2255 2652 2309 Pater
2674 2253 2919 2309 accedens
2945 2256 3013 2307 ad
3043 2256 3286 2324 primum,
3310 2255 3471 2307 dixit:
3502 2251 3615 2323 (2‘4)
3646 2250 3777 2315 Fili,

2202 2349 2323 2398 ratio
2350 2346 2516 2412 hodie,
2548 2359 2758 2414 aperarc
2787 2345 2839 2397 in
2865 2344 3010 2398 vinea
3045 2358 3177 2397 mea.
3218 2342 3284 2395 At
3320 2343 3411 2396 ille
3438 2343 3773 2410 respondens,

2200 2436 2270 2488 ait
2298 2451 2315 2488 .·
2346 2435 2440 2501 Eo,
2470 2434 2721 2511 Domine;
2742 2446 2787 2489 et
2818 2452 2916 2489 non
2942 2436 3051 2489 irit.
3084 2433 3198 2508 (50)
3228 2434 3482 2487 Accedens
3510 2443 3678 2486 autem
3707 2432 3776 2485 uti

2200 2528 2436 2589 alterum,
2478 2527 2895 2581 dixitsimiliter.
2937 2526 3039 2581 Ille
3078 2537 3247 2581 autem
3286 2526 3617 2594 respondens,
3660 2526 3773 2579 ait:

2201 2621 2338 2694 uolo.
2376 2618 2563 2673 Postea
2592 2621 2883 2690 pwniteutia
2916 2629 3105 2685 motus,
3132 2618 3279 2672 abiit.
3317 2616 3445 2682 Quis
3482 2633 3545 2671 ea:
3572 2616 3775 2670 duobus

2202 2712 2318 2781 fecit
2341 2697 2661 2766 uoluntatem
2705 2709 2916 2764 Patris?
2945 2709 3133 2763 Dicunt
3162 2710 3244 2763 ei:
3278 2707 3616 2763 Nouissimas.
3649 2707 3773 2761 [ltec

2201 2812 2346 2858 certe
2377 2804 2640 2857 orationis
2669 2802 2975 2858 distributio
2989 2800 3125 2856 hanc
3154 2800 3560 2871 responsionem
3594 2808 3777 2869 postu-

2200 2894 2302 2959 lat;
2338 2895 2551 2950 codices
2582 2893 2792 2962 quidam
2820 2893 2959 2963 apud
2990 2893 3299 2963 Hieronytn.
3335 2891 3486 2947 Vers.
3522 2891 3682 2947 Arab.
3714 2905 3778 2946 ac

2198 2984 2321 3045 Sax.
2356 2983 2522 3044 llilar.
2550 2985 2686 3056 Aug.
2715 2983 2846 3039 Cod.
2880 2981 3067 3039 Const.
3100 2998 3205 3054 quo
3234 2996 3364 3038 usus
3383 2975 3467 3038 est
3500 2982 3775 3046 Erasmus,

2198 3090 2284 3133 etc
2352 3078 2590 3149 Vulgata:
2632 3077 2875 3135 ordinem
2916 3086 3166 3143 servant,
3215 3084 3270 3132 et
3322 3086 3499 3131 tamen
3543 3075 3721 3131 ierunt
3752 3115 3770 3142 ,

2199 3171 2525 3238 novissimus,
2571 3186 2697 3235 non,
2739 3170 2972 3243 primus:
3013 3168 3172 3238 idque
3201 3182 3269 3223 ex
3303 3182 3368 3222 eo
3404 3167 3591 3233 oritur,
3635 3164 3776 3236 quod

2199 3264 2925 3340 anitnadvertentesaliqui,
2979 3262 3033 3317 in
3071 3260 3429 3333 explicatione
3471 3260 3771 3331 parabolae,

519 3360 573 3416 itt
593 3362 961 3431 superioribus
987 3362 1121 3417 locis
1144 3362 1542 3425 adumbratum,
1565 3360 1828 3430 nobisque
1850 3359 2095 3414 relictum
2122 3356 2167 3421 C
2202 3351 2517 3429 publicanos
2564 3366 2619 3412 et
2668 3357 2979 3412 meretrices
3006 3371 3125 3425 qurc
3151 3354 3427 3410 hominum
3451 3368 3644 3424 genera
3674 3367 3773 3407 no-

524 3461 746 3524 putant:
780 3469 880 3524 ego
917 3453 1269 3509 excellentem
1298 3452 1539 3523 ejusdem
1566 3450 1714 3507 Itala:
1747 3448 2099 3522 pulchritudi-

522 3558 645 3599 nem
677 3544 869 3599 iterum
901 3544 952 3599 iu
981 3544 1228 3599 Patribus
1255 3560 1491 3615 quaeram
1518 3560 1533 3608 ;
1564 3553 1723 3613 atqtte
1754 3542 1987 3597 nativam
2015 3540 2099 3596 cf-

521 3636 733 3705 ligiem,
776 3643 897 3705 post
942 3645 1146 3692 tantum
1190 3636 1404 3701 virum,
1454 3636 1508 3692 in
1554 3634 1869 3705 primigenio
1911 3632 2100 3688 Grieco

524 3735 670 3780 trxtu
692 3728 955 3782 curiosius
981 3726 1408 3797 contemplabor,
1437 3735 1495 3779 ut
1525 3723 1723 3778 nullam
1756 3740 1783 3775 a
1816 3738 1902 3778 tne
1928 3722 2100 3793 patiar

523 3818 814 3890 diligentiae
839 3828 1040 3889 partem
1069 3819 1365 3876 desiderari
1393 3819 1461 3875 ad
1486 3817 1843 3875 Vercellensis
1867 3830 2100 3885 cvange-

519 3907 659 3964 llarii
680 3910 881 3964 codicis
911 3910 1345 3967 illustrationem.
1374 3912 1452 3966 En
1480 3924 1610 3981 ergo
1640 3910 1845 3981 sylvam
1875 3908 2096 3963 aliarum

522 3999 895 4070 parallelarum
929 4000 1221 4055 lectionum
1248 4043 1263 4068 ,
1303 4015 1440 4070 quas
1470 4016 1572 4071 ego
1597 4001 1789 4069 collegi
1815 4016 1881 4053 ex
1913 4000 2017 4055 PP.
2046 4010 2101 4055 et

521 4091 825 4149 Comment.
856 4108 1096 4171 quasque
1126 4093 1212 4149 hic
1241 4093 1413 4149 libens
1443 4092 1494 4147 itt
1523 4092 1754 4149 medium
1785 4091 1970 4147 adero.

591 4187 749 4243 Joan.
804 4203 923 4258 cap.
999 4203 1121 4252 xix,
1150 4186 1240 4242 3i
1284 4186 1583 4243 Vcrcellen.
1633 4195 1689 4241 et
1730 4184 1927 4240 Veron.
1958 4200 2098 4239 creua

522 4296 671 4351 pura.
708 4280 797 4337 Sic
835 4295 1021 4335 vocem
1065 4283 1369 4355 παρασκεύη
1411 4278 1590 4333 reddit
1620 4287 1770 4333 retus
1810 4277 2095 4345 interpres,

522 4379 579 4428 et
598 4373 796 4443 Optime
816 4372 1061 4441 quidem:
1087 4387 1208 4424 nam
1230 4386 1554 4440 parasceveu,
1580 4369 1752 4438 inquit
1772 4366 2097 4436 Augustinus

467 4531 477 4540 _
523 4463 577 4518 in
606 4474 759 4518 tract.
798 4462 899 4517 120
927 4462 981 4515 in
1018 4456 1212 4515 Joattn.
1259 4475 1449 4512 caenam
1480 4475 1659 4528 puram
1688 4455 1882 4518 Judaei,
1917 4454 2098 4507 Latine

522 4556 759 4610 usitatius
787 4552 927 4624 apud
952 4569 1074 4617 nos,
1105 4560 1301 4606 vocant.
1339 4552 1502 4620 Hujus
1529 4550 1759 4604 nominis
1788 4548 1991 4603 mentio
2013 4556 2099 4603 est

524 4649 684 4703 etiam
705 4647 849 4717 apud
877 4645 1291 4710 Tertullianum,
1320 4643 1415 4700 lib.
1440 4660 1466 4697 ν
1490 4644 1747 4700 adversus
1772 4641 2094 4698 blarcionem

526 4754 645 4810 cap.
671 4739 727 4794 4.
1292 4746 1295 4749 ‘

601 4828 728 4885 Luc.
759 4844 879 4899 cap.
919 4845 958 4895 ι,
1014 4828 1107 4886 29.
1146 4828 1447 4885 Vercellen.
1475 4868 1491 4883 .
1524 4869 1537 4882 .
1572 4868 1588 4883 .
1643 4845 1700 4883 sa
1747 4845 1833 4883 au.
1860 4869 1879 4885 .
1916 4870 1928 4882 .
1965 4869 1980 4896 ,
2045 4839 2099 4884 ut

528 4921 668 4977 cidit.
694 4962 709 4976 .
743 4959 757 4974 .
781 4931 832 4975 ta
855 4931 944 4977 est.
973 4922 1172 4992 Supplc
1197 4922 1440 4976 lacunam
1463 4938 1525 4976 ex
1554 4921 1749 4977 Veron.
1784 4932 1836 4976 et
1858 4922 2092 4976 Brixian.

530 5011 651 5085 Ipsa
677 5022 867 5077 autem,
906 5025 962 5069 ut
992 5014 1291 5089 aiditeum,‘
1317 5025 1455 5069 mota
1489 5024 1561 5068 est
1607 5013 1865 5087 (Brixian.
1899 5015 2099 5069 turbata

527 5105 644 5178 est).
676 5089 895 5163 Griecus
930 5106 1111 5173 habet,
1137 5104 1253 5162 ἰιδι
1285 5105 1472 5163 ἰδοῦσα
1493 5105 1823 5190 ᾆμταρὰχθη,
1857 5104 1956 5161 ltoc
1992 5114 2097 5172 est,

526 5196 618 5248 illa
651 5206 817 5251 autem
846 5198 1042 5263 uidens,
1075 5196 1273 5250 turbam
1299 5206 1389 5257 est.
1466 5260 1469 5263 Α

599 5286 728 5342 Luc.
758 5303 877 5358 cap.
905 5307 978 5356 ιιι,
1004 5289 1059 5345 4.
1095 5288 1391 5345 Vet-ccllen.
1436 5300 1484 5344 et
1526 5289 1648 5345 inde
1687 5291 1855 5358 exite,
1888 5290 2102 5347 confor-

532 5380 689 5435 mitcr
734 5379 940 5443 Grex-0,
981 5386 1070 5437 καὶ
1104 5375 1305 5448 ἐκεῖθεν,
1340 5384 1611 5461 ἐξέρχεσθε
1634 5425 1648 5447 ,
1675 5384 1727 5439 id
1763 5393 1879 5449 est,
1908 5394 1955 5438 et
1984 5382 2101 5437 inde
2152 5433 2165 5442 .

532 5474 686 5539 exite,
710 5470 922 5526 Veron.-
939 5482 989 5536 et
1012 5474 1134 5529 inde
1159 5475 1562 5545 proﬁciscunini,
1595 5484 1650 5530 ut
1671 5476 1836 5531 codex
1865 5473 2026 5530 Corb.

602 5564 733 5620 Luc.
777 5577 897 5634 cap.
948 5576 1101 5629 xxtv,
1149 5563 1317 5621 v.45.
1362 5567 1416 5622 ltt
1462 5550 2123 5632 Vercellcn.,V'ermten.,

534 5654 814 5711 Corbeien.
846 5661 903 5710 et
934 5651 1170 5708 Brixian.
1197 5654 1382 5723 deest,
1424 5673 1627 5715 sumens
1656 5657 1927 5725 reliquias,
1964 5654 2102 5710 dedit

506 5796 510 5799 _
535 5746 638 5800 eis:
667 5762 766 5803 nec
789 5744 1018 5804 habetur
1042 5742 1097 5800 in
1126 5748 1277 5799 textu
1305 5761 1503 5815 grmco.

607 5834 794 5901 Matth.
825 5851 947 5909 cap.
978 5851 1051 5905 vl,
1095 5832 1183 5890 ιι.
1214 5831 1410 5903 Verba,
1441 5838 1627 5893 delicta
1677 5848 1860 5905 castra,
1910 5839 2106 5897 desunt

539 5927 595 5985 In
622 5927 943 5996 Vercellen.,
976 5928 1198 5993 νίψω...
1225 5926 1527 5985 Brixiamet
1554 5937 1698 5986 textu
1718 5930 1926 5987 Graeco.

2202 3454 2344 3507 mine
2369 3452 2587 3506 alterius
2619 3450 2709 3507 lilii
2734 3450 3049 3514 induuntur,
3086 3447 3325 3517 praeferri
3350 3445 3563 3502 caeteris
3586 3486 3602 3513 ,
3639 3458 3776 3514 quos

2200 3543 2373 3613 major
2395 3551 2518 3597 natu
2540 3540 2684 3597 illius
2701 3541 2921 3606 indicat,
2939 3540 3105 3595 veluti
3128 3538 3441 3605 Pbarisaais,
3463 3538 3771 3594 censuerint

2199 3634 2458 3691 mendum
2502 3649 2625 3690 esse
2670 3634 2722 3689 in
2758 3641 2928 3699 textu,
2973 3632 3397 3704 legendumque,
3440 3630 3771 3693 nouissimus,

2200 3728 2404 3782 scilicet
2433 3728 2567 3782 alter
2588 3727 2752 3790 illius,
2787 3741 2923 3799 non,
2958 3726 3174 3796 primus,
3206 3738 3399 3793 nempe
3430 3724 3600 3792 major
3622 3731 3771 3776 natu.

2199 3819 2267 3874 At
2298 3819 2514 3873 minimc
2544 3817 2739 3873 dicitur
2763 3831 2883 3873 esse
2922 3826 3055 3871 natu
3089 3817 3261 3886 major
3291 3817 3336 3870 is
3384 3830 3544 3886 quem
3594 3813 3769 3883 prium

2201 3909 2321 3966 loco
2346 3910 2456 3965 adit
2480 3911 2658 3977 Pater,
2684 3908 2855 3981 neque
2884 3918 3007 3965 natu
3032 3910 3207 3964 minor
3226 3909 3335 3972 ille,
3360 3923 3516 3977 quem
3538 3903 3773 3961 secundo

2199 4005 2466 4059 convenit.
2510 4002 2706 4057 Contra
2738 4003 2916 4071 potius
2945 4002 3209 4072 parabolze
3244 3999 3378 4055 ordo
3415 3995 3682 4065 postulat,
3716 4005 3775 4050 ut

2202 4104 2354 4163 pater
2399 4094 2542 4164 prius
2582 4097 2848 4150 vocaverit
2886 4102 3011 4147 natu
3054 4092 3351 4155 minorem,
3390 4087 3773 4157 ﬂagitiostirum

2203 4186 2475 4242 hominum
2501 4188 2745 4257 ﬁguram,
2774 4185 2969 4241 deinde
2993 4198 3118 4238 vero
3145 4182 3423 4249 majorem,
3455 4195 3561 4248 quo
3585 4178 3774 4235 Pltari-
3828 4211 3837 4218 -

2201 4279 2293 4332 sa-i
2325 4279 2781 4347 signiﬁcabantur.
2828 4276 2901 4331 Ita
2930 4273 3014 4331 Cl.
3043 4276 3249 4331 Calmet
3276 4273 3330 4328 in
3371 4271 3675 4329 Comment.
3705 4273 3774 4328 ad

2200 4367 2339 4420 hunc
2367 4367 2562 4421 locum.

2267 4459 2451 4514 Matth.
2479 4474 2598 4529 cap.
2632 4475 2763 4527 xxtt,
2794 4476 2845 4513 v.
2878 4460 2965 4515 l5.
2992 4459 3296 4516 Vercellen.
3334 4497 3350 4514 .
3388 4500 3400 4514 .
3429 4470 3476 4514 te
3507 4460 3672 4515 illum.
3703 4496 3718 4513 .
3754 4497 3768 4511 .

2199 4551 2290 4605 bus
2313 4593 2325 4613 ,
2359 4562 2405 4605 et
2432 4569 2535 4605 ma.
2582 4592 2595 4607 .
2632 4594 2643 4605 .
2675 4546 2768 4606 bus
2790 4594 2803 4616 ,
2845 4561 2888 4605 ct
2918 4552 3069 4606 mitti.
3106 4593 3119 4607 .
3154 4590 3170 4606 .
3200 4551 3402 4621 Supplc
3434 4551 3675 4606 lacunam
3705 4564 3771 4603 ex

2198 4644 2425 4710 Veron.,
2458 4645 2615 4698 tollite
2654 4645 2801 4698 illum
2844 4643 3075 4711 pedibus,
3108 4652 3153 4696 et
3194 4641 3449 4709 manibus,
3490 4649 3536 4694 et
3570 4640 3770 4704 mittite,

2122 4730 2177 4790 Β
2203 4746 2309 4792 etc.
2334 4735 2618 4792 Corbeien.
2654 4735 2815 4789 tollite
2836 4750 2969 4799 eum,
3000 4732 3169 4804 ligatis
3194 4730 3429 4802 pedibus,
3452 4739 3498 4785 et
3522 4727 3769 4792 manibus,

2197 4842 2245 4885 et
2266 4831 2467 4894 mittite,
2501 4840 2607 4886 etc.
2644 4827 2879 4883 Brixian.
2904 4828 3109 4897 alligata
3136 4825 3182 4879 ei
3208 4823 3381 4895 pedes,
3420 4828 3465 4873 et
3500 4834 3701 4883 manus,
3724 4825 3772 4872 et

2198 4923 2363 4977 tollite
2388 4916 2600 4988 eum,‘et
2625 4921 2819 4983 mittite,
2845 4930 2950 4975 etc.
2981 4919 3037 4973 S.
3054 4917 3289 4972 Irenmns
3314 4912 3473 4966 tollite
3499 4928 3611 4966 eum
3630 4928 3661 4963 α
3686 4926 3775 4981 pe-

2205 5010 2689 5077 dibus,etmanibus,
2713 5019 2761 5063 et
2780 5009 2983 5073 mittite,
3002 5015 3106 5060 etc.
3146 5003 3220 5072 Et,
3236 5002 3309 5058 ita
3337 5001 3546 5079 Lucifer
3569 5002 3777 5059 (Salari-

2204 5114 2356 5159 tanus
2380 5104 2429 5155 in
2459 5102 2550 5157 lib.
2601 5117 2636 5154 ιι
2666 5116 2762 5169 pro
2788 5099 2845 5154 S.
2872 5097 3186 5163 Athanasio,
3214 5095 3415 5153 omissa
3445 5104 3617 5155 tamen
3639 5112 3776 5167 prac—

2202 5194 2467 5262 positione
2508 5210 2558 5245 a.
2592 5190 2951 5251 Concimterat
2986 5189 3035 5242 ei
3075 5190 3132 5244 S.
3176 5186 3491 5247 Ambrosius
3529 5187 3580 5241 in
3611 5184 3772 5255 Apol.

2204 5283 2368 5337 David
2401 5298 2519 5352 cap.
2552 5298 2631 5345 nr,
2670 5297 2786 5351 pag.
2822 5278 2947 5337 699.
2997 5280 3069 5334 At
3100 5294 3275 5351 neque
3313 5278 3533 5347 Vulgata
3554 5316 3567 5339 .
3600 5290 3775 5343 neque

2200 5376 2479 5451 versiones
2507 5372 2788 5440 Coplnica,
2822 5372 3065 5443 Syriaca,
3106 5370 3350 5445 Arabica,
3377 5377 3537 5436 atque
3565 5366 3750 5425 Etltio

2203 5466 2343 5536 piCa,
2392 5480 2562 5535 neque
2586 5464 2815 5519 Sanetus
2855 5461 3183 5533 Augustinus
3222 5461 3404 5529 legunt
3442 5459 3557 5520 inec
3592 5458 3772 5525 verba,

2204 5560 2370 5628 capite
2397 5560 2563 5612 illum.
2602 5540 2783 5615 Codex
2814 5540 3252 5624 Cantabrigensis
3288 5561 3467 5612 tamen
3488 5591 3503 5618 ,
3534 5549 3775 5625 pedibus,

2205 5662 2252 5703 et
2283 5648 2513 5703 manibus
2535 5646 2699 5715 capite
2723 5661 2857 5711 eunt.

2280 5740 2464 5795 Matth.
2510 5753 2628 5806 cap.
2674 5753 2843 5801 xxm.
2885 5736 2973 5791 25.
3005 5734 3208 5791 Verccl.
3231 5775 3244 5797 ,
3273 5734 3427 5801 plena
3454 5743 3571 5790 sunt
3590 5735 3777 5805 rapina

2210 5846 2258 5893 et
2304 5831 2710 5903 intemperantia.
2754 5829 2927 5887 Gra'ci
2969 5827 3183 5883 codices
3210 5824 3360 5883 multi
3393 5826 3535 5895 apud
3563 5827 3783 5888 Millium

2215 5943 2334 5985 cum
2377 5924 2597 5994 Vulgata
2617 5922 3009 5986 consentiunt:
3043 5926 3099 5974 at
3145 5916 3286 5988 typis
3332 5919 3782 5994 vulgatijlcgnat,
