3902 6382
411 362 478 415 87
1747 351 1982 407 Ρῐιοιει

2094 351 2273 407 IENA.
3276 310 3287 318 ’
3572 348 3643 406 88

412 475 653 543 νέμουσιν
678 474 727 537 ἐξ
752 471 1004 543 aprica/ag,
1037 472 1116 522 καὶ
1159 470 1409 542 ἀκρασίας
1437 483 1448 517 :
1477 465 1530 520 id
1569 472 1670 529 est,
1698 464 1832 533 pleni
1857 465 1974 518 estis

2094 465 2323 520 invenire.
2350 463 2583 520 Brixian.
2606 473 2656 518 et
2671 465 2727 517 in
2744 479 2825 517 nte
2845 478 2948 517 non
2967 462 3184 517 inveniet
3200 463 3487 533 quicquam.
3508 461 3645 517 Ver-

420 563 479 633 (l.
509 566 645 628 sunt)
677 561 857 629 rapina
900 570 947 611 et
970 557 1375 624 intemperantia,
1405 565 1462 617 ut
1482 554 1683 610 Veron.

486 656 636 710 Joan.
668 670 787 722 cap.
822 668 929 717 vn,
972 652 1062 705 23.
1107 650 1431 714 Vercellcn.,
1482 648 1690 727 quidam
1733 647 1977 701 Hieroso-

422 747 631 816 lgmitw.
711 743 974 797 Veronen.
1051 741 1255 810 quidam
1329 756 1394 793 ex
1478 738 1975 808 Hierosolymitanis.

420 836 654 890 Brixiau.
802 849 871 903 ex
900 831 1296 902 Jerosolgmitis,
1335 839 1387 885 et
1420 830 1491 883 ita
1520 837 1699 885 textus
1736 829 1977 892 Gracus,

424 928 481 980 ix
504 934 603 980 τῶν
629 924 1057 998 Ἱεροσολυμιτῶν.

492 1016 647 1071 Joan.
701 1031 817 1083 cap.
884 1030 983 1080 vn,
1049 1015 1139 1068 55.
1240 1012 1539 1068 Vercellen.
1598 1020 1654 1066 et
1710 1011 1981 1067 Veronen.

415 1106 660 1175 numquid
680 1107 732 1158 in
753 1105 1117 1174 dispersionem
1154 1102 1451 1158 Graecorum
1473 1103 1635 1157 iturus
1655 1111 1727 1157 est
1749 1102 1978 1173 (Veron.

414 1200 619 1267 incipiet
644 1196 746 1267 ire)
796 1203 842 1249 et
883 1195 1063 1248 docere
1111 1195 1335 1249 Graecos.
1378 1195 1579 1249 Textus
1622 1192 1837 1249 Graecus
1888 1194 1983 1247 ha-

415 1290 528 1353 bet,
568 1293 649 1348 Εὶς
677 1294 764 1345 τήν
790 1286 1070 1362 διασπορὰν
1098 1295 1194 1342 τῶν
1219 1285 1452 1345 Ἑλλήνων
1470 1287 1634 1358 μέλλει
1659 1287 1980 1361 πορεύεσθαι,

421 1387 505 1438 καὶ
533 1382 785 1438 διδάσκειν
806 1386 928 1443 τοὺς
952 1380 1191 1441 ’Ἓλληνας
1212 1398 1225 1432 :
1259 1380 1306 1433 Ν
1314 1382 1519 1448 nmquid
1544 1382 1597 1433 in
1620 1379 1984 1449 dispersionem

422 1476 710 1528 Graecorum
730 1476 893 1528 iturus
917 1484 1008 1537 est,
1033 1485 1077 1528 et
1100 1472 1339 1527 docturus
1364 1471 1586 1536 Gnaeos,
1612 1472 1662 1525 id
1690 1480 1773 1526 est
1799 1470 1984 1526 Ethni-

419 1579 513 1619 cos
541 1565 810 1619 Gentesve
846 1580 939 1633 per
978 1575 1143 1617 totum
1175 1563 1359 1617 orbem
1402 1560 1672 1631 dispersas
1712 1570 1766 1613 et
1824 1558 1983 1612 diﬁ‘u-

420 1670 527 1710 sas.
566 1656 651 1709 Sic
676 1648 819 1713 enim
859 1656 1097 1723 plerique
1128 1654 1548 1721 interpretantur
1577 1646 1937 1717 dispersionem
1965 1664 1983 1701 :

421 1756 544 1798 Sunt
584 1758 758 1799 tamen
804 1746 892 1813 qui
947 1753 1162 1811 putant,
1198 1745 1342 1810 ipsos
1370 1741 1584 1795 Judaeos
1611 1740 1982 1807 intelligendos

2082 556 2261 609 siones
2294 554 2413 626 Syr.
2446 555 2607 609 Gesti.
2639 553 2786 611 Ᾰζιιι.
2829 556 3048 608 Armcn.
3099 563 3154 607 et
3191 552 3289 609 SS.
3322 552 3482 623 Greg.
3512 552 3647 623 Nys-

2081 660 2195 698 sen.
2239 644 2434 697 Alban.
2482 644 2645 699 Basil.
2689 643 2887 712 aliique
2926 641 3098 698 Graeci
3138 642 3353 709 Patres,
3383 653 3437 699 et
3471 640 3641 698 Codd.

2083 734 2282 802 legunt,
2313 738 2404 789 Καὶ
2424 736 2472 788 ἐν
2493 736 2602 806 ἐμοὶ
2624 736 2731 804 οὐχ
2744 734 2948 809 εὑρήσει
2969 731 3127 787 audivi.
3152 731 3221 786 Et
3240 731 3451 801 quidam
3470 730 3647 786 Latini

2082 824 2291 889 Patres,
2321 840 2514 894 nempe
2539 825 2597 879 S.
2625 824 2940 878 Ambrosius
2971 823 3061 876 lib.
3107 838 3142 878 Il
3186 821 3252 876 de
3278 821 3419 893 Fuga
3447 821 3647 877 Saeculi

2083 929 2200 983 cap.
2219 915 2272 979 4,
2298 925 2351 969 et
2372 914 2429 969 S.
2457 914 2745 985 Gregorius
2766 913 2984 982 Magnus
3007 911 3233 967 Humilia
3258 910 3348 977 39,
3380 912 3433 966 in
3464 909 3643 966 Evan-

2082 1004 2217 1073 gelia
2246 1004 2463 1068 habent,
2491 1015 2536 1058 et
2573 1005 2627 1057 in
2652 1020 2730 1057 me
2756 1020 2857 1057 non
2888 1004 3101 1057 inveniet
3126 1003 3418 1072 quidquam.
3446 1001 3645 1058 Venuli

2086 1096 2224 1152 idem
2274 1095 2331 1152 S.
2380 1095 2693 1151 Ambrosius
2744 1094 2800 1149 in
2853 1095 2991 1150 libro
3043 1096 3111 1149 de
3157 1094 3357 1160 Tobia,
3417 1104 3549 1149 tom.
3591 1108 3640 1160 t,

2087 1202 2201 1257 pag.
2232 1186 2327 1241 601
2344 1227 2359 1251 ,
2383 1188 2503 1239 etin
2526 1202 2762 1240 ntesuum
2777 1202 2878 1239 non
2898 1184 3081 1238 inuenit
3099 1183 3227 1237 nihil
3241 1197 3429 1252 :quam
3455 1183 3649 1238 lectio-

2086 1294 2206 1333 nem
2235 1279 2392 1332 etiam
2423 1278 2654 1348 explicat
2688 1278 2740 1349 in
2791 1275 3005 1330 laudato
3028 1276 3123 1330 lib.
3163 1273 3232 1330 de
3256 1272 3398 1344 Fuga
3427 1274 3646 1341 Sicculi,

2085 1382 2203 1439 cap.
2236 1368 2301 1435 4,
2353 1386 2404 1421 ιι.
2448 1367 2627 1443 24η8.
2663 1368 2984 1437 Augustinus
3010 1380 3222 1436 quoque
3261 1365 3313 1418 iu
3362 1364 3454 1419 lib.
3500 1380 3537 1420 ιι
3578 1365 3649 1420 de

2084 1458 2292 1527 Nuptiis
2338 1467 2398 1528 et
2416 1458 2867 1528 concupiscentia,
2891 1466 3023 1511 tum.
3049 1472 3105 1521 x,
3130 1464 3268 1527 part.
3298 1456 3355 1522 1,
3378 1470 3497 1526 pag.
3518 1456 3646 1523 507,

2087 1550 2203 1603 etin
2231 1566 2307 1601 me
2325 1550 2453 1602 nihil
2482 1550 2690 1603 invenit.

2156 1662 2285 1718 Luc.
2312 1678 2431 1732 cap.
2461 1678 2517 1716 ιιι
2536 1703 2553 1728 ,
2585 1664 2670 1718 13.
2714 1662 3017 1718 Vercellen.
3048 1662 3197 1717 Nihil
3224 1662 3342 1733 plus
3362 1660 3645 1732 stega-itis,

2086 1770 2235 1821 quam
2265 1754 2398 1823 quod
2426 1770 2544 1806 cons
2556 1763 2761 1807 tstutum
2781 1762 2855 1807 est
2878 1754 3037 1807 uobis.
3066 1752 3333 1807 Veronen.
3366 1750 3518 1805 Nihil
3537 1767 3648 1804 am—

425 1850 542 1888 csse
567 1877 580 1897 ,
614 1836 702 1901 qui
741 1844 886 1887 extra
916 1833 1152 1886 Jlldmltm
1202 1831 1467 1899 degebant
1526 1840 1579 1885 et
1631 1830 1982 1883 censebantur

2094 1846 2224 1911 plius
2253 1845 2493 1913 exigatis,
2524 1860 2673 1914 quam
2708 1844 2846 1912 quod
2858 1844 3201 1907 constitutum
3240 1852 3311 1897 est
3336 1842 3494 1897 vobis.
3524 1841 3646 1898 Gai.

425 1926 645 1993 dispersi
669 1943 682 1987 ;
708 1925 957 1992 tlttOIIiam
975 1934 1037 1978 et
1064 1925 1332 1991 regiones,
1359 1921 1444 1975 tibi
1473 1922 1548 1975 sic
1568 1920 1794 1989 dispersi
1821 1920 1982 1988 dege-

428 2018 572 2076 bant.
614 2016 926 2068 dicebautur
974 2014 1330 2078 dispersiones.
1389 2011 1459 2064 lla
1499 2011 1757 2087 διασπορὰ
1804 2011 1983 2065 Πόντου

428 2109 670 2175 άὶλιρενδὶο
714 2106 897 2170 Ponti,
931 2105 1296 2172 appellabatur
1351 2104 1498 2172 regio
1556 2103 1734 2167 l‘onti,
1783 2101 1836 2172 in
1885 2115 1988 2169 qua

425 2209 578 2253 erant
606 2198 793 2251 Jmlaei.
824 2197 934 2249 Vox
964 2196 1046 2251 illa
1075 2195 1331 2269 διασπορὰ
1357 2193 1606 2262 dispersio
1626 2232 1638 2254 ,
1664 2192 1715 2244 in
1747 2190 1988 2259 pluribus

432 2290 716 2356 Scriptum:
764 2288 896 2340 locis
938 2293 1221 2353 usurpatur
1275 2300 1369 2353 pro
1424 2279 1771 2361 signiﬁcando
1830 2280 1988 2333 exilio

429 2381 730 2433 Judacnrutn
766 2380 815 2431 in
847 2378 1073 2429 diversis
1103 2376 1249 2427 urbis
1274 2374 1576 2443 regionibus
1602 2413 1616 2437 ,
1659 2388 1685 2423 a
1720 2386 1822 2440 quo
1853 2371 1989 2441 Deus

427 2481 776 2525 revoclturus
844 2474 983 2527 brat,
1039 2482 1132 2520 eus
1213 2465 1527 2533 aliquando,
1584 2474 1639 2516 ut
1688 2464 1991 2530 pracdicitur

433 2560 571 2614 Pral.
587 2560 899 2620 CXL\'t,\'.‘2:
921 2561 1011 2617 τὰς
1028 2557 1308 2630 διασπορὰς
1332 2562 1422 2609 τοῦ
1441 2554 1647 2625 ἰσμαήλ
1677 2553 1989 2615 ὲπισκευάξιι

431 2650 760 2716 dispersiones
790 2647 994 2700 Istnelis
1022 2646 1363 2717 congregabit.
1396 2646 1572 2712 Itaque
1614 2644 1833 2713 (aiunt)
1878 2643 1989 2695 dis-

432 2739 707 2807 persinues
739 2738 840 2789 illa:
869 2736 1114 2789 Gcatium
1139 2775 1153 2797 ,
1185 2749 1304 2803 qua)
1333 2734 1639 2787 Grai-corum
1673 2734 1888 2786 nomine
1913 2733 1992 2785 in—

433 2829 636 2880 terdum
680 2828 1067 2894 signiﬁcantur,
1103 2836 1254 2878 erant
1283 2825 1509 2877 diversa:
1536 2824 1682 2876 orbis
1722 2824 1987 2891 regiones,

434 2936 529 2990 per
574 2934 704 2989 quas
761 2920 930 2987 sparsi
972 2927 1124 2972 crant
1168 2916 1362 2976 intimi,
1415 2924 1469 2968 ut
1514 2915 1747 2981 loquitur
1795 2913 1990 2967 Tobias

432 3027 551 3078 cap.
607 3025 719 3074 xm,
750 3011 802 3070 5,
846 3012 968 3079 quia
1012 3010 1147 3061 Deus
1194 3007 1474 3081 διέσπειρεν
1526 3010 1657 3076 ἡμᾶς
1709 3006 1759 3058 ἓν
1798 3006 1988 3063 αὐτοῖς.

434 3084 571 3169 lit-go
599 3116 662 3153 cx
696 3100 915 3152 iSlOl'llltl
958 3098 1245 3161 sententia,
1279 3098 1529 3150 dicebant
1553 3095 1720 3171 Judaei
1747 3112 1761 3146 :
1793 3096 1874 3147 An
1899 3093 1991 3147 ibit

430 3192 495 3244 all
522 3191 733 3244 Jtulzcns
753 3190 1020 3255 dispersus
1054 3189 1190 3241 inter
1219 3187 1435 3246 Gentes,
1466 3196 1510 3237 et
1533 3183 1775 3236 docturus"
1808 3181 1989 3237 Gentes
2015 3199 2058 3260 ρ

429 3283 687 3344 Ἕλληνας,
719 3296 815 3335 ens
859 3296 1049 3348 nempe
1086 3280 1174 3347 qui
1210 3280 1347 3331 inter
1376 3276 1616 3331 Gentiles
1642 3276 1921 3328 habitant?

500 3375 629 3430 Joan
660 3389 779 3441 cap.
826 3389 879 3435 χ,
905 3372 993 3424 26.
1036 3369 1337 3422 Vercellen.
1376 3367 1639 3421 Vcroncn.
1671 3376 1725 3419 et
1754 3365 1987 3419 Brixian.

432 3475 547 3533 pust
598 3465 738 3526 meis,
804 3462 1020 3525 addunt,
1055 3460 1181 3512 sicut
1212 3459 1317 3511 dixi
1370 3457 1526 3521 vobis,
1582 3456 1731 3525 juxta
1790 3464 1988 3509 textum

430 3555 670 3606 Gnaeum
706 3568 718 3603 :
750 3554 819 3605 0-3
843 3554 939 3625 γάρ
966 3554 1079 3605 ἐστε
1115 3551 1165 3603 ἐκ
1193 3557 1290 3604 τῶν
1320 3549 1587 3623 προϐάτων
1607 3556 1705 3601 τῶν
1727 3550 1877 3614 ἐμῶν,
1903 3571 1991 3602 κα-

425 3648 524 3705 οῶς
550 3640 685 3699 εἶπον
713 3646 849 3713 ὑμῖν.

496 3734 651 3788 .inan.
675 3749 794 3800 cap.
824 3747 918 3793 xu,
943 3730 1031 3782 "20.
1067 3728 1365 3781 Vcrcelleu.
1395 3725 1554 3779 Erant
1576 3726 1780 3794 quidam
1802 3724 1985 3777 Graeci.

427 3830 491 3883 Et
516 3829 585 3882 ita
619 3825 884 3880 Vernuen.
940 3831 994 3877 ct
1048 3821 1324 3874 Corbeicn.
1354 3817 1595 3872 Gentiles
1625 3820 1732 3880 isti,
1760 3814 1989 3877 ’Έλληνες

428 3930 578 3973 crant
624 3918 904 3987 l'rosclyti,
959 3929 1063 3967 non
1115 3929 1179 3965 ex
1219 3911 1437 3976 Judaeis,
1472 3910 1563 3963 sed
1611 3925 1673 3963 ex
1730 3908 1989 3963 Gentibus

429 4014 555 4064 nati.
589 4011 783 4064 Omnes
811 4010 919 4062 l'crc
950 4006 1176 4077 populos
1221 4004 1288 4057 de
1331 4019 1436 4055 non
1465 4002 1756 4055 Israelitica
1795 4000 1986 4066 Gcnte,

425 4103 625 4159 ἴλληνας
641 4085 1213 4166 Cruces/appellabant
1230 4094 1425 4156 Jttdmi;
1449 4092 1792 4165 Ἑλληνιστάς,
1818 4090 1991 4145 Helle-

428 4192 584 4243 nisms
612 4203 765 4247 vero,
798 4187 1011 4239 Jud:cns
1031 4226 1045 4251 ,
1077 4187 1167 4254 qui
1198 4184 1380 4239 Grzcca
1411 4184 1578 4237 Biblia
1612 4184 1661 4236 in
1691 4182 1987 4252 Synagogis

429 4278 693 4347 legebant.
745 4274 877 4327 Vide
930 4282 1104 4325 tamen
1177 4289 1294 4341 qua:
1354 4273 1588 4327 diximus
1650 4271 1809 4342 paulo
1864 4286 1982 4341 sup.

426 4386 547 4439 cap.
574 4384 662 4431 vu,
688 4382 737 4417 ν.
770 4353 893 4419 55.’

496 4461 649 4514 Joan.
685 4472 805 4525 cap.
837 4471 942 4516 xw,
975 4454 1059 4507 10.
1090 4452 1387 4506 Vcrccllcn.
1413 4451 1517 4505 Sed
1546 4449 1702 4505 Pater
1729 4454 1810 4520 qui
1833 4454 1885 4504 in
1912 4468 1987 4518 ine

2093 1945 2147 1988 et
2168 1935 2401 1989 Brixian.
2430 1952 2579 2004 quam
2603 1936 2927 1991 constitutum
2948 1946 3021 1990 est
3042 1935 3211 2001 vobis,
3238 1935 3466 2005 exigatis.
3503 1933 3652 1990 Gra—

2089 2039 2183 2078 cus
2232 2024 2371 2091 fert,
2425 2025 2582 2085 Μηδᾶν
2624 2028 2771 2082 πλέον
2810 2028 2953 2101 παρὰ
3002 2028 3061 2082 τὸ
3104 2024 3488 2097 διατεταγμένον
3531 2027 3652 2096 ὑμῖν

2089 2120 2372 2188 πράσσετε,
2416 2118 2604 2173 Latine
2649 2118 2975 2181 reddendus,
3023 2116 3173 2171 Nihil
3213 2118 3453 2188 amplius,
3500 2133 3649 2186 quam

2089 2208 2221 2276 quod
2257 2209 2580 2262 constitutum
2622 2216 2695 2263 est
2738 2208 2894 2270 vobis,
2945 2208 3179 2275 exigatis.
3224 2206 3466 2262 Gmcum
3508 2206 3651 2260 enim

2093 2301 2330 2374 πράσσω,
2355 2298 2663 2367 frequenter
2693 2304 2979 2367 usurpatur
2999 2312 3097 2369 pro
3112 2298 3313 2367 exigere
3343 2313 3362 2351 :
3388 2302 3647 2371 πράσσιτι

2093 2390 2143 2444 id
2164 2400 2247 2443 est
2274 2390 2507 2460 exigatis.
2530 2388 2674 2444 Hanc
2700 2390 2843 2445 enim
2870 2388 3312 2459 signiﬁcationem
3340 2387 3501 2443 habet
3526 2403 3648 2443 ver-

2094 2480 2216 2536 bum
2250 2479 2492 2535 Graecum
2511 2522 2526 2547 ,
2554 2495 2585 2534 a
2612 2495 2719 2549 quo
2742 2483 3050 2558 πράκτορας,
3078 2490 3356 2535 metam.
3383 2478 3551 2535 αι’ωεί
3573 2480 3652 2558 di-

2091 2582 2236 2638 cunt,
2266 2573 2436 2643 inquit
2461 2573 2719 2644 Agellius,
2752 2552 2847 2628 lib.
2879 2552 2971 2639 xv,
3004 2588 3056 2627 c.
3089 2574 3185 2638 14,
3218 2572 3552 2649 ιίσσπροὶξατό

2092 2668 2333 2742 ἀργύριον
2354 2707 2370 2732 ,
2399 2667 2561 2735 exegit
2591 2682 2669 2719 me
2709 2666 2971 2735 pecuniam
3000 2680 3019 2719 :
3048 2665 3141 2718 sed
3167 2673 3223 2720 et
3250 2666 3367 2733 ipse
3402 2663 3656 2733 Vulgauts

2093 2754 2363 2826 interpres
2451 2759 2756 2834 πράκτορσι,
2834 2755 3065 2810 reddidit
3127 2766 3408 2809 exactorem
3436 2797 3453 2821 ,
3518 2754 3651 2811 Luc.

2091 2862 2211 2913 cap.
2254 2862 2349 2911 χιι,
2400 2848 2665 2902 versiculo
2694 2847 2781 2903 58.
2820 2846 3078 2902 Similiter
3105 2861 3203 2915 cap
3232 2860 3348 2910 xtx,
3385 2844 3476 2910 23,
3522 2844 3651 2900 illud

2092 2942 2188 2993 σὺν
2239 2940 2361 2994 τόκω
2392 2934 2451 2992 ἂν
2481 2938 2674 3022 inpetis
2711 2940 2858 3003 αὐτὸ,
2898 2938 3276 3008 interpretatur
3319 2951 3434 2990 cum
3484 2936 3654 2992 usuris

2094 3029 2266 3098 utique
2294 3029 2565 3097 exegissem
2589 3029 2753 3083 illam.

2165 3141 2293 3197 Luc.
2320 3155 2440 3212 cap.
2470 3158 2523 3209 v,
2557 3142 2645 3197 it.
2683 3140 2978 3197 Vercellen.
3010 3157 3131 3195 cum
3155 3141 3213 3197 S.
3245 3141 3548 3196 Ambrosio.
3583 3140 3651 3196 Ut

2091 3235 2155 3289 sit
2181 3234 2234 3287 in
2259 3234 2601 3291 testimonium
2627 3234 2720 3287 hoc
2745 3235 2902 3287 vobis.
2935 3232 3130 3289 Veron.
3166 3231 3234 3287 Ut
3262 3233 3327 3286 sit
3348 3233 3401 3286 in
3429 3232 3653 3286 testimo-

2092 3325 2302 3378 nium...
2332 3324 2486 3378 t-obis.
2504 3324 2786 3378 Corbeicn.
2815 3323 2881 3378 Ut
2896 3325 2960 3376 sit
2984 3324 3037 3377 in
3064 3324 3347 3377 testimonia
3366 3321 3461 3375 hoc
3488 3320 3647 3378 vobis.

2089 3415 2239 3470 Mulli
2266 3414 2435 3471 Graeci
2463 3414 2673 3470 codices
2708 3415 2891 3485 legunt
2921 3430 2935 3464 :
2972 3413 3038 3468 Ut
3080 3415 3146 3466 sit
3184 3414 3520 3467 testimonium
3557 3414 3652 3467 hoc

2088 3498 2252 3566 uobis,
2280 3504 2383 3561 ἰνα
2453 3509 2731 3583 μαρτύριον
2749 3513 2902 3562 τοῦτο
2919 3506 3057 3576 ὑμῖν.
3080 3513 3134 3557 et
3160 3504 3231 3558 ita
3256 3503 3487 3558 Marcion
3512 3502 3651 3575 apud

2086 3597 2145 3652 S.
2181 3596 2537 3666 Epiphaniam
2568 3607 2621 3650 et
2648 3597 2963 3651 Tertullian.

2160 3707 2290 3762 Luc.
2314 3722 2431 3776 cap.
2468 3722 2542 3771 ix,
2585 3708 2669 3761 54.
2705 3706 2997 3761 Vercellen.
3032 3705 3297 3762 Vernuen.
3324 3715 3376 3761 ct
3410 3706 3646 3762 Brixian.

2091 3800 2141 3855 in
2183 3801 2287 3853 line
2317 3799 2553 3866 addunt,
2577 3801 2707 3853 sicut
2735 3799 3004 3869 (Brixian.
3037 3800 3163 3853 sicut
3184 3799 3265 3871 et)
3300 3799 3476 3854 Ilelias
3507 3800 3645 3871 fecit,

2091 3901 2148 3946 ut
2174 3902 2347 3946 textus
2373 3891 2609 3957 Grzecus,
2633 3892 2719 3953 ⁸ος
2738 3897 2817 3947 καὶ
2840 3892 3002 3952 ιι⁶λίας
3033 3894 3260 3953 εποίησε.
3278 3891 3327 3945 id
3350 3901 3452 3955 cst,
3480 3908 3649 3961 quem-

2090 3978 2361 4035 admodum
2399 3992 2443 4035 et
2475 3980 2617 4035 Elius
2648 3982 2784 4053 fecit.
2816 3979 3169 4034 Consentiuut
3197 3980 3485 4034 Vcrsioncs
3518 3982 3650 4035 Ars-

2090 4073 2202 4127 bica
2226 4114 2239 4137 ,
2276 4074 2505 4137 Persica,
2538 4072 2753 4141 Syriaca
2774 4113 2787 4135 ,
2816 4070 3116 4140 Ethiopica
3171 4080 3225 4125 et
3274 4070 3518 4125 Gothica.
3546 4070 3649 4127 Ve-

2087 4174 2233 4220 retur
2259 4162 2511 4229 Gratius,
2555 4178 2621 4217 ue
2667 4163 2779 4217 hinc
2826 4162 3003 4216 ablata
3046 4160 3204 4215 sinta
3234 4160 3483 4226 librariis,
3507 4159 3647 4230 quod

2088 4272 2151 4313 ea
2172 4256 2497 4311 Marcionitis
2524 4255 2702 4309 lavere
2723 4252 3007 4308 crederent
3032 4268 3043 4304 :
3071 4266 3173 4321 qua
3201 4250 3270 4305 dc
3291 4265 3351 4306 re
3373 4249 3492 4305 vide
3512 4249 3646 4307 Ter-

2090 4370 2291 4424 tulliau.
2323 4369 2414 4423 lib.
2443 4385 2515 4434 tv,
2542 4382 2661 4438 pag.
2688 4366 2812 4431 540,
2842 4375 3022 4421 contra
3062 4365 3406 4420 Marcionem.

2158 4460 2317 4513 Marc.
2344 4474 2460 4527 cap.
2493 4475 2552 4525 tt,
2583 4461 2667 4513 H.
2691 4456 3267 4512 Vercellen.Veronen.
3290 4454 3641 4512 etCorbeien.

426 4562 613 4615 manet,
659 4552 765 4619 ipse
806 4547 1048 4614 loquitur,
1073 4554 1115 4596 et
1144 4560 1315 4611 opera,
1340 4558 1450 4608 qua:
1479 4558 1567 4611 ego
1592 4544 1745 4611 facio,
1777 4545 1884 4608 ipse
1911 4544 1982 4611 fa-

2094 4551 2213 4603 vidit
2260 4548 2506 4603 Iacobum
2543 4549 2763 4619 Alphei,
2795 4559 2848 4603 et
2892 4550 2961 4602 ita
3014 4548 3183 4604 Graeci
3233 4546 3354 4601 libri
3384 4549 3640 4619 plerique.

423 4650 510 4700 cit.
544 4645 740 4699 Veron.
776 4640 928 4692 Pater
956 4647 1123 4689 autem
1166 4636 1217 4687 in
1255 4652 1331 4687 me
1360 4651 1587 4697 manens,
1615 4635 1721 4703 ipse
1746 4634 1981 4702 loquitur.

424 4747 471 4791 et
500 4751 650 4804 opera
674 4773 691 4799 ,
720 4747 833 4799 qua:
864 4745 952 4799 ego
983 4729 1121 4798 facio
1144 4766 1159 4789 ,
1191 4726 1297 4795 ipse
1326 4726 1466 4794 facit.
1513 4724 1793 4777 Corbeien.
1832 4721 1986 4775 Pater

423 4837 611 4890 autem,
641 4826 725 4892 qui
752 4825 804 4875 in
832 4837 909 4874 me
935 4826 1130 4883 manet,
1160 4820 1267 4887 ipse
1296 4817 1555 4882 loquitur,
1589 4825 1634 4869 et
1671 4830 1843 4885 Opera,
1876 4831 1985 4883 qua:

423 4920 556 4988 facio
578 4958 593 4982 ,
634 4918 740 4982 ipse
768 4915 911 4978 facit.
944 4910 1177 4963 Brixian.
1225 4907 1330 4962 Sed
1378 4906 1553 4970 Pater,
1582 4906 1668 4973 qui
1696 4906 1749 4957 in
1774 4920 1848 4957 me
1880 4922 1985 4957 ma-

422 5018 525 5071 net,
584 5007 690 5073 ipse
731 5004 853 5071 facit
900 5001 1006 5050 haec
1056 5014 1228 5067 apcru.
1285 4990 1512 5051 Sanctus
1568 4998 1884 5051 Ambrosius
1931 4997 1982 5051 in

423 5096 514 5151 lib.
547 5109 601 5146 ιιι
634 5094 701 5145 de
734 5089 884 5153 Fide,
909 5102 1025 5155 cap.
1054 5086 1107 5147 2,
1156 5100 1267 5153 pag.
1322 5086 1427 5139 515
1456 5103 1468 5137 :
1502 5082 1656 5139 Pater
1683 5096 1866 5147 autem,
1899 5088 1983 5153 qui

420 5187 472 5238 in
498 5200 577 5236 me
605 5190 790 5241 manet,
816 5179 921 5246 ipse
952 5178 1073 5245 facit
1098 5191 1270 5243 opera,
1300 5185 1344 5227 et
1367 5190 1522 5243 Opera
1569 5192 1679 5243 qua:
1705 5193 1794 5245 ego
1824 5178 1977 5244 facio,

419 5279 526 5345 ipse
554 5273 693 5341 facit.
724 5272 853 5324 ltcnt
898 5269 946 5321 in
1000 5268 1090 5319 lib.
1122 5282 1169 5317 tv
1190 5307 1204 5329 ,
1246 5280 1364 5334 cap.
1396 5266 1429 5319 6
1452 5308 1465 5330 ,
1492 5282 1610 5336 pag.
1644 5269 1749 5322 553
1782 5285 1793 5319 ε
1824 5266 1979 5322 Pater

424 5382 556 5419 meus
579 5406 593 5428 ,
624 5364 707 5431 qui
734 5363 784 5413 in
816 5376 894 5411 me
918 5368 1083 5409 manet
1109 5398 1121 5419 ,
1155 5358 1260 5425 ipse
1303 5357 1539 5425 loquitur,
1594 5367 1640 5409 et
1670 5374 1820 5427 opera
1865 5375 1977 5427 quae

418 5472 507 5523 ego
534 5459 695 5523 facio,
720 5455 823 5522 ipse
846 5452 986 5517 facit,
1011 5461 1062 5501 et
1088 5450 1157 5499 ita
1190 5448 1238 5499 in
1274 5449 1359 5501 lib.
1392 5464 1443 5512 ν,
1476 5463 1593 5517 pag.
1630 5449 1753 5511 575,
1779 5450 1978 5503 omisso

423 5554 614 5606 tamen,
648 5561 803 5595 meus.
843 5542 989 5594 Paria
1032 5540 1189 5592 habet
1216 5540 1265 5591 iu
1293 5538 1382 5591 lib.
1416 5538 1483 5593 dc
1516 5540 1723 5593 lucarn.
1760 5540 1969 5595 Domiti.

424 5634 657 5687 Sat-ram.
682 5649 797 5700 cap.
824 5633 879 5693 8,
910 5647 1028 5699 pag.
1062 5629 1185 5681 7‘22.

502 5729 648 5780 .loan.
681 5738 796 5790 cap.
827 5740 929 5787 xw,
966 5724 1050 5778 30.
1085 5722 1385 5779 Vercellcn.
1417 5733 1462 5777 et
1491 5726 1542 5777 in
1577 5743 1652 5780 me
1680 5726 1809 5779 nihil
1831 5727 1975 5779 habet

2090 4639 2393 4707 Cantabrig.
2426 4653 2551 4692 vero
2577 4638 2911 4693 Graeco-Lai.
2954 4648 3009 4693 et
3044 4637 3271 4692 Leicest.
3300 4650 3353 4692 et
3380 4638 3549 4693 Paris.
3587 4638 3643 4706 6,

2088 4737 2143 4783 et
2180 4729 2267 4781 alii
2297 4728 2463 4782 Codd.
2501 4738 2635 4784 teste
2668 4729 2882 4784 Victore
2928 4728 3259 4785 Antiocbeuo
3280 4770 3296 4793 ,
3326 4729 3447 4782 uidit
3484 4728 3643 4783 Jaco-

2087 4819 2201 4872 bum
2225 4819 2393 4889 [ilium
2432 4820 2650 4888 ΑιρΙιίτΞ.
2689 4820 2831 4875 Bris.
2864 4820 2985 4875 Gat.
3009 4829 3063 4873 et
3089 4819 3214 4874 Mm.
3237 4818 3393 4873 Lesin
3416 4820 3639 4889 Alphei.

2087 4911 2233 4980 Orig.
2279 4912 2371 4965 lib.
2424 4927 2462 4978 ι,
2493 4923 2675 4966 contra
2728 4911 2939 4973 Celsum
2969 4920 3146 4981 negat,
3174 4911 3313 4965 hunc
3338 4910 3494 4965 Leuin
3520 4925 3643 4966 esse

2084 5001 2415 5071 Apostolum.
2474 5000 2580 5054 Alii
2628 5002 2851 5070 legunt,
2898 5002 3021 5055 vidit
3058 4986 3367 5055 'Jtatttueum
3407 5002 3641 5072 publica-

2086 5108 2239 5155 num;
2292 5107 2387 5160 pro
2450 5105 2514 5144 eo
2581 5092 2719 5158 quod
2783 5080 3139 5160 in'Vulgata,
3195 5100 3248 5145 et
3290 5091 3340 5145 in
3372 5092 3640 5164 plerisque

2082 5184 2388 5243 Codicibus,
2424 5196 2527 5238 tam
2555 5199 2685 5238 mss.
2715 5199 2871 5254 quam
2899 5185 3172 5254 impressis
3201 5183 3402 5241 Graecis
3424 5186 3633 5257 legitur.

2080 5274 2200 5327 Levi
2258 5274 2598 5341 publicanum.
2655 5272 2879 5327 Fallitur
2923 5289 3039 5327 cum
3088 5272 3232 5345 Orig.
3263 5274 3511 5337 Grotius,
3545 5276 3635 5345 qui

2080 5376 2229 5436 putat
2275 5364 2395 5419 Levi
2421 5368 2643 5419 fortasse
2666 5366 2834 5433 ipsum
2863 5366 3024 5420 luisse
3052 5367 3346 5437 mancipem
3373 5366 3635 5433 portorio-

2077 5473 2230 5520 rum;
2256 5455 2559 5509 Μςιιιιιιυιιηι
2584 5470 2709 5509 vero
2736 5455 2875 5510 illius
2904 5456 3153 5511 vicarium
3184 5474 3198 5510 :
3230 5464 3284 5509 et
3307 5454 3629 5524 convivium,

2074 5547 2141 5601 de
2168 5562 2273 5614 quo
2299 5547 2354 5600 S.
2390 5545 2685 5609 Mattltzcus,
2731 5560 2834 5599 non
2880 5546 2932 5599 in
2983 5543 3213 5600 Matthaei
3242 5542 3421 5609 domo,
3454 5546 3548 5600 sed
3576 5551 3631 5600 in

2074 5638 2198 5693 Levi
2225 5637 2383 5691 fuisse
2406 5636 2737 5691 instructum.

2145 5727 2304 5783 Marc.
2334 5741 2451 5799 cap.
2484 5743 2592 5794 xiv,
2623 5727 2711 5783 6t.
2742 5728 2795 5783 in
2838 5724 3137 5783 Vercellen.
3187 5738 3312 5782 ante
3364 5725 3628 5792 benedicti,

3440 5874 3475 5897 ί
