  <div class='ocr_page' id='page_1' title='image "/cluster/home/n/w/nwhite01/storage/ocr_20150623/12-13/uc1.31175013632818/052.png"; bbox 0 0 4288 6470; ppageno 0'>
   <div class='ocr_carea' id='block_1_1' title="bbox 219 345 3456 409">
    <p class='ocr_par' dir='ltr' id='par_1_1' title="bbox 219 345 3456 409">
     <span class='ocr_line' id='line_1_1' title="bbox 219 345 3456 409; baseline -0.002 -1"><span class='ocrx_word' id='word_1_1' title='bbox 219 350 286 409; x_wconf 85' lang='grc'><strong>89</strong></span> <span class='ocrx_word' id='word_1_2' title='bbox 1224 347 1556 406; x_wconf 80' lang='lat' dir='ltr'><strong>EPISTOLA</strong></span> <span class='ocrx_word' id='word_1_3' title='bbox 1595 345 1923 403; x_wconf 76' lang='lat' dir='ltr'><strong>RUGGERll</strong></span> <span class='ocrx_word' id='word_1_4' title='bbox 1963 347 2434 407; x_wconf 70' lang='lat' dir='ltr'><strong>NOVAlllENSlS.</strong></span> <span class='ocrx_word' id='word_1_5' title='bbox 3386 346 3456 400; x_wconf 83' lang='lat'><strong>90</strong></span> 
     </span>
    </p>
   </div>
   <div class='ocr_carea' id='block_1_2' title="bbox 220 461 3454 533">
    <p class='ocr_par' dir='ltr' id='par_1_2' title="bbox 220 461 3454 533">
     <span class='ocr_line' id='line_1_2' title="bbox 220 461 3454 533; baseline -0.002 -11"><span class='ocrx_word' id='word_1_6' title='bbox 220 465 390 533; x_wconf 86' lang='lat' dir='ltr'><strong>deest,</strong></span> <span class='ocrx_word' id='word_1_7' title='bbox 422 465 537 532; x_wconf 88' lang='lat' dir='ltr'><strong>Dei,</strong></span> <span class='ocrx_word' id='word_1_8' title='bbox 566 475 618 521; x_wconf 89' lang='lat' dir='ltr'><strong>et</strong></span> <span class='ocrx_word' id='word_1_9' title='bbox 651 466 720 520; x_wconf 88' lang='lat' dir='ltr'><strong>ita</strong></span> <span class='ocrx_word' id='word_1_10' title='bbox 756 465 807 520; x_wconf 91' lang='lat' dir='ltr'><strong>in</strong></span> <span class='ocrx_word' id='word_1_11' title='bbox 854 463 914 520; x_wconf 98' lang='grc'><strong>8.</strong></span> <span class='ocrx_word' id='word_1_12' title='bbox 964 463 1183 528; x_wconf 86' lang='lat' dir='ltr'><strong>llilario,</strong></span> <span class='ocrx_word' id='word_1_13' title='bbox 1229 463 1320 517; x_wconf 88' lang='lat' dir='ltr'><strong>lib.</strong></span> <span class='ocrx_word' id='word_1_14' title='bbox 1353 477 1404 516; x_wconf 70' lang='grc' dir='ltr'>γι</span> <span class='ocrx_word' id='word_1_15' title='bbox 1430 462 1497 517; x_wconf 90' lang='lat' dir='ltr'><strong>de</strong></span> <span class='ocrx_word' id='word_1_16' title='bbox 1524 461 1782 516; x_wconf 87' lang='lat' dir='ltr'><strong>Trinitate</strong></span> <span class='ocrx_word' id='word_1_17' title='bbox 1811 469 1862 525; x_wconf 85' lang='grc' dir='ltr'><strong>Λ</strong></span> <span class='ocrx_word' id='word_1_18' title='bbox 1959 461 2142 516; x_wconf 90' lang='lat' dir='ltr'><strong>Matth.</strong></span> <span class='ocrx_word' id='word_1_19' title='bbox 2177 479 2294 532; x_wconf 84' lang='lat' dir='ltr'><strong>cap.</strong></span> <span class='ocrx_word' id='word_1_20' title='bbox 2334 480 2403 530; x_wconf 69' lang='grc' dir='ltr'><strong>γι,</strong></span> <span class='ocrx_word' id='word_1_21' title='bbox 2432 463 2495 517; x_wconf 83' lang='grc'><strong>19</strong></span> <span class='ocrx_word' id='word_1_22' title='bbox 2526 473 2580 518; x_wconf 89' lang='lat' dir='ltr'><strong>ct</strong></span> <span class='ocrx_word' id='word_1_23' title='bbox 2601 464 2689 517; x_wconf 87' lang='grc'><strong>20.</strong></span> <span class='ocrx_word' id='word_1_24' title='bbox 2727 463 3044 528; x_wconf 86' lang='lat' dir='ltr'><strong>Vcrcellen.,</strong></span> <span class='ocrx_word' id='word_1_25' title='bbox 3067 463 3289 523; x_wconf 83' lang='lat' dir='ltr'><strong>Vcron..</strong></span> <span class='ocrx_word' id='word_1_26' title='bbox 3321 462 3454 516; x_wconf 82' lang='lat' dir='ltr'><strong>Cor-</strong></span> 
     </span>
    </p>
   </div>
   <div class='ocr_carea' id='block_1_3' title="bbox 221 552 1534 626">
    <p class='ocr_par' dir='ltr' id='par_1_3' title="bbox 221 552 1534 626">
     <span class='ocr_line' id='line_1_3' title="bbox 221 552 1534 626; baseline -0.005 -15"><span class='ocrx_word' id='word_1_27' title='bbox 221 565 347 611; x_wconf 87' lang='lat' dir='ltr'><strong>tom.</strong></span> <span class='ocrx_word' id='word_1_28' title='bbox 373 572 447 622; x_wconf 92' lang='grc' dir='ltr'><strong>ιι,</strong></span> <span class='ocrx_word' id='word_1_29' title='bbox 480 571 598 626; x_wconf 92' lang='lat' dir='ltr'><strong>pag.</strong></span> <span class='ocrx_word' id='word_1_30' title='bbox 632 556 754 620; x_wconf 98' lang='grc'>170,</span> <span class='ocrx_word' id='word_1_31' title='bbox 781 557 1010 624; x_wconf 87' lang='lat' dir='ltr'><strong>itemque</strong></span> <span class='ocrx_word' id='word_1_32' title='bbox 1039 556 1091 608; x_wconf 89' lang='lat' dir='ltr'><strong>in</strong></span> <span class='ocrx_word' id='word_1_33' title='bbox 1117 553 1288 608; x_wconf 82' lang='lat' dir='ltr'><strong>Textu</strong></span> <span class='ocrx_word' id='word_1_34' title='bbox 1325 552 1534 607; x_wconf 66' lang='lat' dir='ltr'><strong>Graeco.</strong></span> 
     </span>
    </p>
   </div>
   <div class='ocr_carea' id='block_1_4' title="bbox 289 648 1784 722">
    <p class='ocr_par' dir='ltr' id='par_1_4' title="bbox 289 648 1784 722">
     <span class='ocr_line' id='line_1_4' title="bbox 289 648 1784 722; baseline -0.003 -18"><span class='ocrx_word' id='word_1_35' title='bbox 289 650 472 706; x_wconf 92' lang='lat' dir='ltr'><strong>Matth.</strong></span> <span class='ocrx_word' id='word_1_36' title='bbox 497 665 615 722; x_wconf 86' lang='lat' dir='ltr'><strong>cap.</strong></span> <span class='ocrx_word' id='word_1_37' title='bbox 644 667 759 716; x_wconf 80' lang='lat' dir='ltr'><strong>vui,</strong></span> <span class='ocrx_word' id='word_1_38' title='bbox 789 651 878 706; x_wconf 86' lang='grc'><strong>51.</strong></span> <span class='ocrx_word' id='word_1_39' title='bbox 907 651 960 703; x_wconf 91' lang='lat' dir='ltr'><strong>lu</strong></span> <span class='ocrx_word' id='word_1_40' title='bbox 997 649 1320 709; x_wconf 87' lang='lat' dir='ltr'><strong>Vcrcelleu.,</strong></span> <span class='ocrx_word' id='word_1_41' title='bbox 1351 648 1548 702; x_wconf 88' lang='lat' dir='ltr'><strong>Veron.</strong></span> <span class='ocrx_word' id='word_1_42' title='bbox 1583 654 1638 699; x_wconf 88' lang='lat' dir='ltr'><strong>et</strong></span> <span class='ocrx_word' id='word_1_43' title='bbox 1670 649 1784 700; x_wconf 85' lang='lat' dir='ltr'><strong>Bri-</strong></span> 
     </span>
    </p>
   </div>
   <div class='ocr_carea' id='block_1_5' title="bbox 219 739 1400 808">
    <p class='ocr_par' dir='ltr' id='par_1_5' title="bbox 219 739 1400 808">
     <span class='ocr_line' id='line_1_5' title="bbox 219 739 1400 808; baseline -0.005 -11"><span class='ocrx_word' id='word_1_44' title='bbox 219 743 360 797; x_wconf 76' lang='lat' dir='ltr'><strong>xiau.</strong></span> <span class='ocrx_word' id='word_1_45' title='bbox 389 743 541 798; x_wconf 87' lang='lat' dir='ltr'><strong>deest</strong></span> <span class='ocrx_word' id='word_1_46' title='bbox 563 742 699 808; x_wconf 82' lang='lat' dir='ltr'><strong>hinc,</strong></span> <span class='ocrx_word' id='word_1_47' title='bbox 731 750 786 796; x_wconf 89' lang='lat' dir='ltr'><strong>et</strong></span> <span class='ocrx_word' id='word_1_48' title='bbox 812 742 885 794; x_wconf 89' lang='lat' dir='ltr'><strong>ita</strong></span> <span class='ocrx_word' id='word_1_49' title='bbox 914 742 965 794; x_wconf 92' lang='lat' dir='ltr'><strong>in</strong></span> <span class='ocrx_word' id='word_1_50' title='bbox 991 740 1163 796; x_wconf 82' lang='lat' dir='ltr'><strong>Texm</strong></span> <span class='ocrx_word' id='word_1_51' title='bbox 1195 739 1400 793; x_wconf 68' lang='lat' dir='ltr'><strong>Graeco.</strong></span> 
     </span>
    </p>
   </div>
   <div class='ocr_carea' id='block_1_6' title="bbox 290 829 1780 902">
    <p class='ocr_par' dir='ltr' id='par_1_6' title="bbox 290 829 1780 902">
     <span class='ocr_line' id='line_1_6' title="bbox 290 829 1780 902; baseline -0.004 -14"><span class='ocrx_word' id='word_1_52' title='bbox 290 834 475 888; x_wconf 88' lang='lat' dir='ltr'><strong>Matth.</strong></span> <span class='ocrx_word' id='word_1_53' title='bbox 517 849 635 902; x_wconf 85' lang='lat' dir='ltr'><strong>cap.</strong></span> <span class='ocrx_word' id='word_1_54' title='bbox 681 849 802 898; x_wconf 81' lang='lat' dir='ltr'><strong>xm,</strong></span> <span class='ocrx_word' id='word_1_55' title='bbox 833 832 918 887; x_wconf 86' lang='lat'><strong>50.</strong></span> <span class='ocrx_word' id='word_1_56' title='bbox 953 833 1008 887; x_wconf 92' lang='lat' dir='ltr'><strong>ln</strong></span> <span class='ocrx_word' id='word_1_57' title='bbox 1040 831 1341 886; x_wconf 88' lang='lat' dir='ltr'><strong>Vercelleu.</strong></span> <span class='ocrx_word' id='word_1_58' title='bbox 1378 838 1498 898; x_wconf 83' lang='lat' dir='ltr'><strong>post</strong></span> <span class='ocrx_word' id='word_1_59' title='bbox 1537 829 1780 893; x_wconf 85' lang='lat' dir='ltr'><strong>verbum,</strong></span> 
     </span>
    </p>
   </div>
   <div class='ocr_carea' id='block_1_7' title="bbox 219 921 1783 990">
    <p class='ocr_par' dir='ltr' id='par_1_7' title="bbox 219 921 1783 990">
     <span class='ocr_line' id='line_1_7' title="bbox 219 921 1783 990; baseline -0.004 -12"><span class='ocrx_word' id='word_1_60' title='bbox 219 926 463 990; x_wconf 85' lang='lat' dir='ltr'><strong>dentium,</strong></span> <span class='ocrx_word' id='word_1_61' title='bbox 511 924 740 989; x_wconf 91' lang='lat' dir='ltr'><strong>additur,</strong></span> <span class='ocrx_word' id='word_1_62' title='bbox 771 932 823 978; x_wconf 90' lang='lat' dir='ltr'><strong>et</strong></span> <span class='ocrx_word' id='word_1_63' title='bbox 850 924 996 977; x_wconf 74' lang='lat' dir='ltr'><strong>dixit.</strong></span> <span class='ocrx_word' id='word_1_64' title='bbox 1033 923 1088 977; x_wconf 92' lang='lat' dir='ltr'><strong>ln</strong></span> <span class='ocrx_word' id='word_1_65' title='bbox 1120 923 1356 976; x_wconf 80' lang='lat' dir='ltr'><strong>Brixian.</strong></span> <span class='ocrx_word' id='word_1_66' title='bbox 1393 936 1546 988; x_wconf 77' lang='lat' dir='ltr'><strong>vero,</strong></span> <span class='ocrx_word' id='word_1_67' title='bbox 1579 923 1649 973; x_wconf 87' lang='lat' dir='ltr'><strong>ait</strong></span> <span class='ocrx_word' id='word_1_68' title='bbox 1678 921 1783 973; x_wconf 74' lang='lat' dir='ltr'><strong>illis</strong></span> 
     </span>
    </p>
   </div>
   <div class='ocr_carea' id='block_1_8' title="bbox 215 1013 1779 1082">
    <p class='ocr_par' dir='ltr' id='par_1_8' title="bbox 215 1013 1779 1082">
     <span class='ocr_line' id='line_1_8' title="bbox 215 1013 1779 1082; baseline -0.003 -13"><span class='ocrx_word' id='word_1_69' title='bbox 215 1013 403 1080; x_wconf 75' lang='lat' dir='ltr'><strong>Iesus,</strong></span> <span class='ocrx_word' id='word_1_70' title='bbox 435 1013 778 1068; x_wconf 80' lang='lat' dir='ltr'><strong>conformiter</strong></span> <span class='ocrx_word' id='word_1_71' title='bbox 819 1015 1081 1082; x_wconf 69' lang='lat' dir='ltr'><strong>plerislue</strong></span> <span class='ocrx_word' id='word_1_72' title='bbox 1111 1013 1310 1068; x_wconf 80' lang='lat' dir='ltr'><strong>Gra:cis</strong></span> <span class='ocrx_word' id='word_1_73' title='bbox 1354 1013 1779 1079; x_wconf 69' lang='lat' dir='ltr'><strong>Exemplar-ibus.</strong></span> 
     </span>
    </p>
   </div>
   <div class='ocr_carea' id='block_1_9' title="bbox 288 1103 1781 1172">
    <p class='ocr_par' dir='ltr' id='par_1_9' title="bbox 288 1103 1781 1172">
     <span class='ocr_line' id='line_1_9' title="bbox 288 1103 1781 1172; baseline -0.001 -14"><span class='ocrx_word' id='word_1_74' title='bbox 288 1103 474 1159; x_wconf 87' lang='lat' dir='ltr'><strong>Matth.</strong></span> <span class='ocrx_word' id='word_1_75' title='bbox 507 1120 626 1172; x_wconf 78' lang='lat' dir='ltr'><strong>cap.</strong></span> <span class='ocrx_word' id='word_1_76' title='bbox 661 1121 770 1169; x_wconf 68' lang='lat' dir='ltr'><strong>art,</strong></span> <span class='ocrx_word' id='word_1_77' title='bbox 816 1106 900 1160; x_wconf 88' lang='grc'><strong>18.</strong></span> <span class='ocrx_word' id='word_1_78' title='bbox 951 1105 1247 1160; x_wconf 87' lang='lat' dir='ltr'><strong>Vercellen.</strong></span> <span class='ocrx_word' id='word_1_79' title='bbox 1299 1115 1352 1159; x_wconf 91' lang='lat' dir='ltr'><strong>ct</strong></span> <span class='ocrx_word' id='word_1_80' title='bbox 1395 1103 1679 1158; x_wconf 88' lang='lat' dir='ltr'><strong>Corbeien.</strong></span> <span class='ocrx_word' id='word_1_81' title='bbox 1715 1103 1781 1157; x_wconf 89' lang='lat' dir='ltr'><strong>Et</strong></span> 
     </span>
    </p>
   </div>
   <div class='ocr_carea' id='block_1_10' title="bbox 217 1195 1778 1268">
    <p class='ocr_par' dir='ltr' id='par_1_10' title="bbox 217 1195 1778 1268">
     <span class='ocr_line' id='line_1_10' title="bbox 217 1195 1778 1268; baseline -0.001 -21"><span class='ocrx_word' id='word_1_82' title='bbox 217 1204 377 1263; x_wconf 78' lang='lat' dir='ltr'><strong>porta:</strong></span> <span class='ocrx_word' id='word_1_83' title='bbox 404 1195 594 1264; x_wconf 73' lang='lat' dir='ltr'><strong>inferni</strong></span> <span class='ocrx_word' id='word_1_84' title='bbox 621 1196 925 1268; x_wconf 85' lang='lat' dir='ltr'><strong>(Corbeien.</strong></span> <span class='ocrx_word' id='word_1_85' title='bbox 959 1197 1273 1265; x_wconf 77' lang='lat' dir='ltr'><strong>inferorum)</strong></span> <span class='ocrx_word' id='word_1_86' title='bbox 1303 1212 1402 1248; x_wconf 90' lang='lat' dir='ltr'><strong>non</strong></span> <span class='ocrx_word' id='word_1_87' title='bbox 1424 1195 1619 1247; x_wconf 83' lang='lat' dir='ltr'><strong>vincent</strong></span> <span class='ocrx_word' id='word_1_88' title='bbox 1648 1211 1778 1247; x_wconf 87' lang='lat' dir='ltr'><strong>eam.</strong></span> 
     </span>
    </p>
   </div>
   <div class='ocr_carea' id='block_1_11' title="bbox 213 1284 1783 1360">
    <p class='ocr_par' dir='ltr' id='par_1_11' title="bbox 213 1284 1783 1360">
     <span class='ocr_line' id='line_1_11' title="bbox 213 1284 1783 1360; baseline 0.001 -20"><span class='ocrx_word' id='word_1_89' title='bbox 213 1284 414 1342; x_wconf 80' lang='lat' dir='ltr'><strong>Testus</strong></span> <span class='ocrx_word' id='word_1_90' title='bbox 468 1285 686 1342; x_wconf 74' lang='lat' dir='ltr'><strong>Grtccus</strong></span> <span class='ocrx_word' id='word_1_91' title='bbox 741 1287 942 1353; x_wconf 86' lang='lat' dir='ltr'><strong>habet,</strong></span> <span class='ocrx_word' id='word_1_92' title='bbox 983 1288 1250 1342; x_wconf 78' lang='grc' dir='ltr'><strong>καίπύλαι</strong></span> <span class='ocrx_word' id='word_1_93' title='bbox 1299 1286 1422 1360; x_wconf 78' lang='grc' dir='ltr'>ᾅδου</span> <span class='ocrx_word' id='word_1_94' title='bbox 1483 1289 1539 1340; x_wconf 79' lang='grc' dir='ltr'><strong>οὐ</strong></span> <span class='ocrx_word' id='word_1_95' title='bbox 1606 1307 1783 1341; x_wconf 76' lang='grc' dir='ltr'><strong>κατισ-</strong></span> 
     </span>
    </p>
   </div>
   <div class='ocr_carea' id='block_1_12' title="bbox 215 1376 1778 1452">
    <p class='ocr_par' dir='ltr' id='par_1_12' title="bbox 215 1376 1778 1452">
     <span class='ocr_line' id='line_1_12' title="bbox 215 1376 1778 1452; baseline -0.001 -19"><span class='ocrx_word' id='word_1_96' title='bbox 215 1381 476 1452; x_wconf 79' lang='grc' dir='ltr'><strong>χύσουσιν</strong></span> <span class='ocrx_word' id='word_1_97' title='bbox 501 1381 658 1440; x_wconf 80' lang='grc' dir='ltr'><strong>αὐτῆς</strong></span> <span class='ocrx_word' id='word_1_98' title='bbox 685 1396 696 1432; x_wconf 87' lang='grc'><strong>;</strong></span> <span class='ocrx_word' id='word_1_99' title='bbox 723 1378 790 1432; x_wconf 85' lang='lat' dir='ltr'><strong>Et</strong></span> <span class='ocrx_word' id='word_1_100' title='bbox 820 1390 978 1450; x_wconf 71' lang='lat' dir='ltr'><strong>porta:</strong></span> <span class='ocrx_word' id='word_1_101' title='bbox 1014 1379 1168 1446; x_wconf 73' lang='lat' dir='ltr'><strong>inferi</strong></span> <span class='ocrx_word' id='word_1_102' title='bbox 1203 1395 1304 1432; x_wconf 88' lang='lat' dir='ltr'><strong>non</strong></span> <span class='ocrx_word' id='word_1_103' title='bbox 1344 1377 1683 1448; x_wconf 79' lang='lat' dir='ltr'><strong>prtovalebunt</strong></span> <span class='ocrx_word' id='word_1_104' title='bbox 1713 1376 1778 1432; x_wconf 87' lang='lat' dir='ltr'><strong>ei.</strong></span> 
     </span>
    </p>
   </div>
   <div class='ocr_carea' id='block_1_13' title="bbox 287 1469 1782 1541">
    <p class='ocr_par' dir='ltr' id='par_1_13' title="bbox 287 1469 1782 1541">
     <span class='ocr_line' id='line_1_13' title="bbox 287 1469 1782 1541; baseline -0.003 -16"><span class='ocrx_word' id='word_1_105' title='bbox 287 1471 474 1525; x_wconf 84' lang='lat' dir='ltr'><strong>Matth.</strong></span> <span class='ocrx_word' id='word_1_106' title='bbox 501 1487 621 1541; x_wconf 87' lang='lat' dir='ltr'><strong>cap.</strong></span> <span class='ocrx_word' id='word_1_107' title='bbox 654 1487 762 1534; x_wconf 75' lang='lat' dir='ltr'><strong>svs,</strong></span> <span class='ocrx_word' id='word_1_108' title='bbox 796 1471 886 1526; x_wconf 89' lang='grc'><strong>20.</strong></span> <span class='ocrx_word' id='word_1_109' title='bbox 930 1471 985 1524; x_wconf 91' lang='lat' dir='ltr'><strong>lu</strong></span> <span class='ocrx_word' id='word_1_110' title='bbox 1042 1470 1362 1535; x_wconf 81' lang='lat' dir='ltr'><strong>Vercelleu.,</strong></span> <span class='ocrx_word' id='word_1_111' title='bbox 1409 1469 1678 1523; x_wconf 88' lang='lat' dir='ltr'><strong>Veroncn.</strong></span> <span class='ocrx_word' id='word_1_112' title='bbox 1728 1477 1782 1522; x_wconf 90' lang='lat' dir='ltr'><strong>et</strong></span> 
     </span>
    </p>
   </div>
   <div class='ocr_carea' id='block_1_14' title="bbox 212 1560 1783 1631">
    <p class='ocr_par' dir='ltr' id='par_1_14' title="bbox 212 1560 1783 1631">
     <span class='ocr_line' id='line_1_14' title="bbox 212 1560 1783 1631; baseline -0.002 -15"><span class='ocrx_word' id='word_1_113' title='bbox 212 1560 492 1618; x_wconf 86' lang='lat' dir='ltr'><strong>Corbeien.</strong></span> <span class='ocrx_word' id='word_1_114' title='bbox 521 1563 805 1626; x_wconf 86' lang='lat' dir='ltr'><strong>omittitur,</strong></span> <span class='ocrx_word' id='word_1_115' title='bbox 826 1561 977 1616; x_wconf 82' lang='lat' dir='ltr'><strong>Jesus</strong></span> <span class='ocrx_word' id='word_1_116' title='bbox 1005 1579 1023 1616; x_wconf 89' lang='lat'><strong><em>:</em></strong></span> <span class='ocrx_word' id='word_1_117' title='bbox 1053 1576 1148 1616; x_wconf 89' lang='lat' dir='ltr'><strong>nec</strong></span> <span class='ocrx_word' id='word_1_118' title='bbox 1190 1561 1381 1631; x_wconf 87' lang='lat' dir='ltr'><strong>legitur</strong></span> <span class='ocrx_word' id='word_1_119' title='bbox 1421 1560 1474 1614; x_wconf 92' lang='lat' dir='ltr'><strong>iu</strong></span> <span class='ocrx_word' id='word_1_120' title='bbox 1509 1561 1783 1614; x_wconf 86' lang='lat' dir='ltr'><strong>codicibus</strong></span> 
     </span>
    </p>
   </div>
   <div class='ocr_carea' id='block_1_15' title="bbox 211 1653 1780 1720">
    <p class='ocr_par' dir='ltr' id='par_1_15' title="bbox 211 1653 1780 1720">
     <span class='ocr_line' id='line_1_15' title="bbox 211 1653 1780 1720; baseline -0.002 -11"><span class='ocrx_word' id='word_1_121' title='bbox 211 1653 351 1710; x_wconf 88' lang='lat' dir='ltr'><strong>bene</strong></span> <span class='ocrx_word' id='word_1_122' title='bbox 404 1655 604 1720; x_wconf 90' lang='lat' dir='ltr'><strong>multis,</strong></span> <span class='ocrx_word' id='word_1_123' title='bbox 658 1671 778 1709; x_wconf 91' lang='lat' dir='ltr'><strong>cum</strong></span> <span class='ocrx_word' id='word_1_124' title='bbox 822 1655 1045 1720; x_wconf 72' lang='lat' dir='ltr'><strong>Grmcis,</strong></span> <span class='ocrx_word' id='word_1_125' title='bbox 1078 1662 1190 1708; x_wconf 91' lang='lat' dir='ltr'><strong>tum</strong></span> <span class='ocrx_word' id='word_1_126' title='bbox 1245 1654 1464 1718; x_wconf 81' lang='lat' dir='ltr'><strong>Latinis,</strong></span> <span class='ocrx_word' id='word_1_127' title='bbox 1518 1654 1703 1707; x_wconf 83' lang='lat' dir='ltr'><strong>relatis</strong></span> <span class='ocrx_word' id='word_1_128' title='bbox 1751 1668 1780 1706; x_wconf 90' lang='lat' dir='ltr'><strong>a</strong></span> 
     </span>
    </p>
   </div>
   <div class='ocr_carea' id='block_1_16' title="bbox 212 1745 1778 1817">
    <p class='ocr_par' dir='ltr' id='par_1_16' title="bbox 212 1745 1778 1817">
     <span class='ocr_line' id='line_1_16' title="bbox 212 1745 1778 1817; baseline -0.004 -12"><span class='ocrx_word' id='word_1_129' title='bbox 212 1749 342 1805; x_wconf 87' lang='lat' dir='ltr'><strong>Mill.</strong></span> <span class='ocrx_word' id='word_1_130' title='bbox 393 1750 446 1804; x_wconf 91' lang='lat' dir='ltr'><strong>in</strong></span> <span class='ocrx_word' id='word_1_131' title='bbox 481 1750 601 1803; x_wconf 84' lang='lat' dir='ltr'><strong>Var.</strong></span> <span class='ocrx_word' id='word_1_132' title='bbox 652 1748 800 1803; x_wconf 89' lang='lat' dir='ltr'><strong>Lect.</strong></span> <span class='ocrx_word' id='word_1_133' title='bbox 854 1749 1131 1817; x_wconf 78' lang='lat' dir='ltr'><strong>ipsumque</strong></span> <span class='ocrx_word' id='word_1_134' title='bbox 1179 1762 1372 1802; x_wconf 86' lang='lat' dir='ltr'><strong>nomen</strong></span> <span class='ocrx_word' id='word_1_135' title='bbox 1413 1745 1688 1800; x_wconf 83' lang='lat' dir='ltr'><strong>abundare</strong></span> <span class='ocrx_word' id='word_1_136' title='bbox 1727 1745 1778 1799; x_wconf 90' lang='lat' dir='ltr'><strong>in</strong></span> 
     </span>
    </p>
   </div>
   <div class='ocr_carea' id='block_1_17' title="bbox 218 1840 1210 1912">
    <p class='ocr_par' dir='ltr' id='par_1_17' title="bbox 218 1840 1210 1912">
     <span class='ocr_line' id='line_1_17' title="bbox 218 1840 1210 1912; baseline -0.005 -14"><span class='ocrx_word' id='word_1_137' title='bbox 218 1842 464 1912; x_wconf 77' lang='lat' dir='ltr'><strong>Vulgata,</strong></span> <span class='ocrx_word' id='word_1_138' title='bbox 492 1842 833 1911; x_wconf 83' lang='lat' dir='ltr'><strong>quamplnres</strong></span> <span class='ocrx_word' id='word_1_139' title='bbox 862 1840 1210 1894; x_wconf 81' lang='lat' dir='ltr'><strong>arbitrantur.</strong></span> 
     </span>
    </p>
   </div>
   <div class='ocr_carea' id='block_1_18' title="bbox 283 1927 1776 2001">
    <p class='ocr_par' dir='ltr' id='par_1_18' title="bbox 283 1927 1776 2001">
     <span class='ocr_line' id='line_1_18' title="bbox 283 1927 1776 2001; baseline -0.003 -14"><span class='ocrx_word' id='word_1_140' title='bbox 283 1933 468 1987; x_wconf 77' lang='lat' dir='ltr'><strong>Matth.</strong></span> <span class='ocrx_word' id='word_1_141' title='bbox 515 1947 634 2001; x_wconf 87' lang='lat' dir='ltr'><strong>cap.</strong></span> <span class='ocrx_word' id='word_1_142' title='bbox 662 1947 788 1986; x_wconf 75' lang='lat' dir='ltr'>XVII!</span> <span class='ocrx_word' id='word_1_143' title='bbox 813 1972 828 1997; x_wconf 94' lang='lat'><strong>,</strong></span> <span class='ocrx_word' id='word_1_144' title='bbox 859 1931 944 1987; x_wconf 83' lang='grc'>19.</span> <span class='ocrx_word' id='word_1_145' title='bbox 977 1931 1305 1993; x_wconf 87' lang='lat' dir='ltr'><strong>Vercelleu.,</strong></span> <span class='ocrx_word' id='word_1_146' title='bbox 1362 1930 1586 1993; x_wconf 89' lang='lat' dir='ltr'><strong>Veron.,</strong></span> <span class='ocrx_word' id='word_1_147' title='bbox 1643 1927 1776 1982; x_wconf 86' lang='lat' dir='ltr'><strong>Cor-</strong></span> 
     </span>
    </p>
   </div>
   <div class='ocr_carea' id='block_1_19' title="bbox 208 2021 1780 2087">
    <p class='ocr_par' dir='ltr' id='par_1_19' title="bbox 208 2021 1780 2087">
     <span class='ocr_line' id='line_1_19' title="bbox 208 2021 1780 2087; baseline -0.005 -8"><span class='ocrx_word' id='word_1_148' title='bbox 208 2021 890 2087; x_wconf 84' lang='lat' dir='ltr'><strong>beien.,San-Germanen.</strong></span> <span class='ocrx_word' id='word_1_149' title='bbox 925 2033 976 2076; x_wconf 87' lang='lat' dir='ltr'><strong>et</strong></span> <span class='ocrx_word' id='word_1_150' title='bbox 1010 2022 1468 2082; x_wconf 79' lang='lat' dir='ltr'><strong>Brixian.,iterum</strong></span> <span class='ocrx_word' id='word_1_151' title='bbox 1496 2037 1640 2074; x_wconf 88' lang='lat' dir='ltr'><strong>amen</strong></span> <span class='ocrx_word' id='word_1_152' title='bbox 1664 2021 1780 2073; x_wconf 87' lang='lat' dir='ltr'><strong>dico</strong></span> 
     </span>
    </p>
   </div>
   <div class='ocr_carea' id='block_1_20' title="bbox 210 2109 1780 2180">
    <p class='ocr_par' dir='ltr' id='par_1_20' title="bbox 210 2109 1780 2180">
     <span class='ocr_line' id='line_1_20' title="bbox 210 2109 1780 2180; baseline -0.003 -12"><span class='ocrx_word' id='word_1_153' title='bbox 210 2114 370 2180; x_wconf 76' lang='lat' dir='ltr'><strong>nobis,</strong></span> <span class='ocrx_word' id='word_1_154' title='bbox 403 2127 456 2167; x_wconf 86' lang='lat' dir='ltr'><strong>et</strong></span> <span class='ocrx_word' id='word_1_155' title='bbox 506 2113 577 2167; x_wconf 89' lang='lat' dir='ltr'><strong>ita</strong></span> <span class='ocrx_word' id='word_1_156' title='bbox 617 2112 789 2168; x_wconf 67' lang='lat' dir='ltr'><strong>Graeci</strong></span> <span class='ocrx_word' id='word_1_157' title='bbox 846 2111 1059 2167; x_wconf 84' lang='lat' dir='ltr'><strong>codices</strong></span> <span class='ocrx_word' id='word_1_158' title='bbox 1101 2112 1250 2165; x_wconf 86' lang='lat' dir='ltr'><strong>multi</strong></span> <span class='ocrx_word' id='word_1_159' title='bbox 1306 2127 1368 2166; x_wconf 90' lang='lat' dir='ltr'><strong>ac</strong></span> <span class='ocrx_word' id='word_1_160' title='bbox 1419 2125 1549 2164; x_wconf 90' lang='lat' dir='ltr'><strong>mss.</strong></span> <span class='ocrx_word' id='word_1_161' title='bbox 1605 2109 1780 2164; x_wconf 79' lang='lat' dir='ltr'><strong>Latini</strong></span> 
     </span>
    </p>
   </div>
   <div class='ocr_carea' id='block_1_21' title="bbox 210 2202 1779 2275">
    <p class='ocr_par' dir='ltr' id='par_1_21' title="bbox 210 2202 1779 2275">
     <span class='ocr_line' id='line_1_21' title="bbox 210 2202 1779 2275; baseline -0.003 -16"><span class='ocrx_word' id='word_1_162' title='bbox 210 2204 326 2260; x_wconf 78' lang='lat' dir='ltr'><strong>fere</strong></span> <span class='ocrx_word' id='word_1_163' title='bbox 353 2205 563 2274; x_wconf 76' lang='lat' dir='ltr'><strong>triginta</strong></span> <span class='ocrx_word' id='word_1_164' title='bbox 591 2215 838 2275; x_wconf 83' lang='lat' dir='ltr'><strong>quatuor,</strong></span> <span class='ocrx_word' id='word_1_165' title='bbox 887 2213 941 2259; x_wconf 89' lang='lat' dir='ltr'><strong>et</strong></span> <span class='ocrx_word' id='word_1_166' title='bbox 993 2206 1170 2274; x_wconf 86' lang='lat' dir='ltr'><strong>plures</strong></span> <span class='ocrx_word' id='word_1_167' title='bbox 1198 2203 1460 2258; x_wconf 83' lang='lat' dir='ltr'><strong>editiones</strong></span> <span class='ocrx_word' id='word_1_168' title='bbox 1496 2202 1635 2271; x_wconf 90' lang='lat' dir='ltr'><strong>apud</strong></span> <span class='ocrx_word' id='word_1_169' title='bbox 1664 2202 1779 2256; x_wconf 84' lang='lat' dir='ltr'><strong>Mil-</strong></span> 
     </span>
    </p>
   </div>
   <div class='ocr_carea' id='block_1_22' title="bbox 213 2294 367 2352">
    <p class='ocr_par' dir='ltr' id='par_1_22' title="bbox 213 2294 367 2352">
     <span class='ocr_line' id='line_1_22' title="bbox 213 2294 367 2352; baseline 0.019 -3"><span class='ocrx_word' id='word_1_170' title='bbox 213 2294 367 2352; x_wconf 87' lang='lat' dir='ltr'><strong>lium.</strong></span> 
     </span>
    </p>
   </div>
   <div class='ocr_carea' id='block_1_23' title="bbox 285 2382 1780 2454">
    <p class='ocr_par' dir='ltr' id='par_1_23' title="bbox 285 2382 1780 2454">
     <span class='ocr_line' id='line_1_23' title="bbox 285 2382 1780 2454; baseline -0.001 -16"><span class='ocrx_word' id='word_1_171' title='bbox 285 2383 466 2438; x_wconf 81' lang='lat' dir='ltr'><strong>Matth.</strong></span> <span class='ocrx_word' id='word_1_172' title='bbox 512 2399 629 2454; x_wconf 86' lang='lat' dir='ltr'><strong>cap.</strong></span> <span class='ocrx_word' id='word_1_173' title='bbox 675 2401 707 2438; x_wconf 80' lang='lat' dir='ltr'><strong>v</strong></span> <span class='ocrx_word' id='word_1_174' title='bbox 752 2384 976 2448; x_wconf 87' lang='lat' dir='ltr'><strong>eodem,</strong></span> <span class='ocrx_word' id='word_1_175' title='bbox 1013 2383 1312 2438; x_wconf 85' lang='lat' dir='ltr'><strong>Vercellen.</strong></span> <span class='ocrx_word' id='word_1_176' title='bbox 1345 2393 1396 2438; x_wconf 90' lang='lat' dir='ltr'><strong>et</strong></span> <span class='ocrx_word' id='word_1_177' title='bbox 1423 2382 1780 2438; x_wconf 78' lang='lat' dir='ltr'><strong>Cnrbcien.si</strong></span> 
     </span>
    </p>
   </div>
   <div class='ocr_carea' id='block_1_24' title="bbox 207 2476 1780 2542">
    <p class='ocr_par' dir='ltr' id='par_1_24' title="bbox 207 2476 1780 2542">
     <span class='ocr_line' id='line_1_24' title="bbox 207 2476 1780 2542; baseline -0.001 -12"><span class='ocrx_word' id='word_1_178' title='bbox 207 2477 410 2531; x_wconf 85' lang='lat' dir='ltr'><strong>duobus</strong></span> <span class='ocrx_word' id='word_1_179' title='bbox 467 2477 768 2530; x_wconf 80' lang='lat' dir='ltr'><strong>convenerit.</strong></span> <span class='ocrx_word' id='word_1_180' title='bbox 844 2476 1134 2542; x_wconf 88' lang='lat' dir='ltr'><strong>Veronen.,</strong></span> <span class='ocrx_word' id='word_1_181' title='bbox 1201 2476 1657 2531; x_wconf 81' lang='lat' dir='ltr'><strong>San-Germanen.</strong></span> <span class='ocrx_word' id='word_1_182' title='bbox 1726 2482 1780 2529; x_wconf 91' lang='lat' dir='ltr'><strong>ct</strong></span> 
     </span>
    </p>
   </div>
   <div class='ocr_carea' id='block_1_25' title="bbox 206 2567 1774 2636">
    <p class='ocr_par' dir='ltr' id='par_1_25' title="bbox 206 2567 1774 2636">
     <span class='ocr_line' id='line_1_25' title="bbox 206 2567 1774 2636; baseline -0.004 -11"><span class='ocrx_word' id='word_1_183' title='bbox 206 2571 356 2625; x_wconf 77' lang='lat' dir='ltr'><strong>Bris.</strong></span> <span class='ocrx_word' id='word_1_184' title='bbox 381 2571 423 2624; x_wconf 92' lang='lat' dir='ltr'><strong>si</strong></span> <span class='ocrx_word' id='word_1_185' title='bbox 449 2570 641 2623; x_wconf 82' lang='lat' dir='ltr'><strong>duobus</strong></span> <span class='ocrx_word' id='word_1_186' title='bbox 665 2586 726 2624; x_wconf 76' lang='lat' dir='ltr'><strong>es;</strong></span> <span class='ocrx_word' id='word_1_187' title='bbox 753 2569 889 2622; x_wconf 80' lang='lat' dir='ltr'><strong>vobis</strong></span> <span class='ocrx_word' id='word_1_188' title='bbox 929 2570 1212 2622; x_wconf 86' lang='lat' dir='ltr'><strong>conrenerit</strong></span> <span class='ocrx_word' id='word_1_189' title='bbox 1237 2585 1254 2632; x_wconf 82' lang='lat'><strong>,°</strong></span> <span class='ocrx_word' id='word_1_190' title='bbox 1277 2581 1329 2623; x_wconf 89' lang='lat' dir='ltr'><strong>et</strong></span> <span class='ocrx_word' id='word_1_191' title='bbox 1361 2569 1430 2620; x_wconf 85' lang='lat' dir='ltr'><strong>ita</strong></span> <span class='ocrx_word' id='word_1_192' title='bbox 1462 2568 1519 2622; x_wconf 93' lang='lat' dir='ltr'><strong>S.</strong></span> <span class='ocrx_word' id='word_1_193' title='bbox 1551 2567 1774 2636; x_wconf 83' lang='lat' dir='ltr'><strong>Cypria-</strong></span> 
     </span>
    </p>
   </div>
   <div class='ocr_carea' id='block_1_26' title="bbox 203 2657 1779 2730">
    <p class='ocr_par' dir='ltr' id='par_1_26' title="bbox 203 2657 1779 2730">
     <span class='ocr_line' id='line_1_26' title="bbox 203 2657 1779 2730; baseline -0.003 -13"><span class='ocrx_word' id='word_1_194' title='bbox 203 2676 311 2717; x_wconf 86' lang='lat' dir='ltr'><strong>nus</strong></span> <span class='ocrx_word' id='word_1_195' title='bbox 344 2677 396 2730; x_wconf 91' lang='lat' dir='ltr'><strong>p.</strong></span> <span class='ocrx_word' id='word_1_196' title='bbox 424 2660 513 2725; x_wconf 73' lang='grc'><strong>41,</strong></span> <span class='ocrx_word' id='word_1_197' title='bbox 546 2669 599 2715; x_wconf 90' lang='lat' dir='ltr'><strong>et</strong></span> <span class='ocrx_word' id='word_1_198' title='bbox 650 2662 699 2714; x_wconf 91' lang='lat' dir='ltr'><strong>iu</strong></span> <span class='ocrx_word' id='word_1_199' title='bbox 741 2659 832 2713; x_wconf 89' lang='lat' dir='ltr'><strong>lib.</strong></span> <span class='ocrx_word' id='word_1_200' title='bbox 863 2675 921 2712; x_wconf 92' lang='grc' dir='ltr'><strong>ιιι</strong></span> <span class='ocrx_word' id='word_1_201' title='bbox 959 2659 1253 2713; x_wconf 84' lang='lat' dir='ltr'><strong>&#39;l‘estimon.</strong></span> <span class='ocrx_word' id='word_1_202' title='bbox 1290 2675 1344 2712; x_wconf 94' lang='lat' dir='ltr'><strong>n.</strong></span> <span class='ocrx_word' id='word_1_203' title='bbox 1375 2659 1430 2723; x_wconf 82' lang='lat'><strong>5,</strong></span> <span class='ocrx_word' id='word_1_204' title='bbox 1462 2666 1516 2712; x_wconf 91' lang='lat' dir='ltr'><strong>et</strong></span> <span class='ocrx_word' id='word_1_205' title='bbox 1557 2657 1612 2712; x_wconf 93' lang='lat' dir='ltr'><strong>S.</strong></span> <span class='ocrx_word' id='word_1_206' title='bbox 1650 2659 1779 2713; x_wconf 85' lang='lat' dir='ltr'><strong>Am-</strong></span> 
     </span>
    </p>
   </div>
   <div class='ocr_carea' id='block_1_27' title="bbox 203 2749 1771 2820">
    <p class='ocr_par' dir='ltr' id='par_1_27' title="bbox 203 2749 1771 2820">
     <span class='ocr_line' id='line_1_27' title="bbox 203 2749 1771 2820; baseline -0.001 -13"><span class='ocrx_word' id='word_1_207' title='bbox 203 2752 420 2807; x_wconf 86' lang='lat' dir='ltr'><strong>brosius</strong></span> <span class='ocrx_word' id='word_1_208' title='bbox 447 2753 498 2805; x_wconf 91' lang='lat' dir='ltr'><strong>in</strong></span> <span class='ocrx_word' id='word_1_209' title='bbox 529 2751 620 2806; x_wconf 73' lang='grc' dir='ltr'>ιιι».</span> <span class='ocrx_word' id='word_1_210' title='bbox 671 2752 736 2804; x_wconf 86' lang='lat' dir='ltr'><strong>de</strong></span> <span class='ocrx_word' id='word_1_211' title='bbox 779 2751 1010 2804; x_wconf 89' lang='lat' dir='ltr'><strong>lnstitut.</strong></span> <span class='ocrx_word' id='word_1_212' title='bbox 1038 2749 1240 2820; x_wconf 85' lang='lat' dir='ltr'><strong>Virgin.</strong></span> <span class='ocrx_word' id='word_1_213' title='bbox 1272 2765 1388 2819; x_wconf 87' lang='lat' dir='ltr'><strong>cap.</strong></span> <span class='ocrx_word' id='word_1_214' title='bbox 1422 2751 1476 2812; x_wconf 91' lang='grc'><strong>2,</strong></span> <span class='ocrx_word' id='word_1_215' title='bbox 1505 2766 1621 2819; x_wconf 88' lang='lat' dir='ltr'><strong>pag.</strong></span> <span class='ocrx_word' id='word_1_216' title='bbox 1646 2752 1771 2805; x_wconf 81' lang='grc'>252.</span> 
     </span>
    </p>
   </div>
   <div class='ocr_carea' id='block_1_28' title="bbox 277 2840 1777 2912">
    <p class='ocr_par' dir='ltr' id='par_1_28' title="bbox 277 2840 1777 2912">
     <span class='ocr_line' id='line_1_28' title="bbox 277 2840 1777 2912; baseline -0.002 -16"><span class='ocrx_word' id='word_1_217' title='bbox 277 2842 466 2896; x_wconf 84' lang='lat' dir='ltr'><strong>Matth.</strong></span> <span class='ocrx_word' id='word_1_218' title='bbox 512 2857 630 2912; x_wconf 86' lang='lat' dir='ltr'><strong>cap.</strong></span> <span class='ocrx_word' id='word_1_219' title='bbox 683 2857 796 2907; x_wconf 76' lang='lat' dir='ltr'><strong>xix,</strong></span> <span class='ocrx_word' id='word_1_220' title='bbox 854 2841 902 2894; x_wconf 90' lang='grc'>1.</span> <span class='ocrx_word' id='word_1_221' title='bbox 958 2840 1254 2894; x_wconf 88' lang='lat' dir='ltr'><strong>Vercellen.</strong></span> <span class='ocrx_word' id='word_1_222' title='bbox 1284 2849 1338 2893; x_wconf 87' lang='lat' dir='ltr'><strong>et</strong></span> <span class='ocrx_word' id='word_1_223' title='bbox 1372 2840 1630 2896; x_wconf 81' lang='lat' dir='ltr'><strong>\‘erouen.</strong></span> <span class='ocrx_word' id='word_1_224' title='bbox 1663 2857 1777 2894; x_wconf 84' lang='lat' dir='ltr'><strong>eum</strong></span> 
     </span>
    </p>
   </div>
   <div class='ocr_carea' id='block_1_29' title="bbox 203 2933 1776 3004">
    <p class='ocr_par' dir='ltr' id='par_1_29' title="bbox 203 2933 1776 3004">
     <span class='ocr_line' id='line_1_29' title="bbox 203 2933 1776 3004; baseline 0.001 -18"><span class='ocrx_word' id='word_1_225' title='bbox 203 2933 408 2987; x_wconf 85' lang='lat' dir='ltr'><strong>locutus</strong></span> <span class='ocrx_word' id='word_1_226' title='bbox 438 2943 564 2987; x_wconf 88' lang='lat' dir='ltr'><strong>esset</strong></span> <span class='ocrx_word' id='word_1_227' title='bbox 595 2933 766 2988; x_wconf 83' lang='lat' dir='ltr'><strong>Jesus.</strong></span> <span class='ocrx_word' id='word_1_228' title='bbox 809 2933 1089 2988; x_wconf 89' lang='lat' dir='ltr'><strong>Corbeien.</strong></span> <span class='ocrx_word' id='word_1_229' title='bbox 1122 2948 1334 3004; x_wconf 81' lang='lat' dir='ltr'><strong>quoque</strong></span> <span class='ocrx_word' id='word_1_230' title='bbox 1355 2973 1369 2997; x_wconf 91' lang='lat'><strong>,</strong></span> <span class='ocrx_word' id='word_1_231' title='bbox 1421 2950 1534 2988; x_wconf 88' lang='lat' dir='ltr'><strong>cum</strong></span> <span class='ocrx_word' id='word_1_232' title='bbox 1583 2933 1776 2987; x_wconf 86' lang='lat' dir='ltr'><strong>locutus</strong></span> 
     </span>
    </p>
   </div>
   <div class='ocr_carea' id='block_1_30' title="bbox 200 3023 987 3090">
    <p class='ocr_par' dir='ltr' id='par_1_30' title="bbox 200 3023 987 3090">
     <span class='ocr_line' id='line_1_30' title="bbox 200 3023 987 3090; baseline -0.001 -12"><span class='ocrx_word' id='word_1_233' title='bbox 200 3023 528 3090; x_wconf 83' lang='lat' dir='ltr'><strong>essetJesus,</strong></span> <span class='ocrx_word' id='word_1_234' title='bbox 559 3033 612 3079; x_wconf 87' lang='lat' dir='ltr'><strong>et</strong></span> <span class='ocrx_word' id='word_1_235' title='bbox 637 3023 707 3078; x_wconf 90' lang='lat' dir='ltr'><strong>ita</strong></span> <span class='ocrx_word' id='word_1_236' title='bbox 731 3024 786 3079; x_wconf 93' lang='grc'><strong>8.</strong></span> <span class='ocrx_word' id='word_1_237' title='bbox 821 3024 987 3078; x_wconf 91' lang='lat' dir='ltr'><strong>llilar.</strong></span> 
     </span>
    </p>
   </div>
   <div class='ocr_carea' id='block_1_31' title="bbox 280 3115 1776 3186">
    <p class='ocr_par' dir='ltr' id='par_1_31' title="bbox 280 3115 1776 3186">
     <span class='ocr_line' id='line_1_31' title="bbox 280 3115 1776 3186; baseline 0 -16"><span class='ocrx_word' id='word_1_238' title='bbox 280 3116 465 3170; x_wconf 86' lang='lat' dir='ltr'><strong>Matth.</strong></span> <span class='ocrx_word' id='word_1_239' title='bbox 509 3132 626 3186; x_wconf 86' lang='lat' dir='ltr'><strong>cap.</strong></span> <span class='ocrx_word' id='word_1_240' title='bbox 676 3115 886 3182; x_wconf 88' lang='lat' dir='ltr'><strong>eodem,</strong></span> <span class='ocrx_word' id='word_1_241' title='bbox 930 3116 1017 3171; x_wconf 93' lang='grc'><strong>10.</strong></span> <span class='ocrx_word' id='word_1_242' title='bbox 1040 3115 1364 3183; x_wconf 86' lang='lat' dir='ltr'><strong>Vercellen.,</strong></span> <span class='ocrx_word' id='word_1_243' title='bbox 1397 3115 1668 3172; x_wconf 89' lang='lat' dir='ltr'><strong>Veronen.</strong></span> <span class='ocrx_word' id='word_1_244' title='bbox 1723 3128 1776 3172; x_wconf 88' lang='lat' dir='ltr'><strong>et</strong></span> 
     </span>
    </p>
   </div>
   <div class='ocr_carea' id='block_1_32' title="bbox 1892 551 3453 620">
    <p class='ocr_par' dir='ltr' id='par_1_32' title="bbox 1892 551 3453 620">
     <span class='ocr_line' id='line_1_32' title="bbox 1892 551 3453 620; baseline -0.002 -13"><span class='ocrx_word' id='word_1_245' title='bbox 1892 555 2096 620; x_wconf 83' lang='lat' dir='ltr'><strong>beicn.,</strong></span> <span class='ocrx_word' id='word_1_246' title='bbox 2127 556 2271 609; x_wconf 81' lang='lat' dir='ltr'><strong>Brix.</strong></span> <span class='ocrx_word' id='word_1_247' title='bbox 2307 567 2354 609; x_wconf 89' lang='lat' dir='ltr'><strong>et</strong></span> <span class='ocrx_word' id='word_1_248' title='bbox 2379 556 2836 610; x_wconf 83' lang='lat' dir='ltr'><strong>San-Germatten.</strong></span> <span class='ocrx_word' id='word_1_249' title='bbox 2869 556 3187 619; x_wconf 74' lang='lat' dir='ltr'><strong>extenninut,</strong></span> <span class='ocrx_word' id='word_1_250' title='bbox 3221 563 3274 606; x_wconf 85' lang='lat' dir='ltr'><strong>et</strong></span> <span class='ocrx_word' id='word_1_251' title='bbox 3303 553 3372 605; x_wconf 89' lang='lat' dir='ltr'><strong>ita</strong></span> <span class='ocrx_word' id='word_1_252' title='bbox 3396 551 3453 606; x_wconf 91' lang='grc'><strong>8.</strong></span> 
     </span>
    </p>
   </div>
   <div class='ocr_carea' id='block_1_33' title="bbox 1885 647 3451 718">
    <p class='ocr_par' dir='ltr' id='par_1_33' title="bbox 1885 647 3451 718">
     <span class='ocr_line' id='line_1_33' title="bbox 1885 647 3451 718; baseline -0.003 -17"><span class='ocrx_word' id='word_1_253' title='bbox 1885 648 2136 718; x_wconf 78' lang='lat' dir='ltr'><strong>Cyprian.</strong></span> <span class='ocrx_word' id='word_1_254' title='bbox 2175 650 2224 702; x_wconf 93' lang='lat' dir='ltr'><strong>in</strong></span> <span class='ocrx_word' id='word_1_255' title='bbox 2253 650 2340 702; x_wconf 88' lang='lat' dir='ltr'><strong>lib.</strong></span> <span class='ocrx_word' id='word_1_256' title='bbox 2369 649 2436 703; x_wconf 90' lang='lat' dir='ltr'><strong>de</strong></span> <span class='ocrx_word' id='word_1_257' title='bbox 2457 647 2614 717; x_wconf 82' lang='lat' dir='ltr'><strong>Oper.</strong></span> <span class='ocrx_word' id='word_1_258' title='bbox 2643 658 2696 704; x_wconf 85' lang='lat' dir='ltr'><strong>et</strong></span> <span class='ocrx_word' id='word_1_259' title='bbox 2725 651 2989 704; x_wconf 75' lang='lat' dir='ltr'><strong>Eleemos.</strong></span> <span class='ocrx_word' id='word_1_260' title='bbox 3021 664 3138 718; x_wconf 82' lang='lat' dir='ltr'><strong>pag.</strong></span> <span class='ocrx_word' id='word_1_261' title='bbox 3169 648 3295 711; x_wconf 85' lang='grc'>505,</span> <span class='ocrx_word' id='word_1_262' title='bbox 3318 656 3372 700; x_wconf 93' lang='lat' dir='ltr'><strong>et</strong></span> <span class='ocrx_word' id='word_1_263' title='bbox 3403 647 3451 698; x_wconf 93' lang='lat' dir='ltr'><strong>in</strong></span> 
     </span>
    </p>
   </div>
   <div class='ocr_carea' id='block_1_34' title="bbox 1888 739 3452 808">
    <p class='ocr_par' dir='ltr' id='par_1_34' title="bbox 1888 739 3452 808">
     <span class='ocr_line' id='line_1_34' title="bbox 1888 739 3452 808; baseline -0.003 -14"><span class='ocrx_word' id='word_1_264' title='bbox 1888 743 1978 796; x_wconf 89' lang='lat' dir='ltr'><strong>lib.</strong></span> <span class='ocrx_word' id='word_1_265' title='bbox 2011 758 2064 795; x_wconf 90' lang='grc' dir='ltr'><strong>ιιι</strong></span> <span class='ocrx_word' id='word_1_266' title='bbox 2114 743 2177 795; x_wconf 85' lang='lat' dir='ltr'><strong>ad</strong></span> <span class='ocrx_word' id='word_1_267' title='bbox 2207 744 2356 808; x_wconf 81' lang='lat' dir='ltr'><strong>Quir.</strong></span> <span class='ocrx_word' id='word_1_268' title='bbox 2388 743 2444 796; x_wconf 87' lang='lat' dir='ltr'><strong>S.</strong></span> <span class='ocrx_word' id='word_1_269' title='bbox 2476 743 2721 795; x_wconf 80' lang='lat' dir='ltr'><strong>Ambros.</strong></span> <span class='ocrx_word' id='word_1_270' title='bbox 2747 741 2797 794; x_wconf 88' lang='lat' dir='ltr'><strong>in</strong></span> <span class='ocrx_word' id='word_1_271' title='bbox 2832 741 2922 795; x_wconf 86' lang='lat' dir='ltr'><strong>lib.</strong></span> <span class='ocrx_word' id='word_1_272' title='bbox 2953 756 2988 793; x_wconf 95' lang='grc' dir='ltr'><strong>ιι</strong></span> <span class='ocrx_word' id='word_1_273' title='bbox 3011 741 3078 794; x_wconf 89' lang='lat' dir='ltr'><strong>de</strong></span> <span class='ocrx_word' id='word_1_274' title='bbox 3101 741 3242 808; x_wconf 86' lang='lat' dir='ltr'><strong>Spir.</strong></span> <span class='ocrx_word' id='word_1_275' title='bbox 3270 739 3452 790; x_wconf 83' lang='lat' dir='ltr'><strong>Sanct.</strong></span> 
     </span>
    </p>
   </div>
   <div class='ocr_carea' id='block_1_35' title="bbox 1888 830 3455 905">
    <p class='ocr_par' dir='ltr' id='par_1_35' title="bbox 1888 830 3455 905">
     <span class='ocr_line' id='line_1_35' title="bbox 1888 830 3455 905; baseline -0.005 -16"><span class='ocrx_word' id='word_1_276' title='bbox 1888 851 1940 905; x_wconf 92' lang='lat' dir='ltr'><strong>p.</strong></span> <span class='ocrx_word' id='word_1_277' title='bbox 1972 836 2096 899; x_wconf 80' lang='grc'>655,</span> <span class='ocrx_word' id='word_1_278' title='bbox 2129 843 2179 887; x_wconf 85' lang='lat' dir='ltr'><strong>et</strong></span> <span class='ocrx_word' id='word_1_279' title='bbox 2209 835 2266 887; x_wconf 89' lang='lat' dir='ltr'><strong>S.</strong></span> <span class='ocrx_word' id='word_1_280' title='bbox 2301 835 2575 904; x_wconf 80' lang='lat' dir='ltr'><strong>Augustin.</strong></span> <span class='ocrx_word' id='word_1_281' title='bbox 2610 835 2660 888; x_wconf 90' lang='lat' dir='ltr'><strong>in</strong></span> <span class='ocrx_word' id='word_1_282' title='bbox 2692 835 2783 888; x_wconf 87' lang='lat' dir='ltr'><strong>lib.</strong></span> <span class='ocrx_word' id='word_1_283' title='bbox 2832 849 2866 886; x_wconf 93' lang='grc' dir='ltr'><strong>ιι</strong></span> <span class='ocrx_word' id='word_1_284' title='bbox 2909 833 2973 887; x_wconf 88' lang='lat' dir='ltr'><strong>de</strong></span> <span class='ocrx_word' id='word_1_285' title='bbox 3013 832 3190 887; x_wconf 83' lang='lat' dir='ltr'><strong>Serm.</strong></span> <span class='ocrx_word' id='word_1_286' title='bbox 3223 831 3376 884; x_wconf 85' lang='lat' dir='ltr'><strong>Dom.</strong></span> <span class='ocrx_word' id='word_1_287' title='bbox 3403 830 3455 882; x_wconf 88' lang='lat' dir='ltr'><strong>in</strong></span> 
     </span>
    </p>
   </div>
   <div class='ocr_carea' id='block_1_36' title="bbox 1863 926 2942 996">
    <p class='ocr_par' dir='ltr' id='par_1_36' title="bbox 1863 926 2942 996">
     <span class='ocr_line' id='line_1_36' title="bbox 1863 926 2942 996; baseline -0.006 -14"><span class='ocrx_word' id='word_1_288' title='bbox 1863 943 2090 992; x_wconf 47' lang='lat' dir='ltr'><strong>,tnontc,</strong></span> <span class='ocrx_word' id='word_1_289' title='bbox 2125 939 2257 982; x_wconf 86' lang='lat' dir='ltr'><strong>tom.</strong></span> <span class='ocrx_word' id='word_1_290' title='bbox 2288 943 2369 990; x_wconf 90' lang='grc' dir='ltr'>ιιι,</span> <span class='ocrx_word' id='word_1_291' title='bbox 2407 937 2544 996; x_wconf 84' lang='lat' dir='ltr'><strong>part.</strong></span> <span class='ocrx_word' id='word_1_292' title='bbox 2579 943 2634 991; x_wconf 88' lang='grc' dir='ltr'><strong>ιι,</strong></span> <span class='ocrx_word' id='word_1_293' title='bbox 2674 942 2788 994; x_wconf 75' lang='lat' dir='ltr'><strong>pag.</strong></span> <span class='ocrx_word' id='word_1_294' title='bbox 2818 926 2942 978; x_wconf 87' lang='grc'>217.</span> 
     </span>
    </p>
   </div>
   <div class='ocr_carea' id='block_1_37' title="bbox 1953 1013 3451 1087">
    <p class='ocr_par' dir='ltr' id='par_1_37' title="bbox 1953 1013 3451 1087">
     <span class='ocr_line' id='line_1_37' title="bbox 1953 1013 3451 1087; baseline -0.005 -13"><span class='ocrx_word' id='word_1_295' title='bbox 1953 1020 2141 1075; x_wconf 84' lang='lat' dir='ltr'><strong>Matth.</strong></span> <span class='ocrx_word' id='word_1_296' title='bbox 2172 1035 2287 1086; x_wconf 84' lang='lat' dir='ltr'><strong>eap.</strong></span> <span class='ocrx_word' id='word_1_297' title='bbox 2324 1037 2431 1084; x_wconf 79' lang='lat' dir='ltr'><strong>vni,</strong></span> <span class='ocrx_word' id='word_1_298' title='bbox 2470 1021 2555 1073; x_wconf 80' lang='grc'><strong>18.</strong></span> <span class='ocrx_word' id='word_1_299' title='bbox 2590 1019 2717 1072; x_wconf 85' lang='lat' dir='ltr'><strong>Post</strong></span> <span class='ocrx_word' id='word_1_300' title='bbox 2758 1017 2978 1070; x_wconf 78' lang='lat' dir='ltr'><strong>Vet‘bttttl</strong></span> <span class='ocrx_word' id='word_1_301' title='bbox 3023 1017 3203 1087; x_wconf 84' lang='lat' dir='ltr'><strong>jussit,</strong></span> <span class='ocrx_word' id='word_1_302' title='bbox 3234 1015 3284 1067; x_wconf 90' lang='lat' dir='ltr'><strong>in</strong></span> <span class='ocrx_word' id='word_1_303' title='bbox 3318 1013 3451 1067; x_wconf 72' lang='lat' dir='ltr'><strong>\‘cr-</strong></span> 
     </span>
    </p>
   </div>
   <div class='ocr_carea' id='block_1_38' title="bbox 1886 1105 3452 1171">
    <p class='ocr_par' dir='ltr' id='par_1_38' title="bbox 1886 1105 3452 1171">
     <span class='ocr_line' id='line_1_38' title="bbox 1886 1105 3452 1171; baseline -0.008 -5"><span class='ocrx_word' id='word_1_304' title='bbox 1886 1112 2076 1166; x_wconf 86' lang='lat' dir='ltr'><strong>cellen.</strong></span> <span class='ocrx_word' id='word_1_305' title='bbox 2107 1123 2158 1164; x_wconf 87' lang='lat' dir='ltr'><strong>et</strong></span> <span class='ocrx_word' id='word_1_306' title='bbox 2189 1111 2452 1164; x_wconf 79' lang='lat' dir='ltr'><strong>Veronen.</strong></span> <span class='ocrx_word' id='word_1_307' title='bbox 2484 1110 2754 1162; x_wconf 87' lang='lat' dir='ltr'><strong>adduntur</strong></span> <span class='ocrx_word' id='word_1_308' title='bbox 2783 1107 2942 1160; x_wconf 76' lang='lat' dir='ltr'><strong>verba</strong></span> <span class='ocrx_word' id='word_1_309' title='bbox 2970 1146 2985 1168; x_wconf 91' lang='lat'><strong>,</strong></span> <span class='ocrx_word' id='word_1_310' title='bbox 3013 1105 3289 1171; x_wconf 74' lang='lat' dir='ltr'><strong>discipulos</strong></span> <span class='ocrx_word' id='word_1_311' title='bbox 3313 1121 3452 1168; x_wconf 77' lang='lat' dir='ltr'><strong>suos,</strong></span> 
     </span>
    </p>
   </div>
   <div class='ocr_carea' id='block_1_39' title="bbox 1887 1198 3450 1268">
    <p class='ocr_par' dir='ltr' id='par_1_39' title="bbox 1887 1198 3450 1268">
     <span class='ocr_line' id='line_1_39' title="bbox 1887 1198 3450 1268; baseline -0.006 -11"><span class='ocrx_word' id='word_1_312' title='bbox 1887 1214 1941 1257; x_wconf 90' lang='lat' dir='ltr'><strong>et</strong></span> <span class='ocrx_word' id='word_1_313' title='bbox 1975 1205 2041 1256; x_wconf 92' lang='lat' dir='ltr'><strong>ita</strong></span> <span class='ocrx_word' id='word_1_314' title='bbox 2076 1205 2124 1256; x_wconf 90' lang='lat' dir='ltr'><strong>in</strong></span> <span class='ocrx_word' id='word_1_315' title='bbox 2158 1205 2401 1258; x_wconf 71' lang='lat' dir='ltr'><strong>versione</strong></span> <span class='ocrx_word' id='word_1_316' title='bbox 2423 1201 2640 1268; x_wconf 86' lang='lat' dir='ltr'><strong>Coptica</strong></span> <span class='ocrx_word' id='word_1_317' title='bbox 2668 1243 2683 1264; x_wconf 91' lang='lat'><strong>,</strong></span> <span class='ocrx_word' id='word_1_318' title='bbox 2737 1202 2786 1254; x_wconf 92' lang='lat' dir='ltr'><strong>in</strong></span> <span class='ocrx_word' id='word_1_319' title='bbox 2819 1200 2876 1255; x_wconf 90' lang='grc'><strong>8.</strong></span> <span class='ocrx_word' id='word_1_320' title='bbox 2928 1199 3148 1263; x_wconf 88' lang='lat' dir='ltr'><strong>Hilario,</strong></span> <span class='ocrx_word' id='word_1_321' title='bbox 3195 1207 3248 1252; x_wconf 91' lang='lat' dir='ltr'><strong>et</strong></span> <span class='ocrx_word' id='word_1_322' title='bbox 3291 1199 3341 1251; x_wconf 91' lang='lat' dir='ltr'><strong>in</strong></span> <span class='ocrx_word' id='word_1_323' title='bbox 3393 1198 3450 1251; x_wconf 88' lang='lat' dir='ltr'><strong>S.</strong></span> 
     </span>
    </p>
   </div>
   <div class='ocr_carea' id='block_1_40' title="bbox 1888 1291 3455 1366">
    <p class='ocr_par' dir='ltr' id='par_1_40' title="bbox 1888 1291 3455 1366">
     <span class='ocr_line' id='line_1_40' title="bbox 1888 1291 3455 1366; baseline -0.004 -16"><span class='ocrx_word' id='word_1_324' title='bbox 1888 1296 2230 1366; x_wconf 86' lang='lat' dir='ltr'><strong>Hieronymo.</strong></span> <span class='ocrx_word' id='word_1_325' title='bbox 2267 1297 2318 1349; x_wconf 90' lang='lat' dir='ltr'><strong>lu</strong></span> <span class='ocrx_word' id='word_1_326' title='bbox 2351 1292 2948 1349; x_wconf 85' lang='lat' dir='ltr'><strong>Cod.Sau-Germauen.</strong></span> <span class='ocrx_word' id='word_1_327' title='bbox 2979 1306 3110 1346; x_wconf 84' lang='lat' dir='ltr'><strong>vero</strong></span> <span class='ocrx_word' id='word_1_328' title='bbox 3131 1331 3144 1354; x_wconf 95' lang='lat'><strong>,</strong></span> <span class='ocrx_word' id='word_1_329' title='bbox 3191 1291 3455 1358; x_wconf 81' lang='lat' dir='ltr'><strong>discipulis</strong></span> 
     </span>
    </p>
   </div>
   <div class='ocr_carea' id='block_1_41' title="bbox 1885 1389 2010 1440">
    <p class='ocr_par' dir='ltr' id='par_1_41' title="bbox 1885 1389 2010 1440">
     <span class='ocr_line' id='line_1_41' title="bbox 1885 1389 2010 1440; baseline 0 0"><span class='ocrx_word' id='word_1_330' title='bbox 1885 1389 2010 1440; x_wconf 87' lang='lat' dir='ltr'><strong>suis.</strong></span> 
     </span>
    </p>
   </div>
   <div class='ocr_carea' id='block_1_42' title="bbox 1955 1471 3454 1545">
    <p class='ocr_par' dir='ltr' id='par_1_42' title="bbox 1955 1471 3454 1545">
     <span class='ocr_line' id='line_1_42' title="bbox 1955 1471 3454 1545; baseline -0.004 -14"><span class='ocrx_word' id='word_1_331' title='bbox 1955 1478 2139 1531; x_wconf 75' lang='lat' dir='ltr'><strong>Matth.</strong></span> <span class='ocrx_word' id='word_1_332' title='bbox 2183 1492 2301 1545; x_wconf 85' lang='lat' dir='ltr'><strong>cap.</strong></span> <span class='ocrx_word' id='word_1_333' title='bbox 2356 1493 2406 1542; x_wconf 76' lang='grc' dir='ltr'><strong>ιι,</strong></span> <span class='ocrx_word' id='word_1_334' title='bbox 2440 1476 2528 1532; x_wconf 87' lang='grc'>29.</span> <span class='ocrx_word' id='word_1_335' title='bbox 2579 1476 2900 1540; x_wconf 73' lang='lat' dir='ltr'><strong>V’ercellen.,</strong></span> <span class='ocrx_word' id='word_1_336' title='bbox 2961 1475 3264 1540; x_wconf 88' lang='lat' dir='ltr'><strong>Veronen.,</strong></span> <span class='ocrx_word' id='word_1_337' title='bbox 3323 1471 3454 1526; x_wconf 85' lang='lat' dir='ltr'><strong>Cor-</strong></span> 
     </span>
    </p>
   </div>
   <div class='ocr_carea' id='block_1_43' title="bbox 1886 1565 3449 1631">
    <p class='ocr_par' dir='ltr' id='par_1_43' title="bbox 1886 1565 3449 1631">
     <span class='ocr_line' id='line_1_43' title="bbox 1886 1565 3449 1631; baseline -0.005 -9"><span class='ocrx_word' id='word_1_338' title='bbox 1886 1569 2062 1623; x_wconf 78' lang='lat' dir='ltr'><strong>lieien.</strong></span> <span class='ocrx_word' id='word_1_339' title='bbox 2090 1581 2141 1623; x_wconf 90' lang='lat' dir='ltr'><strong>et</strong></span> <span class='ocrx_word' id='word_1_340' title='bbox 2193 1569 2452 1631; x_wconf 67' lang='lat' dir='ltr'><strong>Brixian.,</strong></span> <span class='ocrx_word' id='word_1_341' title='bbox 2483 1571 2590 1621; x_wconf 89' lang='lat' dir='ltr'><strong>sine</strong></span> <span class='ocrx_word' id='word_1_342' title='bbox 2615 1569 2870 1620; x_wconf 85' lang='lat' dir='ltr'><strong>voluntate</strong></span> <span class='ocrx_word' id='word_1_343' title='bbox 2896 1567 3066 1619; x_wconf 81' lang='lat' dir='ltr'><strong>Patris</strong></span> <span class='ocrx_word' id='word_1_344' title='bbox 3095 1569 3264 1629; x_wconf 68' lang='lat' dir='ltr'><strong>vestri,</strong></span> <span class='ocrx_word' id='word_1_345' title='bbox 3299 1574 3351 1618; x_wconf 86' lang='lat' dir='ltr'><strong>et</strong></span> <span class='ocrx_word' id='word_1_346' title='bbox 3382 1565 3449 1616; x_wconf 84' lang='lat' dir='ltr'><strong>ita</strong></span> 
     </span>
    </p>
   </div>
   <div class='ocr_carea' id='block_1_44' title="bbox 1888 1655 3446 1719">
    <p class='ocr_par' dir='ltr' id='par_1_44' title="bbox 1888 1655 3446 1719">
     <span class='ocr_line' id='line_1_44' title="bbox 1888 1655 3446 1719; baseline -0.003 -7"><span class='ocrx_word' id='word_1_347' title='bbox 1888 1660 2064 1714; x_wconf 83' lang='lat' dir='ltr'><strong>versio</strong></span> <span class='ocrx_word' id='word_1_348' title='bbox 2096 1661 2340 1719; x_wconf 73' lang='lat' dir='ltr'><strong>Arabica,</strong></span> <span class='ocrx_word' id='word_1_349' title='bbox 2371 1659 2426 1714; x_wconf 90' lang='lat' dir='ltr'><strong>S.</strong></span> <span class='ocrx_word' id='word_1_350' title='bbox 2459 1658 2687 1712; x_wconf 66' lang='lat' dir='ltr'><strong>[renuens</strong></span> <span class='ocrx_word' id='word_1_351' title='bbox 2713 1657 2766 1710; x_wconf 89' lang='lat' dir='ltr'><strong>in</strong></span> <span class='ocrx_word' id='word_1_352' title='bbox 2789 1657 2881 1711; x_wconf 78' lang='lat' dir='ltr'><strong>lib.</strong></span> <span class='ocrx_word' id='word_1_353' title='bbox 2909 1671 2943 1709; x_wconf 92' lang='grc' dir='ltr'><strong>ιι</strong></span> <span class='ocrx_word' id='word_1_354' title='bbox 2970 1664 3152 1710; x_wconf 87' lang='lat' dir='ltr'><strong>eontra</strong></span> <span class='ocrx_word' id='word_1_355' title='bbox 3185 1655 3446 1718; x_wconf 67' lang='lat' dir='ltr'><strong>llarreses,</strong></span> 
     </span>
    </p>
   </div>
   <div class='ocr_carea' id='block_1_45' title="bbox 1888 1745 3451 1820">
    <p class='ocr_par' dir='ltr' id='par_1_45' title="bbox 1888 1745 3451 1820">
     <span class='ocr_line' id='line_1_45' title="bbox 1888 1745 3451 1820; baseline -0.006 -14"><span class='ocrx_word' id='word_1_356' title='bbox 1888 1763 2014 1807; x_wconf 88' lang='lat' dir='ltr'><strong>tom.</strong></span> <span class='ocrx_word' id='word_1_357' title='bbox 2069 1768 2103 1817; x_wconf 92' lang='grc' dir='ltr'><strong>ι,</strong></span> <span class='ocrx_word' id='word_1_358' title='bbox 2154 1769 2270 1820; x_wconf 69' lang='lat' dir='ltr'><strong>pag.</strong></span> <span class='ocrx_word' id='word_1_359' title='bbox 2307 1752 2428 1814; x_wconf 69' lang='grc'>154,</span> <span class='ocrx_word' id='word_1_360' title='bbox 2460 1750 2818 1804; x_wconf 82' lang='lat' dir='ltr'><strong>Tertullianus</strong></span> <span class='ocrx_word' id='word_1_361' title='bbox 2848 1764 2950 1801; x_wconf 82' lang='lat' dir='ltr'><strong>non</strong></span> <span class='ocrx_word' id='word_1_362' title='bbox 2983 1749 3171 1809; x_wconf 88' lang='lat' dir='ltr'><strong>semel,</strong></span> <span class='ocrx_word' id='word_1_363' title='bbox 3204 1745 3451 1798; x_wconf 77' lang='lat' dir='ltr'><strong>Nmatia-</strong></span> 
     </span>
    </p>
   </div>
   <div class='ocr_carea' id='block_1_46' title="bbox 1809 1836 3445 1910">
    <p class='ocr_par' dir='ltr' id='par_1_46' title="bbox 1809 1836 3445 1910">
     <span class='ocr_line' id='line_1_46' title="bbox 1809 1836 3445 1910; baseline -0.007 -11"><span class='ocrx_word' id='word_1_364' title='bbox 1809 1849 1856 1906; x_wconf 89' lang='lat' dir='ltr'><strong>B</strong></span> <span class='ocrx_word' id='word_1_365' title='bbox 1885 1860 1983 1898; x_wconf 91' lang='lat' dir='ltr'><strong>nus</strong></span> <span class='ocrx_word' id='word_1_366' title='bbox 2013 1845 2079 1898; x_wconf 86' lang='lat' dir='ltr'><strong>de</strong></span> <span class='ocrx_word' id='word_1_367' title='bbox 2107 1844 2384 1905; x_wconf 85' lang='lat' dir='ltr'><strong>Triuitate,</strong></span> <span class='ocrx_word' id='word_1_368' title='bbox 2414 1856 2530 1909; x_wconf 83' lang='lat' dir='ltr'><strong>cap.</strong></span> <span class='ocrx_word' id='word_1_369' title='bbox 2564 1843 2616 1906; x_wconf 85' lang='lat'><strong>8,</strong></span> <span class='ocrx_word' id='word_1_370' title='bbox 2650 1842 2707 1895; x_wconf 92' lang='lat' dir='ltr'><strong>S.</strong></span> <span class='ocrx_word' id='word_1_371' title='bbox 2740 1841 3033 1910; x_wconf 70' lang='lat' dir='ltr'><strong>Cyprianus</strong></span> <span class='ocrx_word' id='word_1_372' title='bbox 3074 1840 3125 1892; x_wconf 87' lang='lat' dir='ltr'><strong>in</strong></span> <span class='ocrx_word' id='word_1_373' title='bbox 3153 1838 3323 1905; x_wconf 83' lang='lat' dir='ltr'><strong>Epist.</strong></span> <span class='ocrx_word' id='word_1_374' title='bbox 3357 1836 3445 1900; x_wconf 79' lang='grc'><strong>55,</strong></span> 
     </span>
    </p>
   </div>
   <div class='ocr_carea' id='block_1_47' title="bbox 1877 1929 3447 2004">
    <p class='ocr_par' dir='ltr' id='par_1_47' title="bbox 1877 1929 3447 2004">
     <span class='ocr_line' id='line_1_47' title="bbox 1877 1929 3447 2004; baseline -0.004 -16"><span class='ocrx_word' id='word_1_375' title='bbox 1877 1935 2025 2004; x_wconf 84' lang='lat' dir='ltr'><strong>juxta</strong></span> <span class='ocrx_word' id='word_1_376' title='bbox 2073 1935 2381 1995; x_wconf 83' lang='lat' dir='ltr'><strong>Pamclium,</strong></span> <span class='ocrx_word' id='word_1_377' title='bbox 2419 1932 2435 2002; x_wconf 95' lang='lat'>(</span> <span class='ocrx_word' id='word_1_378' title='bbox 2466 1933 2544 1987; x_wconf 88' lang='lat' dir='ltr'><strong>l9.</strong></span> <span class='ocrx_word' id='word_1_379' title='bbox 2569 1931 2775 2002; x_wconf 78' lang='lat' dir='ltr'><strong>Oxon.)</strong></span> <span class='ocrx_word' id='word_1_380' title='bbox 2823 1932 2880 1986; x_wconf 90' lang='lat' dir='ltr'><strong>S.</strong></span> <span class='ocrx_word' id='word_1_381' title='bbox 2933 1930 3165 1984; x_wconf 78' lang='lat' dir='ltr'><strong>Hilarius</strong></span> <span class='ocrx_word' id='word_1_382' title='bbox 3194 1930 3244 1982; x_wconf 90' lang='lat' dir='ltr'><strong>iu</strong></span> <span class='ocrx_word' id='word_1_383' title='bbox 3272 1929 3364 1981; x_wconf 85' lang='lat' dir='ltr'><strong>lib.</strong></span> <span class='ocrx_word' id='word_1_384' title='bbox 3397 1942 3447 1981; x_wconf 85' lang='lat' dir='ltr'><strong>Iv</strong></span> 
     </span>
    </p>
   </div>
   <div class='ocr_carea' id='block_1_48' title="bbox 1882 2022 3004 2092">
    <p class='ocr_par' dir='ltr' id='par_1_48' title="bbox 1882 2022 3004 2092">
     <span class='ocr_line' id='line_1_48' title="bbox 1882 2022 3004 2092; baseline -0.004 -14"><span class='ocrx_word' id='word_1_385' title='bbox 1882 2027 1948 2080; x_wconf 90' lang='lat' dir='ltr'><strong>de</strong></span> <span class='ocrx_word' id='word_1_386' title='bbox 1974 2025 2237 2078; x_wconf 88' lang='lat' dir='ltr'><strong>Triuitate</strong></span> <span class='ocrx_word' id='word_1_387' title='bbox 2267 2035 2390 2076; x_wconf 76' lang='lat' dir='ltr'><strong>tum.</strong></span> <span class='ocrx_word' id='word_1_388' title='bbox 2427 2037 2484 2088; x_wconf 93' lang='grc' dir='ltr'>ιι,</span> <span class='ocrx_word' id='word_1_389' title='bbox 2520 2037 2636 2092; x_wconf 81' lang='lat' dir='ltr'><strong>pag.</strong></span> <span class='ocrx_word' id='word_1_390' title='bbox 2670 2023 2759 2086; x_wconf 87' lang='lat'><strong>76,</strong></span> <span class='ocrx_word' id='word_1_391' title='bbox 2787 2022 3004 2090; x_wconf 83' lang='lat' dir='ltr'><strong>aliique.</strong></span> 
     </span>
    </p>
   </div>
   <div class='ocr_carea' id='block_1_49' title="bbox 1955 2108 3448 2180">
    <p class='ocr_par' dir='ltr' id='par_1_49' title="bbox 1955 2108 3448 2180">
     <span class='ocr_line' id='line_1_49' title="bbox 1955 2108 3448 2180; baseline -0.007 -10"><span class='ocrx_word' id='word_1_392' title='bbox 1955 2115 2140 2170; x_wconf 88' lang='lat' dir='ltr'><strong>Matth.</strong></span> <span class='ocrx_word' id='word_1_393' title='bbox 2167 2130 2285 2180; x_wconf 88' lang='lat' dir='ltr'><strong>cap.</strong></span> <span class='ocrx_word' id='word_1_394' title='bbox 2322 2130 2445 2177; x_wconf 85' lang='lat' dir='ltr'><strong>xm,</strong></span> <span class='ocrx_word' id='word_1_395' title='bbox 2500 2113 2584 2173; x_wconf 86' lang='grc'><strong>15,</strong></span> <span class='ocrx_word' id='word_1_396' title='bbox 2635 2112 2930 2166; x_wconf 88' lang='lat' dir='ltr'><strong>Vercellen.</strong></span> <span class='ocrx_word' id='word_1_397' title='bbox 2980 2126 3131 2164; x_wconf 87' lang='lat' dir='ltr'><strong>aures</strong></span> <span class='ocrx_word' id='word_1_398' title='bbox 3180 2119 3226 2162; x_wconf 91' lang='lat' dir='ltr'><strong>et</strong></span> <span class='ocrx_word' id='word_1_399' title='bbox 3277 2108 3448 2162; x_wconf 89' lang='lat' dir='ltr'><strong>oculos</strong></span> 
     </span>
    </p>
   </div>
   <div class='ocr_carea' id='block_1_50' title="bbox 1879 2201 3444 2272">
    <p class='ocr_par' dir='ltr' id='par_1_50' title="bbox 1879 2201 3444 2272">
     <span class='ocr_line' id='line_1_50' title="bbox 1879 2201 3444 2272; baseline -0.006 -14"><span class='ocrx_word' id='word_1_400' title='bbox 1879 2221 2052 2258; x_wconf 78' lang='lat' dir='ltr'><strong>eorum</strong></span> <span class='ocrx_word' id='word_1_401' title='bbox 2081 2220 2259 2272; x_wconf 72' lang='lat' dir='ltr'><strong>grana.</strong></span> <span class='ocrx_word' id='word_1_402' title='bbox 2293 2203 2492 2257; x_wconf 83' lang='lat' dir='ltr'><strong>Veron.</strong></span> <span class='ocrx_word' id='word_1_403' title='bbox 2534 2212 2582 2255; x_wconf 85' lang='lat' dir='ltr'><strong>et</strong></span> <span class='ocrx_word' id='word_1_404' title='bbox 2625 2217 2775 2254; x_wconf 87' lang='lat' dir='ltr'><strong>aures</strong></span> <span class='ocrx_word' id='word_1_405' title='bbox 2803 2216 2977 2254; x_wconf 86' lang='lat' dir='ltr'><strong>eorum</strong></span> <span class='ocrx_word' id='word_1_406' title='bbox 3003 2201 3224 2262; x_wconf 88' lang='lat' dir='ltr'><strong>obstrue,</strong></span> <span class='ocrx_word' id='word_1_407' title='bbox 3250 2209 3293 2250; x_wconf 91' lang='lat' dir='ltr'><strong>et</strong></span> <span class='ocrx_word' id='word_1_408' title='bbox 3323 2213 3444 2250; x_wconf 85' lang='lat' dir='ltr'><strong>ocu-</strong></span> 
     </span>
    </p>
   </div>
   <div class='ocr_carea' id='block_1_51' title="bbox 1883 2291 3444 2366">
    <p class='ocr_par' dir='ltr' id='par_1_51' title="bbox 1883 2291 3444 2366">
     <span class='ocr_line' id='line_1_51' title="bbox 1883 2291 3444 2366; baseline -0.005 -16"><span class='ocrx_word' id='word_1_409' title='bbox 1883 2299 1960 2350; x_wconf 93' lang='lat' dir='ltr'><strong>los</strong></span> <span class='ocrx_word' id='word_1_410' title='bbox 2002 2312 2176 2351; x_wconf 85' lang='lat' dir='ltr'><strong>eorum</strong></span> <span class='ocrx_word' id='word_1_411' title='bbox 2218 2311 2383 2366; x_wconf 72' lang='lat' dir='ltr'><strong>grana.</strong></span> <span class='ocrx_word' id='word_1_412' title='bbox 2422 2294 2479 2348; x_wconf 86' lang='lat' dir='ltr'><strong>S.</strong></span> <span class='ocrx_word' id='word_1_413' title='bbox 2510 2294 2770 2361; x_wconf 72' lang='lat' dir='ltr'><strong>lrenteus,</strong></span> <span class='ocrx_word' id='word_1_414' title='bbox 2798 2303 2842 2346; x_wconf 90' lang='lat' dir='ltr'><strong>et</strong></span> <span class='ocrx_word' id='word_1_415' title='bbox 2868 2308 3017 2346; x_wconf 87' lang='lat' dir='ltr'><strong>aures</strong></span> <span class='ocrx_word' id='word_1_416' title='bbox 3048 2307 3222 2345; x_wconf 88' lang='lat' dir='ltr'><strong>eorum</strong></span> <span class='ocrx_word' id='word_1_417' title='bbox 3249 2291 3444 2356; x_wconf 89' lang='lat' dir='ltr'><strong>obtura,</strong></span> 
     </span>
    </p>
   </div>
   <div class='ocr_carea' id='block_1_52' title="bbox 1881 2389 2570 2443">
    <p class='ocr_par' dir='ltr' id='par_1_52' title="bbox 1881 2389 2570 2443">
     <span class='ocr_line' id='line_1_52' title="bbox 1881 2389 2570 2443; baseline -0.004 -1"><span class='ocrx_word' id='word_1_418' title='bbox 1881 2398 1929 2442; x_wconf 88' lang='lat' dir='ltr'><strong>et</strong></span> <span class='ocrx_word' id='word_1_419' title='bbox 1951 2389 2124 2443; x_wconf 86' lang='lat' dir='ltr'><strong>oculos</strong></span> <span class='ocrx_word' id='word_1_420' title='bbox 2151 2405 2324 2441; x_wconf 88' lang='lat' dir='ltr'><strong>eorum</strong></span> <span class='ocrx_word' id='word_1_421' title='bbox 2355 2403 2570 2440; x_wconf 73' lang='lat' dir='ltr'><strong>excwca.</strong></span> 
     </span>
    </p>
   </div>
   <div class='ocr_carea' id='block_1_53' title="bbox 1952 2475 3446 2547">
    <p class='ocr_par' dir='ltr' id='par_1_53' title="bbox 1952 2475 3446 2547">
     <span class='ocr_line' id='line_1_53' title="bbox 1952 2475 3446 2547; baseline -0.003 -15"><span class='ocrx_word' id='word_1_422' title='bbox 1952 2478 2136 2532; x_wconf 85' lang='lat' dir='ltr'><strong>Matth.</strong></span> <span class='ocrx_word' id='word_1_423' title='bbox 2189 2493 2307 2547; x_wconf 84' lang='lat' dir='ltr'><strong>cap.</strong></span> <span class='ocrx_word' id='word_1_424' title='bbox 2351 2494 2462 2543; x_wconf 79' lang='lat' dir='ltr'><strong>xm,</strong></span> <span class='ocrx_word' id='word_1_425' title='bbox 2519 2476 2612 2531; x_wconf 74' lang='grc'>47.</span> <span class='ocrx_word' id='word_1_426' title='bbox 2666 2476 2966 2531; x_wconf 86' lang='lat' dir='ltr'><strong>Vercellen.</strong></span> <span class='ocrx_word' id='word_1_427' title='bbox 3020 2477 3161 2529; x_wconf 77' lang='lat' dir='ltr'><strong>retia:</strong></span> <span class='ocrx_word' id='word_1_428' title='bbox 3200 2477 3366 2528; x_wconf 75' lang='lat' dir='ltr'><strong>missa:</strong></span> <span class='ocrx_word' id='word_1_429' title='bbox 3394 2475 3446 2528; x_wconf 87' lang='lat' dir='ltr'><strong>in</strong></span> 
     </span>
    </p>
   </div>
   <div class='ocr_carea' id='block_1_54' title="bbox 1880 2567 3446 2641">
    <p class='ocr_par' dir='ltr' id='par_1_54' title="bbox 1880 2567 3446 2641">
     <span class='ocr_line' id='line_1_54' title="bbox 1880 2567 3446 2641; baseline -0.002 -19"><span class='ocrx_word' id='word_1_430' title='bbox 1880 2573 2032 2637; x_wconf 87' lang='lat' dir='ltr'><strong>mari,</strong></span> <span class='ocrx_word' id='word_1_431' title='bbox 2062 2588 2175 2638; x_wconf 69' lang='lat' dir='ltr'><strong>qua:</strong></span> <span class='ocrx_word' id='word_1_432' title='bbox 2212 2589 2275 2624; x_wconf 76' lang='lat' dir='ltr'><strong>ea:</strong></span> <span class='ocrx_word' id='word_1_433' title='bbox 2308 2572 2440 2624; x_wconf 88' lang='lat' dir='ltr'><strong>omni</strong></span> <span class='ocrx_word' id='word_1_434' title='bbox 2470 2585 2649 2641; x_wconf 83' lang='lat' dir='ltr'><strong>genere</strong></span> <span class='ocrx_word' id='word_1_435' title='bbox 2674 2571 2887 2638; x_wconf 79' lang='lat' dir='ltr'><strong>piscium</strong></span> <span class='ocrx_word' id='word_1_436' title='bbox 3141 2567 3340 2636; x_wconf 83' lang='lat' dir='ltr'><strong>Sopple</strong></span> <span class='ocrx_word' id='word_1_437' title='bbox 3371 2567 3446 2620; x_wconf 86' lang='lat' dir='ltr'><strong>la-</strong></span> 
     </span>
    </p>
   </div>
   <div class='ocr_carea' id='block_1_55' title="bbox 1881 2660 3446 2728">
    <p class='ocr_par' dir='ltr' id='par_1_55' title="bbox 1881 2660 3446 2728">
     <span class='ocr_line' id='line_1_55' title="bbox 1881 2660 3446 2728; baseline -0.003 -11"><span class='ocrx_word' id='word_1_438' title='bbox 1881 2679 2068 2717; x_wconf 87' lang='lat' dir='ltr'><strong>cunam</strong></span> <span class='ocrx_word' id='word_1_439' title='bbox 2102 2680 2163 2716; x_wconf 79' lang='lat' dir='ltr'><strong>ex</strong></span> <span class='ocrx_word' id='word_1_440' title='bbox 2199 2663 2462 2717; x_wconf 70' lang='lat' dir='ltr'><strong>\‘eron.et</strong></span> <span class='ocrx_word' id='word_1_441' title='bbox 2491 2663 2726 2716; x_wconf 83' lang='lat' dir='ltr'><strong>Brixian.</strong></span> <span class='ocrx_word' id='word_1_442' title='bbox 2752 2661 2839 2728; x_wconf 88' lang='lat' dir='ltr'><strong>qui</strong></span> <span class='ocrx_word' id='word_1_443' title='bbox 2872 2660 3087 2722; x_wconf 87' lang='lat' dir='ltr'><strong>habent,</strong></span> <span class='ocrx_word' id='word_1_444' title='bbox 3119 2663 3256 2712; x_wconf 73' lang='lat' dir='ltr'><strong>retia:</strong></span> <span class='ocrx_word' id='word_1_445' title='bbox 3280 2660 3446 2712; x_wconf 70' lang='lat' dir='ltr'><strong>missa!</strong></span> 
     </span>
    </p>
   </div>
   <div class='ocr_carea' id='block_1_56' title="bbox 1879 2752 3442 2822">
    <p class='ocr_par' dir='ltr' id='par_1_56' title="bbox 1879 2752 3442 2822">
     <span class='ocr_line' id='line_1_56' title="bbox 1879 2752 3442 2822; baseline -0.001 -18"><span class='ocrx_word' id='word_1_446' title='bbox 1879 2755 1932 2806; x_wconf 87' lang='lat' dir='ltr'><strong>in</strong></span> <span class='ocrx_word' id='word_1_447' title='bbox 1979 2755 2128 2817; x_wconf 86' lang='lat' dir='ltr'><strong>mari,</strong></span> <span class='ocrx_word' id='word_1_448' title='bbox 2182 2769 2295 2822; x_wconf 74' lang='lat' dir='ltr'><strong>qua:</strong></span> <span class='ocrx_word' id='word_1_449' title='bbox 2322 2770 2386 2807; x_wconf 79' lang='lat' dir='ltr'><strong>ea:</strong></span> <span class='ocrx_word' id='word_1_450' title='bbox 2414 2753 2550 2806; x_wconf 86' lang='lat' dir='ltr'><strong>omni</strong></span> <span class='ocrx_word' id='word_1_451' title='bbox 2593 2767 2770 2822; x_wconf 85' lang='lat' dir='ltr'><strong>genere</strong></span> <span class='ocrx_word' id='word_1_452' title='bbox 2816 2753 3031 2819; x_wconf 81' lang='lat' dir='ltr'><strong>piscium</strong></span> <span class='ocrx_word' id='word_1_453' title='bbox 3060 2752 3442 2822; x_wconf 83' lang='lat' dir='ltr'><strong>collegit.San-</strong></span> 
     </span>
    </p>
   </div>
   <div class='ocr_carea' id='block_1_57' title="bbox 1879 2843 3445 2912">
    <p class='ocr_par' dir='ltr' id='par_1_57' title="bbox 1879 2843 3445 2912">
     <span class='ocr_line' id='line_1_57' title="bbox 1879 2843 3445 2912; baseline -0.003 -14"><span class='ocrx_word' id='word_1_454' title='bbox 1879 2843 2200 2898; x_wconf 89' lang='lat' dir='ltr'><strong>Germauen.</strong></span> <span class='ocrx_word' id='word_1_455' title='bbox 2235 2847 2373 2897; x_wconf 64' lang='lat' dir='ltr'><strong>retia!</strong></span> <span class='ocrx_word' id='word_1_456' title='bbox 2411 2845 2578 2896; x_wconf 76' lang='lat' dir='ltr'><strong>missa:</strong></span> <span class='ocrx_word' id='word_1_457' title='bbox 2605 2845 2654 2896; x_wconf 89' lang='lat' dir='ltr'><strong>in</strong></span> <span class='ocrx_word' id='word_1_458' title='bbox 2681 2859 2837 2906; x_wconf 87' lang='lat' dir='ltr'><strong>mare,</strong></span> <span class='ocrx_word' id='word_1_459' title='bbox 2871 2859 2984 2912; x_wconf 80' lang='lat' dir='ltr'><strong>qua:</strong></span> <span class='ocrx_word' id='word_1_460' title='bbox 3013 2860 3074 2896; x_wconf 76' lang='lat' dir='ltr'><strong>ea:</strong></span> <span class='ocrx_word' id='word_1_461' title='bbox 3103 2845 3237 2895; x_wconf 90' lang='lat' dir='ltr'><strong>omni</strong></span> <span class='ocrx_word' id='word_1_462' title='bbox 3266 2859 3445 2912; x_wconf 81' lang='lat' dir='ltr'><strong>genere</strong></span> 
     </span>
    </p>
   </div>
   <div class='ocr_carea' id='block_1_58' title="bbox 1877 2934 3443 3006">
    <p class='ocr_par' dir='ltr' id='par_1_58' title="bbox 1877 2934 3443 3006">
     <span class='ocr_line' id='line_1_58' title="bbox 1877 2934 3443 3006; baseline 0.001 -20"><span class='ocrx_word' id='word_1_463' title='bbox 1877 2936 2090 3006; x_wconf 85' lang='lat' dir='ltr'><strong>piscium</strong></span> <span class='ocrx_word' id='word_1_464' title='bbox 2127 2937 2350 2990; x_wconf 76' lang='lat' dir='ltr'><strong>collexit.</strong></span> <span class='ocrx_word' id='word_1_465' title='bbox 2379 2935 2437 2990; x_wconf 91' lang='lat' dir='ltr'><strong>S.</strong></span> <span class='ocrx_word' id='word_1_466' title='bbox 2471 2936 2784 2988; x_wconf 74' lang='lat' dir='ltr'><strong>Ambrosius</strong></span> <span class='ocrx_word' id='word_1_467' title='bbox 2816 2935 2866 2988; x_wconf 86' lang='lat' dir='ltr'><strong>in</strong></span> <span class='ocrx_word' id='word_1_468' title='bbox 2920 2935 3008 2987; x_wconf 89' lang='lat' dir='ltr'><strong>lib.</strong></span> <span class='ocrx_word' id='word_1_469' title='bbox 3039 2935 3106 2988; x_wconf 82' lang='lat' dir='ltr'><strong>tle</strong></span> <span class='ocrx_word' id='word_1_470' title='bbox 3136 2934 3443 3003; x_wconf 77' lang='lat' dir='ltr'><strong>Virginitate</strong></span> 
     </span>
    </p>
   </div>
   <div class='ocr_carea' id='block_1_59' title="bbox 1877 3026 3441 3096">
    <p class='ocr_par' dir='ltr' id='par_1_59' title="bbox 1877 3026 3441 3096">
     <span class='ocr_line' id='line_1_59' title="bbox 1877 3026 3441 3096; baseline -0.003 -16"><span class='ocrx_word' id='word_1_471' title='bbox 1877 3041 1994 3095; x_wconf 86' lang='lat' dir='ltr'><strong>cap.</strong></span> <span class='ocrx_word' id='word_1_472' title='bbox 2022 3027 2106 3092; x_wconf 82' lang='grc'>19,</span> <span class='ocrx_word' id='word_1_473' title='bbox 2133 3042 2250 3096; x_wconf 83' lang='lat' dir='ltr'><strong>pag.</strong></span> <span class='ocrx_word' id='word_1_474' title='bbox 2273 3028 2396 3090; x_wconf 71' lang='lat'><strong>243,</strong></span> <span class='ocrx_word' id='word_1_475' title='bbox 2426 3029 2518 3081; x_wconf 84' lang='lat' dir='ltr'><strong>reti</strong></span> <span class='ocrx_word' id='word_1_476' title='bbox 2548 3028 2696 3080; x_wconf 86' lang='lat' dir='ltr'><strong>misso</strong></span> <span class='ocrx_word' id='word_1_477' title='bbox 2724 3029 2775 3078; x_wconf 87' lang='lat' dir='ltr'><strong>in</strong></span> <span class='ocrx_word' id='word_1_478' title='bbox 2804 3043 2962 3092; x_wconf 88' lang='lat' dir='ltr'><strong>mare,</strong></span> <span class='ocrx_word' id='word_1_479' title='bbox 2987 3037 3093 3080; x_wconf 89' lang='lat' dir='ltr'><strong>etc.</strong></span> <span class='ocrx_word' id='word_1_480' title='bbox 3127 3038 3179 3080; x_wconf 91' lang='lat' dir='ltr'><strong>et</strong></span> <span class='ocrx_word' id='word_1_481' title='bbox 3206 3027 3256 3078; x_wconf 89' lang='lat' dir='ltr'><strong>in</strong></span> <span class='ocrx_word' id='word_1_482' title='bbox 3291 3026 3381 3078; x_wconf 91' lang='lat' dir='ltr'><strong>lib.</strong></span> <span class='ocrx_word' id='word_1_483' title='bbox 3414 3041 3441 3076; x_wconf 86' lang='grc' dir='ltr'><strong>ν</strong></span> 
     </span>
    </p>
   </div>
   <div class='ocr_carea' id='block_1_60' title="bbox 1881 3116 3444 3190">
    <p class='ocr_par' dir='ltr' id='par_1_60' title="bbox 1881 3116 3444 3190">
     <span class='ocr_line' id='line_1_60' title="bbox 1881 3116 3444 3190; baseline 0 -20"><span class='ocrx_word' id='word_1_484' title='bbox 1881 3116 2117 3174; x_wconf 68' lang='grc' dir='ltr'>Ιιειςιξιιι.</span> <span class='ocrx_word' id='word_1_485' title='bbox 2156 3136 2272 3189; x_wconf 86' lang='lat' dir='ltr'><strong>cap.</strong></span> <span class='ocrx_word' id='word_1_486' title='bbox 2297 3120 2349 3184; x_wconf 90' lang='lat'><strong>6,</strong></span> <span class='ocrx_word' id='word_1_487' title='bbox 2380 3135 2498 3190; x_wconf 89' lang='lat' dir='ltr'><strong>pag.</strong></span> <span class='ocrx_word' id='word_1_488' title='bbox 2535 3120 2623 3184; x_wconf 82' lang='grc'><strong>85,</strong></span> <span class='ocrx_word' id='word_1_489' title='bbox 2654 3119 2753 3171; x_wconf 89' lang='lat' dir='ltr'><strong>reti</strong></span> <span class='ocrx_word' id='word_1_490' title='bbox 2779 3119 2932 3170; x_wconf 89' lang='lat' dir='ltr'><strong>ntisso</strong></span> <span class='ocrx_word' id='word_1_491' title='bbox 2959 3120 3009 3169; x_wconf 89' lang='lat' dir='ltr'><strong>in</strong></span> <span class='ocrx_word' id='word_1_492' title='bbox 3039 3133 3195 3180; x_wconf 88' lang='lat' dir='ltr'><strong>mare,</strong></span> <span class='ocrx_word' id='word_1_493' title='bbox 3221 3118 3355 3187; x_wconf 84' lang='lat' dir='ltr'><strong>quod</strong></span> <span class='ocrx_word' id='word_1_494' title='bbox 3383 3133 3444 3170; x_wconf 77' lang='lat' dir='ltr'><strong>ex</strong></span> 
     </span>
    </p>
   </div>
   <div class='ocr_carea' id='block_1_61' title="bbox 204 3201 2818 3281">
    <p class='ocr_par' dir='ltr' id='par_1_61' title="bbox 204 3201 2818 3281">
     <span class='ocr_line' id='line_1_61' title="bbox 204 3201 2818 3281; baseline 0 -18"><span class='ocrx_word' id='word_1_495' title='bbox 204 3206 269 3264; x_wconf 93' lang='grc'><strong>8.</strong></span> <span class='ocrx_word' id='word_1_496' title='bbox 315 3206 666 3271; x_wconf 87' lang='lat' dir='ltr'><strong>Germanen.,</strong></span> <span class='ocrx_word' id='word_1_497' title='bbox 711 3223 866 3260; x_wconf 88' lang='lat' dir='ltr'><strong>causa</strong></span> <span class='ocrx_word' id='word_1_498' title='bbox 897 3208 1024 3272; x_wconf 83' lang='lat' dir='ltr'><strong>viri,</strong></span> <span class='ocrx_word' id='word_1_499' title='bbox 1067 3216 1120 3262; x_wconf 91' lang='lat' dir='ltr'><strong>et</strong></span> <span class='ocrx_word' id='word_1_500' title='bbox 1159 3208 1230 3260; x_wconf 89' lang='lat' dir='ltr'><strong>ita</strong></span> <span class='ocrx_word' id='word_1_501' title='bbox 1263 3207 1320 3264; x_wconf 91' lang='lat' dir='ltr'><strong>S.</strong></span> <span class='ocrx_word' id='word_1_502' title='bbox 1361 3208 1674 3263; x_wconf 82' lang='lat' dir='ltr'><strong>Ambrosius</strong></span> <span class='ocrx_word' id='word_1_503' title='bbox 1721 3211 1774 3263; x_wconf 87' lang='lat' dir='ltr'><strong>in</strong></span> <span class='ocrx_word' id='word_1_504' title='bbox 1803 3201 1845 3262; x_wconf 90' lang='lat' dir='ltr'><strong><em>C</em></strong></span> <span class='ocrx_word' id='word_1_505' title='bbox 1879 3212 2014 3263; x_wconf 90' lang='lat' dir='ltr'><strong>omni</strong></span> <span class='ocrx_word' id='word_1_506' title='bbox 2042 3228 2219 3280; x_wconf 85' lang='lat' dir='ltr'><strong>genere</strong></span> <span class='ocrx_word' id='word_1_507' title='bbox 2246 3212 2460 3281; x_wconf 84' lang='lat' dir='ltr'><strong>piscium</strong></span> <span class='ocrx_word' id='word_1_508' title='bbox 2479 3211 2818 3281; x_wconf 81' lang='lat' dir='ltr'><strong>congregavit.</strong></span> 
     </span>
    </p>
   </div>
   <div class='ocr_carea' id='block_1_62' title="bbox 200 3297 1776 3369">
    <p class='ocr_par' dir='ltr' id='par_1_62' title="bbox 200 3297 1776 3369">
     <span class='ocr_line' id='line_1_62' title="bbox 200 3297 1776 3369; baseline 0.002 -17"><span class='ocrx_word' id='word_1_509' title='bbox 200 3298 299 3352; x_wconf 88' lang='lat' dir='ltr'><strong>lib.</strong></span> <span class='ocrx_word' id='word_1_510' title='bbox 334 3298 400 3353; x_wconf 87' lang='lat' dir='ltr'><strong>de</strong></span> <span class='ocrx_word' id='word_1_511' title='bbox 426 3297 740 3369; x_wconf 79' lang='lat' dir='ltr'><strong>Virginltate</strong></span> <span class='ocrx_word' id='word_1_512' title='bbox 783 3314 904 3363; x_wconf 89' lang='lat' dir='ltr'><strong>cap.</strong></span> <span class='ocrx_word' id='word_1_513' title='bbox 935 3299 989 3363; x_wconf 91' lang='lat'><strong>6,</strong></span> <span class='ocrx_word' id='word_1_514' title='bbox 1023 3313 1140 3368; x_wconf 86' lang='lat' dir='ltr'><strong>pag.</strong></span> <span class='ocrx_word' id='word_1_515' title='bbox 1193 3299 1320 3366; x_wconf 77' lang='grc'>220,</span> <span class='ocrx_word' id='word_1_516' title='bbox 1370 3308 1424 3354; x_wconf 91' lang='lat' dir='ltr'><strong>et</strong></span> <span class='ocrx_word' id='word_1_517' title='bbox 1463 3301 1512 3354; x_wconf 92' lang='lat' dir='ltr'><strong>in</strong></span> <span class='ocrx_word' id='word_1_518' title='bbox 1567 3301 1658 3355; x_wconf 88' lang='lat' dir='ltr'><strong>lib.</strong></span> <span class='ocrx_word' id='word_1_519' title='bbox 1709 3300 1776 3356; x_wconf 92' lang='lat' dir='ltr'><strong>de</strong></span> 
     </span>
    </p>
   </div>
   <div class='ocr_carea' id='block_1_63' title="bbox 205 3391 1492 3461">
    <p class='ocr_par' dir='ltr' id='par_1_63' title="bbox 205 3391 1492 3461">
     <span class='ocr_line' id='line_1_63' title="bbox 205 3391 1492 3461; baseline 0.001 -16"><span class='ocrx_word' id='word_1_520' title='bbox 205 3391 600 3446; x_wconf 79' lang='lat' dir='ltr'><strong>Eshortatioue</strong></span> <span class='ocrx_word' id='word_1_521' title='bbox 628 3391 1102 3461; x_wconf 83' lang='lat' dir='ltr'><strong>Virginitatiscap.</strong></span> <span class='ocrx_word' id='word_1_522' title='bbox 1131 3391 1185 3455; x_wconf 87' lang='grc'><strong>5,</strong></span> <span class='ocrx_word' id='word_1_523' title='bbox 1214 3407 1334 3461; x_wconf 78' lang='lat' dir='ltr'><strong>pag.</strong></span> <span class='ocrx_word' id='word_1_524' title='bbox 1362 3393 1492 3446; x_wconf 87' lang='grc'>282.</span> 
     </span>
    </p>
   </div>
   <div class='ocr_carea' id='block_1_64' title="bbox 275 3479 1776 3553">
    <p class='ocr_par' dir='ltr' id='par_1_64' title="bbox 275 3479 1776 3553">
     <span class='ocr_line' id='line_1_64' title="bbox 275 3479 1776 3553; baseline 0.001 -17"><span class='ocrx_word' id='word_1_525' title='bbox 275 3481 461 3536; x_wconf 85' lang='lat' dir='ltr'><strong>Matth.</strong></span> <span class='ocrx_word' id='word_1_526' title='bbox 509 3497 626 3551; x_wconf 87' lang='lat' dir='ltr'><strong>cap.</strong></span> <span class='ocrx_word' id='word_1_527' title='bbox 661 3497 805 3547; x_wconf 75' lang='lat' dir='ltr'><strong>xxvs,</strong></span> <span class='ocrx_word' id='word_1_528' title='bbox 854 3481 939 3535; x_wconf 90' lang='grc'><strong>11.</strong></span> <span class='ocrx_word' id='word_1_529' title='bbox 983 3479 1278 3536; x_wconf 81' lang='lat' dir='ltr'><strong>Vercellen.</strong></span> <span class='ocrx_word' id='word_1_530' title='bbox 1334 3498 1502 3535; x_wconf 85' lang='lat' dir='ltr'><strong>non...</strong></span> <span class='ocrx_word' id='word_1_531' title='bbox 1553 3495 1641 3553; x_wconf 86' lang='lat' dir='ltr'><strong>per</strong></span> <span class='ocrx_word' id='word_1_532' title='bbox 1678 3485 1776 3538; x_wconf 77' lang='lat' dir='ltr'><strong>lia-</strong></span> 
     </span>
    </p>
   </div>
   <div class='ocr_carea' id='block_1_65' title="bbox 197 3572 1776 3645">
    <p class='ocr_par' dir='ltr' id='par_1_65' title="bbox 197 3572 1776 3645">
     <span class='ocr_line' id='line_1_65' title="bbox 197 3572 1776 3645; baseline 0.003 -19"><span class='ocrx_word' id='word_1_533' title='bbox 197 3572 385 3628; x_wconf 75' lang='lat' dir='ltr'><strong>bebi...</strong></span> <span class='ocrx_word' id='word_1_534' title='bbox 427 3572 627 3645; x_wconf 87' lang='lat' dir='ltr'><strong>Supple</strong></span> <span class='ocrx_word' id='word_1_535' title='bbox 683 3573 924 3628; x_wconf 89' lang='lat' dir='ltr'><strong>lacunam</strong></span> <span class='ocrx_word' id='word_1_536' title='bbox 991 3588 1059 3626; x_wconf 78' lang='lat' dir='ltr'><strong>ex</strong></span> <span class='ocrx_word' id='word_1_537' title='bbox 1133 3573 1332 3628; x_wconf 86' lang='lat' dir='ltr'><strong>Veron.</strong></span> <span class='ocrx_word' id='word_1_538' title='bbox 1380 3574 1662 3628; x_wconf 84' lang='lat' dir='ltr'><strong>Corbeien.</strong></span> <span class='ocrx_word' id='word_1_539' title='bbox 1720 3586 1776 3630; x_wconf 90' lang='lat' dir='ltr'><strong>et</strong></span> 
     </span>
    </p>
   </div>
   <div class='ocr_carea' id='block_1_66' title="bbox 199 3660 1774 3736">
    <p class='ocr_par' dir='ltr' id='par_1_66' title="bbox 199 3660 1774 3736">
     <span class='ocr_line' id='line_1_66' title="bbox 199 3660 1774 3736; baseline 0.001 -16"><span class='ocrx_word' id='word_1_540' title='bbox 199 3664 447 3732; x_wconf 78' lang='lat' dir='ltr'><strong>Brixian.</strong></span> <span class='ocrx_word' id='word_1_541' title='bbox 483 3666 572 3736; x_wconf 89' lang='lat' dir='ltr'><strong>qui</strong></span> <span class='ocrx_word' id='word_1_542' title='bbox 601 3660 818 3728; x_wconf 87' lang='lat' dir='ltr'><strong>habent,</strong></span> <span class='ocrx_word' id='word_1_543' title='bbox 853 3682 951 3718; x_wconf 85' lang='lat' dir='ltr'><strong>non</strong></span> <span class='ocrx_word' id='word_1_544' title='bbox 989 3679 1185 3733; x_wconf 88' lang='lat' dir='ltr'><strong>semper</strong></span> <span class='ocrx_word' id='word_1_545' title='bbox 1209 3664 1470 3718; x_wconf 81' lang='lat' dir='ltr'><strong>habebitis.</strong></span> <span class='ocrx_word' id='word_1_546' title='bbox 1495 3675 1550 3719; x_wconf 92' lang='lat' dir='ltr'><strong>et</strong></span> <span class='ocrx_word' id='word_1_547' title='bbox 1575 3667 1642 3720; x_wconf 88' lang='lat' dir='ltr'><strong>ita</strong></span> <span class='ocrx_word' id='word_1_548' title='bbox 1669 3667 1774 3721; x_wconf 87' lang='lat' dir='ltr'><strong>duo</strong></span> 
     </span>
    </p>
   </div>
   <div class='ocr_carea' id='block_1_67' title="bbox 197 3744 1772 3830">
    <p class='ocr_par' dir='ltr' id='par_1_67' title="bbox 197 3744 1772 3830">
     <span class='ocr_line' id='line_1_67' title="bbox 197 3744 1772 3830; baseline 0.003 -20"><span class='ocrx_word' id='word_1_549' title='bbox 197 3744 390 3811; x_wconf 73' lang='lat' dir='ltr'><strong>Graeca</strong></span> <span class='ocrx_word' id='word_1_550' title='bbox 435 3755 796 3822; x_wconf 76' lang='lat' dir='ltr'><strong>Escmplaria,</strong></span> <span class='ocrx_word' id='word_1_551' title='bbox 831 3771 927 3808; x_wconf 92' lang='lat' dir='ltr'><strong>nec</strong></span> <span class='ocrx_word' id='word_1_552' title='bbox 969 3770 1073 3809; x_wconf 91' lang='lat' dir='ltr'><strong>non</strong></span> <span class='ocrx_word' id='word_1_553' title='bbox 1105 3756 1231 3824; x_wconf 80' lang='lat' dir='ltr'><strong>aliq.</strong></span> <span class='ocrx_word' id='word_1_554' title='bbox 1255 3755 1545 3811; x_wconf 86' lang='lat' dir='ltr'><strong>Succorum</strong></span> <span class='ocrx_word' id='word_1_555' title='bbox 1576 3760 1772 3830; x_wconf 75' lang='lat' dir='ltr'><strong>regina:</strong></span> 
     </span>
    </p>
   </div>
   <div class='ocr_carea' id='block_1_68' title="bbox 198 3843 1024 3901">
    <p class='ocr_par' dir='ltr' id='par_1_68' title="bbox 198 3843 1024 3901">
     <span class='ocr_line' id='line_1_68' title="bbox 198 3843 1024 3901; baseline 0 -3"><span class='ocrx_word' id='word_1_556' title='bbox 198 3857 338 3898; x_wconf 81' lang='lat' dir='ltr'><strong>mss.</strong></span> <span class='ocrx_word' id='word_1_557' title='bbox 371 3843 498 3898; x_wconf 88' lang='lat' dir='ltr'><strong>hibl.</strong></span> <span class='ocrx_word' id='word_1_558' title='bbox 531 3853 583 3898; x_wconf 88' lang='lat' dir='ltr'><strong>et</strong></span> <span class='ocrx_word' id='word_1_559' title='bbox 605 3843 810 3900; x_wconf 81' lang='lat' dir='ltr'><strong>Sistina</strong></span> <span class='ocrx_word' id='word_1_560' title='bbox 838 3845 1024 3901; x_wconf 87' lang='lat' dir='ltr'><strong>editio.</strong></span> 
     </span>
    </p>
   </div>
   <div class='ocr_carea' id='block_1_69' title="bbox 272 3934 1772 4004">
    <p class='ocr_par' dir='ltr' id='par_1_69' title="bbox 272 3934 1772 4004">
     <span class='ocr_line' id='line_1_69' title="bbox 272 3934 1772 4004; baseline 0.003 -14"><span class='ocrx_word' id='word_1_561' title='bbox 272 3934 462 3990; x_wconf 77' lang='lat' dir='ltr'><strong>Matth.</strong></span> <span class='ocrx_word' id='word_1_562' title='bbox 492 3950 609 4004; x_wconf 87' lang='lat' dir='ltr'><strong>cap.</strong></span> <span class='ocrx_word' id='word_1_563' title='bbox 672 3937 954 4001; x_wconf 76' lang='lat' dir='ltr'><strong>uvn,.6l.</strong></span> <span class='ocrx_word' id='word_1_564' title='bbox 1006 3937 1330 4004; x_wconf 83' lang='lat' dir='ltr'><strong>Vercellen.,</strong></span> <span class='ocrx_word' id='word_1_565' title='bbox 1385 3937 1668 3995; x_wconf 86' lang='lat' dir='ltr'><strong>Corbeien.</strong></span> <span class='ocrx_word' id='word_1_566' title='bbox 1717 3952 1772 3994; x_wconf 88' lang='lat' dir='ltr'><strong>et</strong></span> 
     </span>
    </p>
   </div>
   <div class='ocr_carea' id='block_1_70' title="bbox 197 4027 1771 4103">
    <p class='ocr_par' dir='ltr' id='par_1_70' title="bbox 197 4027 1771 4103">
     <span class='ocr_line' id='line_1_70' title="bbox 197 4027 1771 4103; baseline 0.003 -20"><span class='ocrx_word' id='word_1_567' title='bbox 197 4027 443 4084; x_wconf 76' lang='lat' dir='ltr'><strong>Brixian.</strong></span> <span class='ocrx_word' id='word_1_568' title='bbox 474 4027 753 4098; x_wconf 67' lang='lat' dir='ltr'><strong>a&#39;diﬁcare,</strong></span> <span class='ocrx_word' id='word_1_569' title='bbox 779 4036 834 4083; x_wconf 91' lang='lat' dir='ltr'><strong>et</strong></span> <span class='ocrx_word' id='word_1_570' title='bbox 859 4029 924 4082; x_wconf 90' lang='lat' dir='ltr'><strong>ita</strong></span> <span class='ocrx_word' id='word_1_571' title='bbox 960 4027 1178 4086; x_wconf 72' lang='lat' dir='ltr'><strong>Grtccus</strong></span> <span class='ocrx_word' id='word_1_572' title='bbox 1216 4041 1426 4097; x_wconf 80' lang='lat' dir='ltr'><strong>textus,</strong></span> <span class='ocrx_word' id='word_1_573' title='bbox 1449 4039 1504 4085; x_wconf 84' lang='lat' dir='ltr'><strong>et</strong></span> <span class='ocrx_word' id='word_1_574' title='bbox 1535 4032 1771 4103; x_wconf 88' lang='lat' dir='ltr'><strong>plerique</strong></span> 
     </span>
    </p>
   </div>
   <div class='ocr_carea' id='block_1_71' title="bbox 193 4119 1766 4198">
    <p class='ocr_par' dir='ltr' id='par_1_71' title="bbox 193 4119 1766 4198">
     <span class='ocr_line' id='line_1_71' title="bbox 193 4119 1766 4198; baseline 0.001 -23"><span class='ocrx_word' id='word_1_575' title='bbox 193 4135 336 4175; x_wconf 72' lang='lat' dir='ltr'><strong>mss.</strong></span> <span class='ocrx_word' id='word_1_576' title='bbox 371 4119 427 4176; x_wconf 94' lang='grc'><strong>8.</strong></span> <span class='ocrx_word' id='word_1_577' title='bbox 465 4119 747 4192; x_wconf 81' lang='lat' dir='ltr'><strong>Augustini</strong></span> <span class='ocrx_word' id='word_1_578' title='bbox 784 4120 957 4198; x_wconf 9' lang='lat' dir='ltr'><strong>in’lib.</strong></span> <span class='ocrx_word' id='word_1_579' title='bbox 992 4135 1025 4174; x_wconf 93' lang='grc' dir='ltr'><strong>ιι</strong></span> <span class='ocrx_word' id='word_1_580' title='bbox 1053 4120 1121 4175; x_wconf 88' lang='lat' dir='ltr'><strong>de</strong></span> <span class='ocrx_word' id='word_1_581' title='bbox 1146 4131 1411 4176; x_wconf 83' lang='lat' dir='ltr'><strong>consensu</strong></span> <span class='ocrx_word' id='word_1_582' title='bbox 1439 4119 1766 4192; x_wconf 79' lang='lat' dir='ltr'><strong>Evangelist.</strong></span> 
     </span>
    </p>
   </div>
   <div class='ocr_carea' id='block_1_72' title="bbox 267 4229 1762 4300">
    <p class='ocr_par' dir='ltr' id='par_1_72' title="bbox 267 4229 1762 4300">
     <span class='ocr_line' id='line_1_72' title="bbox 267 4229 1762 4300; baseline 0 -14"><span class='ocrx_word' id='word_1_583' title='bbox 267 4229 430 4286; x_wconf 81' lang='lat' dir='ltr'><strong>Joau.</strong></span> <span class='ocrx_word' id='word_1_584' title='bbox 465 4245 581 4300; x_wconf 90' lang='lat' dir='ltr'><strong>cap.</strong></span> <span class='ocrx_word' id='word_1_585' title='bbox 611 4247 650 4294; x_wconf 89' lang='grc' dir='ltr'>ι,</span> <span class='ocrx_word' id='word_1_586' title='bbox 677 4231 766 4285; x_wconf 88' lang='grc'><strong>50.</strong></span> <span class='ocrx_word' id='word_1_587' title='bbox 802 4230 1127 4297; x_wconf 87' lang='lat' dir='ltr'><strong>Vercellen.,</strong></span> <span class='ocrx_word' id='word_1_588' title='bbox 1171 4230 1369 4285; x_wconf 80' lang='lat' dir='ltr'><strong>Veron.</strong></span> <span class='ocrx_word' id='word_1_589' title='bbox 1421 4241 1477 4285; x_wconf 86' lang='lat' dir='ltr'><strong>et</strong></span> <span class='ocrx_word' id='word_1_590' title='bbox 1524 4232 1762 4286; x_wconf 81' lang='lat' dir='ltr'><strong>Brixian.</strong></span> 
     </span>
    </p>
   </div>
   <div class='ocr_carea' id='block_1_73' title="bbox 193 4319 1763 4390">
    <p class='ocr_par' dir='ltr' id='par_1_73' title="bbox 193 4319 1763 4390">
     <span class='ocr_line' id='line_1_73' title="bbox 193 4319 1763 4390; baseline 0.001 -16"><span class='ocrx_word' id='word_1_591' title='bbox 193 4323 404 4390; x_wconf 85' lang='lat' dir='ltr'><strong>majora</strong></span> <span class='ocrx_word' id='word_1_592' title='bbox 455 4323 654 4388; x_wconf 81' lang='lat' dir='ltr'><strong>horum,</strong></span> <span class='ocrx_word' id='word_1_593' title='bbox 702 4331 754 4377; x_wconf 89' lang='lat' dir='ltr'><strong>et</strong></span> <span class='ocrx_word' id='word_1_594' title='bbox 798 4322 867 4375; x_wconf 87' lang='lat' dir='ltr'><strong>ita</strong></span> <span class='ocrx_word' id='word_1_595' title='bbox 917 4319 1283 4390; x_wconf 53' lang='lat' dir='ltr'><strong>Gra&#39;c.&#39;psi§m</strong></span> <span class='ocrx_word' id='word_1_596' title='bbox 1311 4322 1525 4386; x_wconf 76' lang='grc' dir='ltr'><strong>τούτων,</strong></span> <span class='ocrx_word' id='word_1_597' title='bbox 1553 4328 1763 4390; x_wconf 86' lang='lat' dir='ltr'><strong>nempe,</strong></span> 
     </span>
    </p>
   </div>
   <div class='ocr_carea' id='block_1_74' title="bbox 193 4413 533 4484">
    <p class='ocr_par' dir='ltr' id='par_1_74' title="bbox 193 4413 533 4484">
     <span class='ocr_line' id='line_1_74' title="bbox 193 4413 533 4484; baseline 0.012 -20"><span class='ocrx_word' id='word_1_598' title='bbox 193 4415 406 4484; x_wconf 74' lang='lat' dir='ltr'><strong>majora</strong></span> <span class='ocrx_word' id='word_1_599' title='bbox 436 4413 533 4468; x_wconf 83' lang='lat' dir='ltr'><strong>his.</strong></span> 
     </span>
    </p>
   </div>
   <div class='ocr_carea' id='block_1_75' title="bbox 270 4498 1760 4572">
    <p class='ocr_par' dir='ltr' id='par_1_75' title="bbox 270 4498 1760 4572">
     <span class='ocr_line' id='line_1_75' title="bbox 270 4498 1760 4572; baseline -0.001 -13"><span class='ocrx_word' id='word_1_600' title='bbox 270 4504 458 4559; x_wconf 83' lang='lat' dir='ltr'><strong>Matth.</strong></span> <span class='ocrx_word' id='word_1_601' title='bbox 511 4518 628 4572; x_wconf 90' lang='lat' dir='ltr'><strong>cap.</strong></span> <span class='ocrx_word' id='word_1_602' title='bbox 671 4517 708 4562; x_wconf 86' lang='grc' dir='ltr'>ι.</span> <span class='ocrx_word' id='word_1_603' title='bbox 754 4501 838 4556; x_wconf 87' lang='grc'>16.</span> <span class='ocrx_word' id='word_1_604' title='bbox 894 4498 1190 4556; x_wconf 87' lang='lat' dir='ltr'><strong>Vercellen.</strong></span> <span class='ocrx_word' id='word_1_605' title='bbox 1221 4509 1272 4555; x_wconf 87' lang='lat' dir='ltr'><strong>et</strong></span> <span class='ocrx_word' id='word_1_606' title='bbox 1301 4499 1760 4558; x_wconf 86' lang='lat' dir='ltr'><strong>San-Germanen.</strong></span> 
     </span>
    </p>
   </div>
   <div class='ocr_carea' id='block_1_76' title="bbox 192 4591 1768 4664">
    <p class='ocr_par' dir='ltr' id='par_1_76' title="bbox 192 4591 1768 4664">
     <span class='ocr_line' id='line_1_76' title="bbox 192 4591 1768 4664; baseline -0.001 -17"><span class='ocrx_word' id='word_1_607' title='bbox 192 4595 284 4648; x_wconf 79' lang='lat' dir='ltr'><strong>cui</strong></span> <span class='ocrx_word' id='word_1_608' title='bbox 307 4596 606 4663; x_wconf 71' lang='lat' dir='ltr'><strong>desponsata</strong></span> <span class='ocrx_word' id='word_1_609' title='bbox 642 4592 794 4663; x_wconf 84' lang='lat' dir='ltr'><strong>Virgo</strong></span> <span class='ocrx_word' id='word_1_610' title='bbox 821 4591 986 4645; x_wconf 82' lang='lat' dir='ltr'><strong>Maria</strong></span> <span class='ocrx_word' id='word_1_611' title='bbox 1006 4633 1020 4654; x_wconf 94' lang='lat'><strong>,</strong></span> <span class='ocrx_word' id='word_1_612' title='bbox 1043 4593 1214 4664; x_wconf 80' lang='lat' dir='ltr'><strong>genuit</strong></span> <span class='ocrx_word' id='word_1_613' title='bbox 1235 4591 1431 4647; x_wconf 76' lang='lat' dir='ltr'><strong>Iesum.</strong></span> <span class='ocrx_word' id='word_1_614' title='bbox 1462 4593 1655 4648; x_wconf 88' lang='lat' dir='ltr'><strong>Veron.</strong></span> <span class='ocrx_word' id='word_1_615' title='bbox 1684 4594 1768 4647; x_wconf 84' lang='lat' dir='ltr'><strong>cui</strong></span> 
     </span>
    </p>
   </div>
   <div class='ocr_carea' id='block_1_77' title="bbox 191 4667 1787 4753">
    <p class='ocr_par' dir='ltr' id='par_1_77' title="bbox 191 4667 1787 4753">
     <span class='ocr_line' id='line_1_77' title="bbox 191 4667 1787 4753; baseline -0.001 -17"><span class='ocrx_word' id='word_1_616' title='bbox 191 4683 506 4750; x_wconf 78' lang='lat' dir='ltr'><strong>desponsata</strong></span> <span class='ocrx_word' id='word_1_617' title='bbox 544 4695 648 4735; x_wconf 87' lang='lat' dir='ltr'><strong>erat</strong></span> <span class='ocrx_word' id='word_1_618' title='bbox 688 4667 841 4750; x_wconf 84' lang='lat' dir='ltr'><strong>Virgo</strong></span> <span class='ocrx_word' id='word_1_619' title='bbox 869 4682 1077 4745; x_wconf 56' lang='grc' dir='ltr'><strong>Μανία,</strong></span> <span class='ocrx_word' id='word_1_620' title='bbox 1099 4681 1257 4753; x_wconf 81' lang='lat' dir='ltr'><strong>Virgo</strong></span> <span class='ocrx_word' id='word_1_621' title='bbox 1295 4692 1461 4736; x_wconf 85' lang='lat' dir='ltr'><strong>autem</strong></span> <span class='ocrx_word' id='word_1_622' title='bbox 1493 4682 1661 4736; x_wconf 77' lang='lat' dir='ltr'><strong>Maria</strong></span> <span class='ocrx_word' id='word_1_623' title='bbox 1682 4688 1787 4753; x_wconf 79' lang='lat' dir='ltr'><strong>ge-&#39;</strong></span> 
     </span>
    </p>
   </div>
   <div class='ocr_carea' id='block_1_78' title="bbox 193 4770 1768 4842">
    <p class='ocr_par' dir='ltr' id='par_1_78' title="bbox 193 4770 1768 4842">
     <span class='ocr_line' id='line_1_78' title="bbox 193 4770 1768 4842; baseline 0 -16"><span class='ocrx_word' id='word_1_624' title='bbox 193 4773 313 4826; x_wconf 77' lang='lat' dir='ltr'><strong>nuit</strong></span> <span class='ocrx_word' id='word_1_625' title='bbox 341 4770 534 4825; x_wconf 72' lang='lat' dir='ltr'><strong>Iesum.</strong></span> <span class='ocrx_word' id='word_1_626' title='bbox 579 4771 636 4827; x_wconf 90' lang='lat' dir='ltr'><strong>S.</strong></span> <span class='ocrx_word' id='word_1_627' title='bbox 690 4771 1017 4827; x_wconf 86' lang='lat' dir='ltr'><strong>Gaudentius</strong></span> <span class='ocrx_word' id='word_1_628' title='bbox 1047 4773 1098 4826; x_wconf 89' lang='lat' dir='ltr'><strong>in</strong></span> <span class='ocrx_word' id='word_1_629' title='bbox 1129 4773 1300 4827; x_wconf 87' lang='lat' dir='ltr'><strong>Serm.</strong></span> <span class='ocrx_word' id='word_1_630' title='bbox 1334 4773 1387 4838; x_wconf 89' lang='lat'><strong>8,</strong></span> <span class='ocrx_word' id='word_1_631' title='bbox 1416 4788 1536 4842; x_wconf 86' lang='lat' dir='ltr'><strong>pag.</strong></span> <span class='ocrx_word' id='word_1_632' title='bbox 1566 4772 1655 4837; x_wconf 81' lang='lat'><strong>95,</strong></span> <span class='ocrx_word' id='word_1_633' title='bbox 1685 4774 1768 4828; x_wconf 86' lang='lat' dir='ltr'><strong>cui</strong></span> 
     </span>
    </p>
   </div>
   <div class='ocr_carea' id='block_1_79' title="bbox 192 4862 1763 4939">
    <p class='ocr_par' dir='ltr' id='par_1_79' title="bbox 192 4862 1763 4939">
     <span class='ocr_line' id='line_1_79' title="bbox 192 4862 1763 4939; baseline 0.003 -23"><span class='ocrx_word' id='word_1_634' title='bbox 192 4864 504 4933; x_wconf 80' lang='lat' dir='ltr'><strong>desponsata</strong></span> <span class='ocrx_word' id='word_1_635' title='bbox 559 4862 714 4939; x_wconf 83' lang='lat' dir='ltr'><strong>Virgo</strong></span> <span class='ocrx_word' id='word_1_636' title='bbox 765 4863 955 4930; x_wconf 75' lang='lat' dir='ltr'><strong>Maria,</strong></span> <span class='ocrx_word' id='word_1_637' title='bbox 1000 4881 1112 4935; x_wconf 75' lang='lat' dir='ltr'><strong>qua:</strong></span> <span class='ocrx_word' id='word_1_638' title='bbox 1156 4865 1329 4936; x_wconf 83' lang='lat' dir='ltr'><strong>genuit</strong></span> <span class='ocrx_word' id='word_1_639' title='bbox 1355 4865 1552 4920; x_wconf 69' lang='lat' dir='ltr'><strong>Iesum.</strong></span> <span class='ocrx_word' id='word_1_640' title='bbox 1583 4865 1763 4924; x_wconf 75' lang='lat' dir='ltr'><strong>Codex</strong></span> 
     </span>
    </p>
   </div>
   <div class='ocr_carea' id='block_1_80' title="bbox 193 4949 1785 5034">
    <p class='ocr_par' dir='ltr' id='par_1_80' title="bbox 193 4949 1785 5034">
     <span class='ocr_line' id='line_1_80' title="bbox 193 4949 1785 5034; baseline 0.001 -26"><span class='ocrx_word' id='word_1_641' title='bbox 193 4953 525 5034; x_wconf 67' lang='lat' dir='ltr'><strong>Veronensis</strong></span> <span class='ocrx_word' id='word_1_642' title='bbox 548 4955 600 5010; x_wconf 92' lang='lat' dir='ltr'><strong>in</strong></span> <span class='ocrx_word' id='word_1_643' title='bbox 624 4956 776 5010; x_wconf 89' lang='lat' dir='ltr'><strong>tertia</strong></span> <span class='ocrx_word' id='word_1_644' title='bbox 806 4955 1211 5012; x_wconf 82' lang='lat' dir='ltr'><strong>tessaradecade</strong></span> <span class='ocrx_word' id='word_1_645' title='bbox 1242 4955 1464 5010; x_wconf 76' lang='lat' dir='ltr'><strong>Mariam</strong></span> <span class='ocrx_word' id='word_1_646' title='bbox 1503 4949 1785 5026; x_wconf 18' lang='lat' dir='ltr'><strong>Virginem.</strong></span> 
     </span>
    </p>
   </div>
   <div class='ocr_carea' id='block_1_81' title="bbox 191 5044 1757 5117">
    <p class='ocr_par' dir='ltr' id='par_1_81' title="bbox 191 5044 1757 5117">
     <span class='ocr_line' id='line_1_81' title="bbox 191 5044 1757 5117; baseline 0.003 -19"><span class='ocrx_word' id='word_1_647' title='bbox 191 5044 250 5098; x_wconf 89' lang='lat' dir='ltr'><strong>in</strong></span> <span class='ocrx_word' id='word_1_648' title='bbox 277 5058 439 5098; x_wconf 90' lang='lat' dir='ltr'><strong>censu</strong></span> <span class='ocrx_word' id='word_1_649' title='bbox 469 5047 867 5114; x_wconf 88' lang='lat' dir='ltr'><strong>generationum</strong></span> <span class='ocrx_word' id='word_1_650' title='bbox 897 5047 1066 5117; x_wconf 90' lang='lat' dir='ltr'><strong>ponit,</strong></span> <span class='ocrx_word' id='word_1_651' title='bbox 1116 5061 1236 5102; x_wconf 89' lang='lat' dir='ltr'><strong>cum</strong></span> <span class='ocrx_word' id='word_1_652' title='bbox 1287 5048 1484 5102; x_wconf 87' lang='lat' dir='ltr'><strong>Sancto</strong></span> <span class='ocrx_word' id='word_1_653' title='bbox 1515 5047 1712 5102; x_wconf 89' lang='lat' dir='ltr'><strong>llilario</strong></span> <span class='ocrx_word' id='word_1_654' title='bbox 1744 5067 1757 5103; x_wconf 87' lang='lat'><strong>:</strong></span> 
     </span>
    </p>
   </div>
   <div class='ocr_carea' id='block_1_82' title="bbox 191 5134 997 5205">
    <p class='ocr_par' dir='ltr' id='par_1_82' title="bbox 191 5134 997 5205">
     <span class='ocr_line' id='line_1_82' title="bbox 191 5134 997 5205; baseline 0.001 -17"><span class='ocrx_word' id='word_1_655' title='bbox 191 5147 332 5203; x_wconf 82' lang='lat' dir='ltr'><strong>ergo</strong></span> <span class='ocrx_word' id='word_1_656' title='bbox 359 5135 496 5187; x_wconf 89' lang='lat' dir='ltr'><strong>nulla</strong></span> <span class='ocrx_word' id='word_1_657' title='bbox 521 5134 673 5190; x_wconf 88' lang='lat' dir='ltr'><strong>deest</strong></span> <span class='ocrx_word' id='word_1_658' title='bbox 702 5137 997 5205; x_wconf 88' lang='lat' dir='ltr'><strong>generatio.</strong></span> 
     </span>
    </p>
   </div>
   <div class='ocr_carea' id='block_1_83' title="bbox 268 5222 1758 5298">
    <p class='ocr_par' dir='ltr' id='par_1_83' title="bbox 268 5222 1758 5298">
     <span class='ocr_line' id='line_1_83' title="bbox 268 5222 1758 5298; baseline 0.003 -20"><span class='ocrx_word' id='word_1_659' title='bbox 268 5222 598 5292; x_wconf 76' lang='lat' dir='ltr'><strong>Matth.cap.</strong></span> <span class='ocrx_word' id='word_1_660' title='bbox 633 5241 712 5291; x_wconf 91' lang='grc' dir='ltr'>ιιι,</span> <span class='ocrx_word' id='word_1_661' title='bbox 765 5227 851 5281; x_wconf 87' lang='grc'><strong>11.</strong></span> <span class='ocrx_word' id='word_1_662' title='bbox 901 5226 1226 5292; x_wconf 87' lang='lat' dir='ltr'><strong>Vercelleu.,</strong></span> <span class='ocrx_word' id='word_1_663' title='bbox 1277 5229 1361 5298; x_wconf 89' lang='lat' dir='ltr'><strong>qui</strong></span> <span class='ocrx_word' id='word_1_664' title='bbox 1407 5239 1572 5283; x_wconf 88' lang='lat' dir='ltr'><strong>autem</strong></span> <span class='ocrx_word' id='word_1_665' title='bbox 1608 5231 1758 5284; x_wconf 77' lang='lat' dir='ltr'><strong>venit.</strong></span> 
     </span>
    </p>
   </div>
   <div class='ocr_carea' id='block_1_84' title="bbox 191 5315 1762 5390">
    <p class='ocr_par' dir='ltr' id='par_1_84' title="bbox 191 5315 1762 5390">
     <span class='ocr_line' id='line_1_84' title="bbox 191 5315 1762 5390; baseline 0.001 -18"><span class='ocrx_word' id='word_1_666' title='bbox 191 5318 401 5374; x_wconf 88' lang='lat' dir='ltr'><strong>Veron.</strong></span> <span class='ocrx_word' id='word_1_667' title='bbox 449 5315 907 5372; x_wconf 84' lang='lat' dir='ltr'><strong>San-Germanen.</strong></span> <span class='ocrx_word' id='word_1_668' title='bbox 957 5327 1012 5374; x_wconf 90' lang='lat' dir='ltr'><strong>et</strong></span> <span class='ocrx_word' id='word_1_669' title='bbox 1058 5319 1316 5384; x_wconf 76' lang='lat' dir='ltr'><strong>Brixian.,</strong></span> <span class='ocrx_word' id='word_1_670' title='bbox 1339 5322 1424 5387; x_wconf 90' lang='lat' dir='ltr'><strong>qui</strong></span> <span class='ocrx_word' id='word_1_671' title='bbox 1453 5331 1619 5374; x_wconf 87' lang='lat' dir='ltr'><strong>autem</strong></span> <span class='ocrx_word' id='word_1_672' title='bbox 1649 5331 1762 5390; x_wconf 90' lang='lat' dir='ltr'><strong>post</strong></span> 
     </span>
    </p>
   </div>
   <div class='ocr_carea' id='block_1_85' title="bbox 189 5406 1769 5478">
    <p class='ocr_par' dir='ltr' id='par_1_85' title="bbox 189 5406 1769 5478">
     <span class='ocr_line' id='line_1_85' title="bbox 189 5406 1769 5478; baseline 0.004 -16"><span class='ocrx_word' id='word_1_673' title='bbox 189 5425 279 5463; x_wconf 83' lang='lat' dir='ltr'><strong>me</strong></span> <span class='ocrx_word' id='word_1_674' title='bbox 319 5409 468 5472; x_wconf 74' lang='lat' dir='ltr'><strong>venit,</strong></span> <span class='ocrx_word' id='word_1_675' title='bbox 516 5415 569 5462; x_wconf 87' lang='lat' dir='ltr'><strong>et</strong></span> <span class='ocrx_word' id='word_1_676' title='bbox 611 5406 680 5461; x_wconf 88' lang='lat' dir='ltr'><strong>ita</strong></span> <span class='ocrx_word' id='word_1_677' title='bbox 735 5407 790 5462; x_wconf 92' lang='lat' dir='ltr'><strong>S.</strong></span> <span class='ocrx_word' id='word_1_678' title='bbox 844 5409 1138 5478; x_wconf 82' lang='lat' dir='ltr'><strong>Cyprianus</strong></span> <span class='ocrx_word' id='word_1_679' title='bbox 1183 5411 1234 5464; x_wconf 93' lang='lat' dir='ltr'><strong>in</strong></span> <span class='ocrx_word' id='word_1_680' title='bbox 1267 5411 1360 5465; x_wconf 91' lang='lat' dir='ltr'><strong>lib.</strong></span> <span class='ocrx_word' id='word_1_681' title='bbox 1393 5427 1430 5476; x_wconf 93' lang='grc' dir='ltr'>ι,</span> <span class='ocrx_word' id='word_1_682' title='bbox 1461 5412 1769 5468; x_wconf 86' lang='lat' dir='ltr'><strong>Tcstimou.</strong></span> 
     </span>
    </p>
   </div>
   <div class='ocr_carea' id='block_1_86' title="bbox 187 5497 1752 5572">
    <p class='ocr_par' dir='ltr' id='par_1_86' title="bbox 187 5497 1752 5572">
     <span class='ocr_line' id='line_1_86' title="bbox 187 5497 1752 5572; baseline 0.002 -20"><span class='ocrx_word' id='word_1_683' title='bbox 187 5498 455 5553; x_wconf 80' lang='lat' dir='ltr'><strong>adversus</strong></span> <span class='ocrx_word' id='word_1_684' title='bbox 476 5498 687 5553; x_wconf 66' lang='lat' dir='ltr'><strong>Iudaeos</strong></span> <span class='ocrx_word' id='word_1_685' title='bbox 712 5497 777 5551; x_wconf 90' lang='lat' dir='ltr'><strong>ad</strong></span> <span class='ocrx_word' id='word_1_686' title='bbox 806 5497 1105 5565; x_wconf 86' lang='lat' dir='ltr'><strong>Quirinum,</strong></span> <span class='ocrx_word' id='word_1_687' title='bbox 1137 5517 1255 5568; x_wconf 90' lang='lat' dir='ltr'><strong>cap.</strong></span> <span class='ocrx_word' id='word_1_688' title='bbox 1283 5503 1371 5568; x_wconf 89' lang='grc'><strong>12,</strong></span> <span class='ocrx_word' id='word_1_689' title='bbox 1401 5518 1518 5572; x_wconf 86' lang='lat' dir='ltr'><strong>pag.</strong></span> <span class='ocrx_word' id='word_1_690' title='bbox 1544 5505 1664 5570; x_wconf 77' lang='grc'>515,</span> <span class='ocrx_word' id='word_1_691' title='bbox 1696 5504 1752 5558; x_wconf 88' lang='grc'><strong>8.</strong></span> 
     </span>
    </p>
   </div>
   <div class='ocr_carea' id='block_1_87' title="bbox 185 5589 1756 5662">
    <p class='ocr_par' dir='ltr' id='par_1_87' title="bbox 185 5589 1756 5662">
     <span class='ocr_line' id='line_1_87' title="bbox 185 5589 1756 5662; baseline 0.001 -16"><span class='ocrx_word' id='word_1_692' title='bbox 185 5590 430 5646; x_wconf 74' lang='lat' dir='ltr'><strong>Hilarius</strong></span> <span class='ocrx_word' id='word_1_693' title='bbox 452 5593 501 5644; x_wconf 92' lang='lat' dir='ltr'><strong>in</strong></span> <span class='ocrx_word' id='word_1_694' title='bbox 528 5591 705 5645; x_wconf 90' lang='lat' dir='ltr'><strong>Traet.</strong></span> <span class='ocrx_word' id='word_1_695' title='bbox 731 5591 784 5645; x_wconf 93' lang='lat' dir='ltr'><strong>in</strong></span> <span class='ocrx_word' id='word_1_696' title='bbox 810 5589 998 5659; x_wconf 90' lang='lat' dir='ltr'><strong>psalm.</strong></span> <span class='ocrx_word' id='word_1_697' title='bbox 1024 5606 1204 5654; x_wconf 79' lang='lat' dir='ltr'><strong>cxvm,</strong></span> <span class='ocrx_word' id='word_1_698' title='bbox 1235 5601 1365 5647; x_wconf 90' lang='lat' dir='ltr'><strong>tom.</strong></span> <span class='ocrx_word' id='word_1_699' title='bbox 1399 5595 1447 5657; x_wconf 91' lang='grc'>1,</span> <span class='ocrx_word' id='word_1_700' title='bbox 1475 5609 1592 5662; x_wconf 81' lang='lat' dir='ltr'><strong>pag.</strong></span> <span class='ocrx_word' id='word_1_701' title='bbox 1624 5592 1756 5657; x_wconf 86' lang='grc'>290,</span> 
     </span>
    </p>
   </div>
   <div class='ocr_carea' id='block_1_88' title="bbox 185 5678 1752 5754">
    <p class='ocr_par' dir='ltr' id='par_1_88' title="bbox 185 5678 1752 5754">
     <span class='ocr_line' id='line_1_88' title="bbox 185 5678 1752 5754; baseline 0.004 -20"><span class='ocrx_word' id='word_1_702' title='bbox 185 5690 244 5734; x_wconf 87' lang='lat' dir='ltr'><strong>et</strong></span> <span class='ocrx_word' id='word_1_703' title='bbox 293 5678 354 5732; x_wconf 87' lang='lat' dir='ltr'><strong>S.</strong></span> <span class='ocrx_word' id='word_1_704' title='bbox 387 5679 698 5737; x_wconf 79' lang='lat' dir='ltr'><strong>Ambrosius</strong></span> <span class='ocrx_word' id='word_1_705' title='bbox 721 5682 776 5737; x_wconf 92' lang='lat' dir='ltr'><strong>in</strong></span> <span class='ocrx_word' id='word_1_706' title='bbox 806 5680 1061 5752; x_wconf 82' lang='lat' dir='ltr'><strong>Apologia</strong></span> <span class='ocrx_word' id='word_1_707' title='bbox 1111 5681 1275 5736; x_wconf 86' lang='lat' dir='ltr'><strong>David</strong></span> <span class='ocrx_word' id='word_1_708' title='bbox 1321 5684 1510 5751; x_wconf 87' lang='lat' dir='ltr'><strong>altera,</strong></span> <span class='ocrx_word' id='word_1_709' title='bbox 1544 5699 1661 5754; x_wconf 85' lang='lat' dir='ltr'><strong>cap.</strong></span> <span class='ocrx_word' id='word_1_710' title='bbox 1698 5686 1752 5753; x_wconf 86' lang='lat'><strong>8,</strong></span> 
     </span>
    </p>
   </div>
   <div class='ocr_carea' id='block_1_89' title="bbox 187 5771 463 5845">
    <p class='ocr_par' dir='ltr' id='par_1_89' title="bbox 187 5771 463 5845">
     <span class='ocr_line' id='line_1_89' title="bbox 187 5771 463 5845; baseline -0.011 -17"><span class='ocrx_word' id='word_1_711' title='bbox 187 5789 322 5845; x_wconf 86' lang='lat' dir='ltr'><strong>pag.</strong></span> <span class='ocrx_word' id='word_1_712' title='bbox 341 5771 463 5827; x_wconf 87' lang='grc'>722.</span> 
     </span>
    </p>
   </div>
   <div class='ocr_carea' id='block_1_90' title="bbox 1947 3299 3439 3374">
    <p class='ocr_par' dir='ltr' id='par_1_90' title="bbox 1947 3299 3439 3374">
     <span class='ocr_line' id='line_1_90' title="bbox 1947 3299 3439 3374; baseline -0.001 -18"><span class='ocrx_word' id='word_1_713' title='bbox 1947 3303 2132 3357; x_wconf 81' lang='lat' dir='ltr'><strong>Matth.</strong></span> <span class='ocrx_word' id='word_1_714' title='bbox 2182 3319 2296 3374; x_wconf 90' lang='lat' dir='ltr'><strong>cap.</strong></span> <span class='ocrx_word' id='word_1_715' title='bbox 2348 3319 2484 3366; x_wconf 74' lang='grc' dir='ltr'>ιιιι,</span> <span class='ocrx_word' id='word_1_716' title='bbox 2525 3304 2616 3356; x_wconf 74' lang='grc'>48.</span> <span class='ocrx_word' id='word_1_717' title='bbox 2697 3299 2996 3356; x_wconf 86' lang='lat' dir='ltr'><strong>Vercellen.</strong></span> <span class='ocrx_word' id='word_1_718' title='bbox 3064 3319 3176 3355; x_wconf 84' lang='lat' dir='ltr'><strong>cum</strong></span> <span class='ocrx_word' id='word_1_719' title='bbox 3237 3311 3439 3354; x_wconf 86' lang='lat' dir='ltr'><strong>aut.....</strong></span> 
     </span>
    </p>
   </div>
   <div class='ocr_carea' id='block_1_91' title="bbox 1875 3393 3435 3463">
    <p class='ocr_par' dir='ltr' id='par_1_91' title="bbox 1875 3393 3435 3463">
     <span class='ocr_line' id='line_1_91' title="bbox 1875 3393 3435 3463; baseline 0 -16"><span class='ocrx_word' id='word_1_720' title='bbox 1875 3405 2148 3459; x_wconf 84' lang='lat' dir='ltr'><strong>ess.....ta,</strong></span> <span class='ocrx_word' id='word_1_721' title='bbox 2182 3396 2463 3448; x_wconf 73' lang='lat' dir='ltr'><strong>eduxerunt</strong></span> <span class='ocrx_word' id='word_1_722' title='bbox 2492 3412 2601 3449; x_wconf 89' lang='lat' dir='ltr'><strong>eam</strong></span> <span class='ocrx_word' id='word_1_723' title='bbox 2641 3394 2707 3448; x_wconf 89' lang='lat' dir='ltr'><strong>ad</strong></span> <span class='ocrx_word' id='word_1_724' title='bbox 2742 3395 2899 3460; x_wconf 87' lang='lat' dir='ltr'><strong>litus;</strong></span> <span class='ocrx_word' id='word_1_725' title='bbox 2929 3404 2973 3448; x_wconf 92' lang='lat' dir='ltr'><strong>et</strong></span> <span class='ocrx_word' id='word_1_726' title='bbox 3001 3393 3226 3448; x_wconf 83' lang='lat' dir='ltr'><strong>sedentes</strong></span> <span class='ocrx_word' id='word_1_727' title='bbox 3264 3397 3435 3463; x_wconf 87' lang='lat' dir='ltr'><strong>eleg...</strong></span> 
     </span>
    </p>
   </div>
   <div class='ocr_carea' id='block_1_92' title="bbox 1872 3485 3440 3555">
    <p class='ocr_par' dir='ltr' id='par_1_92' title="bbox 1872 3485 3440 3555">
     <span class='ocr_line' id='line_1_92' title="bbox 1872 3485 3440 3555; baseline 0.001 -18"><span class='ocrx_word' id='word_1_728' title='bbox 1872 3495 1995 3538; x_wconf 80' lang='lat' dir='ltr'><strong>runt</strong></span> <span class='ocrx_word' id='word_1_729' title='bbox 2053 3487 2269 3554; x_wconf 79' lang='lat' dir='ltr'><strong>Optimos</strong></span> <span class='ocrx_word' id='word_1_730' title='bbox 2308 3487 2475 3555; x_wconf 89' lang='lat' dir='ltr'><strong>pi.....</strong></span> <span class='ocrx_word' id='word_1_731' title='bbox 2527 3503 2700 3540; x_wconf 89' lang='lat' dir='ltr'><strong>su.....</strong></span> <span class='ocrx_word' id='word_1_732' title='bbox 2733 3485 2934 3540; x_wconf 87' lang='lat' dir='ltr'><strong>Veron.</strong></span> <span class='ocrx_word' id='word_1_733' title='bbox 2965 3502 3078 3538; x_wconf 85' lang='lat' dir='ltr'><strong>cum</strong></span> <span class='ocrx_word' id='word_1_734' title='bbox 3106 3496 3270 3538; x_wconf 85' lang='lat' dir='ltr'><strong>autem</strong></span> <span class='ocrx_word' id='word_1_735' title='bbox 3315 3495 3440 3538; x_wconf 83' lang='lat' dir='ltr'><strong>esset</strong></span> 
     </span>
    </p>
   </div>
   <div class='ocr_carea' id='block_1_93' title="bbox 1875 3575 3439 3645">
    <p class='ocr_par' dir='ltr' id='par_1_93' title="bbox 1875 3575 3439 3645">
     <span class='ocr_line' id='line_1_93' title="bbox 1875 3575 3439 3645; baseline 0.003 -19"><span class='ocrx_word' id='word_1_736' title='bbox 1875 3575 2103 3644; x_wconf 90' lang='lat' dir='ltr'><strong>impleta,</strong></span> <span class='ocrx_word' id='word_1_737' title='bbox 2130 3577 2405 3628; x_wconf 78' lang='lat' dir='ltr'><strong>eduxerunt</strong></span> <span class='ocrx_word' id='word_1_738' title='bbox 2435 3593 2545 3630; x_wconf 85' lang='lat' dir='ltr'><strong>eam</strong></span> <span class='ocrx_word' id='word_1_739' title='bbox 2572 3575 2640 3627; x_wconf 82' lang='lat' dir='ltr'><strong>ad</strong></span> <span class='ocrx_word' id='word_1_740' title='bbox 2665 3577 2786 3629; x_wconf 86' lang='lat' dir='ltr'><strong>litus</strong></span> <span class='ocrx_word' id='word_1_741' title='bbox 2811 3617 2823 3639; x_wconf 95' lang='lat'><strong>,</strong></span> <span class='ocrx_word' id='word_1_742' title='bbox 2855 3587 2905 3630; x_wconf 85' lang='lat' dir='ltr'><strong>et</strong></span> <span class='ocrx_word' id='word_1_743' title='bbox 2935 3578 3159 3628; x_wconf 86' lang='lat' dir='ltr'><strong>sedentes</strong></span> <span class='ocrx_word' id='word_1_744' title='bbox 3187 3576 3439 3645; x_wconf 72' lang='lat' dir='ltr'><strong>elegerunt</strong></span> 
     </span>
    </p>
   </div>
   <div class='ocr_carea' id='block_1_94' title="bbox 1876 3666 3436 3732">
    <p class='ocr_par' dir='ltr' id='par_1_94' title="bbox 1876 3666 3436 3732">
     <span class='ocr_line' id='line_1_94' title="bbox 1876 3666 3436 3732; baseline 0.001 -16"><span class='ocrx_word' id='word_1_745' title='bbox 1876 3666 2093 3732; x_wconf 80' lang='lat' dir='ltr'><strong>optimos</strong></span> <span class='ocrx_word' id='word_1_746' title='bbox 2144 3666 2300 3732; x_wconf 87' lang='lat' dir='ltr'><strong>pisces</strong></span> <span class='ocrx_word' id='word_1_747' title='bbox 2339 3667 2392 3718; x_wconf 88' lang='lat' dir='ltr'><strong>in</strong></span> <span class='ocrx_word' id='word_1_748' title='bbox 2447 3666 2577 3719; x_wconf 87' lang='lat' dir='ltr'><strong>vasis</strong></span> <span class='ocrx_word' id='word_1_749' title='bbox 2617 3667 2743 3718; x_wconf 86' lang='lat' dir='ltr'><strong>suis.</strong></span> <span class='ocrx_word' id='word_1_750' title='bbox 2789 3666 3271 3732; x_wconf 81' lang='lat' dir='ltr'><strong>San-Germanen.,</strong></span> <span class='ocrx_word' id='word_1_751' title='bbox 3325 3683 3436 3719; x_wconf 87' lang='lat' dir='ltr'><strong>cum</strong></span> 
     </span>
    </p>
   </div>
   <div class='ocr_carea' id='block_1_95' title="bbox 1873 3755 3432 3822">
    <p class='ocr_par' dir='ltr' id='par_1_95' title="bbox 1873 3755 3432 3822">
     <span class='ocr_line' id='line_1_95' title="bbox 1873 3755 3432 3822; baseline -0.001 -14"><span class='ocrx_word' id='word_1_752' title='bbox 1873 3765 2039 3808; x_wconf 90' lang='lat' dir='ltr'><strong>autem</strong></span> <span class='ocrx_word' id='word_1_753' title='bbox 2068 3768 2192 3809; x_wconf 88' lang='lat' dir='ltr'><strong>esset</strong></span> <span class='ocrx_word' id='word_1_754' title='bbox 2223 3755 2449 3822; x_wconf 79' lang='lat' dir='ltr'><strong>impleta,</strong></span> <span class='ocrx_word' id='word_1_755' title='bbox 2481 3756 2732 3808; x_wconf 73' lang='lat' dir='ltr'><strong>duxerunt</strong></span> <span class='ocrx_word' id='word_1_756' title='bbox 2771 3772 2878 3808; x_wconf 86' lang='lat' dir='ltr'><strong>eam</strong></span> <span class='ocrx_word' id='word_1_757' title='bbox 2909 3755 2976 3806; x_wconf 85' lang='lat' dir='ltr'><strong>ad</strong></span> <span class='ocrx_word' id='word_1_758' title='bbox 3005 3758 3122 3809; x_wconf 84' lang='lat' dir='ltr'><strong>litus</strong></span> <span class='ocrx_word' id='word_1_759' title='bbox 3140 3773 3158 3820; x_wconf 87' lang='lat'><strong><em>;</em></strong></span> <span class='ocrx_word' id='word_1_760' title='bbox 3181 3767 3225 3808; x_wconf 91' lang='lat' dir='ltr'><strong>et</strong></span> <span class='ocrx_word' id='word_1_761' title='bbox 3253 3756 3432 3808; x_wconf 89' lang='lat' dir='ltr'><strong>seden-</strong></span> 
     </span>
    </p>
   </div>
   <div class='ocr_carea' id='block_1_96' title="bbox 1874 3846 3434 3916">
    <p class='ocr_par' dir='ltr' id='par_1_96' title="bbox 1874 3846 3434 3916">
     <span class='ocr_line' id='line_1_96' title="bbox 1874 3846 3434 3916; baseline -0.001 -18"><span class='ocrx_word' id='word_1_762' title='bbox 1874 3856 1944 3898; x_wconf 89' lang='lat' dir='ltr'><strong>tes</strong></span> <span class='ocrx_word' id='word_1_763' title='bbox 1970 3847 2184 3916; x_wconf 87' lang='lat' dir='ltr'><strong>optimos</strong></span> <span class='ocrx_word' id='word_1_764' title='bbox 2215 3847 2468 3916; x_wconf 81' lang='lat' dir='ltr'><strong>elegerunt</strong></span> <span class='ocrx_word' id='word_1_765' title='bbox 2515 3849 2564 3899; x_wconf 88' lang='lat' dir='ltr'><strong>in</strong></span> <span class='ocrx_word' id='word_1_766' title='bbox 2591 3847 2722 3898; x_wconf 77' lang='lat' dir='ltr'><strong>uasis</strong></span> <span class='ocrx_word' id='word_1_767' title='bbox 2757 3848 2882 3900; x_wconf 90' lang='lat' dir='ltr'><strong>suis.</strong></span> <span class='ocrx_word' id='word_1_768' title='bbox 2913 3846 3171 3909; x_wconf 67' lang='lat' dir='ltr'><strong>Brixiam,</strong></span> <span class='ocrx_word' id='word_1_769' title='bbox 3199 3860 3312 3896; x_wconf 86' lang='lat' dir='ltr'><strong>cum</strong></span> <span class='ocrx_word' id='word_1_770' title='bbox 3338 3861 3434 3896; x_wconf 83' lang='lat' dir='ltr'><strong>au-</strong></span> 
     </span>
    </p>
   </div>
   <div class='ocr_carea' id='block_1_97' title="bbox 1873 3935 3434 4004">
    <p class='ocr_par' dir='ltr' id='par_1_97' title="bbox 1873 3935 3434 4004">
     <span class='ocr_line' id='line_1_97' title="bbox 1873 3935 3434 4004; baseline -0.001 -15"><span class='ocrx_word' id='word_1_771' title='bbox 1873 3946 1971 3989; x_wconf 87' lang='lat' dir='ltr'><strong>tem</strong></span> <span class='ocrx_word' id='word_1_772' title='bbox 1997 3937 2206 4004; x_wconf 86' lang='lat' dir='ltr'><strong>impleta</strong></span> <span class='ocrx_word' id='word_1_773' title='bbox 2234 3947 2378 4000; x_wconf 87' lang='lat' dir='ltr'><strong>esset,</strong></span> <span class='ocrx_word' id='word_1_774' title='bbox 2411 3937 2692 3990; x_wconf 73' lang='lat' dir='ltr'><strong>eduxerunt</strong></span> <span class='ocrx_word' id='word_1_775' title='bbox 2719 3953 2827 3988; x_wconf 85' lang='lat' dir='ltr'><strong>eam</strong></span> <span class='ocrx_word' id='word_1_776' title='bbox 2857 3937 2924 3987; x_wconf 88' lang='lat' dir='ltr'><strong>ad</strong></span> <span class='ocrx_word' id='word_1_777' title='bbox 2953 3937 3071 3987; x_wconf 87' lang='lat' dir='ltr'><strong>litus</strong></span> <span class='ocrx_word' id='word_1_778' title='bbox 3092 3977 3105 3998; x_wconf 95' lang='lat'><strong>,</strong></span> <span class='ocrx_word' id='word_1_779' title='bbox 3135 3945 3180 3987; x_wconf 92' lang='lat' dir='ltr'><strong>et</strong></span> <span class='ocrx_word' id='word_1_780' title='bbox 3206 3935 3434 3998; x_wconf 65' lang='lat' dir='ltr'><strong>sedente.</strong></span> 
     </span>
    </p>
   </div>
   <div class='ocr_carea' id='block_1_98' title="bbox 1870 4026 3432 4098">
    <p class='ocr_par' dir='ltr' id='par_1_98' title="bbox 1870 4026 3432 4098">
     <span class='ocr_line' id='line_1_98' title="bbox 1870 4026 3432 4098; baseline -0.001 -16"><span class='ocrx_word' id='word_1_781' title='bbox 1870 4029 2128 4098; x_wconf 85' lang='lat' dir='ltr'><strong>elegerunt</strong></span> <span class='ocrx_word' id='word_1_782' title='bbox 2156 4029 2311 4082; x_wconf 81' lang='lat' dir='ltr'><strong>bonos</strong></span> <span class='ocrx_word' id='word_1_783' title='bbox 2338 4031 2388 4082; x_wconf 89' lang='lat' dir='ltr'><strong>in</strong></span> <span class='ocrx_word' id='word_1_784' title='bbox 2418 4029 2550 4082; x_wconf 85' lang='lat' dir='ltr'><strong>vasis</strong></span> <span class='ocrx_word' id='word_1_785' title='bbox 2577 4029 2701 4081; x_wconf 86' lang='lat' dir='ltr'><strong>suis.</strong></span> <span class='ocrx_word' id='word_1_786' title='bbox 2733 4028 2790 4082; x_wconf 90' lang='grc'><strong>8.</strong></span> <span class='ocrx_word' id='word_1_787' title='bbox 2826 4026 3138 4080; x_wconf 80' lang='lat' dir='ltr'><strong>Ambrosius</strong></span> <span class='ocrx_word' id='word_1_788' title='bbox 3183 4027 3232 4079; x_wconf 94' lang='lat' dir='ltr'><strong>in</strong></span> <span class='ocrx_word' id='word_1_789' title='bbox 3281 4028 3372 4080; x_wconf 92' lang='lat' dir='ltr'><strong>lib.</strong></span> <span class='ocrx_word' id='word_1_790' title='bbox 3401 4043 3432 4081; x_wconf 73' lang='grc' dir='ltr'><strong>ν</strong></span> 
     </span>
    </p>
   </div>
   <div class='ocr_carea' id='block_1_99' title="bbox 1872 4119 3430 4190">
    <p class='ocr_par' dir='ltr' id='par_1_99' title="bbox 1872 4119 3430 4190">
     <span class='ocr_line' id='line_1_99' title="bbox 1872 4119 3430 4190; baseline -0.002 -15"><span class='ocrx_word' id='word_1_791' title='bbox 1872 4121 2131 4175; x_wconf 81' lang='lat' dir='ltr'><strong>Hexaem.</strong></span> <span class='ocrx_word' id='word_1_792' title='bbox 2157 4136 2274 4190; x_wconf 89' lang='lat' dir='ltr'><strong>cap.</strong></span> <span class='ocrx_word' id='word_1_793' title='bbox 2304 4120 2356 4184; x_wconf 88' lang='lat'><strong>6,</strong></span> <span class='ocrx_word' id='word_1_794' title='bbox 2399 4137 2512 4189; x_wconf 82' lang='lat' dir='ltr'><strong>pag.</strong></span> <span class='ocrx_word' id='word_1_795' title='bbox 2557 4120 2648 4183; x_wconf 80' lang='lat'><strong>85,</strong></span> <span class='ocrx_word' id='word_1_796' title='bbox 2688 4135 2800 4172; x_wconf 85' lang='lat' dir='ltr'><strong>cum</strong></span> <span class='ocrx_word' id='word_1_797' title='bbox 2820 4128 2985 4171; x_wconf 87' lang='lat' dir='ltr'><strong>autem</strong></span> <span class='ocrx_word' id='word_1_798' title='bbox 3007 4129 3130 4171; x_wconf 87' lang='lat' dir='ltr'><strong>esset</strong></span> <span class='ocrx_word' id='word_1_799' title='bbox 3150 4119 3430 4187; x_wconf 88' lang='lat' dir='ltr'><strong>impletum,</strong></span> 
     </span>
    </p>
   </div>
   <div class='ocr_carea' id='block_1_100' title="bbox 1871 4209 3432 4280">
    <p class='ocr_par' dir='ltr' id='par_1_100' title="bbox 1871 4209 3432 4280">
     <span class='ocr_line' id='line_1_100' title="bbox 1871 4209 3432 4280; baseline 0.001 -18"><span class='ocrx_word' id='word_1_800' title='bbox 1871 4213 2124 4264; x_wconf 76' lang='lat' dir='ltr'><strong>duxerunt</strong></span> <span class='ocrx_word' id='word_1_801' title='bbox 2169 4211 2222 4262; x_wconf 86' lang='lat' dir='ltr'><strong>id</strong></span> <span class='ocrx_word' id='word_1_802' title='bbox 2246 4212 2312 4262; x_wconf 88' lang='lat' dir='ltr'><strong>ad</strong></span> <span class='ocrx_word' id='word_1_803' title='bbox 2342 4212 2502 4276; x_wconf 88' lang='lat' dir='ltr'><strong>littus,</strong></span> <span class='ocrx_word' id='word_1_804' title='bbox 2534 4221 2581 4263; x_wconf 89' lang='lat' dir='ltr'><strong>et</strong></span> <span class='ocrx_word' id='word_1_805' title='bbox 2605 4210 2833 4262; x_wconf 86' lang='lat' dir='ltr'><strong>sedentes</strong></span> <span class='ocrx_word' id='word_1_806' title='bbox 2861 4209 3117 4280; x_wconf 86' lang='lat' dir='ltr'><strong>elegerunt</strong></span> <span class='ocrx_word' id='word_1_807' title='bbox 3139 4210 3354 4279; x_wconf 79' lang='lat' dir='ltr'><strong>Optimos</strong></span> <span class='ocrx_word' id='word_1_808' title='bbox 3380 4212 3432 4264; x_wconf 86' lang='lat' dir='ltr'><strong>in</strong></span> 
     </span>
    </p>
   </div>
   <div class='ocr_carea' id='block_1_101' title="bbox 1868 4302 2150 4353">
    <p class='ocr_par' dir='ltr' id='par_1_101' title="bbox 1868 4302 2150 4353">
     <span class='ocr_line' id='line_1_101' title="bbox 1868 4302 2150 4353; baseline -0.007 0"><span class='ocrx_word' id='word_1_809' title='bbox 1868 4302 2000 4353; x_wconf 80' lang='lat' dir='ltr'><strong>vasis</strong></span> <span class='ocrx_word' id='word_1_810' title='bbox 2029 4302 2150 4353; x_wconf 82' lang='lat' dir='ltr'><strong>suis.</strong></span> 
     </span>
    </p>
   </div>
   <div class='ocr_carea' id='block_1_102' title="bbox 1938 4390 3425 4462">
    <p class='ocr_par' dir='ltr' id='par_1_102' title="bbox 1938 4390 3425 4462">
     <span class='ocr_line' id='line_1_102' title="bbox 1938 4390 3425 4462; baseline 0.002 -18"><span class='ocrx_word' id='word_1_811' title='bbox 1938 4391 2124 4445; x_wconf 88' lang='lat' dir='ltr'><strong>Matth.</strong></span> <span class='ocrx_word' id='word_1_812' title='bbox 2151 4407 2267 4462; x_wconf 91' lang='lat' dir='ltr'><strong>cap.</strong></span> <span class='ocrx_word' id='word_1_813' title='bbox 2302 4401 2388 4458; x_wconf 74' lang='lat' dir='ltr'><strong>xv,</strong></span> <span class='ocrx_word' id='word_1_814' title='bbox 2415 4391 2504 4446; x_wconf 83' lang='grc'>26.</span> <span class='ocrx_word' id='word_1_815' title='bbox 2539 4391 2836 4446; x_wconf 86' lang='lat' dir='ltr'><strong>Vercelleu.</strong></span> <span class='ocrx_word' id='word_1_816' title='bbox 2890 4392 3184 4455; x_wconf 86' lang='lat' dir='ltr'><strong>Veroneu.,</strong></span> <span class='ocrx_word' id='word_1_817' title='bbox 3218 4401 3272 4447; x_wconf 87' lang='lat' dir='ltr'><strong>et</strong></span> <span class='ocrx_word' id='word_1_818' title='bbox 3293 4390 3425 4448; x_wconf 86' lang='lat' dir='ltr'><strong>Cor-</strong></span> 
     </span>
    </p>
   </div>
   <div class='ocr_carea' id='block_1_103' title="bbox 1868 4483 3427 4554">
    <p class='ocr_par' dir='ltr' id='par_1_103' title="bbox 1868 4483 3427 4554">
     <span class='ocr_line' id='line_1_103' title="bbox 1868 4483 3427 4554; baseline 0.001 -16"><span class='ocrx_word' id='word_1_819' title='bbox 1868 4483 2068 4547; x_wconf 86' lang='lat' dir='ltr'><strong>beicn.,</strong></span> <span class='ocrx_word' id='word_1_820' title='bbox 2115 4502 2214 4539; x_wconf 88' lang='lat' dir='ltr'><strong>non</strong></span> <span class='ocrx_word' id='word_1_821' title='bbox 2261 4486 2372 4539; x_wconf 87' lang='lat' dir='ltr'><strong>licet</strong></span> <span class='ocrx_word' id='word_1_822' title='bbox 2398 4488 2645 4554; x_wconf 86' lang='lat' dir='ltr'><strong>accipere,</strong></span> <span class='ocrx_word' id='word_1_823' title='bbox 2696 4495 2748 4540; x_wconf 89' lang='lat' dir='ltr'><strong>et</strong></span> <span class='ocrx_word' id='word_1_824' title='bbox 2804 4486 2874 4539; x_wconf 87' lang='lat' dir='ltr'><strong>ita</strong></span> <span class='ocrx_word' id='word_1_825' title='bbox 2914 4483 2969 4540; x_wconf 94' lang='lat' dir='ltr'><strong>S.</strong></span> <span class='ocrx_word' id='word_1_826' title='bbox 3024 4487 3337 4540; x_wconf 82' lang='lat' dir='ltr'><strong>Ambrosius</strong></span> <span class='ocrx_word' id='word_1_827' title='bbox 3377 4488 3427 4541; x_wconf 93' lang='lat' dir='ltr'><strong>in</strong></span> 
     </span>
    </p>
   </div>
   <div class='ocr_carea' id='block_1_104' title="bbox 1797 4559 3428 4645">
    <p class='ocr_par' dir='ltr' id='par_1_104' title="bbox 1797 4559 3428 4645">
     <span class='ocr_line' id='line_1_104' title="bbox 1797 4559 3428 4645; baseline -0.001 -13"><span class='ocrx_word' id='word_1_828' title='bbox 1797 4559 1842 4618; x_wconf 80' lang='grc' dir='ltr'><strong>Ῑ)</strong></span> <span class='ocrx_word' id='word_1_829' title='bbox 1873 4577 2112 4632; x_wconf 88' lang='lat' dir='ltr'><strong>Euarrat.</strong></span> <span class='ocrx_word' id='word_1_830' title='bbox 2154 4577 2206 4630; x_wconf 92' lang='lat' dir='ltr'><strong>in</strong></span> <span class='ocrx_word' id='word_1_831' title='bbox 2239 4577 2432 4631; x_wconf 86' lang='lat' dir='ltr'><strong>Psalm.</strong></span> <span class='ocrx_word' id='word_1_832' title='bbox 2467 4592 2613 4640; x_wconf 72' lang='lat' dir='ltr'><strong>sun,</strong></span> <span class='ocrx_word' id='word_1_833' title='bbox 2647 4591 2762 4644; x_wconf 73' lang='lat' dir='ltr'><strong>pag.</strong></span> <span class='ocrx_word' id='word_1_834' title='bbox 2797 4576 2921 4638; x_wconf 87' lang='lat'><strong>907,</strong></span> <span class='ocrx_word' id='word_1_835' title='bbox 2958 4577 3191 4629; x_wconf 80' lang='lat' dir='ltr'><strong>Brixian.</strong></span> <span class='ocrx_word' id='word_1_836' title='bbox 3221 4592 3428 4645; x_wconf 87' lang='lat' dir='ltr'><strong>quoque</strong></span> 
     </span>
    </p>
   </div>
   <div class='ocr_carea' id='block_1_105' title="bbox 1869 4665 3427 4738">
    <p class='ocr_par' dir='ltr' id='par_1_105' title="bbox 1869 4665 3427 4738">
     <span class='ocr_line' id='line_1_105' title="bbox 1869 4665 3427 4738; baseline -0.001 -17"><span class='ocrx_word' id='word_1_837' title='bbox 1869 4668 2048 4734; x_wconf 90' lang='lat' dir='ltr'><strong>habet,</strong></span> <span class='ocrx_word' id='word_1_838' title='bbox 2089 4670 2337 4738; x_wconf 82' lang='lat' dir='ltr'><strong>accipere.</strong></span> <span class='ocrx_word' id='word_1_839' title='bbox 2389 4668 2537 4721; x_wconf 87' lang='lat' dir='ltr'><strong>Pers.</strong></span> <span class='ocrx_word' id='word_1_840' title='bbox 2580 4667 2704 4720; x_wconf 88' lang='lat' dir='ltr'><strong>item</strong></span> <span class='ocrx_word' id='word_1_841' title='bbox 2737 4665 2886 4720; x_wconf 86' lang='lat' dir='ltr'><strong>Vers.</strong></span> <span class='ocrx_word' id='word_1_842' title='bbox 2921 4675 2973 4720; x_wconf 89' lang='lat' dir='ltr'><strong>et</strong></span> <span class='ocrx_word' id='word_1_843' title='bbox 3002 4666 3058 4718; x_wconf 89' lang='lat' dir='ltr'><strong>S.</strong></span> <span class='ocrx_word' id='word_1_844' title='bbox 3091 4665 3321 4718; x_wconf 87' lang='lat' dir='ltr'><strong>Hilarius</strong></span> <span class='ocrx_word' id='word_1_845' title='bbox 3353 4667 3427 4720; x_wconf 82' lang='lat' dir='ltr'><strong>le-</strong></span> 
     </span>
    </p>
   </div>
   <div class='ocr_carea' id='block_1_106' title="bbox 1865 4757 3426 4832">
    <p class='ocr_par' dir='ltr' id='par_1_106' title="bbox 1865 4757 3426 4832">
     <span class='ocr_line' id='line_1_106' title="bbox 1865 4757 3426 4832; baseline -0.002 -17"><span class='ocrx_word' id='word_1_846' title='bbox 1865 4770 2014 4832; x_wconf 88' lang='lat' dir='ltr'><strong>gunt.</strong></span> <span class='ocrx_word' id='word_1_847' title='bbox 2043 4778 2142 4817; x_wconf 92' lang='lat' dir='ltr'><strong>non</strong></span> <span class='ocrx_word' id='word_1_848' title='bbox 2178 4764 2312 4826; x_wconf 85' lang='lat' dir='ltr'><strong>licet,</strong></span> <span class='ocrx_word' id='word_1_849' title='bbox 2337 4772 2440 4815; x_wconf 91' lang='lat' dir='ltr'><strong>etc.</strong></span> <span class='ocrx_word' id='word_1_850' title='bbox 2492 4761 2530 4814; x_wconf 84' lang='lat' dir='ltr'>E</span> <span class='ocrx_word' id='word_1_851' title='bbox 2583 4759 2785 4814; x_wconf 75' lang='lat' dir='ltr'><strong>Grzecis</strong></span> <span class='ocrx_word' id='word_1_852' title='bbox 2815 4759 2869 4815; x_wconf 92' lang='lat' dir='ltr'><strong>S.</strong></span> <span class='ocrx_word' id='word_1_853' title='bbox 2901 4758 3130 4811; x_wconf 86' lang='lat' dir='ltr'><strong>Basilius</strong></span> <span class='ocrx_word' id='word_1_854' title='bbox 3168 4757 3426 4812; x_wconf 88' lang='lat' dir='ltr'><strong>Seleucus</strong></span> 
     </span>
    </p>
   </div>
   <div class='ocr_carea' id='block_1_107' title="bbox 1866 4852 2471 4922">
    <p class='ocr_par' dir='ltr' id='par_1_107' title="bbox 1866 4852 2471 4922">
     <span class='ocr_line' id='line_1_107' title="bbox 1866 4852 2471 4922; baseline -0.007 -14"><span class='ocrx_word' id='word_1_855' title='bbox 1866 4853 2022 4908; x_wconf 80' lang='lat' dir='ltr'><strong>habet</strong></span> <span class='ocrx_word' id='word_1_856' title='bbox 2046 4856 2198 4918; x_wconf 74' lang='grc' dir='ltr'><strong>ἔξισι,</strong></span> <span class='ocrx_word' id='word_1_857' title='bbox 2229 4867 2346 4922; x_wconf 87' lang='lat' dir='ltr'><strong>pro,</strong></span> <span class='ocrx_word' id='word_1_858' title='bbox 2370 4852 2471 4907; x_wconf 79' lang='grc' dir='ltr'><strong>ἶσι.</strong></span> 
     </span>
    </p>
   </div>
   <div class='ocr_carea' id='block_1_108' title="bbox 1932 4942 3424 5015">
    <p class='ocr_par' dir='ltr' id='par_1_108' title="bbox 1932 4942 3424 5015">
     <span class='ocr_line' id='line_1_108' title="bbox 1932 4942 3424 5015; baseline -0.001 -13"><span class='ocrx_word' id='word_1_859' title='bbox 1932 4946 2122 5002; x_wconf 80' lang='lat' dir='ltr'><strong>Joann.</strong></span> <span class='ocrx_word' id='word_1_860' title='bbox 2166 4961 2284 5014; x_wconf 89' lang='lat' dir='ltr'><strong>cap.</strong></span> <span class='ocrx_word' id='word_1_861' title='bbox 2335 4960 2410 5008; x_wconf 90' lang='grc' dir='ltr'>ιιι,</span> <span class='ocrx_word' id='word_1_862' title='bbox 2442 4943 2526 4997; x_wconf 85' lang='grc'>16.</span> <span class='ocrx_word' id='word_1_863' title='bbox 2560 4942 2862 4998; x_wconf 79' lang='lat' dir='ltr'><strong>Vercellen.</strong></span> <span class='ocrx_word' id='word_1_864' title='bbox 2895 4950 2980 4995; x_wconf 79' lang='lat' dir='ltr'><strong>res</strong></span> <span class='ocrx_word' id='word_1_865' title='bbox 3001 4951 3130 5013; x_wconf 81' lang='lat' dir='ltr'><strong>aqua</strong></span> <span class='ocrx_word' id='word_1_866' title='bbox 3160 4945 3424 5015; x_wconf 79' lang='lat' dir='ltr'><strong>baptizabo</strong></span> 
     </span>
    </p>
   </div>
   <div class='ocr_carea' id='block_1_109' title="bbox 1858 5027 3421 5107">
    <p class='ocr_par' dir='ltr' id='par_1_109' title="bbox 1858 5027 3421 5107">
     <span class='ocr_line' id='line_1_109' title="bbox 1858 5027 3421 5107; baseline -0.002 -15"><span class='ocrx_word' id='word_1_867' title='bbox 1858 5040 1913 5092; x_wconf 84' lang='lat' dir='ltr'><strong>in</strong></span> <span class='ocrx_word' id='word_1_868' title='bbox 1952 5027 2340 5107; x_wconf 63' lang='lat' dir='ltr'><strong>paenitentiam;</strong></span> <span class='ocrx_word' id='word_1_869' title='bbox 2365 5034 2555 5089; x_wconf 87' lang='lat' dir='ltr'><strong>Veron.</strong></span> <span class='ocrx_word' id='word_1_870' title='bbox 2591 5051 2675 5089; x_wconf 85' lang='lat' dir='ltr'><strong>vos</strong></span> <span class='ocrx_word' id='word_1_871' title='bbox 2705 5051 2837 5105; x_wconf 88' lang='lat' dir='ltr'><strong>aqua</strong></span> <span class='ocrx_word' id='word_1_872' title='bbox 2865 5035 3062 5105; x_wconf 79' lang='lat' dir='ltr'><strong>baptizo</strong></span> <span class='ocrx_word' id='word_1_873' title='bbox 3090 5037 3142 5088; x_wconf 88' lang='lat' dir='ltr'><strong>in</strong></span> <span class='ocrx_word' id='word_1_874' title='bbox 3181 5039 3421 5106; x_wconf 77' lang='lat' dir='ltr'><strong>paeniten-</strong></span> 
     </span>
    </p>
   </div>
   <div class='ocr_carea' id='block_1_110' title="bbox 1861 5126 3432 5197">
    <p class='ocr_par' dir='ltr' id='par_1_110' title="bbox 1861 5126 3432 5197">
     <span class='ocr_line' id='line_1_110' title="bbox 1861 5126 3432 5197; baseline -0.003 -13"><span class='ocrx_word' id='word_1_875' title='bbox 1861 5133 2003 5184; x_wconf 86' lang='lat' dir='ltr'><strong>tiam.</strong></span> <span class='ocrx_word' id='word_1_876' title='bbox 2035 5128 2166 5183; x_wconf 78' lang='lat' dir='ltr'><strong>.Gat.</strong></span> <span class='ocrx_word' id='word_1_877' title='bbox 2207 5129 2260 5180; x_wconf 89' lang='lat' dir='ltr'><strong>in</strong></span> <span class='ocrx_word' id='word_1_878' title='bbox 2289 5127 2603 5197; x_wconf 67' lang='lat' dir='ltr'><strong>paenitentia.</strong></span> <span class='ocrx_word' id='word_1_879' title='bbox 2638 5126 2998 5182; x_wconf 85' lang='lat' dir='ltr'><strong>Tertullianus</strong></span> <span class='ocrx_word' id='word_1_880' title='bbox 3029 5143 3146 5197; x_wconf 85' lang='lat' dir='ltr'><strong>pag.</strong></span> <span class='ocrx_word' id='word_1_881' title='bbox 3181 5127 3304 5191; x_wconf 87' lang='grc'>228,</span> <span class='ocrx_word' id='word_1_882' title='bbox 3336 5143 3432 5191; x_wconf 80' lang='lat' dir='ltr'><strong>vos</strong></span> 
     </span>
    </p>
   </div>
   <div class='ocr_carea' id='block_1_111' title="bbox 1859 5221 2466 5292">
    <p class='ocr_par' dir='ltr' id='par_1_111' title="bbox 1859 5221 2466 5292">
     <span class='ocr_line' id='line_1_111' title="bbox 1859 5221 2466 5292; baseline -0.007 -16"><span class='ocrx_word' id='word_1_883' title='bbox 1859 5225 1969 5276; x_wconf 90' lang='lat' dir='ltr'><strong>sola</strong></span> <span class='ocrx_word' id='word_1_884' title='bbox 1994 5221 2282 5292; x_wconf 77' lang='lat' dir='ltr'><strong>paenitentia</strong></span> <span class='ocrx_word' id='word_1_885' title='bbox 2307 5222 2466 5290; x_wconf 87' lang='lat' dir='ltr'><strong>tingo.</strong></span> 
     </span>
    </p>
   </div>
   <div class='ocr_carea' id='block_1_112' title="bbox 1932 5308 3417 5380">
    <p class='ocr_par' dir='ltr' id='par_1_112' title="bbox 1932 5308 3417 5380">
     <span class='ocr_line' id='line_1_112' title="bbox 1932 5308 3417 5380; baseline -0.003 -14"><span class='ocrx_word' id='word_1_886' title='bbox 1932 5313 2124 5367; x_wconf 84' lang='lat' dir='ltr'><strong>loann.</strong></span> <span class='ocrx_word' id='word_1_887' title='bbox 2167 5309 2294 5379; x_wconf 85' lang='lat' dir='ltr'><strong>Cap.</strong></span> <span class='ocrx_word' id='word_1_888' title='bbox 2329 5327 2378 5376; x_wconf 73' lang='grc' dir='ltr'><strong>ν,</strong></span> <span class='ocrx_word' id='word_1_889' title='bbox 2407 5308 2495 5363; x_wconf 70' lang='grc'><strong>14.</strong></span> <span class='ocrx_word' id='word_1_890' title='bbox 2531 5309 2830 5365; x_wconf 78' lang='lat' dir='ltr'><strong>Vercellen.</strong></span> <span class='ocrx_word' id='word_1_891' title='bbox 2865 5320 2909 5363; x_wconf 89' lang='lat' dir='ltr'><strong>et</strong></span> <span class='ocrx_word' id='word_1_892' title='bbox 2930 5311 3144 5380; x_wconf 77' lang='lat' dir='ltr'><strong>gloriam</strong></span> <span class='ocrx_word' id='word_1_893' title='bbox 3173 5313 3232 5364; x_wconf 82' lang='lat' dir='ltr'><strong>ab</strong></span> <span class='ocrx_word' id='word_1_894' title='bbox 3272 5312 3417 5363; x_wconf 86' lang='lat' dir='ltr'><strong>unico</strong></span> 
     </span>
    </p>
   </div>
   <div class='ocr_carea' id='block_1_113' title="bbox 1862 5401 3417 5474">
    <p class='ocr_par' dir='ltr' id='par_1_113' title="bbox 1862 5401 3417 5474">
     <span class='ocr_line' id='line_1_113' title="bbox 1862 5401 3417 5474; baseline -0.002 -15"><span class='ocrx_word' id='word_1_895' title='bbox 1862 5423 1961 5459; x_wconf 84' lang='lat' dir='ltr'><strong>non</strong></span> <span class='ocrx_word' id='word_1_896' title='bbox 1988 5403 2251 5472; x_wconf 61' lang='lat' dir='ltr'><strong>queritis?</strong></span> <span class='ocrx_word' id='word_1_897' title='bbox 2282 5401 2567 5468; x_wconf 73' lang='lat' dir='ltr'><strong>Veronen.,</strong></span> <span class='ocrx_word' id='word_1_898' title='bbox 2596 5411 2642 5453; x_wconf 89' lang='lat' dir='ltr'><strong>et</strong></span> <span class='ocrx_word' id='word_1_899' title='bbox 2675 5403 2918 5455; x_wconf 82' lang='lat' dir='ltr'><strong>honorem</strong></span> <span class='ocrx_word' id='word_1_900' title='bbox 2957 5406 3098 5474; x_wconf 88' lang='lat' dir='ltr'><strong>ejus,</strong></span> <span class='ocrx_word' id='word_1_901' title='bbox 3127 5403 3213 5471; x_wconf 85' lang='lat' dir='ltr'><strong>qui</strong></span> <span class='ocrx_word' id='word_1_902' title='bbox 3235 5412 3305 5456; x_wconf 88' lang='lat' dir='ltr'><strong>est</strong></span> <span class='ocrx_word' id='word_1_903' title='bbox 3330 5419 3417 5456; x_wconf 87' lang='lat' dir='ltr'><strong>so-</strong></span> 
     </span>
    </p>
   </div>
   <div class='ocr_carea' id='block_1_114' title="bbox 1862 5496 3418 5569">
    <p class='ocr_par' dir='ltr' id='par_1_114' title="bbox 1862 5496 3418 5569">
     <span class='ocr_line' id='line_1_114' title="bbox 1862 5496 3418 5569; baseline -0.001 -18"><span class='ocrx_word' id='word_1_904' title='bbox 1862 5499 1960 5564; x_wconf 85' lang='lat' dir='ltr'><strong>lus,</strong></span> <span class='ocrx_word' id='word_1_905' title='bbox 2004 5497 2400 5564; x_wconf 58' lang='lat' dir='ltr'><strong>nonquia-itis?</strong></span> <span class='ocrx_word' id='word_1_906' title='bbox 2437 5496 2494 5550; x_wconf 92' lang='lat' dir='ltr'><strong>S.</strong></span> <span class='ocrx_word' id='word_1_907' title='bbox 2551 5499 2795 5563; x_wconf 87' lang='lat' dir='ltr'><strong>Hilarius,</strong></span> <span class='ocrx_word' id='word_1_908' title='bbox 2827 5509 2873 5552; x_wconf 89' lang='lat' dir='ltr'><strong>et</strong></span> <span class='ocrx_word' id='word_1_909' title='bbox 2911 5501 3146 5552; x_wconf 87' lang='lat' dir='ltr'><strong>honorem</strong></span> <span class='ocrx_word' id='word_1_910' title='bbox 3175 5501 3303 5569; x_wconf 89' lang='lat' dir='ltr'><strong>ejus,</strong></span> <span class='ocrx_word' id='word_1_911' title='bbox 3333 5497 3418 5564; x_wconf 86' lang='lat' dir='ltr'><strong>qui</strong></span> 
     </span>
    </p>
   </div>
   <div class='ocr_carea' id='block_1_115' title="bbox 1861 5590 2706 5660">
    <p class='ocr_par' dir='ltr' id='par_1_115' title="bbox 1861 5590 2706 5660">
     <span class='ocr_line' id='line_1_115' title="bbox 1861 5590 2706 5660; baseline 0 -16"><span class='ocrx_word' id='word_1_912' title='bbox 1861 5590 2000 5644; x_wconf 49' lang='lat' dir='ltr'><strong>solas</strong></span> <span class='ocrx_word' id='word_1_913' title='bbox 2028 5599 2100 5643; x_wconf 83' lang='lat' dir='ltr'><strong>est</strong></span> <span class='ocrx_word' id='word_1_914' title='bbox 2125 5590 2280 5660; x_wconf 79' lang='lat' dir='ltr'><strong>Deus,</strong></span> <span class='ocrx_word' id='word_1_915' title='bbox 2305 5607 2405 5643; x_wconf 83' lang='lat' dir='ltr'><strong>non</strong></span> <span class='ocrx_word' id='word_1_916' title='bbox 2433 5591 2706 5658; x_wconf 88' lang='lat' dir='ltr'><strong>requiritis.</strong></span> 
     </span>
    </p>
   </div>
   <div class='ocr_carea' id='block_1_116' title="bbox 1933 5679 3418 5752">
    <p class='ocr_par' dir='ltr' id='par_1_116' title="bbox 1933 5679 3418 5752">
     <span class='ocr_line' id='line_1_116' title="bbox 1933 5679 3418 5752; baseline 0 -16"><span class='ocrx_word' id='word_1_917' title='bbox 1933 5679 2060 5736; x_wconf 90' lang='lat' dir='ltr'><strong>Luc.</strong></span> <span class='ocrx_word' id='word_1_918' title='bbox 2090 5684 2204 5752; x_wconf 79' lang='lat' dir='ltr'><strong>cap.</strong></span> <span class='ocrx_word' id='word_1_919' title='bbox 2241 5696 2298 5744; x_wconf 78' lang='grc' dir='ltr'><strong>ι,</strong></span> <span class='ocrx_word' id='word_1_920' title='bbox 2325 5679 2415 5734; x_wconf 90' lang='grc'><strong>22.</strong></span> <span class='ocrx_word' id='word_1_921' title='bbox 2452 5681 2770 5746; x_wconf 82' lang='lat' dir='ltr'><strong>Vercellen.,</strong></span> <span class='ocrx_word' id='word_1_922' title='bbox 2802 5690 2848 5734; x_wconf 90' lang='lat' dir='ltr'><strong>et</strong></span> <span class='ocrx_word' id='word_1_923' title='bbox 2876 5695 3018 5733; x_wconf 85' lang='lat' dir='ltr'><strong>nemo</strong></span> <span class='ocrx_word' id='word_1_924' title='bbox 3047 5681 3182 5733; x_wconf 85' lang='lat' dir='ltr'><strong>novit</strong></span> <span class='ocrx_word' id='word_1_925' title='bbox 3205 5681 3318 5752; x_wconf 89' lang='lat' dir='ltr'><strong>quis</strong></span> <span class='ocrx_word' id='word_1_926' title='bbox 3345 5692 3418 5737; x_wconf 87' lang='lat' dir='ltr'><strong>est</strong></span> 
     </span>
    </p>
   </div>
   <div class='ocr_carea' id='block_1_117' title="bbox 1864 5769 3412 5839">
    <p class='ocr_par' dir='ltr' id='par_1_117' title="bbox 1864 5769 3412 5839">
     <span class='ocr_line' id='line_1_117' title="bbox 1864 5769 3412 5839; baseline 0.001 -12"><span class='ocrx_word' id='word_1_927' title='bbox 1864 5772 2038 5838; x_wconf 88' lang='lat' dir='ltr'><strong>Pater,</strong></span> <span class='ocrx_word' id='word_1_928' title='bbox 2064 5772 2161 5826; x_wconf 81' lang='lat' dir='ltr'><strong>nisi</strong></span> <span class='ocrx_word' id='word_1_929' title='bbox 2195 5769 2379 5838; x_wconf 77' lang='lat' dir='ltr'><strong>Filius,</strong></span> <span class='ocrx_word' id='word_1_930' title='bbox 2405 5781 2509 5830; x_wconf 76' lang='lat' dir='ltr'><strong>etc.</strong></span> <span class='ocrx_word' id='word_1_931' title='bbox 2539 5773 2758 5837; x_wconf 85' lang='lat' dir='ltr'><strong>Vcron.,</strong></span> <span class='ocrx_word' id='word_1_932' title='bbox 2785 5782 2830 5825; x_wconf 89' lang='lat' dir='ltr'><strong>et</strong></span> <span class='ocrx_word' id='word_1_933' title='bbox 2861 5788 3003 5827; x_wconf 86' lang='lat' dir='ltr'><strong>nemo</strong></span> <span class='ocrx_word' id='word_1_934' title='bbox 3029 5775 3163 5828; x_wconf 82' lang='lat' dir='ltr'><strong>novit</strong></span> <span class='ocrx_word' id='word_1_935' title='bbox 3190 5772 3412 5839; x_wconf 82' lang='lat' dir='ltr'><strong>Patrem,</strong></span> 
     </span>
    </p>
   </div>
  </div>
