3902 6392
487 451 553 509 91
972 497 975 501 .
1832 450 2081 508 ΡΒΟΙΕ(

2196 450 2369 505 [ΕΝΑ.
2772 497 2783 514 ,
3644 455 3655 516 ί
3680 450 3754 508 92

486 565 589 619 nisi
619 563 809 629 Filius,
841 573 885 617 et
932 580 1185 633 que.......
1216 568 1284 618 rit
1318 566 1539 620 Fili...”
1608 565 1707 619 nisi
1754 564 1929 631 Pater,
1958 579 2063 621 etc.
2094 578 2144 635 Α
2171 571 2409 636 quoniam
2429 580 2832 621 consummatum
2878 578 2985 621 erat
3029 568 3201 621 vinum
3237 568 3559 639 nuptiarum;
3587 577 3643 624 et
3670 567 3748 623 ita

492 653 723 708 Sanctus
780 654 1011 709 lrcntcus
1041 656 1090 707 in
1117 656 1209 709 lib.
1258 672 1295 709 ιι
1344 667 1530 710 cmtlt‘a
1576 656 1819 711 Haereses
1850 668 1979 711 tom.
2025 674 2063 722 ι,

494 758 615 813 pag.
652 743 776 807 122,
819 762 961 797 nemo
989 746 1245 815 cognoscit
1277 744 1513 811 Patrem,
1562 746 1659 799 nisi
1689 745 1879 809 Filius,
1908 764 2066 814 neque

494 832 713 901 Filium,
737 836 856 900 nisi,
882 835 1058 902 Pater,
1082 847 1185 891 etc.

563 926 748 979 Matth.
779 942 897 994 cap.
930 944 1007 995 ιιι,
1061 929 1113 983 9.
1146 930 1471 993 Vercellum,
1502 941 1550 983 et
1574 931 1728 985 nolite
1748 932 2060 985 ea‘islimare.

498 1015 765 1071 Vcronen.
797 1028 849 1072 et
881 1019 1114 1073 Brixian.
1168 1030 1216 1072 et
1261 1021 1416 1073 nolite
1453 1026 1691 1091 prxferre
1730 1039 1835 1075 vos.
1884 1023 2064 1078 Codex

494 1125 708 1181 quoque
736 1112 1221 1181 regio.Gallicanus
1254 1114 1310 1168 S.
1344 1114 1526 1168 Hilarii
1560 1126 1712 1169 tract.
1761 1116 1812 1169 in
1864 1116 2061 1170 PSulttt.

494 1219 620 1267 va,
652 1205 850 1258 relatus
876 1207 943 1259 ab
967 1206 1260 1261 editoribus
1285 1206 1343 1261 S.
1370 1207 1535 1262 Mauri
1560 1220 1687 1262 tom.
1722 1224 1759 1274 ι,
1790 1224 1908 1278 pag.
1936 1209 2061 1275 201,

496 1294 679 1359 habet,
715 1296 979 1365 prwferre,
1010 1305 1113 1351 etc.

568 1386 755 1439 Matth.
782 1401 898 1455 cap.
925 1404 979 1451 ν,
1012 1388 1102 1442 11.
1134 1388 1463 1455 Vercellen.,
1498 1406 1611 1443 cum
1636 1406 1721 1444 vos
1741 1391 2062 1458 mai’edicent,

496 1486 543 1530 et
573 1489 958 1545 persequentur,
992 1491 1037 1531 et
1062 1480 1229 1534 dicent
1270 1498 1628 1537 omne.........
1663 1485 1935 1552 justitiam.
1964 1484 2066 1539 Vc—

495 1586 639 1634 ron.,
674 1588 789 1624 cum
824 1586 910 1625 vos
952 1572 1255 1628 maledi.....
1288 1586 1605 1643 quent.......
1640 1588 1748 1630 cent
1780 1594 1926 1630 omne
1953 1578 2083 1629 m'a-‘

499 1661 604 1714 lum
636 1661 897 1715 adversum
926 1679 1013 1717 vos
1050 1675 1253 1735 propter
1269 1667 1545 1737 justitiam.
1578 1666 2063 1732 San-Gerntanen.,

506 1754 825 1820 nntledicent,
874 1764 920 1808 et
947 1769 1327 1833 persequentur,
1381 1768 1423 1811 et
1473 1760 1639 1813 dicent
1689 1776 1835 1814 omne
1882 1761 2069 1813 malum

500 1844 763 1896 adversum
794 1860 879 1898 ros
906 1858 1108 1915 propter
1147 1850 1439 1915 justitiam,
1469 1859 1523 1903 et
1569 1850 1638 1903 ita
1669 1850 1726 1905 S.
1757 1852 2069 1905 Ambrosius

2168 660 2225 712 S.
2256 659 2587 713 Gaudentius
2614 660 2665 713 in
2696 660 2941 715 Sermon.
2968 675 3079 719 vm.
3113 675 3167 729 p.
3191 658 3269 714 88
3322 668 3376 713 et
3406 674 3460 729 ι).
3488 659 3582 725 97,
3613 674 3750 714 con-

2166 751 2285 803 sule
2308 751 2388 806 Cl.
2420 750 2667 806 Galcardi
2702 752 3021 809 Editioncm.
3058 750 3326 803 Vcronen.
3356 760 3401 803 et
3428 751 3608 805 vinum
3647 768 3751 805 non

2168 842 2435 904 habebant,
2466 846 2703 909 quoniam
2734 845 2933 911 ﬁnitum
2952 851 3056 895 erat
3081 844 3251 895 vinum
3272 844 3585 911 nuptiarum.
3616 843 3753 898 Cor-

2166 932 2342 987 bcien.
2375 975 2390 998 ,
2434 936 2681 987 et‘vinum
2712 952 2810 987 non
2842 934 3125 997 habebant,
3158 934 3395 997 quoniam
3424 948 3753 988 consumam-

2166 1032 2273 1075 tum
2302 1034 2373 1076 est
2396 1025 2568 1077 vinum
2592 1026 2913 1093 nuptiarum.

2235 1114 2426 1169 Jmnn.
2460 1131 2577 1184 cap.
2608 1132 2687 1179 ιιι,
2729 1118 2816 1171 56.
2852 1116 3149 1189 Vercellcn.
3181 1116 3267 1183 qui
3292 1116 3345 1168 in
3366 1116 3503 1169 dicto
3535 1116 3754 1169 inobau-

2166 1206 2306 1258 diens
2338 1218 2406 1260 est
2434 1205 2604 1271 Filio,
2630 1208 2689 1261 S.
2721 1206 3020 1278 Cyprianus
3048 1206 3100 1260 in
3148 1205 3239 1260 lib.
3266 1221 3301 1259 ιι
3347 1205 3611 1261 adversus
3657 1205 3753 1261 Ju-

2165 1295 2311 1349 dccos
2335 1312 2453 1365 cap.
2481 1298 2549 1350 27
2570 1338 2583 1360 ,
2617 1312 2736 1366 pag.
2770 1298 2868 1351 561
2898 1338 2915 1362 ,
2943 1296 3030 1363 qui
3054 1295 3189 1349 dicto
3224 1311 3325 1348 non
3351 1295 3567 1349 audiens
3590 1304 3671 1358 est
3698 1297 3751 1349 in

2168 1387 2384 1441 Filium.
2416 1389 2637 1455 Quidam
2670 1403 2771 1443 ms.
2804 1389 2923 1442 cod.
2956 1388 3199 1457 ejusdem
3227 1389 3408 1458 operis
3433 1387 3493 1444 S.
3525 1388 3753 1461 Cypria-

2170 1477 2227 1532 ni
2252 1478 2303 1534 in
2343 1480 2459 1533 loco
2490 1482 2656 1534 citato
2683 1480 2865 1546 habet,
2888 1480 2974 1548 qui
3002 1481 3055 1532 in
3083 1479 3219 1533 dicto
3246 1480 3538 1533 inobediens
3563 1490 3639 1534 est
3663 1480 3755 1533 Fi-

2168 1570 2255 1622 lio.
2303 1570 2565 1623 Veroncn.
2602 1570 2888 1624 Corbeien.
2933 1579 2986 1623 et
3025 1568 3260 1623 Brixian.
3302 1571 3389 1639 qui
3432 1580 3601 1623 autem
3652 1586 3756 1623 non

2168 1662 2329 1713 credit
2361 1660 2514 1713 Filio.
2539 1662 2593 1715 S.
2620 1661 2946 1730 Augustinus
2973 1661 3024 1715 in
3051 1660 3329 1715 Encbiritl.
3352 1661 3421 1717 de
3440 1660 3591 1727 Fide,
3617 1662 3754 1732 Spe,

2171 1760 2226 1806 et
2251 1749 2546 1820 Cliaritate,
2582 1762 2710 1807 tum.
2741 1769 2813 1820 Vl,
2847 1769 2966 1823 pag.
2991 1751 3118 1819 209,
3147 1754 3233 1822 qui
3259 1762 3427 1807 autent
3468 1770 3570 1807 non
3594 1754 3758 1808 credit

2171 1844 2225 1897 in
2267 1842 2483 1897 Filium.

502 1936 555 1988 in
599 1936 691 1987 lib.
727 1952 740 1989 I
772 1936 838 1989 de
866 1936 1019 1991 Ollio.
1064 1937 1293 1992 Ministr.
1345 1956 1465 2008 cap.
1521 1942 1607 2006 16,
1660 1956 1778 2012 pag.
1822 1944 1908 2005 17,
1940 1944 2067 1997 etin
2102 1952 2145 2011 ιζ
2244 1936 2399 1991 Joan.
2425 1952 2544 2004 cap.
2579 1953 2652 2001 Vl,
2684 1938 2772 1992 58.
2807 1937 3106 1993 Vercellen.
3253 1938 3338 2009 qui
3364 1955 3441 1993 me
3465 1938 3622 2005 misit,
3654 1936 3762 1991 Pa-

501 2025 594 2079 lib.
627 2041 827 2096 n,cap.
865 2029 918 2085 5,
970 2044 1087 2097 pag.
1134 2031 1219 2085 75.
1261 2030 1492 2086 llilarius
1534 2048 1745 2102 quoque
1786 2032 2063 2099 diaconus,

504 2118 605 2172 sub
658 2118 925 2173 Ambrosii
969 2122 1185 2175 nomine
1232 2123 1509 2190 vulgatus,
1564 2123 1616 2177 in
1672 2133 1960 2178 comment.
2018 2126 2068 2178 in

505 2210 661 2280 epist.
688 2211 742 2265 S.
778 2212 925 2265 Pauli
958 2213 1024 2266 ad
1057 2214 1210 2268 Item.
1246 2230 1363 2282 pag.
1396 2216 1485 2280 52,
1518 2231 1633 2267 cum
1659 2230 1745 2269 vos
1774 2232 2073 2284 persequen-

505 2312 607 2367 tur,
634 2314 683 2357 et
708 2305 876 2359 dicent
925 2323 1069 2359 omne
1113 2306 1303 2360 malum
1328 2307 1593 2361 adversum
1620 2325 1705 2363 vos
1727 2320 1935 2379 propter
1953 2312 2072 2382 jus-

502 2394 690 2450 titiam.
718 2395 849 2451 ltem
880 2398 1140 2458 Brixian..
1174 2410 1549 2468 persequentur.

576 2483 762 2541 Matth.
791 2500 912 2556 cap.
941 2502 994 2552 κ,
1029 2488 1113 2541 10.
1146 2488 1444 2543 Vercellen.
1478 2506 1638 2559 neque
1680 2491 1874 2561 virgas;
1904 2500 1959 2546 et
2003 2492 2073 2545 ita

507 2571 689 2643 legunt
711 2575 899 2646 Steph.
932 2578 1201 2632 codeO.
1234 2580 1385 2634 Bodl.
1428 2580 1482 2646 4,
1531 2581 1713 2637 Vcsul.
1748 2584 1800 2647 1,
1830 2582 1995 2637 Eunt.
2022 2584 2077 2648 1,

510 2663 697 2722 Usser.
722 2668 781 2734 2,
812 2666 980 2723 Laud.
1000 2669 1059 2735 2,
1083 2670 1277 2740 aliique
1302 2672 1678 2739 quatnplurimi
1704 2673 2076 2733 vetustissimi,

507 2757 577 2812 de
604 2759 795 2829 quibus
828 2761 933 2815 late
960 2762 1175 2817 Miltius.
1218 2762 1352 2817 llnic
1380 2762 1591 2817 lectioni
1619 2763 1883 2819 consentit
1913 2763 2075 2818 etiam

512 2850 681 2905 Lucas
711 2866 829 2929 cap.
857 2869 929 2919 ix,
962 2855 1014 2908 5.
1893 2915 1900 2921 _

580 2942 763 2996 Matth.
794 2958 913 3012 cap.
943 2960 1002 3008 χ,
1037 2943 1125 2997 42.
1171 2945 1495 3013 Vercellen.,
1530 2946 1707 3015 peribit
1733 2961 1919 3001 merces
1947 2947 2076 3016 ejus.

516 3035 715 3089 Veron.
744 3038 924 3107 peribit
953 3055 1139 3091 merces
1192 3036 1304 3092 sua.
1336 3039 1565 3109 Vulgata
1605 3039 1787 3093 Italica
1828 3038 1978 3092 initio
2008 3038 2084 3092 le-e

512 3126 690 3195 gebtt,
717 3130 896 3195 peribit
922 3146 1110 3184 merces
1138 3140 1300 3183 vestra
1319 3171 1334 3197 ,
1364 3131 1533 3199 inquit
1563 3129 1757 3183 Millius
1787 3130 1836 3183 in
1870 3129 2081 3199 Prolcg.

514 3232 635 3287 pag.
678 3220 766 3283 42,
815 3236 933 3273 cum
965 3222 1023 3277 S.
1062 3219 1351 3293 Cypriane.
1402 3222 1668 3277 Hodierna
1694 3222 1890 3293 .lectio,
1911 3220 2083 3276 Marci

514 3324 633 3362 esse
662 3310 890 3373 videtur,
927 3312 1029 3367 huc
1052 3314 1162 3383 jam
1194 3316 1321 3369 olim
1367 3315 1647 3369 translata.

586 3400 769 3453 Matth.
817 3417 933 3471 cap.
980 3419 1091 3469 xm,
1146 3408 1228 3460 15.
1263 3407 1567 3462 Vercellen.
1598 3414 1652 3459 ut
1707 3405 1928 3459 videntes
1983 3422 2085 3458 non

515 3489 733 3554 videant,
759 3503 803 3543 ct
834 3494 1095 3549 audientes
1122 3514 1220 3549 non
1249 3499 1485 3553 audiant.
1510 3498 1709 3553 Veron.
1733 3504 1788 3549 et
1813 3494 2083 3550 Sun-Ger-

516 3595 729 3635 mancn.
762 3592 814 3634 ut
854 3586 1073 3639 videntes
1104 3604 1200 3640 non
1231 3589 1455 3655 videant,
1485 3599 1532 3641 et
1562 3589 1825 3641 audientes
1852 3587 2085 3651 audiant,

513 3681 560 3722 et
592 3688 690 3725 non
723 3675 1028 3744 intelligant.
1056 3677 1363 3745 C0rheicn.,
1382 3689 1450 3734 ut
1479 3680 1701 3734 vid-gntes
1733 3696 1833 3731 non
1863 3679 2085 3742 rideant,

516 3770 565 3814 et
587 3764 841 3817 audientes
864 3782 962 3819 non
982 3769 1214 3831 audiant,
1240 3788 1396 3840 neque
1414 3769 1722 3837 intelligant.
1748 3768 1804 3822 S.
1832 3768 2093 3830 lt'entcus,

516 3863 571 3907 ut
602 3856 823 3909 videntes
848 3874 949 3911 non
975 3860 1209 3924 videant,
1242 3870 1290 3914 et.
1315 3860 1576 3913 audientes
1614 3874 1715 3911 non
1744 3858 1978 3921 audiant,
2009 3858 2090 3909 in-

519 3948 798 4020 telligentcs
825 3966 922 4003 non
945 3951 1255 4022 intelligant.

610 4044 797 4100 Matth.
853 4062 969 4117 cap.
1000 4063 1088 4101 1m
1115 4089 1128 4111 ,
1158 4046 1252 4101 22.
1318 4045 1621 4101 Vercellcn.
1670 4048 1922 4117 propitius
1960 4047 2046 4100 tibi
2075 4087 2089 4109 ,

526 4130 761 4198 Domine,
793 4154 893 4195 non
924 4140 1014 4191 erit
1065 4138 1250 4201 istud.,
1280 4147 1333 4191 et
1364 4137 1432 4189 ita
1460 4136 1516 4189 S.
1551 4136 1781 4189 Hilarius
1813 4138 1862 4187 in
1900 4137 1991 4189 lib.
2040 4153 2091 4190 Vl

525 4222 594 4277 de
615 4224 874 4281 Trinitate
919 4240 1051 4284 tom.
1076 4246 1133 4297 ιι,
1165 4245 1283 4299 pag.
1310 4228 1431 4283 162.
1460 4228 1655 4283 Veron.
1676 4228 1804 4281 absit
1827 4244 1857 4280 a
1884 4238 1948 4292 te,
1974 4245 2093 4297 pro-

528 4316 685 4384 pitius
705 4329 839 4380 esto,
866 4318 1111 4387 Domine,
1138 4338 1237 4374 non
1266 4323 1359 4374 erit
1388 4321 1530 4372 istut.
1574 4319 1809 4374 Brixian.
1845 4320 2094 4390 propitius

528 4414 630 4457 eslo
662 4407 785 4471 tibi,
827 4405 1212 4475 Dominc,ctc.,
1256 4421 1310 4462 et
1332 4413 1398 4463 ita
1433 4412 1487 4465 S.
1523 4410 1755 4465 llilarius
1777 4454 1791 4477 ,
1820 4411 1939 4465 loco
1978 4413 2092 4464 lau-

529 4495 685 4557 dato,
732 4497 783 4549 in
810 4498 1037 4567 quodam
1059 4499 1241 4568 codice
1267 4500 1520 4553 Vaticano
1548 4517 1561 4562 ;
1604 4502 1835 4568 itemque
1860 4502 1910 4554 in
1938 4501 2091 4555 Com-

530 4604 695 4646 ment.
732 4594 782 4645 in
807 4595 946 4646 hunc
976 4594 1204 4647 Matthxi
1236 4593 1429 4646 locum.

2174 2028 2282 2081 tris.
2321 2028 2585 2083 Veronen.
2610 2070 2625 2092 ,
2658 2028 2765 2083 Nec
2789 2030 2921 2083 enim
2942 2028 3180 2084 descendi
3200 2030 3261 2083 de
3289 2031 3444 2095 caelo,
3478 2037 3537 2082 stt
3564 2028 3761 2097 faciam

2171 2122 2479 2173 voluntatem
2510 2138 2695 2185 meam,
2726 2122 2816 2174 sed
2845 2124 3149 2176 voluntatem
3179 2120 3355 2174 Patris
3374 2161 3388 2184 ,
3426 2121 3514 2191 qui
3553 2135 3636 2173 me
3666 2122 3763 2173 sni-

2172 2212 2258 2265 sit.
2314 2213 2715 2266 Atnbrosiastcr
2761 2213 2813 2265 in
2860 2213 3017 2281 epist.
3071 2211 3137 2265 ad
3188 2212 3413 2265 Roman.
3480 2224 3600 2279 cap.
3656 2210 3759 2275 14,

2178 2317 2297 2372 pag.
2335 2301 2437 2357 104
2467 2321 2479 2356 :
2522 2302 2641 2355 Non
2668 2304 2800 2356 enim
2834 2303 3070 2357 descendi
3099 2302 3164 2356 de
3192 2304 3336 2368 caelo,
3366 2312 3421 2357 ut
3447 2306 3635 2372 faciam
3673 2320 3761 2357 vo—

2168 2391 2422 2450 luntatem
2465 2412 2626 2449 meam
2651 2438 2667 2463 ,
2709 2396 2798 2449 sed
2839 2397 3145 2451 voluntatem
3189 2400 3301 2469 ejus
3331 2437 3347 2464 ,
3397 2399 3483 2467 qui
3514 2398 3655 2451 misit
3686 2414 3765 2452 me

2181 2486 2381 2543 Patris.
3082 2559 3101 2564 ἦ

2250 2580 2405 2636 Joan.
2432 2594 2550 2647 cap.
2581 2594 2675 2642 xu,
2707 2577 2792 2633 55.
2854 2577 3213 2634 Vercellensis
3237 2619 3251 2643 ,
3296 2577 3625 2635 Veronensis
3646 2618 3665 2643 ,
3709 2586 3765 2632 et

2180 2670 2547 2736 Corbeiensis,
2578 2671 2763 2724 Adhuc
2789 2672 3041 2725 modicum
3063 2681 3278 2742 tempus.
3310 2670 3551 2726 Brixian.
3578 2668 3763 2724 Adhuc

2178 2764 2339 2817 medic
2349 2758 3135 2831 um'temporis.TextusGr:ecus
3148 2759 3517 2831 quoqueaddit
3537 2757 3757 2838 χρόνον,

2182 2856 2234 2911 id
2256 2866 2337 2910 est
2367 2866 2563 2922 tempus
2586 2872 2600 2916 ;
2634 2870 2751 2923 qum
2781 2868 2879 2907 vox
2910 2853 2962 2906 in
2990 2852 3209 2921 Vulgata
3234 2851 3453 2921 aliisque
3480 2850 3762 2906 codicibus

2186 2949 2457 3003 nonnullis
2486 2946 2840 3000 desideratur.

2254 3039 2407 3093 Joan.
2442 3053 2560 3106 cap.
2586 3052 2696 3103 xw,
2728 3038 2779 3089 7.
2815 3034 3141 3099 Vercellen.,
3172 3033 3234 3089 Si
3260 3049 3339 3087 me
3366 3031 3692 3103 cognovistis,
3724 3042 3768 3084 et

2186 3129 2393 3183 Patrem
2414 3144 2576 3180 meum
2606 3128 2928 3199 cognovistis.
2966 3124 3160 3180 Veron.
3186 3134 3239 3179 et
3264 3123 3550 3179 Corbeien.
3577 3124 3625 3177 si
3648 3138 3769 3193 cog-

2188 3221 2395 3274 novistis
2421 3235 2498 3272 me
2516 3260 2530 3282 ,
2560 3229 2606 3272 et
2634 3216 2842 3272 Patrem
2869 3232 3031 3270 meum
3060 3216 3384 3285 cognovistis.
3425 3213 3481 3269 S.
3516 3213 3771 3281 Augusti-

2112 3324 2157 3383 C
2190 3332 2288 3369 nus
2312 3316 2361 3368 in
2387 3314 2541 3368 Joan.
2576 3313 2804 3382 Evangel
2856 3304 2973 3381 inp.
3002 3312 3090 3374 M,
3123 3310 3305 3364 Tract.
3335 3304 3605 3374 71,ει72,
3634 3313 3766 3356 ιοιιι.

2190 3422 2247 3460 ιιι
2275 3448 2287 3471 ,
2316 3422 2430 3475 par.
2456 3404 2491 3457 2
2516 3446 2529 3467 ,
2566 3420 2684 3473 pag.
2708 3404 2812 3458 685
2835 3444 2851 3469 ,
2884 3405 2926 3457 si
2958 3401 3263 3473 cognovistis
3291 3414 3373 3451 me
3398 3435 3416 3461 .
3459 3404 3508 3450 et
3555 3393 3772 3448 Patrem

2192 3518 2353 3554 meum
2381 3500 2551 3569 utique
2579 3498 2900 3567 cognovistis.
2935 3495 3140 3549 Erasm.
3182 3503 3237 3547 et
3266 3490 3406 3547 Gall.
3450 3503 3583 3543 mss.
3615 3488 3775 3541 item-

2192 3612 2291 3664 que
2339 3595 2395 3651 S.
2427 3596 2663 3649 lrenmus
2711 3593 2759 3645 itt
2800 3592 2892 3645 lib.
2924 3605 2974 3643 tv
3000 3629 3014 3654 ,
3045 3594 3232 3642 contra
3265 3585 3503 3639 hzereses
3530 3580 3733 3636 habent
3754 3620 3770 3645 ,

2190 3691 2233 3741 si
2254 3688 2557 3758 cognovistis
2584 3702 2682 3739 nte.
2718 3685 2784 3739 Et
2807 3685 2879 3737 ita
2905 3684 2961 3737 S.
2998 3680 3230 3735 Hilarius
3258 3668 3311 3733 in
3336 3676 3433 3733 lib.
3474 3668 3549 3729 ui
3571 3674 3638 3729 de
3655 3673 3775 3728 Tri-

2193 3780 2376 3841 nitate,
2410 3786 2540 3829 tom.
2574 3790 2632 3837 ιι,
2666 3790 2784 3843 pag.
2816 3774 2940 3828 202.

2262 3868 2419 3923 Joan.
2448 3882 2567 3935 cap.
2603 3880 2692 3919 xuv
2716 3905 2728 3929 ,
2764 3866 2848 3919 10.
2906 3862 3231 3927 Vcrcellen.,
3261 3858 3531 3914 Veronen.
3565 3863 3623 3913 et
3650 3856 3769 3911 Bri-

2194 3961 2339 4014 xian.
2364 4001 2378 4022 ,
2412 3976 2511 4012 non
2548 3958 2753 4011 credis?
2789 3965 2843 4010 et
2873 3957 2944 4009 ita
2973 3954 3031 4008 S.
3063 3952 3297 4007 Hilarius
3339 3951 3395 4004 in
3451 3948 3545 4004 lib.
3599 3964 3674 4003 vn
3710 3948 3776 4001 de

2191 4032 2634 4113 Trinitate,tont.
2662 4065 2722 4112 ιι,
2753 4062 2869 4116 pag.
2902 4047 3031 4107 202,
3059 4054 3111 4099 et
3142 4043 3354 4112 quidam
3382 4054 3511 4095 mss.
3537 4040 3686 4104 cod.,
3711 4042 3770 4093 S.

2190 4124 2443 4197 Ἀιιιιιιυς.
2487 4143 2538 4195 in
2592 4142 2687 4194 lib.
2730 4156 2747 4194 ι
2794 4137 3031 4207 Exposit.
3076 4133 3328 4203 Evangel.
3376 4146 3484 4187 sec.
3534 4131 3667 4186 Luc.
3714 4147 3769 4199 p.

2199 4236 2334 4289 1267
2362 4278 2374 4289 .
2404 4235 2457 4289 S.
2490 4233 2819 4302 Augustinus
2877 4244 3001 4282 vero
3044 4227 3095 4281 in
3125 4227 3375 4280 Sermon.
3419 4223 3485 4277 ad
3512 4222 3777 4279 Catechu-

2199 4342 2403 4391 mentis,
2433 4338 2560 4380 ιοιιι.
2590 4340 2661 4387 tv,
2698 4337 2817 4392 pag.
2846 4319 2971 4384 559,
2995 4334 3165 4371 αηιιοιι
3185 4316 3417 4384 agnoscis
3444 4314 3470 4367 Ρ

2266 4420 2419 4475 Joan.
2452 4433 2571 4485 cap.
2602 4430 2716 4481 ινι,
2744 4414 2827 4468 14.
2876 4410 3179 4465 Vercellen.
3210 4405 3590 4474 honoriﬁcam;
3618 4412 3673 4457 et
3705 4403 3775 4456 ita

2199 4512 2255 4566 S.
2294 4512 2523 4564 llilarius
2546 4512 2595 4562 in
2623 4509 2714 4561 lib.
2770 4522 2827 4561 ιιι
2868 4504 2935 4558 de
2956 4502 3213 4557 'l‘rinitate
3236 4537 3255 4566 ,
3301 4511 3430 4552 tom.
3457 4510 3495 4551 ιι
3520 4535 3534 4559 ,
3575 4510 3630 4565 p.
3664 4495 3731 4551 17
3760 4532 3779 4557 ,

2205 4602 2461 4662 Brixian.,
2493 4598 2761 4665 clari/ictu.

605 4684 790 4740 Matth.
824 4700 942 4755 cap.
975 4701 1081 4739 χνιι
1101 4728 1115 4751 ,
1142 4685 1231 4738 20.
1272 4684 1567 4739 Vercellen.
1591 4724 1605 4747 ,
1642 4700 1797 4753 genus
1827 4682 2097 4737 Dannonii.
2130 4693 2181 4750 1)
2275 4690 2428 4744 Joan.
2458 4703 2579 4750 cap.
2617 4702 2709 4749 xx,
2736 4684 3081 4745 9.9..‘Veron.,
3116 4681 3211 4733 hoc
3232 4721 3247 4745 ,
3279 4688 3334 4732 et
3362 4678 3435 4731 ita
3461 4676 3521 4732 8.
3550 4675 3780 4732 Ambro-

536 4777 829 4842 Vct'onen.,
862 4794 1017 4847 genus
1043 4775 1439 4829 Dazmoniornm.
1470 4774 1528 4829 S.
1558 4767 1870 4827 Ambrosius
1893 4789 2101 4842 quoque

532 4868 582 4919 in
612 4869 768 4935 epist.
799 4868 871 4923 42
915 4867 1073 4938 prim.
1102 4868 1285 4933 class.,
1323 4880 1444 4937 pag.
1474 4864 1577 4920 909
1606 4907 1619 4931 ,
1650 4874 1703 4920 et
1730 4867 1779 4918 iu
1807 4870 1965 4934 epist.
1996 4866 2098 4931 05,

526 4966 655 5023 pag.
690 4958 845 5031 1020,
872 4960 1038 5022 addit,
1064 4957 1463 5014 Dwmoniorum.

608 5046 790 5098 Matth.
821 5063 940 5114 cap.
968 5065 1098 5110 xxv,
1126 5051 1215 5105 ιι.
1250 5050 1541 5106 Vercellen.
1566 5090 1579 5115 ,
1610 5049 1745 5120 quod
1765 5050 1962 5120 paravit
1992 5047 2101 5104 Pa-

2203 4783 2315 4835 sius
2342 4782 2391 4833 in
2423 4778 2679 4847 exposit.,
2708 4776 2907 4829 Psalm.
2936 4789 3123 4838 cntn,
3157 4786 3276 4840 pag.
3298 4766 3455 4823 1092.

2276 4875 2430 4928 Joan.
2463 4887 2581 4938 cap.
2613 4887 2701 4935 xx,
2732 4869 2824 4922 25.
2858 4864 3162 4920 Vercellen.
3191 4904 3206 4930 ,
3233 4863 3277 4917 si
3306 4862 3452 4932 cujus
3485 4861 3781 4916 remiseritis

2208 4956 2432 5037 peccata,
2460 4964 2669 5017 remissa
2692 4968 2835 5014 erunt
2857 4960 2955 5020 illi,
2985 4958 3027 5009 si
3054 4958 3197 5028 cujus
3219 4954 3513 5019 tenueritis,
3539 4952 3781 5007 tenebam

2204 5069 2308 5112 tur.
2355 5056 2551 5109 Veron.
2591 5065 2633 5107 et
2658 5070 2871 5121 quorum
2896 5049 3209 5102 detinueritis
3234 5088 3248 5112 ,
3280 5047 3480 5100 detenta
3506 5053 3688 5110 erunt,
3727 5052 3780 5099 et

539 5144 616 5188 ter
642 5151 797 5187 meus.
858 5135 1052 5189 Veron.
1084 5147 1135 5190 et
1165 5136 1449 5195 Corbcieu.
1473 5180 1492 5206 ,
1536 5156 1677 5208 quem
1723 5140 1920 5211 paravit
1949 5136 2081 5193 Patet

2204 5152 2275 5205 ita
2306 5150 2362 5204 S.
2400 5148 2708 5203 Ambrosius
2736 5147 2787 5198 in
2811 5145 2901 5199 lib.
2933 5144 2999 5195 de
3015 5140 3394 5194 Exhortatione
3414 5137 3628 5208 Virgin.
3652 5150 3773 5205 cap.

542 5245 700 5282 meus.
734 5228 792 5283 δ.
822 5228 1053 5282 [retia-us
1080 5229 1132 5281 in
1158 5228 1252 5283 lib.
1282 5245 1371 5296 ιιι,
1402 5241 1587 5283 contra
1629 5231 1859 5285 Ιιίιιιυδθε
1905 5242 2030 5284 ιοιιι.
2054 5246 2104 5295 ι,

2208 5244 2264 5307 5,
2291 5244 2458 5297 etlib.
2494 5256 2508 5294 ι
2537 5239 2602 5292 de
2656 5238 2846 5291 Pmnit.
2880 5250 2995 5301 cap.
3028 5233 3092 5295 2,
3122 5246 3235 5300 pag.
3263 5230 3389 5295 591,
3422 5229 3543 5285 Gat.
3579 5268 3594 5281 .
3616 5268 3630 5281 .
3654 5266 3669 5280 .
3702 5242 3780 5280 re-

543 5335 662 5390 pag.
695 5318 796 5371 221
821 5360 837 5383 ,
870 5330 924 5373 et
950 5320 1003 5373 in
1036 5320 1127 5374 lib.
1160 5333 1214 5375 IV
1237 5360 1252 5382 ,
1280 5334 1399 5391 pag.
1426 5320 1534 5375 2Ἱῦ
1558 5360 1572 5383 ,
1618 5336 1760 5388 quem
1808 5325 2081 5389 prwparari

2212 5334 2475 5387 mittentur
2525 5328 2601 5382 eis
2623 5370 2637 5389 ,
2689 5337 2733 5381 et
2767 5340 2981 5395 quorum
3011 5321 3324 5375 detinueritis
3348 5362 3363 5385 ,
3413 5321 3611 5373 detenta
3641 5325 3774 5369 sunt.

550 5411 705 5479 Pater
742 5427 900 5473 meus,
938 5421 993 5466 et
1032 5412 1101 5466 lla
1161 5413 1316 5467 lectio
1356 5413 1863 5481 antiqumvcrsionis
1889 5414 2105 5478 ltaliezc,

542 5518 700 5572 quant
731 5501 899 5556 edidit
923 5500 1003 5559 Cl.
1036 5502 1094 5558 P.
1126 5494 1355 5558 domnus
1381 5504 1738 5559 Martianmus.

2211 5423 2448 5478 Brixian.
2480 5423 2522 5473 si
2546 5419 2628 5471 cui
2669 5415 2955 5469 remiseritis
2982 5422 3182 5480 peccata
3208 5454 3220 5472 ,
3264 5414 3589 5465 remittuntur
3614 5408 3661 5459 ci
3686 5447 3700 5469 ,
3737 5406 3779 5458 si

2211 5513 2357 5582 cujus
2384 5508 2695 5564 detinueritis
2725 5546 2741 5569 ,
2768 5505 3137 5561 deaittebuntur.
3175 5504 3232 5559 S.
3256 5502 3548 5573 Cyprianus
3576 5499 3628 5551 in
3656 5498 3779 5565 Epi-

616 5594 800 5657 Matth.
831 5608 949 5665 cap.
983 5610 1111 5661 xxv,
1143 5594 1236 5661 29,
1267 5594 1589 5663 Vercellen.,
1619 5596 1882 5651 Veronen.
1907 5604 1957 5650 et
1984 5593 2115 5649 Cor-
2214 5602 2351 5656 stola
2381 5601 2452 5656 75
2480 5642 2493 5664 ,
2525 5613 2645 5669 pag.
2674 5596 2783 5654 202
2805 5640 2820 5663 ,
2849 5597 2894 5651 si
2914 5596 3059 5665 cuius
3249 5590 3562 5645 remittemur
3587 5589 3665 5642 illi
3692 5630 3707 5653 ,
3733 5596 3779 5641 et

548 5684 755 5749 beien.,
799 5689 933 5756 quod
970 5689 1115 5743 habet
1142 5728 1155 5754 ,
1189 5691 1483 5758 auferetur,
1521 5698 1577 5743 et
1616 5690 1685 5744 ita
1712 5688 1769 5745 S.
1801 5687 2030 5743 Hilarius
2060 5688 2115 5741 in

547 5776 907 5836 Contmetttar.
940 5784 990 5836 in
1019 5783 1349 5847 Matthzcum,
1372 5795 1491 5851 cap.
1518 5780 1607 5835 27.

623 5870 815 5927 Joann.
842 5886 958 5945 cap.
980 5884 1039 5944 ιι,
1062 5878 1117 5931 5.
1139 5876 1439 5933 Vercellcn.
1464 5885 1510 5931 et
1532 5879 1701 5941 vinum
1723 5893 1823 5932 non
1846 5874 2114 5945 habebant,

2216 5693 2259 5745 si
2284 5693 2429 5761 cujus
2455 5689 2731 5757 tenueritis,
2755 5689 3068 5743 tentbuntnr.

2288 5783 2416 5837 Luc.
2440 5797 2559 5853 cap.
2586 5797 2623 5847 ι,
2655 5781 2743 5839 50.
2778 5780 3073 5835 Vercellen.
3102 5815 3117 5839 ,
3148 5774 3201 5825 in
3236 5770 3538 5825 seculorum
3570 5770 3772 5825 uacula.

2218 5874 2441 5945 Veron.,
2463 5876 2517 5931 in
2537 5874 2723 5933 sa'cula
2745 5872 3067 5929 “sculorum.
3099 5862 3383 5921 Corbeien.
3411 5872 3470 5920 et
3499 5862 3734 5919 Brixian.
3757 5900 3777 5929 ,
