3902 6448
471 446 541 500 95
1804 443 2328 500 PROLEGOMENA.
3639 438 3720 493 96

472 562 598 608 sunt
617 596 631 618 ,
663 568 759 609 nec
787 555 838 609 in
860 554 1074 626 optimis
1104 552 1386 608 codicibus
1411 553 1612 609 Graecis
1640 555 2038 624 quampluribus
2065 560 2114 617 Α
2142 556 2193 608 in
2226 553 2483 617 Brixiam,
2510 569 2664 624 super
2683 569 2813 607 eum.
2843 551 2905 606 Et
2937 552 3004 606 ita
3037 551 3090 605 in
3119 549 3383 622 aliquibus
3413 564 3544 606 mss.
3577 550 3714 605 Div.

475 644 740 713 leguntur.

546 735 706 788 Marc.
738 750 850 802 cap.
879 737 1031 798 xv,5.
1067 734 1360 788 Vercellen.
1389 734 1534 788 addit
1561 735 1612 789 in
1642 735 1746 791 (ine
1763 736 2034 801 versiculi,

478 823 598 893 Ipse
624 837 787 878 autem
818 825 941 878 nihil
967 825 1294 893 respondebat
1317 865 1330 889 ,
1370 835 1422 878 et
1468 826 1537 879 ita
1567 827 1750 893 ingens
1781 827 2036 880 librorum

477 916 779 969 Graecorum
801 931 1048 969 nuuterus
1067 916 1166 969 hoc
1184 917 1487 980 Ιοοο,Αὐτὸς
1501 915 1552 970 δὲ
1568 902 1703 971 οὐδέν
1719 922 2036 992 ἀπεκρίνατο,

479 1008 579 1061 hoc
609 1019 687 1060 est
714 1051 727 1072 ,
762 1009 878 1077 Ipse
902 1019 1065 1060 autem
1096 1009 1223 1061 nihil
1251 1008 1550 1074 respondit:
1581 1009 1704 1062 item
1734 1009 1995 1078 Complut.
2019 1049 2035 1075 ,

479 1096 719 1163 Vcehel.,
755 1101 925 1161 Arm.,
954 1097 1219 1167 EtliiOp.,
1268 1099 1462 1166 aliique
1489 1098 1668 1166 plures
1697 1099 1836 1152 libri.
1878 1097 2040 1152 Addi-

480 1188 622 1242 disse
649 1190 892 1243 Videntur
917 1189 1160 1242 Librarii.

549 1278 677 1332 an.
709 1294 825 1343 cap.
860 1294 1000 1342 xxxv,
1035 1279 1116 1332 15.
1147 1277 1444 1333 Vercellen.
1469 1280 1550 1332 cui
1577 1296 1755 1332 nomen
1775 1278 2035 1332 Antinous.

483 1367 679 1422 Veron.
716 1371 914 1421 nomine
942 1369 1224 1439 CleOphas,
1255 1381 1300 1422 et
1325 1369 1584 1422 Ammaus.
1638 1370 1916 1423 Corbeien.
1949 1385 2040 1422 no-

481 1461 616 1512 mine
664 1459 901 1513 Ammaus
946 1472 990 1513 et
1028 1461 1295 1528 Cleophas.
1349 1461 1484 1513 Vide
1512 1461 1566 1514 8.
1598 1461 1935 1514 Ambrosium
1985 1461 2038 1514 in

481 1548 777 1603 Comment.
808 1549 857 1601 in
889 1549 1227 1616 Evangelium
1260 1549 1438 1602 Sancti
1467 1549 1619 1601 Lucae
1651 1548 1789 1613 hcic,
1814 1549 1902 1617 qui
1933 1559 2037 1602 tam

484 1637 706 1706 insignis
739 1640 986 1692 variantis
1016 1639 1282 1692 Lectionis
1310 1640 1550 1692 meminit
1576 1681 1589 1705 ,
1620 1655 1681 1692 ac
1722 1641 1917 1693 nostris
1947 1654 2038 1694 co-

482 1728 686 1781 dicibus
708 1728 838 1781 alios
871 1729 1105 1782 faventes
1137 1729 1300 1781 libros
1330 1729 1502 1781 affert.

553 1820 733 1873 Matth.
764 1835 881 1885 cap.
913 1836 1022 1882 vin,
1051 1821 1138 1872 ΞΟ.
1170 1820 1223 1872 In
1278 1819 1576 1871 Vercellen.
1605 1859 1620 1884 ,
1671 1819 1939 1872 Veronen.
1987 1829 2042 1872 et

2139 644 2275 699 Bibl.
2306 644 2361 698 S.
2395 643 2726 712 Hieronymi.

2207 734 2365 786 Marc.
2398 748 2518 802 cap.
2549 748 2606 797 ιι,
2637 734 2722 785 17.
2756 731 3024 786 Vercellen
3056 742 3107 784 et
3135 746 3261 784 mm.
3294 732 3380 784 sed
3404 740 3710 803 peccatores

2135 823 2188 876 in
2215 823 2572 890 paenitentiam.
2598 822 2766 877 Grmci
2797 822 3006 876 codices
3033 822 3182 875 multi
3209 822 3412 876 addunt
3433 822 3535 877 hoc
3559 822 3726 888 loco,‘

2137 916 2204 968 ad
2241 915 2602 984 paenitentiam.
2651 904 2834 968 Plures
2859 928 2985 967 vero
3018 929 3144 967 non.
3189 913 3318 968 Vide
3344 913 3564 967 Millium
3595 913 3712 967 hic.

2138 1006 2514 1058 Assnntentum
2568 1013 2650 1058 est
2700 1004 2837 1072 quod
2866 1020 2929 1057 ex
2961 1003 3192 1056 Matthaai
3217 1018 3336 1073 cap.
3370 1018 3419 1058 ιι
3443 1045 3458 1069 ,
3493 1005 3559 1057 15
3608 1004 3714 1058 de-

2138 1105 2402 1163 suntptnm
2429 1104 2530 1149 cst.
3249 1148 3257 1156 .

2210 1186 2334 1241 Luc.
2364 1203 2478 1253 cap.
2513 1203 2564 1240 ll
2589 1228 2603 1249 ,
2628 1186 2715 1240 56.
2761 1186 2882 1240 Post
2911 1187 3105 1240 animas
3127 1228 3142 1252 ,
3173 1185 3384 1241 additur
3414 1185 3713 1255 hominum,

2141 1276 2525 1337 inVercellen.,
2556 1275 2754 1330 Veron.
2787 1285 2839 1329 et
2867 1275 3126 1340 Brixian.,
3156 1285 3209 1330 et
3239 1277 3307 1330 ita
3331 1277 3383 1331 in
3407 1277 3463 1333 S.
3488 1278 3720 1347 Cypria-

2141 1384 2208 1420 no
2241 1383 2361 1436 pag.
2389 1368 2515 1431 2H,
2542 1369 2668 1421 etin
2700 1368 2756 1422 S.
2781 1366 3061 1422 Ambrosio
3083 1409 3096 1434 ,
3130 1367 3218 1421 lib.
3254 1383 3271 1422 ι
3317 1368 3383 1422 de
3431 1368 3719 1425 Paenitet»

2140 1462 2232 1524 tia,
2267 1474 2382 1528 cap.
2423 1460 2509 1515 16.

2212 1551 2396 1605 Matth.
2430 1566 2545 1620 cap.
2573 1567 2604 1604 ν
2626 1592 2640 1618 ,
2671 1551 2758 1605 52.
2813 1553 2865 1604 In
2896 1551 3221 1607 Vercellensi
3249 1595 3262 1617 ,
3311 1562 3365 1607 et
3407 1553 3718 1609 Veronensi

2140 1639 2331 1692 desunt
2359 1641 2515 1693 verba
2539 1658 2551 1692 :
2577 1651 2620 1693 et
2641 1642 2725 1708 qui
2745 1641 3716 1708 dimissamduxerit,adulterat.Anim-

2143 1731 2370 1785 advertit
2420 1733 2648 1786 Sanctus
2697 1732 3014 1800 Augustinus
3055 1734 3190 1802 apud
3219 1736 3475 1799 Millium,
3519 1735 3713 1799 verba,

2143 1833 2190 1874 et
2220 1824 2304 1891 qui
2333 1824 2591 1875 dimissam
2617 1824 2836 1886 duxerit,
2865 1825 3113 1877 adulterat
3139 1867 3154 1889 ,
3183 1825 3234 1878 in
3263 1826 3582 1895 quibusdam
3611 1826 3719 1880 La-

485 1909 767 1964 Corbeicn.
803 1918 924 1977 post
963 1909 1179 1961 verbum
1210 1909 1352 1962 nidos
1379 1951 1393 1972 ,
1435 1910 1645 1962 additur
1667 1949 1681 1974 ,
1712 1911 1797 1961 ubi
1822 1911 2040 1979 requies-
2073 1911 2116 1968 Β
2148 1914 2271 1966 tinis
2299 1914 2570 1968 codicibus
2603 1930 2707 1969 non
2737 1916 2856 1985 legi.
2882 1915 3255 1970 Desiderantur
3274 1917 3436 1971 etiam
3458 1918 3511 1971 in
3539 1917 3717 1972 veteri

486 2009 620 2051 rant.
675 1999 738 2051 Et
780 2000 849 2051 ita
897 2001 945 2052 in
976 1999 1238 2052 Ambrosii
1272 1999 1524 2052 Hexaem.
1559 2000 1650 2052 lib.
1679 2015 1771 2065 vt,
1821 2016 1936 2070 cap.
1969 2003 2000 2055 8
2023 2040 2039 2066 ,

488 2107 608 2160 pag.
645 2093 766 2145 131.
1941 2139 1950 2147 .

560 2182 742 2235 Matth.
772 2197 1013 2251 cap.xvr,
1047 2183 1130 2238 15.
1163 2183 1483 2247 Vercellcn.,
1503 2183 2043 2250 Vcron.,Corbeien.,

490 2275 942 2330 San-Gcrmanen.
967 2287 1017 2329 et
1038 2276 1270 2328 Brisian.
1305 2275 1461 2340 Quem
1487 2292 1596 2339 me,
1629 2285 1684 2328 et
1712 2275 1780 2327 ita
1811 2276 1865 2329 8.
1903 2276 2046 2328 llila—

490 2367 598 2418 rius
621 2349 799 2418 'l‘raci.
833 2367 881 2417 in
909 2366 1093 2432 psalm.
1122 2379 1241 2417 cxrx
1267 2404 1279 2423 ,
1307 2376 1431 2416 tom.
1467 2380 1517 2427 ι,
1560 2379 1680 2432 pag.
1711 2365 1813 2418 419
1837 2407 1852 2430 ,
1895 2375 1946 2418 et
1984 2367 2042 2419 S.

494 2455 804 2508 Ambrosius
828 2455 879 2507 in
913 2454 1001 2507 lib.
1047 2454 1112 2508 dc
1138 2453 1347 2507 lncarn.
1375 2455 1524 2506 Dom.
1553 2453 1790 2507 Sacram.
1823 2469 1938 2524 cap.
1968 2454 2001 2506 4
2027 2498 2041 2522 ,

490 2561 610 2614 pag.
643 2546 763 2599 709.

563 2637 746 2688 Matth.
775 2651 889 2704 cap.
927 2652 1059 2701 χιιι,
1087 2635 1140 2689 4.
1167 2636 1500 2701 Vercellcn.,
1556 2637 1824 2690 Vcroncn.
1855 2647 1907 2691 et
1939 2638 2049 2691 Bri—

492 2729 634 2779 xian.
670 2737 714 2778 et
737 2729 960 2796 saginata
989 2730 1151 2781 occisa
1189 2739 1302 2781 sunt
1331 2770 1344 2792 ,
1373 2739 1424 2781 et
1457 2730 1523 2781 ita
1554 2729 1766 2782 Lucifer
1793 2730 2051 2783 Calarita-

496 2832 593 2868 nus
620 2818 668 2869 in
698 2818 787 2868 ιιι».
821 2834 886 2877 ιι,
934 2834 1024 2884 pro
1067 2819 1122 2872 S.
1156 2819 1468 2872 Athanasio.
1501 2819 1956 2874 SaIt-Gct'tltattett.
2007 2831 2054 2873 et

494 2907 724 2974 saginata
751 2923 856 2958 mea
881 2894 1071 2970 occisa,
1088 2918 1189 2962 etc.

567 2995 748 3046 Matth.
780 3010 894 3062 cap.
931 3011 1060 3060 χχιι,
1092 2998 1180 3051 45.
1237 2997 1289 3048 ln
1322 2997 1644 3060 Vercellcn.,
1682 2999 1968 3058 Veronen.,
1999 3009 2054 3052 et

497 3087 726 3140 Brixian.
757 3127 771 3149 ,
802 3088 1012 3140 addilur
1039 3129 1051 3148 ,
1098 3090 1149 3140 in
1187 3091 1389 3154 spiritu.
1446 3090 1508 3142 Et
1537 3090 1604 3141 ita
1636 3089 1831 3142 habent
1865 3089 1920 3142 S.
1952 3089 2052 3159 Cy-

496 3179 663 3246 prian.
704 3192 817 3245 pag.
855 3179 990 3242 209.,
1021 3195 1078 3232 ac
1105 3179 1162 3232 S.
1192 3180 1437 3231 Ambros.
1485 3181 1575 3232 lib.
1613 3196 1644 3230 v
1683 3180 1749 3231 dc
1777 3180 1903 3233 Fide
1933 3195 2049 3249 cap.

385 3326 399 3336 ,
495 3269 549 3328 8,
583 3279 634 3321 ct
665 3269 755 3322 lih.
787 3285 839 3320 nt
866 3270 930 3322 de
959 3271 1096 3336 Spir.
1123 3270 1279 3324 Sane.
1312 3285 1430 3336 cap.
1464 3271 1547 3332 15,
1582 3285 1698 3336 pag.
1733 3269 1853 3322 687.

564 3361 747 3413 Matth.
777 3376 892 3427 cap.
925 3377 1065 3422 xxiv,
1097 3361 1149 3424 7,
1171 3361 1462 3415 Vcrt'ellen.
1491 3373 1544 3414 et
1569 3361 1834 3414 Veronen.
1869 3378 1956 3429 per
1982 3363 2058 3414 lo-

497 3464 553 3499 cu
585 3450 770 3501 omnia.
803 3449 858 3503 S.
892 3449 1205 3518 Cyprianus,
1236 3468 1322 3519 per
1351 3453 1548 3519 singula
1581 3451 1707 3503 loca.

569 3539 747 3590 .‘llatth.
779 3555 894 3609 cap.
927 3557 1050 3593 xxvi
1078 3583 1090 3602 ,
1124 3542 1207 3594 70.
1250 3543 1302 3594 In
1335 3542 1626 3594 \‘erccllen.
1658 3551 1774 3609 pust
1802 3543 2016 3595 verbum
2042 3583 2055 3605 ,

499 3629 623 3680 dicis
650 3671 663 3692 ,
705 3630 910 3684 additur
936 3674 948 3695 ,
975 3648 1062 3684 nec
1091 3635 1238 3697 novi;
1290 3637 1338 3685 in
1373 3633 1573 3686 Veron.
1606 3650 1760 3702 neque
1797 3634 2056 3704 intelligo;

499 3723 549 3775 in
580 3723 634 3775 8.
668 3722 930 3794 Cypriane
956 3741 1072 3794 pag.
1103 3725 1227 3786 656,
1260 3743 1418 3792 neque
1441 3727 1549 3777 novi
1579 3736 1644 3777 te.

567 3813 745 3865 Matth.
777 3829 887 3882 cap.
916 3831 1074 3875 xxvii,
1105 3815 1197 3867 ‘28.
1235 3815 1532 3866 Vcrccllcn.
1574 3824 1618 3866 et
1643 3814 1913 3865 induerunt
1945 3805 2057 3864 eum

500 3907 717 3957 tunicam
745 3923 1068 3974 purpuream,
1097 3916 1141 3958 et
1169 3906 1447 3974 claniydent
1473 3906 1753 3957 coccineum
1783 3906 2058 3956 circumde-

501 3996 674 4048 derunt
702 3998 764 4048 ei.
795 3996 1082 4061 Vcroncn.,
1115 4007 1158 4048 et
1189 3997 1456 4047 induerunt
1481 3997 1698 4047 tunicam
1722 4011 2056 4062 purpuream,

500 4092 544 4132 et
573 4085 847 4151 clamgdem
874 4087 1150 4138 coccineant
1176 4084 1612 4136 circumdederunt
1635 4085 1698 4135 ei.
1746 4084 1801 4137 S.
1832 4082 2057 4136 Ambro-

502 4172 612 4222 sius
639 4176 686 4223 in
718 4177 940 4240 exposit.
969 4158 1166 4242 Evang.
1202 4173 1420 4226 sccund.
1450 4173 1577 4225 Luc.
1608 4173 1681 4224 lib
1735 4189 1762 4225 χ
1787 4213 1800 4235 ,
1839 4182 1966 4225 tom.
2001 4189 2013 4226 ι
2040 4215 2055 4237 ,

504 4275 621 4327 pag.
654 4261 784 4314 159.6
802 4304 814 4325 ,
855 4265 1130 4332 clamydem
1151 4275 1316 4317 autem
1337 4265 1619 4316 coccineum
1644 4265 1872 4315 induitur
1901 4282 1930 4317 a
1959 4265 2057 4317 mi-

505 4351 697 4413 litibus,
727 4361 771 4403 el
790 4367 1091 4418 purpuream
1125 4357 1359 4405 tunicam.

571 4441 723 4496 Joan.
754 4456 870 4506 cap,
902 4455 978 4502 ιιι,
1008 4441 1092 4493 '59.
1125 4440 1444 4506 Vercellcn.,
1478 4459 1620 4494 soror
1643 4443 1824 4495 Laznri
1851 4460 1867 4505 ,'
1900 4447 2058 4498 omis-

503 4535 577 4587 sis
605 4532 780 4585 verbis
812 4531 933 4591 illis,
966 4529 1048 4597 qui
1074 4538 1295 4581 ntortuus
1325 4533 1508 4595 fuerat.
1555 4530 1609 4580 In
1639 4530 1901 4582 Vcronen.
1932 4548 2060 4596 quo-

2150 2002 2333 2056 codice
2362 2002 2764 2072 Cantabrigensi
2795 2004 3215 2059 Gneo-Latino.

2220 2081 2402 2146 Matth.
2436 2108 2552 2158 cap.
2585 2109 2636 2146 vr
2661 2135 2677 2157 ,
2710 2093 2792 2147 10.
2831 2094 2988 2148 Deest
3010 2096 3058 2148 in
3093 2094 3393 2150 Vercellen.
3427 2104 3481 2150 et
3509 2095 3716 2152 Veron.

2148 2184 2299 2248 sicut,
2344 2193 2396 2236 et
2443 2183 2509 2236 ita
2545 2184 2594 2237 in
2623 2183 2821 2238 Tertnl.
2853 2200 2967 2255 pag.
3005 2187 3136 2252 131,
3176 2194 3230 2240 et
3259 2189 3309 2239 in
3341 2186 3398 2241 8.
3427 2186 3718 2256 Augustin.

2148 2273 2218 2327 lib
2243 2288 2292 2326 tv
2316 2314 2328 2336 ,
2373 2283 2556 2328 contra
2600 2274 2730 2327 duas
2762 2274 2926 2344 Epist.
2961 2275 3138 2345 Pelag.
3184 2283 3314 2330 tom.
3347 2292 3418 2342 ι,
3467 2286 3605 2346 part.
3660 2279 3717 2343 1,

2150 2382 2268 2436 pag.
2299 2365 2420 2420 485.
3227 2368 3238 2378 “

2221 2456 2400 2509 Matth.
2426 2471 2545 2524 cap.
2574 2472 2785 2521 xxni,v.
2806 2457 2887 2511 14.
2921 2455 2978 2511 ιιι
3004 2456 3303 2512 Vercellen.
3326 2466 3379 2513 et
3399 2457 3722 2514 Corbeiensi

2110 2606 2120 2616 1
2149 2545 2480 2600 desideratur
2512 2561 2695 2600 versus
2724 2546 2804 2609 14,
2841 2548 2891 2600 in
2923 2547 3154 2601 Brixian.
3199 2563 3327 2603 vero
3353 2564 3407 2602 v.
3442 2551 3531 2614 15,
3559 2557 3717 2618 post-

2152 2638 2364 2704 ponitur
2403 2653 2451 2689 v.
2486 2636 2570 2690 14.
2617 2637 2829 2706 Antiqui
2861 2639 3071 2693 codices
3120 2641 3218 2693 hoc
3263 2641 3383 2695 loco
3425 2639 3716 2695 dissident.

2154 2727 2208 2780 S.
2261 2725 2689 2798 Chrysostomns,
2734 2729 3062 2796 Euthymius,
3110 2730 3566 2801 Theophylactns,
3617 2747 3720 2784 au-

2152 2828 2268 2872 ctor
2307 2820 2484 2887 operis
2514 2820 2803 2887 imperfecti
2833 2821 2881 2873 in
2925 2821 3222 2874 Matthaznm
3245 2864 3258 2886 ,
3295 2824 3462 2878 Graeci
3495 2823 3718 2878 codices

2154 2911 2291 2977 typis
2349 2911 2538 2976 vulgati
2597 2918 2651 2960 et
2696 2909 2850 2962 manu
2881 2912 3078 2963 exarati
3124 2911 3383 2981 plerique,
3435 2913 3552 2968 loco
3595 2928 3715 2966 inoo

2154 3009 2276 3050 vcnt
2309 3014 2358 3050 v.
2404 2999 2467 3051 15
2506 3009 2557 3050 et
2590 3007 2706 3064 post
2734 2999 2795 3052 14
2823 2999 3163 3054 transferunt.
3233 3003 3334 3055 Alii
3377 3010 3719 3071 prmponunt,

2157 3092 2407 3143 omittunt
2457 3092 2666 3157 penitus
2705 3092 2813 3155 alii,
2859 3101 2913 3144 ut
2956 3091 3263 3160 Cantabrig.
3310 3094 3455 3156 cod.,
3503 3094 3724 3148 Graeco-

2158 3179 2293 3240 I.at.,
2329 3181 2474 3233 Colb.
2499 3180 2553 3241 9,
2581 3180 2731 3242 Sax.,
2760 3181 2912 3233 codd.
2940 3197 3064 3234 mss.
3099 3181 3268 3235 Arab.
3300 3191 3353 3236 et
3380 3183 3594 3250 quidam
3623 3197 3723 3236 an-

2083 3269 2126 3330 C
2161 3270 2285 3336 tiqui
2333 3269 2486 3322 codd.
2523 3269 2635 3321 Lat.
2667 3269 2802 3336 apud
2852 3270 3087 3322 Martian.
3133 3281 3184 3324 et
3223 3270 3377 3339 Brug.
3415 3271 3552 3325 heic.
3603 3271 3722 3324 Non

2161 3362 2337 3427 legunt
2367 3362 2535 3427 ipsum
2567 3359 2854 3428 Origenes,
2898 3370 2950 3413 ct
2993 3361 3213 3416 Sanctus
3246 3361 3623 3431 Hieronymus,
3658 3371 3716 3416 et

2158 3451 2294 3518 apud
2325 3465 2580 3503 canoncm
2614 3450 2821 3503 Eusebii
2851 3450 3098 3504 tribuitur
3118 3467 3236 3519 cap.
3260 3467 3332 3513 ιιι,
3364 3468 3417 3505 v.
3448 3454 3518 3507 52
3537 3453 3721 3514 Luem;

2159 3541 2506 3622 quamobrem
2545 3541 2601 3591 ﬁt
2641 3540 2960 3606 conjectura:
2995 3539 3173 3605 locus,
3222 3541 3370 3594 illum
3408 3557 3437 3596 e
3476 3543 3619 3597 Luca
3664 3543 3720 3598 in

2165 3631 2464 3683 Mattha-mn
2499 3630 2663 3683 fuisse
2682 3629 3011 3682 translatum.

2233 3721 2413 3773 Matth.
2440 3735 2556 3786 cap.
2583 3736 2727 3780 xxvi,
2756 3735 2805 3772 v.
2837 3721 2924 3773 64.
2951 3720 3008 3773 In
3035 3720 3326 3774 Vercellen.
3365 3721 3560 3776 Veron.
3589 3721 3725 3778 Cor-

2166 3812 2341 3865 bcien.
2372 3819 2427 3864 et
2458 3811 2688 3863 Brixian.
2736 3810 2883 3864 deest
2912 3827 3030 3876 vox,
3061 3809 3178 3875 Dei,
3211 3821 3264 3864 et
3302 3813 3369 3864 ita
3400 3812 3452 3864 in
3489 3812 3546 3867 S.
3579 3811 3727 3883 Hila-

2163 3905 2223 3957 rii
2255 3904 2342 3956 lib.
2375 3904 2478 3956 ide
2516 3902 2794 3969 Trinitate,
2819 3913 2945 3955 tom.
2980 3918 3035 3965 ιι,
3073 3917 3195 3970 pag.
3238 3901 3328 3966 20,
3363 3914 3416 3956 et
3454 3904 3509 3956 in
3541 3904 3724 3958 Sancti

2167 3993 2428 4046 Ambrosii
2461 3993 2550 4046 lib.
2575 4008 2612 4044 ιι
2635 3975 2848 4060 αεἚιιιθ
2871 4005 2988 4064 cap.
3027 3989 3111 4053 12,
3141 4006 3257 4058 pag.
3279 3991 3404 4045 490.

2237 4084 2418 4136 Matth.
2445 4098 2561 4149 cap.
2594 4099 2764 4145 xxvii,
2794 4099 2843 4135 v.
2871 4083 2923 4145 9,
2957 4082 3006 4133 in
3034 4081 3330 4134 Vercellen.
3360 4093 3412 4135 et
3448 4082 3721 4137 Veronen.

2165 4173 2331 4230 deest.
2364 4174 2691 4226 Hieremiam.
2738 4173 2905 4225 Lucas
2949 4171 3132 4238 Brug.,
3172 4170 3412 4233 Jansen.,
3464 4172 3726 4238 Maldon.,

2166 4265 2356 4318 Baron.
2388 4267 2536 4317 aiunt
2561 4265 2758 4317 nullius
2790 4264 3057 4333 propheta:
3087 4278 3278 4317 nomen
3301 4264 3369 4317 ab
3397 4266 3727 4334 evangelista

2166 4353 2281 4408 huic
2329 4357 2551 4423 positum
2597 4354 2776 4414 fuisse,
2827 4352 3211 4420 suil'cctuniquc
3255 4351 3455 4404 librarii
3501 4353 3724 4407 arbitrio

2170 4445 2498 4506 Hieremiam,
2548 4443 2790 4497 relictum
2834 4442 3023 4497 deinde
3072 4441 3404 4509 antiquitatis
3445 4440 3722 4511 obsequio.

2168 4535 2302 4587 Sunt
2334 4543 2506 4586 tamen
2539 4533 2705 4587 Graeci
2745 4533 2972 4595 codices,
3015 4545 3170 4601 atque
3211 4532 3438 4601 Syriaci,
3485 4523 3727 4593 Arabici.

503 4638 607 4691 que
633 4622 800 4682 deest,
825 4636 969 4672 soror
996 4623 1122 4689 ejus,
1148 4619 1232 4686 qui
1263 4628 1485 4670 mortuus
1516 4622 1696 4687 fuerat.
1731 4620 1793 4672 Et
1824 4620 1893 4672 ita
1921 4621 1971 4672 in
1997 4622 2056 4674 8.
2090 4627 2136 4683 D
2163 4634 2214 4676 et
2247 4623 2442 4675 Persici
2466 4623 2601 4689 apud
2627 4623 2749 4674 Var.
2778 4623 2919 4676 Lect.
2951 4622 3113 4684 Millii,
3151 4623 3277 4676 item
3298 4622 3353 4675 S.
3378 4620 3515 4688 Aug.
3548 4619 3647 4688 lib.
3670 4637 3726 4676 ιιι

507 4712 756 4765 Ambros.
788 4725 963 4763 enarr.
991 4708 1041 4761 in
1071 4708 1265 4760 Psalm.
1298 4722 1500 4770 xxxv",
1536 4722 1651 4776 pag.
1685 4708 1805 4761 841.

576 4804 703 4857 Luc.
737 4817 852 4870 cap.
888 4817 936 4852 vi
964 4841 978 4864 ,
1022 4799 1112 4851 21.
1184 4798 1510 4860 Vercellcn.,
1542 4798 1685 4851 Beati
1713 4839 1728 4862 ,
1752 4800 1837 4865 qui
1870 4801 2069 4854 esuritis

509 4912 664 4958 nunc,
694 4905 737 4948 et
755 4896 924 4958 sititis,
950 4903 1054 4946 etc.
1101 4890 1299 4945 Veron.
1329 4931 1342 4954 ,
1371 4887 1515 4943 Beati
1541 4891 1625 4954 qui
1660 4906 1791 4941 nunc
1841 4895 2069 4943 esuriunt

509 4994 555 5036 et
577 4985 783 5047 sitiunt;
814 4985 932 5050 quia
981 4984 1076 5050 ipsi
1113 4983 1490 5035 saturabuutur.
1546 4979 1860 5043 (lorbeien.,
1927 4980 2071 5034 Beati

509 5074 595 5140 qui
621 5087 755 5123 nunc
784 5072 1024 5130 esuriant,
1053 5079 1096 5122 et
1127 5072 1299 5122 sitiunt
1323 5088 1340 5133 ;
1366 5072 1485 5136 quia
1513 5070 1890 5133 saturabuntur,
1920 5079 1973 5124 et
1997 5071 2065 5124 ita

511 5165 568 5219 S.
602 5163 912 5216 Ambrosius
960 5160 1010 5212 iii
1065 5162 1155 5213 lib.
1187 5176 1222 5213 tt
1269 5160 1336 5213 de
1363 5159 1514 5213 Oilie.
1559 5162 1782 5214 Ministr.
1828 5175 1944 5230 cap.
1971 5176 2023 5214 tv
2049 5202 2063 5224 ,

513 5270 631 5321 pag.
664 5251 734 5304 74
758 5292 770 5313 ,
800 5260 853 5303 et
885 5253 932 5303 in
966 5251 1056 5304 lib.
1089 5266 1103 5303 ι
1141 5249 1208 5304 de
1261 5249 1389 5304 Cain
1418 5258 1471 5304 et
1495 5249 1628 5302 Abel
1653 5291 1668 5314 ,
1700 5265 1814 5319 cap.
1842 5251 1876 5304 5
1900 5291 1914 5316 ,
1948 5265 2064 5318 pag.

517 5342 637 5396 192.

586 5431 713 5484 Luc.
745 5445 861 5494 cap.
897 5445 945 5491 ιι,
971 5431 1020 5482 7.
1062 5427 1360 5481 Vercellen.
1384 5443 1499 5499 qua?
1516 5430 1576 5481 ab
1601 5427 1703 5480 illis
1723 5440 2067 5497 apponuntur.

515 5523 573 5575 S.
604 5523 921 5589 Augustinus
945 5521 992 5572 in
1024 5519 1114 5572 lib.
1143 5520 1206 5572 de
1230 5518 1401 5587 Opere
1430 5519 1968 5585 Monacborum,tom.
1993 5536 2065 5582 vi,

519 5629 632 5680 pag.
657 5614 779 5676 480,
811 5629 920 5681 quw
941 5612 1000 5663 ab
1028 5613 1153 5679 ipsis
1179 5621 1312 5664 sunt.

590 5706 746 5756 Marc.
775 5721 888 5770 eap.
920 5721 956 5767 ι,
995 5704 1073 5757 10.
1111 5704 1163 5755 ln
1201 5702 1492 5756 Vercellen.
1524 5712 1638 5770 post
1675 5705 1892 5758 verbum
1919 5745 1931 5765 ,
1960 5703 2071 5754 des-

520 5795 824 5860 cendentem,
848 5796 1073 5858 additur,
1095 5798 1148 5848 in
1164 5811 1309 5858 eum;
1333 5795 1385 5848 in
1411 5793 1692 5850 Corbeicn.
1721 5812 1872 5864 super
1895 5796 2069 5856 illum;

2168 4713 2234 4765 de
2270 4711 2541 4764 Conscnsn
2571 4712 2822 4778 Evangel.
2855 4727 2969 4781 cap.
3002 4713 3054 4775 7,
3088 4721 3140 4765 et
3165 4711 3375 4780 quidam
3421 4711 3536 4764 Lat.
3564 4712 3721 4766 codd.

2171 4803 2221 4855 in
2251 4803 2439 4870 quibus
2471 4804 2685 4854 minime
2717 4803 2926 4870 legitur,
2957 4802 3068 4856 sive
3093 4803 3125 4855 ii
3153 4801 3402 4868 descripti
3433 4801 3630 4855 iuerint
3657 4817 3722 4856 ex

2170 4893 2565 4957 vetustioribus,
2601 4907 2630 4945 a
2657 4893 2843 4962 quibus
2875 4894 2997 4946 illud
3038 4893 3243 4959 aberat,
3271 4894 3387 4948 sive
3412 4908 3626 4948 erasnm
3659 4893 3726 4947 ab

2172 4982 2236 5035 iis
2264 4982 2418 5033 l‘ucrit
2441 4982 2540 5035 hoc
2567 4997 2778 5046 nomen,
2803 4982 2994 5051 quippe
3021 4997 3049 5035 a
3079 4983 3198 5037 loco
3219 4983 3472 5038 alienum.

2240 5072 2430 5125 Joanu.
2462 5087 2578 5139 cap.
2612 5087 2722 5131 vni,
2751 5089 2802 5127 ν.
2845 5074 2893 5126 1.
2939 5073 2993 5125 In
3021 5073 3203 5127 codice
3236 5072 3438 5126 Verccl.
3487 5083 3542 5128 et
3576 5073 3725 5128 Brix.

2173 5161 2362 5213 desunt
2379 5160 2656 5214 duodecim
2681 5163 2881 5228 priores
2894 5175 3079 5223 versus
3101 5159 3258 5228 hujus
3278 5161 3486 5232 capitis.
3515 5162 3726 5216 Haben-

2177 5262 2259 5305 tur
2297 5253 2348 5304 in
2375 5251 2530 5305 Corb.
2561 5251 2680 5304 Cat.
2723 5262 2776 5305 et
2813 5251 2934 5305 Mm.
2981 5251 3036 5304 In
3070 5251 3362 5307 Veronensi
3402 5262 3580 5308 autem
3609 5253 3726 5306 duae

2177 5340 2410 5409 paginae,
2470 5341 2660 5408 quibus
2722 5342 3164 5407 continebantur,
3223 5327 3436 5397 fuerunt
3489 5342 3722 5404 abrasaz;

2175 5432 2318 5486 limbi
2347 5434 2519 5485 adhuc
2554 5444 2808 5500 apparent
2854 5434 2903 5486 in
2931 5434 3131 5488 codice.
3163 5434 3332 5488 Porro
3366 5433 3417 5485 in
3456 5432 3727 5488 codicibus

2175 5522 2391 5583 Cra-cis,
2419 5523 2696 5590 latinisque
2735 5523 3130 5592 quampluribus
3171 5524 3282 5590 ipsa
3323 5519 3380 5572 S.
3420 5518 3725 5591 Hieronymi

2175 5622 2328 5666 artato
2350 5611 2807 5679 desiderabantur,
2851 5625 2907 5668 ut
2934 5617 3046 5683 ipse
3088 5621 3312 5665 testatur
3344 5610 3437 5664 lib.
3476 5626 3514 5665 ιι
3543 5623 3723 5668 contra

2176 5704 2357 5772 Pelag.
2389 5719 2504 5771 cap.
2535 5705 2586 5769 6,
2619 5721 2709 5773 per
2741 5707 2851 5760 haec
2879 5707 3035 5759 verba
3071 5719 3082 5754 :
3117 5700 3183 5753 In
3222 5700 3498 5771 Evangelia
3538 5721 3718 5757 secuti.

2176 5793 2296 5845 dum
2323 5792 2567 5848 Joannem
2590 5796 2641 5848 in
2666 5798 2835 5850 multis
2858 5803 2904 5849 et
2932 5792 3139 5857 ercis,
3171 5800 3217 5849 ιι
3247 5789 3445 5845 Latinis
3469 5793 3720 5848 codicibus
