4288 6478
140 299 201 357 97
1134 301 1461 360 EPISTOLA
1501 303 1685 362 RUGG
1695 304 1827 361 ERll
1866 304 2338 365 NOVARIENSIS.
2818 350 2837 373 ,ς
3066 320 3069 323 ’
3288 309 3361 365 98

136 425 230 463 non
256 410 507 463 invenitur
530 410 593 463 de
615 411 845 466 adultera
872 413 1107 492 muliere,
1138 424 1266 480 etc.,
1299 430 1499 486 eosque
1522 418 1697 515 versi‘
1719 428 1770 487 Α
1798 424 1943 487 taxat
1969 422 2329 476 narrationem
2362 420 2499 496 hanc
2523 436 2628 477 non
2667 423 2889 478 ferebat.
2918 424 3120 478 Prtestn
3145 422 3221 479 illi
3247 430 3361 478 crat

134 500 275 557 culos
320 514 426 554 non
471 502 654 567 legunt
681 501 849 558 Grazci
883 503 1065 560 Patres
1108 505 1372 575 plerique.
1418 508 1495 562 Ex
1526 500 1692 564 inter:

135 593 364 663 pretihus
401 594 451 647 in
482 593 679 650 Catena
710 595 890 652 Graeca
920 596 1175 662 collectis,
1209 598 1378 653 trilms
1410 615 1598 668 nempe
1626 607 1683 654 et

135 684 331 754 viginti,
386 700 541 739 nemo
568 686 667 740 hos
692 687 996 757 explicavit.
1043 688 1283 745 Omiscre
1319 689 1596 759 Origenes,
1628 689 1685 745 S.

145 772 577 848 Cbrysostomus,
622 775 860 843 Nonnus,
906 778 1209 847 creterique.
1250 782 1455 833 Asserit
1492 781 1687 835 .llaldo-

132 872 284 917 natus
313 864 451 918 inter
477 863 661 920 Graeca
693 867 1015 936 exemplaria
1040 908 1055 932 ,
1095 884 1215 938 qua:
1244 870 1357 940 ipse
1387 872 1688 936 consuluit,

130 953 328 1008 nullum
354 952 539 1021 fuisse,
569 956 621 1010 in
650 973 756 1028 quo
785 957 899 1013 haec
920 961 1153 1015 narratio
1183 961 1465 1031 legeretur,
1500 970 1691 1029 printer

132 1060 291 1097 unum
335 1045 631 1112 dumtaxat,
678 1048 885 1103 Leontii
928 1052 1306 1107 commentaria
1372 1051 1651 1105 continens
1670 1035 1692 1113 ς’

129 1134 236 1190 imo
273 1134 528 1191 Leontius
575 1137 690 1207 ipse
732 1139 784 1192 in
816 1142 1230 1206 commentariis,
1284 1155 1500 1209 prorsus
1546 1141 1689 1195 illam

129 1228 385 1301 praeterit,
414 1227 738 1300 Graccusque
770 1239 943 1284 textus
967 1230 1263 1300 hujnsmodi
1293 1232 1695 1285 commentariis

125 1317 358 1385 additus,
386 1320 558 1375 obelis
595 1320 699 1375 hoc
728 1322 845 1376 loco
884 1331 1114 1387 notatur,
1162 1331 1217 1375 ut
1246 1322 1530 1391 intelligas,
1560 1335 1690 1391 apo-

125 1412 379 1481 crypbam
434 1426 554 1466 esse
611 1411 998 1468 narrationem.
1052 1412 1278 1467 Codices
1332 1398 1463 1467 alios
1515 1413 1693 1470 laudat

123 1500 342 1568 Millins,
378 1503 474 1558 bac
502 1505 809 1561 narratione
837 1513 1100 1561 carentes.
1130 1505 1278 1560 Illam
1306 1507 1526 1561 Armeni
1555 1522 1583 1559 e
1612 1505 1691 1559 bi-

120 1592 244 1645 bliis
270 1594 383 1648 suis
424 1594 634 1661 penitus
680 1594 948 1650 delevere.
992 1596 1205 1666 Syriaca
1236 1598 1410 1651 versio
1448 1597 1498 1650 in
1534 1596 1691 1666 Puly-

117 1683 304 1753 glottis
351 1684 735 1750 parisiensibus
796 1700 856 1738 ac
928 1685 1389 1751 Londinensibus,
1438 1701 1499 1740 ac
1538 1699 1688 1738 vetus

116 1776 298 1831 Versin
324 1774 545 1855 Gothica
570 1776 796 1846 Ulphilce
828 1794 928 1831 non
958 1777 1152 1831 ferunt.

191 1866 398 1921 Vetusti
428 1867 640 1936 quidam
674 1868 842 1921 ϐπ·ωεί
883 1868 1093 1923 codices
1134 1869 1275 1930 illam
1303 1867 1403 1921 hoc
1431 1869 1547 1921 loci
1580 1884 1682 1921 non

111 1957 347 2022 habent;
374 1959 465 2014 sed
488 1958 579 2012 alii
607 1960 671 2014 ad
703 1961 901 2016 ealcem
932 1962 1117 2029 capitis
1144 1977 1234 2015 xxt
1264 1949 1438 2026 Luem,
1472 1972 1527 2015 nt
1549 1960 1679 2017 Cod.

111 2049 375 2105 Leieestr.
404 2052 540 2121 apud
575 2052 795 2106 lllillium
823 2062 876 2107 et
896 2053 1065 2107 Pari<.
1091 2053 1143 2118 6,
1174 2055 1311 2122 apud
1334 2053 1570 2117 Kttstcr.;
1596 2052 1685 2106 alii

108 2140 179 2195 ad
205 2142 410 2196 calcem
438 2143 726 2212 Evangelii.
748 2154 803 2197 ut
831 2143 989 2202 codd-
1020 2146 1152 2213 Reg.
1184 2145 1319 2199 l879
1347 2153 1401 2198 et
1436 2145 1598 2205 l835;
1632 2144 1681 2195 in

105 2235 388 2288 nonnullis
409 2251 437 2287 a
463 2235 670 2303 reliquo
698 2243 839 2289 texw
864 2235 1218 2301 peculiaribus
1245 2236 1382 2287 notis
1410 2232 1687 2301 distingui-

109 2332 234 2387 tur;
282 2323 420 2391 apud
444 2322 576 2376 alios
598 2324 809 2378 codices
831 2324 881 2376 iu
910 2340 1000 2377 ora
1027 2326 1139 2377 libri
1170 2324 1377 2395 legitur,
1404 2324 1483 2378 vel
1512 2326 1683 2377 mino-

103 2414 264 2469 ribus
290 2412 480 2467 litteris
501 2412 838 2468 describitur.
866 2414 1201 2485 Entbymiuc,
1234 2414 1383 2469 initio
1405 2414 1584 2469 sa‘culi
1610 2429 1684 2467 xu

106 2509 339 2569 florens,
384 2506 524 2560 illam
568 2506 619 2560 in
652 2507 1051 2575 commentariis
1089 2506 1502 2579 interpretatur;
1544 2520 1597 2560 at
1632 2510 1683 2561 in

103 2600 270 2658 libris
313 2600 539 2670 optimze
574 2609 714 2653 nota:
748 2598 1035 2654 desiderari
1086 2598 1173 2651 vel.
1231 2598 1388 2653 obelo
1433 2598 1685 2668 distingui

104 2690 344 2757 asserit;
389 2699 742 2760 quapropter,
786 2690 976 2760 inquit,
1007 2688 1271 2756 adscripta
1300 2687 1563 2751 videntur,
1599 2687 1685 2741 vel

102 2783 318 2838 addita.
350 2780 408 2839 S.
434 2781 867 2852 Cbrysostomus,
894 2795 1049 2851 quem
1079 2780 1285 2848 patroni
1316 2778 1471 2844 hujus
1500 2792 1680 2830 narra-

103 2874 283 2929 tionis
324 2870 571 2935 rccitant;
604 2872 655 2924 in
682 2869 870 2924 Latina
908 2869 1117 2935 quidem
1154 2868 1402 2921 versione
1444 2864 1685 2918 lln‘milia:

100 2982 177 3021 ιι
209 2966 268 3018 in
299 2959 557 3038 Joannem
599 2962 837 3016 mulieris
876 2960 1130 3013 adultera:
1161 2958 1438 3020 meminit,
1469 2954 1686 3009 minime

99 3056 375 3112 tamenin
396 3056 603 3122 Gneco,
625 3056 713 3109 ubi
740 3052 868 3108 illud
895 3051 1345 3115 liabctduntaxat,
1384 3048 1524 3117 quod
1550 3048 1687 3102 Pha-

1791 506 2224 579 Cautahrigensis
2249 511 2417 565 codex
2447 511 2827 566 celeberrimus
2879 528 2941 567 ac
2968 511 3361 568 vetustissimus

1790 599 1927 668 apud
1958 614 2114 668 quem
2143 601 2272 654 olim
2307 600 2418 653 hmc
2440 602 2733 669 legebatur.
2768 602 2910 657 Libri
2935 618 3142 678 omnes,
3169 603 3360 673 quibus
3392 636 3395 637 ν

1792 705 1918 744 usus
1940 699 2022 745 cst
2064 691 2329 753 Robertns
2374 693 2698 762 Stephanus,
2747 709 2852 747 non
2884 696 3159 762 pauciores
3200 710 3356 764 quant

1792 781 2061 835 sexdecim
2087 822 2104 847 ,
2134 783 2263 835 cditi
2294 799 2501 850 otimes,
2535 785 2902 855 innumerique
2933 801 3089 839 manu
3120 787 3318 840 exarati
3344 803 3359 852 ;

1791 870 2032 939 plerique
2082 886 2293 937 eorum,
2337 888 2472 942 quos
2518 874 2652 926 vidit
2694 873 2907 939 Millius,
2958 874 3102 928 illam
3142 875 3363 931 exhibe-

1792 958 2189 1039 bantnLatinos
2229 962 2463 1027 codices,
2498 964 2549 1016 in
2578 962 2770 1029 quibus
2797 978 2858 1017 ea
2886 962 3242 1029 desideratur,
3274 979 3362 1018 so-

1790 1047 1869 1102 los
1894 1047 2099 1104 Vercel.
2130 1061 2184 1104 et
2206 1050 2354 1104 Brix.
2381 1053 2645 1123 novimus.
2678 1052 2831 1118 Quod
2859 1052 2923 1107 ad
2949 1053 3360 1123 Syriaeos,Ara-

1788 1138 1959 1203 bicos,
1988 1137 2238 1209 Copticos
2260 1142 2472 1207 attinet,
2500 1117 2678 1211 plurés
2704 1117 2935 1199 lortasse
2956 1117 3079 1200 sunt
3123 1117 3214 1215 qui
3240 1159 3357 1200 eam

1790 1228 1985 1295 ferunt,
2014 1220 2174 1300 quam
2199 1233 2288 1301 qui
2320 1233 2571 1287 omisere.
2598 1298 2603 1303 ι

1861 1320 2029 1375 Graeci
2077 1320 2261 1375 Patres
2290 1321 2549 1377 Joannem
2599 1322 2951 1393 interpretati,
3003 1324 3177 1380 locum
3224 1326 3363 1380 hunc

1792 1412 2118 1481 praeteriere,
2168 1416 2280 1467 sive
2306 1415 2445 1483 quod
2476 1414 2787 1484 perspicuus
2816 1417 2981 1487 magis
3008 1427 3169 1481 esset,
3201 1433 3357 1487 quam

1789 1504 2147 1573 explicatione
2183 1503 2475 1573 indigeret,
2527 1507 2641 1559 sive
2672 1506 2809 1573 quod
2841 1505 3075 1574 ipsorum
3119 1507 3171 1560 in
3215 1507 3363 1560 libris

1791 1608 1894 1647 non
1926 1592 2225 1647 haberetur.
2258 1594 2544 1656 Tatianns,
2576 1596 2661 1663 qui
2692 1609 2833 1648 anno
2862 1594 3076 1649 circiter
3105 1596 3206 1649 l60
3235 1596 3357 1649 Jesu

1789 1685 1981 1740 Cllt'isll
2020 1687 2218 1751 tloruit,
2262 1687 2329 1740 60
2359 1698 2474 1756 post
2507 1685 2728 1739 Joannis
2765 1688 3102 1755 evangelista:
3131 1688 3357 1746 obitum.

1719 1787 1763 1844 Β
1790 1789 1844 1832 et
1870 1779 2183 1832 Ammonius
2231 1794 2371 1832 anno
2412 1778 2580 1833 lenne
2608 1778 2713 1834 220
2742 1779 2866 1835 Jesu
2893 1778 3113 1843 Christi,
3164 1788 3220 1834 et
3257 1780 3360 1833 120

1790 1878 1907 1936 post
1932 1867 2188 1923 Joannem
2222 1870 2483 1932 scribens,
2515 1869 2875 1924 narrationem
2906 1884 3170 1939 agnovere
3199 1870 3377 1924 cano-'

1788 1958 1959 2027 uicani
1982 1968 2036 2014 et
2060 1960 2111 2013 iu
2142 1960 2451 2029 Evangeliei
2478 1961 2762 2015 concordia
2790 1962 2855 2015 ab
2880 1971 3105 2029 utroque
3135 1963 3347 2016 concin-

1788 2061 1929 2118 nata,
1968 2067 2032 2106 ex
2065 2068 2165 2121 qua
2184 2052 2489 2121 desumpsit
2524 2052 2787 2107 Eusebius
2817 2053 3021 2107 talmlas
3054 2054 3167 2108 suis
3197 2069 3363 2107 cauo-

1789 2141 1945 2195 nibns
1985 2142 2315 2205 inserendas,
2367 2141 2686 2196 recitavere.
2730 2141 2877 2195 illam
2913 2142 3131 2196 omnino
3163 2143 3359 2211 excipit

1787 2232 1844 2287 8.
1899 2232 2254 2303 Hieronymus
2302 2233 2395 2285 lib.
2450 2247 2487 2286 ιι
2532 2242 2719 2288 contra
2761 2234 3105 2307 Pelagianos},
3162 2237 3360 2306 quippe

1738 2379 1747 2387 ,
1785 2338 1943 2392 quam
1968 2335 2151 2377 contra
2182 2324 2328 2393 ipsos
2357 2325 2672 2396 Pelagianos
2701 2336 2927 2392 torquet.
2961 2325 3076 2380 Non
3102 2327 3269 2382 ‘semel
3301 2330 3353 2381 in

1788 2414 1935 2467 libris
1950 2414 2060 2468 suis
2081 2429 2143 2469 ea
2174 2416 2340 2470 utitur
2366 2416 2423 2475 8.
2456 2416 2807 2487 Augustinus,
2838 2434 3029 2487 nempe
3054 2417 3157 2486 hic,
3179 2419 3355 2473 Tract.

1786 2500 1856 2561 '52
1885 2515 1939 2561 ct
1982 2508 2056 2560 lib
2100 2524 2134 2561 ιι
2166 2509 2234 2562 dc
2264 2508 2440 2564 Adult.
2488 2510 2700 2578 conjng.
2748 2524 2867 2574 cap.
2900 2509 2933 2562 6
2967 2521 3016 2563 et
3050 2510 3105 2575 7,
3141 2521 3194 2565 et
3222 2510 3360 2565 libro

1786 2599 1854 2652 de
1887 2614 2007 2653 vera
2056 2608 2108 2652 ct
2134 2598 2263 2653 l‘alsa
2290 2600 2553 2655 Poeniten.
2586 2615 2703 2668 cap.
2738 2601 2823 2664 l5,
2849 2607 2903 2654 et
2924 2581 3078 2669 episi.
3109 2601 3234 2654 olim
3266 2600 3355 2664 5i,

1789 2704 1928 2742 nunc
1985 2688 2118 2752 155,
2170 2698 2223 2741 et
2275 2690 2367 2742 lib.
2420 2690 2487 2743 de
2540 2690 2818 2743 Consensu
2856 2689 3355 2759 .Evangelistarutn,

1786 2796 1903 2851 cap.
1935 2781 1998 2834 lli
2022 2792 2074 2833 et
2097 2781 2242 2835 alibi.
2266 2780 2430 2835 Vetus
2460 2782 2887 2849 Apostolicarum
2908 2780 3357 2837 Constitutionum

1786 2881 1974 2926 auctor
2004 2871 2097 2926 lib.
2142 2889 2197 2937 ιι,
2228 2887 2349 2941 cap.
2398 2872 2491 2939 (Μ,
2522 2873 2762 2943 ejusdem
2810 2874 3072 2939 meminit,
3130 2874 3361 2944 itemque

1790 2963 2047 3033 Synepsis
2088 2964 2284 3018 Sancto
2306 2962 2602 3019 Athanasio
2627 2964 2918 3035 adscripta,
2954 2964 3029 3018 uti
3057 2976 3110 3021 et
3139 2966 3197 3022 S.
3227 2966 3358 3021 Am-

1788 3052 1999 3109 brosius
2018 3054 2107 3107 lib.
2133 3070 2190 3107 ιιι
2212 3055 2279 3109 de
2306 3055 2503 3123 Spiritu
2527 3057 2745 3123 Sancto,
2766 3071 2885 3125 cap;
2918 3055 3041 3111 item
3063 3066 3117 3111 et
3139 3056 3239 3113 lib.
3267 3072 3360 3121 vu,

98 3148 262 3206 νὴπὶ
291 3163 319 3201 a
346 3146 471 3203 Jesu
512 3146 837 3214 quasivere,
871 3144 1055 3198 liceret
1092 3156 1159 3196 ne
1184 3154 1407 3195 uxorem
1451 3138 1687 3210 qualibet
1712 3147 1753 3209 C
1787 3146 1944 3215 epist.
1977 3146 2069 3212 58,
2096 3148 2275 3203 eLlib.
2305 3162 2378 3209 ιχ.
2412 3148 2569 3217 epist.
2601 3147 2669 3201 76
2690 3187 2705 3213 ,
2735 3146 3024 3217 czeteriqne
3056 3146 3229 3201 Latini
3262 3147 3361 3201 Pa-

97 3255 177 3296 ex
206 3252 379 3294 causa
403 3237 703 3305 repudiare.

172 3330 383 3385 Narrat
422 3327 681 3382 Eusebius
713 3326 845 3381 llist.
880 3324 1022 3381 Eccl.
1062 3324 1155 3379 lib.
1198 3334 1426 3393 tu,‘cap.
1486 3324 1553 3378 '59
1595 3338 1690 3377 seu

95 3422 334 3486 ultimo,
379 3417 591 3487 Papiam
613 3409 1190 3487 Joannisévangelista:
1218 3416 1533 3485 discipulum
1563 3431 1687 3483 scn-

102 3512 322 3568 tcntias
384 3510 763 3578 orationesque
828 3509 1167 3577 quamplnrcs
1212 3522 1278 3561 ex
1326 3506 1688 3573 apostolorum

93 3618 203 3659 ore
232 3602 542 3671 collegisse,
575 3615 693 3670 quae
721 3599 771 3652 in
798 3595 1202 3668 Evangeliorum
1242 3594 1392 3649 libris
1417 3611 1521 3647 nou
1551 3594 1689 3663 lege-

92 3696 349 3759 bantur;
381 3694 520 3747 inter
543 3702 768 3746 eteteras
793 3706 919 3745 vero
946 3700 992 3744 et
1022 3689 1165 3743 illam
1194 3688 1458 3742 historiam
1489 3687 1552 3740 de
1580 3702 1693 3739 inu-
1728 3709 1732 3713 -

86 3788 264 3850 lierc,
314 3784 585 3837 multorum
611 3783 924 3852 ﬂagitiorum
951 3792 1187 3834 accusata
1221 3783 1361 3849 apud
1397 3780 1688 3834 Dominum.

97 3878 247 3945 ρυω
270 3875 507 3937 historia,
534 3872 708 3943 inquit
736 3872 1014 3937 Eusebius,
1034 3872 1085 3924 in
1111 3870 1386 3940 Evangelia
1413 3872 1690 3924 secundant

92 3970 372 4026 Hebraos
398 3970 700 4023 continetur.
746 3966 868 4021 llaec
897 3966 1104 4021 Eusebii
1134 3966 1293 4019 verba
1323 3966 1545 4019 ermlitis
1572 3968 1692 4035 qui-

89 4061 345 4119 busdam
372 4060 677 4128 scrupulum
710 4058 969 4127 injecere,
1003 4072 1308 4124 prcesensue
1336 4055 1402 4111 de
1448 4056 1691 4111 adultera

90 4152 365 4208 narratio
388 4166 455 4204 ex
482 4149 685 4204 Joanne
711 4148 956 4218 primum,
984 4162 1049 4201 an
1080 4163 1145 4202 ex
1170 4146 1329 4215 Papia
1358 4146 1551 4212 ingenii
1578 4145 1693 4198 nul-

89 4245 213 4298 lius
269 4242 513 4303 bomine,
554 4254 620 4293 an
663 4238 889 4305 denique
931 4237 1187 4289 habeatur
1237 4249 1301 4287 ex
1348 4234 1688 4286 Hebraeorum

88 4330 426 4402 evangelio,
477 4343 583 4397 quo
636 4328 711 4380 uti
754 4333 978 4387 constat,
1026 4326 1224 4376 incerta
1271 4322 1581 4391 quamplura
1638 4330 1693 4376 et

90 4418 429 4493 apocrypha
475 4415 900 4472 continebantur.
954 4414 1155 4494 Pugnat
1200 4411 1396 4480 pariter
1447 4411 1497 4465 in
1554 4410 1692 4465 illius

1790 3245 1901 3293 tres
1924 3255 2018 3309 pro
2041 3240 2461 3308 opportunitate.
2503 3237 2801 3293 Concilium
2832 3239 3062 3309 denique
3090 3238 3360 3293 Tridenti-

1791 3344 1914 3383 ntnn
1937 3344 2072 3384 sess.
2096 3328 2129 3381 4
2150 3328 2219 3396 de
2246 3329 2446 3398 Script.
2479 3329 2688 3383 Canon.
2720 3344 2839 3382 cum
2867 3342 3056 3383 oumes
3098 3329 3361 3399 singulas-

1789 3436 1892 3487 que
1922 3436 2007 3474 res
2038 3402 2088 3473 in
2118 3420 2510 3487 exemplaribus
2542 3420 2781 3489 Vulgata:
2806 3428 3105 3483 contentas,
3134 3418 3362 3474 Canoni-

1788 3524 1880 3563 cas
1899 3524 2016 3563 esse
2046 3510 2495 3577 pronuntiaverit,
2544 3510 2716 3563 locum
2751 3510 2889 3564 hunc
2915 3525 3035 3564 cum
3067 3510 3280 3563 caeteris
3308 3510 3361 3563 iu

1789 3599 2057 3654 Canonem
2082 3601 2317 3667 excepit,
2351 3598 2704 3669 eamdemque
2726 3599 2803 3653 uti
2832 3600 3226 3665 authenticum,
3247 3598 3357 3653 Cri-

1790 3692 1878 3745 tici
1912 3692 2147 3761 plerique
2172 3689 2547 3755 eruditissimi,
2577 3690 2739 3744 etiam
2772 3689 3116 3755 Heterodoxi,
3149 3700 3206 3744 ut
3230 3689 3354 3743 Cal-

1793 3784 1927 3847 vin.,
1960 3782 2202 3846 Gmuar.,
2254 3781 2495 3845 Selden.,
2534 3779 2727 3847 Uxor.,
2771 3779 2959 3845 Hebr.,
2993 3780 3087 3833 lib.
3120 3794 3236 3848 cap.
3272 3778 3356 3843 ll,
3429 3763 3443 3779 ⁸

1791 3873 1982 3927 Millius
2012 3873 2062 3925 in
2092 3872 2213 3927 Not.
2243 3876 2295 3926 in
2319 3872 2381 3926 N.
2408 3872 2471 3926 Τ.
2502 3872 2702 3942 aliique
2732 3873 3143 3941 amplectuntur,
3192 3870 3362 3939 inquit

1790 3964 1999 4019 Calmet
2025 3964 2090 4019 ad
2122 3965 2261 4020 hunc
2284 3966 2480 4019 locum.
2800 3962 2806 3975 ‘

1864 4053 2018 4109 Unde
2061 4065 2237 4109 autem
2286 4054 2367 4119 ﬁt,
2392 4065 2447 4108 ut
2477 4052 2624 4109 Libri
2672 4062 2880 4108 veteres
2903 4050 3109 4107 Vercel.
3139 4060 3194 4108 et
3213 4053 3358 4108 Brix.

1792 4144 2007 4213 aliique,
2048 4143 2345 4211 przesertim
2376 4144 2573 4207 Graeci,
2621 4144 2759 4196 hunc
2800 4144 2975 4197 locum
3016 4158 3122 4198 non
3154 4146 3362 4200 lerant?

1791 4232 1847 4285 S.
1882 4235 2207 4300 Augustinus
2261 4232 2355 4285 lib.
2387 4246 2423 4285 ιι
2467 4231 2535 4286 de
2567 4232 2789 4303 Conjug;
2842 4234 3007 4289 adult.
3040 4250 3159 4305 cap.
3186 4237 3240 4303 7,
3290 4238 3363 4289 la-

1791 4330 1934 4375 etum
1958 4336 2078 4375 eSse
2101 4322 2203 4397 ait,
2225 4331 2279 4374 nt
2300 4322 2531 4376 n‘onnulli
2559 4322 2770 4379 modij
2794 4326 2934 4393 ﬁdei,
2968 4328 3045 4381 vel
3073 4328 3238 4397 potius
3263 4328 3362 4380 ini-
3428 4376 3434 4383 .

1748 4465 1753 4469 .
1792 4414 1907 4468 mici
1946 4429 2075 4468 verte
2112 4414 2252 4482 ﬁdei,
2284 4414 2456 4481 credo,
2501 4426 2777 4471 metuentes
2806 4418 3048 4486 peccandi
3085 4419 3360 4487 impunita-

86 4512 487 4569 sinceritatetn
543 4508 726 4576 ingens
769 4505 1032 4557 variarum
1078 4502 1365 4557 lectionum
1415 4514 1689 4569 numerus,
1718 4515 1771 4575 Ι)
1796 4514 1891 4558 tem
1932 4505 2048 4559 dari
2076 4506 2369 4559 mulieribus
2392 4506 2516 4568 suis,
2558 4506 2713 4573 illud,
2746 4508 2879 4573 quod
2911 4509 2973 4560 de
3009 4508 3257 4561 adultera:
3282 4509 3360 4559 in-

88 4620 229 4676 quae
263 4604 327 4656 in
358 4600 637 4655 duodecim
680 4597 941 4666 prioribus
974 4595 1161 4667 capitis
1198 4596 1354 4667 hujus
1386 4595 1691 4662 versiculis,

83 4710 275 4766 quam
308 4694 362 4746 in
389 4692 595 4746 caeteris
623 4689 895 4761 Evangelii
929 4689 1083 4759 hujus
1121 4688 1254 4743 locis
1300 4684 1694 4757 frequentiores

84 4786 500 4851 inveniuntur,
552 4782 830 4845 utvidere
877 4780 971 4835 las'
992 4789 1076 4836 est
1122 4779 1261 4850 apud
1312 4778 1525 4834 Sixtum
1562 4777 1691 4833 Sen.

83 4882 198 4935 lib.
238 4894 261 4933 ι
326 4874 501 4941 Grot.,
533 4875 687 4941 Bez.,
722 4872 1061 4939 llammond.,
1114 4871 1267 4926 Joau.
1299 4868 1519 4935 Cleric.,
1546 4870 1697 4939 Caje-

88 4981 220 5026 tan.
281 4967 385 5021 llis
426 4966 563 5022 adde
599 4980 893 5036 gramarum
938 4973 992 5018 et
1039 4961 1382 5017 orientalium
1436 4959 1700 5016 Ecclesia-

84 5076 231 5120 rum
278 5072 631 5125 consensum,
684 5058 902 5127 quarum
936 5054 1114 5109 multis
1153 5054 1205 5108 in
1244 5054 1395 5109 libris
1420 5052 1697 5108 desidera-

84 5164 214 5213 tur,
251 5156 409 5202 teste
448 5147 667 5202 Selden.
695 5147 861 5203 anr.
899 5147 1055 5202 llebr.
1088 5146 1179 5200 lib.
1211 5161 1302 5209 ιιι,
1331 5159 1449 5213 cap.
1485 5144 1568 5197 11.
1597 5145 1697 5197 Ista

82 5252 261 5306 sunt,
296 5253 422 5308 quae
451 5238 501 5290 iu
527 5238 680 5305 hujus
710 5239 952 5293 Historiae
987 5239 1347 5293 sinceritatem
1376 5236 1699 5304 objiciuntur

84 5336 168 5389 ab
194 5326 501 5387 Haereticis
530 5338 725 5379 nostra:
751 5330 941 5381 aetatis.
1002 5394 1007 5397 ι

172 5426 290 5481 llis
322 5416 733 5490 respondemus,
765 5418 975 5472 codices
1003 5419 1294 5484 codicibus,
1321 5418 1521 5473 Graecis
1547 5416 1697 5471 Grae-

84 5534 225 5583 cos,
291 5512 524 5568 Latinos
567 5518 622 5565 et
660 5508 972 5573 Orientales,
1009 5510 1205 5564 Lutiuis
1246 5518 1301 5564 et
1338 5507 1699 5567 Orientalibus

85 5602 481 5687 opponendo.
514 5602 552 5655 E
592 5601 741 5655 libris
769 5598 966 5655 Graecis
1004 5612 1205 5669 septem
1232 5611 1286 5656 et
1314 5602 1520 5663 decem,
1568 5612 1700 5667 quos

86 5696 375 5762 habebat
397 5691 711 5753 Theodorus
740 5692 870 5750 Bcza
899 5705 1055 5748 manu
1095 5700 1364 5759 exaratos,
1407 5704 1541 5745 unus
1567 5688 1703 5746 dun-

1799 4596 2060 4667 dulgentia
2085 4592 2335 4648 Dominus
2361 4596 2498 4665 fecit,
2541 4598 2798 4665 auferrent
2828 4595 2892 4650 de
2926 4596 3178 4649 codicibus
3215 4595 3359 4659 suis;

1798 4688 1945 4757 quasi
1981 4688 2357 4756 permissionem
2388 4687 2629 4754 peccandi
2657 4686 2904 4749 tribuerit,
2934 4688 3020 4753 qui
3060 4686 3185 4738 dixit
3205 4700 3225 4738 :
3240 4688 3355 4756 jam

1801 4780 2033 4850 deinceps
2058 4779 2163 4831 noli
2185 4795 2411 4845 peccare.
2448 4778 2547 4830 Alii
2575 4793 2835 4832 censuere
2863 4793 2929 4832 ex
2966 4776 3250 4848 Evangelio
3271 4794 3356 4835 sc-

1799 4873 2028 4927 Cttndtlttt
2062 4871 2312 4925 [labra-os
2356 4871 2405 4923 iu
2450 4869 2672 4923 Joannis
2714 4868 3051 4939 Evangelium
3081 4871 3354 4940 migrasse.

1798 4963 1912 5015 sive
1942 4976 1971 5013 a
2002 4960 2155 5026 l’apia
2186 4960 2236 5011 in
2268 4972 2358 5025 ora
2388 4958 2507 5012 libri
2551 4958 2898 5029 descriptum,
2940 4959 3132 5016 deinde
3161 4962 3211 5016 iu
3245 4971 3357 5016 tex-

1801 5062 1909 5105 tum
1938 5050 2237 5118 irrepsisse.
2266 5048 2422 5103 Hisce
2445 5050 2763 5119 conjecturis
2792 5050 2963 5105 locum
2995 5051 3165 5107 fecere
3193 5054 3349 5107 verba

1800 5142 2013 5197 Eusebii
2051 5156 2167 5210 qua:
2191 5141 2552 5196 recitaviinus.
2581 5147 2647 5196 At
2679 5158 2782 5201 non
2804 5142 2931 5198 satis
2959 5145 3119 5214 liquet
3178 5157 3348 5201 utrum

1798 5232 1865 5288 de
1895 5233 2117 5287 muliere
2148 5233 2248 5287 hac
2290 5232 2527 5287 adultera
2570 5248 2635 5286 eo
2682 5234 2799 5286 loco
2828 5245 2941 5303 agat
2978 5235 3257 5300 Eusebius,
3291 5236 3355 5290 il-

1799 5323 1887 5379 lud
1917 5324 2191 5379 dumtaxat
2235 5324 2496 5385 scribens,
2547 5330 2807 5375 narratam
2850 5337 2877 5373 a
2910 5323 3067 5390 Papia
3095 5326 3351 5407 [tiqui-iam

1802 5413 1865 5468 de
1894 5416 2121 5479 muliere,
2163 5412 2434 5463 multorum
2480 5410 2785 5477 ﬂagitiorum
2828 5420 3062 5462 accusata
3088 5412 3224 5479 apud
3251 5411 3355 5485 Do.-

1805 5506 2016 5569 minmn,
2047 5518 2159 5570 quer
2184 5501 2397 5553 historia
2436 5500 2485 5551 in
2514 5497 3082 5567 Evangelio‘secundum
3118 5498 3353 5556 llrbra'os

1803 5597 2162 5649 contineri-tur.
2220 5590 2334 5642 Non
2388 5588 2629 5642 meminit
2684 5587 2938 5640 Eusebius
2991 5588 3225 5643 mulieris
3285 5594 3352 5648 de

1806 5683 2067 5739 adulterio
2104 5679 2363 5735 duntaxat
2412 5676 2639 5741 delatae;
2689 5688 2845 5744 quam
2892 5678 3248 5736 narrationem
3300 5684 3351 5745 in
