3902 6452
518 250 586 305 99
1843 242 2213 325 .PROLEGOM
2223 242 2306 298 EN
2312 244 2375 297 Α.

3647 244 3751 302 £00

516 360 809 432 Evangelia
832 358 1117 415 secundum
1135 345 1395 414 'llebrtcos
1418 357 1695 413 reeitatam
1744 356 1907 412 fuisse
1936 357 2081 413 nullo
2108 364 2159 421 Α
2255 356 2383 411 L‘uc.
2425 371 2542 426 cap.
2603 374 2755 425 xxiv,
2806 358 2911 424 36,
2951 356 3005 412 in
3048 353 3345 412 Vercellen.
3389 362 3445 412 et
3480 356 3751 416 Veronen.

512 461 829 522 argumento
852 450 1132 505 discimus.

586 544 834 606 Grotius,
880 541 967 611 qni
1011 556 1130 597 eam
1164 540 1411 611 primitus
1448 558 1477 595 a
1515 541 1719 597 Joanne
1759 541 2081 610 descriptam

514 644 689 705 negat,
724 634 818 695 ait,
850 631 1095 693 traditam
1145 630 1418 699 discipulis
1458 634 1571 687 viva
1605 648 1737 687 voce
1765 633 1831 687 ab
1861 641 2081 699 aposto-

515 726 612 789 lis;
660 735 715 777 at
743 725 795 777 in
828 721 1127 793 Evangeliis
1156 722 1434 786 omissam,
1470 724 1614 792 quod
1648 724 1802 777 facile
1842 722 1967 777 inde
1996 736 2084 776 ca-

516 814 709 868 lumnia
761 814 923 881 arripi
968 820 1153 882 posset
1196 810 1507 865 traducttndi
1561 813 1895 867 Christianos
1942 813 2081 883 apud

514 907 875 974 magistratus,
926 902 1078 973 quasi
1108 909 1415 957 evertentes
1456 903 1665 970 publica
1691 902 1913 971 judicia,
1964 905 2083 971 qui-

513 997 609 1047 bus
640 1006 783 1048 stare
814 996 1023 1049 videtur
1054 994 1367 1062 reipublicae
1397 993 1563 1047 salus.
1615 992 1810 1047 Contra
1841 991 2082 1047 defendit

511 1087 700 1139 Millius
732 1087 937 1156 Prolog.
966 1086 1058 1149 25,
1090 1085 1218 1148 252,
1244 1085 1350 1140 255
1376 1095 1428 1140 et
1452 1086 1577 1149 892,
1611 1093 1875 1139 narratam
1897 1100 1926 1137 a
1949 1085 2082 1139 scri-

511 1187 663 1245 ptore
696 1178 966 1246 Evnngclii
1012 1177 1302 1231 secundum
1346 1177 1601 1231 llebrreos
1630 1192 1697 1231 ex
1724 1191 1909 1231 eorum
1953 1176 2075 1243 (ide,

508 1272 597 1338 qui
627 1270 692 1322 ab
722 1270 981 1337 apostolis
1011 1268 1341 1331 didicerant;
1375 1269 1641 1335 variisque
1686 1267 1951 1335 adjunctis
1991 1284 2080 1321 or-

507 1372 706 1426 natam,
732 1363 801 1414 uti
833 1363 1142 1430 plerumque
1173 1364 1223 1413 in
1257 1361 1336 1413 his
1368 1356 1522 1414 rebus
1552 1376 1651 1413 Usu
1671 1361 1843 1424 venit;
1868 1359 2075 1414 descri-

508 1464 646 1521 ptam
676 1453 865 1506 deinde
896 1468 922 1505 a
953 1452 1161 1506 Joanne
1188 1452 1239 1505 in
1266 1451 1554 1521 Evangelio
1587 1467 1652 1504 ex
1675 1450 2076 1503 accuratissima

507 1546 757 1607 veritate,
815 1545 1009 1611 quippe
1040 1543 1190 1611 cujus
1230 1544 1305 1595 rei
1338 1542 1490 1595 testis
1522 1538 1861 1609 ipselueral,
1893 1550 2077 1607 spreto

506 1636 587 1688 Vel
632 1637 872 1703 ignei-ato
906 1648 1124 1702 prorsus
1164 1632 1457 1701 Evangelio
1478 1632 1770 1685 secundum
1802 1631 2071 1683 llebracs.

2187 449 2340 502 deest
2383 447 2519 501 Dicit
2568 450 2673 503 eis:
2717 468 2816 520 pax
2857 449 3024 514 nobis;
3064 464 3154 519 ego
3190 463 3324 513 sunt,
3368 448 3525 502 nolite
3560 450 3756 506 timere.

2187 539 2355 593 Porro
2400 556 2458 592 ea
2498 541 2681 608 vetba,
2732 540 2840 611 Ego
2883 555 3016 603 sum,
3043 539 3195 593 nolite
3240 538 3432 605 timere,
3474 539 3529 593 in
3567 539 3756 597 Graeco

2186 647 2399 701 quoquo
2428 633 2818 688 desiderantur.
2869 634 2935 686 At
2980 647 3042 686 ea
3090 632 3273 701 legunt
3314 632 3591 689 versiones
3618 635 3759 704 Cop-

2188 723 2310 787 tica,
2361 722 2611 792 Syriaca,
2664 724 2896 797 Persica,
2949 722 3212 787 Arabica,
3271 718 3595 794 Ethiopica,
3650 724 3755 780 Ar-

2186 826 2363 875 mena,
2389 823 2490 866 etc.
2520 822 2573 867 et
2594 813 2693 868 SS.
2729 812 3043 867 Ambrosius
3072 820 3124 865 et
3153 810 3503 879 Augustinus.

2253 903 2437 957 Matth.
2490 918 2606 973 cap.
2656 921 2749 969 vn,
2803 921 2851 958 ν.
2902 906 2987 968 15,
3037 902 3335 956 Vercellen.
3379 912 3434 957 et
3480 903 3753 959 Veronen.

2181 1012 2331 1063 quam
2362 997 2465 1048 lata
2495 1006 2539 1048 et
2568 998 2795 1064 spatiosa
2820 1007 2890 1048 est
2929 996 3027 1048 via.
3061 994 3117 1049 S.
3159 993 3514 1064 Hieronymus
3550 996 3602 1049 in
3633 995 3754 1065 epi-

2182 1090 2314 1141 stola
2351 1089 2449 1141 143
2478 1130 2488 1150 ,
2524 1089 2573 1140 in
2604 1103 2709 1141 uno
2748 1102 2848 1141 ms.
2878 1102 3032 1155 quam
3069 1086 3172 1138 lota
3210 1094 3256 1138 et
3282 1086 3505 1154 spatiosa
3542 1087 3625 1139 via
3657 1097 3751 1141 est.

2181 1178 2234 1230 ln
2260 1179 2388 1231 edit.
2416 1193 2541 1232 vero
2562 1178 2759 1233 Veron.
2796 1188 2924 1231 tom.
2949 1194 2984 1242 ι,
3021 1192 3140 1246 pag,
3177 1178 3333 1242 1095,
3350 1194 3501 1246 quam
3527 1178 3756 1248 spatiosa

2179 1270 2278 1320 ria.
2309 1270 2367 1323 8.
2396 1272 2641 1325 Ambros.
2668 1272 2719 1324 in
2749 1271 2975 1339 exposit.
3009 1269 3209 1339 Evang.
3250 1282 3361 1324 sec.
3392 1268 3524 1324 Luc.
3556 1271 3650 1324 lib.
3677 1285 3755 1337 l\',

2179 1374 2298 1429 pag.
2328 1354 2493 1421 1³544,
2512 1364 2614 1413 lata
2645 1374 2689 1414 et
2716 1362 2963 1430 spatiosa,
2994 1360 3162 1415 relate
3185 1358 3253 1415 ad
3276 1362 3435 1414 viam.
3465 1360 3619 1417 Unus
3647 1377 3750 1417 ms.

2178 1452 2234 1504 S.
2267 1452 2545 1518 Augustini
2573 1452 2639 1505 tle
2668 1451 2840 1505 Serm.
2869 1449 3078 1504 Domin.
3101 1465 3253 1519 quam
3274 1450 3379 1505 lata
3401 1461 3572 1521 porta.

2182 1598 2185 1601 _
2250 1542 2435 1594 Matth.
2475 1558 2591 1610 cap.
2644 1557 2762 1604 vni,
2795 1542 2885 1606 25,
2936 1542 3093 1597 verba
3142 1541 3383 1611 discipuli
3408 1543 3521 1613 eius
3555 1542 3755 1599 desunt

2180 1633 2229 1685 in
2254 1633 2551 1688 Vcrcellcn.
2581 1643 2634 1688 et
2664 1633 2970 1700 Corbeien,
2995 1643 3050 1689 et
3074 1634 3144 1689 ita
3174 1635 3226 1689 in
3253 1636 3522 1691 nonnullis
3550 1638 3753 1708 reginae

510 1727 728 1789 Deinde,
758 1740 877 1777 Cllllt
907 1725 1103 1778 sciolus
1146 1722 1341 1791 aliquis
1380 1736 1497 1791 eam
1530 1722 1886 1775 narrationem
1917 1721 2076 1775 Joan-
2108 1735 2151 1793 Β
2181 1725 2471 1779 Succorum
2504 1742 2630 1779 mss,
2666 1726 2865 1780 Latinis
2889 1726 3178 1781 Bibliomm
3205 1726 3358 1783 Sacr,

508 1818 588 1867 nis
618 1814 905 1882 Evangelio
946 1829 1009 1867 ex
1044 1814 1332 1882 Evangelio
1363 1802 1654 1866 secundum
1685 1812 1937 1864 Hebra-os
1978 1810 2076 1864 ad-

504 1906 666 1956 tlitmt
718 1906 999 1972 putaverit,
1052 1904 1262 1972 adjecto
1312 1918 1438 1956 veru
1482 1912 1716 1966 notasse,
1771 1902 1934 1956 veluti
1979 1901 2077 1955 du-

502 1994 670 2054 biam,
696 1994 761 2045 ab
786 1994 889 2045 alio
920 1994 1131 2046 demum
1165 1992 1451 2045 audaciore
1478 2001 1814 2061 expunctum.
1851 1991 1924 2064 Ita
1952 2006 2075 2045 sen-

502 2088 602 2140 sim
627 2086 679 2139 in
702 2085 906 2139 (ἓι-ίεεὶε
937 2084 1207 2140 codicibus
1233 2083 1527 2138 desiderari
1563 2084 1879 2152 incoepisse;
1924 2098 2073 2137 cum—

501 2191 603 2244 que
633 2176 843 2229 nonnisi
891 2178 963 2232 uti
994 2174 1328 2245 apocrypbus
1356 2174 1502 2227 locus
1533 2173 1850 2238 haberetur,
1904 2173 2071 2228 ell‘usa

502 2268 697 2333 passim
736 2268 945 2321 licentia
985 2274 1311 2334 corruptam,
1341 2275 1395 2319 et
1423 2267 1614 2319 minori
1670 2266 1927 2335 obsequio
1956 2275 2071 2319 stu-

499 2359 713 2427 dioque,
764 2376 918 2428 quam
952 2359 1184 2428 reliquas
1227 2358 1499 2428 Evangelii
1548 2368 1727 2427 partes
1767 2358 1931 2414 fuisse
1970 2359 2067 2413 de-

498 2453 776 2520 scriptam.
812 2452 942 2506 llinc
974 2467 1099 2505 vero
1127 2459 1273 2505 ortas
1310 2459 1416 2505 tam
1447 2452 1642 2505 multas
1670 2452 1846 2505 varias
1879 2451 2067 2505 lectio-

509 2559 625 2606 nes,
659 2559 774 2612 qua-
800 2545 898 2595 huc
922 2544 1038 2596 loco
1070 2541 1436 2596 inveniuntur.
1464 2540 1535 2595 Ita
1560 2540 1785 2597 Calmet.

566 2636 719 2689 Joan.
754 2651 871 2703 cap.
908 2652 1007 2699 xu,
1062 2637 1150 2700 47,
1202 2636 1352 2689 deest
1374 2634 1543 2704 primo
1567 2634 1706 2699 loco,
1738 2652 1835 2686 non
1866 2633 1914 2687 in
1938 2631 2066 2687 Ver-

494 2731 685 2785 cellen.
721 2730 917 2784 Veron.
943 2738 996 2783 et
1021 2729 1263 2781 Brixian.
1296 2739 1349 2782 et
1376 2731 1444 2780 ita
1479 2730 1528 2780 in
1562 2730 1617 2781 S.
1650 2728 1956 2782 Ambrosio.

563 2823 718 2876 Joan.
750 2838 868 2890 cap.
898 2820 1138 2885 xnt,32,
1196 2820 1391 2874 desunt
1439 2822 1597 2872 verba
1648 2821 1688 2871 si
1726 2818 1863 2869 Dens
1912 2817 2065 2869 clari-

491 2917 675 2979 /iratus
696 2925 769 2965 cst
797 2914 845 2963 in
873 2929 948 2975 eo,
977 2913 1024 2963 in
1058 2910 1356 2963 Vcrccllen.
1391 2908 1588 2960 Veron.
1620 2924 1672 2961 et
1694 2909 1977 2960 Corbeien.
2011 2916 2063 2961 et

491 3006 559 3056 ita
592 3005 645 3056 in
676 3006 731 3056 S.
756 3001 1023 3055 Ambrosii
1057 3001 1143 3053 lib.
1176 3016 1223 3052 tv
1247 2998 1312 3053 tle
1345 2998 1491 3062 Fide,
1525 3012 1641 3066 cap.
1681 2998 1761 3060 lO,
1794 3013 1908 3065 pag.
1936 2998 2058 3063 545,

488 3106 541 3150 et
567 3096 617 3148 in
641 3095 778 3149 libro
802 3109 854 3155 ι’,
885 3108 1001 3161 pag.
1028 3092 1153 3155 57l,
1187 3105 1331 3143 num.
1364 3090 1488 3142 115.

558 3186 717 3240 Joan.
752 3200 871 3253 cap.
910 3199 1027 3247 xw,
1089 3182 1152 3235 15
1182 3224 1196 3247 ,
1240 3183 1289 3234 in
1330 3180 1625 3233 Vercellcn.
1669 3177 1789 3233 Gat.
1824 3178 1948 3231 Mm.
2004 3188 2058 3232 et

486 3280 723 3333 Brixian.
774 3278 947 3343 deest,
998 3275 1222 3327 Patrem.
1264 3274 1456 3326 Vet'On.
1510 3272 1688 3334 habet,
1730 3270 1789 3321 ab
1817 3287 1873 3322 co
1906 3270 2058 3334 petie-

484 3374 614 3435 ritis,
658 3380 711 3425 et
742 3373 811 3424 ila
839 3372 895 3424 S.
937 3366 1248 3423 Atubr0~itts
1291 3365 1341 3417 in
1376 3365 1467 3418 lib.
1501 3380 1529 3416 v
1566 3364 1633 3417 de
1662 3362 1814 3427 Fide,
1848 3378 1963 3432 cap.
1997 3361 2054 3427 5,

485 3479 538 3532 ι».
575 3464 700 3517 565.
2018 3440 2025 3458 '

552 3553 705 3607 Joatt.
744 3566 864 3619 cap.
918 3564 1058 3612 xvn,
1102 3549 1189 3614 18,
1213 3546 1514 3601 Vercellen.
1565 3544 1763 3599 Veron.
1808 3544 2047 3597 Brixian.

481 3647 676 3700 habent
719 3644 893 3713 primo
923 3650 978 3696 et
1006 3639 1240 3696 secundo
1267 3640 1384 3693 loco
1404 3678 1421 3705 ,
1453 3638 1505 3689 in
1536 3638 1670 3689 hunc
1701 3636 1966 3702 mundum,
1997 3646 2051 3689 et

480 3740 548 3791 ita
577 3738 638 3791 S.
666 3734 1002 3789 Ambrosius.

550 3830 677 3882 Luc.
730 3842 847 3896 cap.
877 3842 965 3889 ιιι,
1014 3822 1105 3887 25,
1156 3822 1206 3876 in
1230 3821 1529 3875 Vercellen.
1578 3830 1633 3873 et
1656 3818 1924 3874 Veronen.
1956 3819 2047 3876 de-

478 3918 764 3981 sideratur,
806 3918 893 3984 qui
931 3916 1024 3984 fuit
1065 3912 1353 3975 Mat/talia},
1396 3912 1483 3978 qui
1532 3911 1629 3979 fuit
1660 3910 1832 3962 Amos.
1884 3910 2045 3963 Divus

477 4011 707 4063 lrenmus
736 4020 917 4061 eontra
954 4006 1197 4059 lltcreses
1222 4017 1339 4071 cap.
1371 4003 1457 4067 55,
1505 4015 1622 4069 pag.
1657 4001 1782 4064 553,
1828 4009 1881 4053 et
1919 4000 2042 4053 cod.

482 4100 673 4152 Veron.
709 4115 811 4150 non
842 4106 1129 4167 agnoscunt
1171 4096 1221 4148 in
1251 4091 1581 4160 Genealogia
1611 4090 1821 4144 Domini
1849 4105 2041 4143 secun-

476 4188 601 4241 dum
653 4186 886 4246 Lucam,
936 4183 1036 4234 nisi
1074 4182 1411 4248 septuaginta
1458 4180 1591 4232 duas
1642 4179 2036 4247 generationes.

475 4279 624 4333 Nunc
653 4274 985 4342 septuaginta
1015 4281 1067 4323 et
1096 4285 1187 4321 sex
1230 4279 1596 4320 numerantur.
1649 4270 1722 4320 ita
1755 4272 1943 4336 aliqua:
1971 4284 2039 4322 ex

474 4371 553 4424 his
582 4363 1020 4439 generationibus
1051 4360 1308 4411 atldititite
1347 4367 1469 4409 tunc
1501 4356 1755 4424 temporis
1780 4358 2039 4425 putaban-

472 4475 573 4516 tur.
617 4458 856 4513 Adealur
897 4455 952 4507 S.
986 4452 1237 4505 Ambros.
1273 4448 1365 4500 lib.
1401 4462 1456 4499 ιιι
1489 4447 1726 4514 Exposit.
1770 4448 2036 4515 Evangelii
2064 4459 2116 4515 D

467 4552 757 4608 secundum
786 4548 981 4601 Lucam
1004 4583 1018 4606 ,
1051 4554 1275 4595 numero
1306 4538 1367 4591 15
1396 4541 1583 4606 pagina
1618 4539 1773 4602 1518,
1804 4540 2036 4605 itemque

469 4661 615 4697 num.
662 4645 727 4695 16
756 4638 1006 4694 editionis
1051 4632 1321 4696 Millll'ltltl‘,
1352 4628 1440 4698 qui
1481 4629 1675 4697 pariter
1708 4628 1902 4683 Veron.
1939 4644 2030 4683 eo-

468 4739 569 4790 dici
601 4736 781 4788 lavere
804 4733 1033 4785 videtur.

524 4825 667 4878 ,Luc,
716 4838 833 4889 cap.
866 4836 929 4889 _tv
952 4860 965 4882 ,
1020 4816 1075 4879 4,
1102 4814 1283 4877 verba,
1314 4812 1367 4864 in
1396 4822 1612 4865 montem
1654 4811 1924 4873 excelsum,
1946 4811 2032 4865 de-

465 4926 590 4973 sunt
628 4917 678 4968 itt
713 4914 909 4967 Veron.
962 4916 1122 4974 atque
1160 4908 1211 4959 in
1257 4905 1460 4959 Graecis
1502 4906 1819 4974 quibusdam
1850 4920 2031 4957 exem-

464 5010 721 5079 plaribus,
756 5006 991 5069 itemque
1020 5000 1070 5051 in
1100 4996 1309 5051 duobus
1338 4997 1535 5063 reginae
1560 4991 1855 5051 Suec'orutn
1890 5011 2023 5051 mss.

461 5092 645 5157 relatis
673 5098 724 5149 in
749 5096 855 5146 div.
880 5090 1019 5144 Bibl.
1042 5089 1098 5141 8.
1132 5087 1457 5157 Hieronymi.
1510 5089 1707 5141 Desunt
1736 5103 1943 5157 quoque
1970 5088 2020 5141 in

466 5194 759 5249 Vetcellen.
790 5187 989 5239 Verum
1018 5186 1113 5251 pro
1141 5181 1247 5233 illis
1271 5182 1453 5244 habet,
1483 5181 1818 5246 Hierusalem,
1851 5192 1897 5233 et
1919 5191 2021 5235 sla-

460 5289 551 5339 tuit
579 5300 689 5337 enm
718 5294 873 5347 supra
903 5276 1111 5344 pinnam
1139 5273 1330 5339 templi.

528 5376 653 5425 Luc,
688 5386 806 5438 cap.
855 5381 948 5428 ιιι,
983 5364 1071 5425 Si,
1124 5363 1283 5415 verba
1307 5362 1376 5413 ait
1403 5370 1566 5413 antem
1597 5361 1865 5428 Demimts,
1921 5362 2012 5416 de-

454 5472 652 5518 suntin
680 5459 1006 5517 Vercellen.,
1038 5453 1261 5517 Verum,
1292 5452 1597 5518 Corbeien.,
1620 5454 1739 5508 Gat.
1766 5464 1818 5507 et
1859 5454 2005 5519 Mm.,

451 5566 505 5609 et
533 5556 601 5605 ita
641 5555 689 5605 iu
720 5551 921 5607 Grarcis
968 5528 1671 5611 nonnullisexemplaribus
1712 5555 1765 5600 et
1801 5546 1850 5599 in
1890 5544 2006 5614 qui«

450 5646 668 5703 busdam
695 5641 960 5696 mss-div.
994 5637 1131 5694 Bibl.
1161 5636 1217 5692 S.
1253 5634 1581 5704 Hieronymi.

2252 1816 2437 1868 Matth.
2468 1831 2517 1870 c.
2542 1833 2593 1881 χ,
2642 1817 2708 1871 19
2735 1856 2748 1881 ,
2794 1818 2843 1869 in
2869 1816 3165 1872 Vercellen.
3197 1826 3251 1871 et
3282 1817 3551 1873 Veronen.
3590 1820 3753 1873 omit-

2178 1914 2359 1961 tuntur
2385 1910 2543 1977 verba
2573 1909 2995 1977 quomodo,nut-,
3021 1918 3073 1963 et
3102 1911 3169 1963 ita
3201 1909 3253 1964 in
3283 1909 3340 1965 S.
3364 1910 3612 1981 Cypriani
3631 1913 3750 1983 epi-

2176 1999 2309 2053 stola
2342 1999 2412 2053 56
2442 2000 2508 2053 ad
2545 2000 2941 2067 Thibaritanos,
2990 2000 3057 2056 de
3103 2000 3473 2085 exhortatione
3503 2003 3748 2074 Martyrii

2176 2104 2293 2159 pag.
2326 2090 2445 2144 129.

2244 2201 2426 2255 Matth.
2484 2217 2601 2273 cap.
2635 2218 2726 2268 XI,
2780 2204 2851 2270 2,
2880 2202 3175 2259 Vercellen.
3216 2204 3417 2259 mittens
3467 2205 3585 2261 di...
3626 2205 3742 2277 ραι.

2169 2309 2195 2345 s
2219 2309 2354 2354 suos,
2381 2295 2568 2362 supple
2594 2294 2832 2362 lacunam
2855 2310 2920 2348 ex
2955 2294 3219 2349 Veronen.
3262 2305 3317 2349 et
3360 2295 3596 2351 Brixian.
3622 2295 3745 2350 mit-

2168 2393 2275 2436 lens
2312 2384 2592 2452 discipulos
2642 2400 2777 2439 suos.
2816 2384 2999 2439 Codex
3040 2383 3476 2453 Cantabrigensis
3521 2386 3744 2441 Graeco-

2166 2472 2385 2527 Latinus
2408 2475 2797 2540 habet,millens
2822 2491 2911 2545 per
2928 2475 3202 2544 discipulos
3230 2473 3745 2530 suos.Consentiunt

2166 2568 2440 2621 versiones
2467 2565 2711 2632 Gothica,
2738 2570 2993 2632 Arme'na,
3020 2568 3251 2631 Persica,
3280 2566 3518 2637 Syriaca.
3552 2567 3741 2622 Misso—

2165 2672 2281 2711 rutn
2329 2672 2359 2711 a
2400 2658 2603 2713 Joanne
2635 2658 3017 2728 discipulorum
3058 2674 3338 2713 numerum
3376 2673 3481 2713 non
3524 2660 3741 2715 tradunt

2163 2749 2431 2804 Juvencus
2457 2790 2473 2815 ,
2522 2750 2869 2816 Ambrosius,
2927 2749 3192 2815 Hilarius,
3245 2750 3314 2805 de
3357 2751 3555 2820 quibus
3594 2750 3733 2807 Mill.

2164 2844 2377 2912 Proicg.
2406 2844 2531 2897 587.

2235 2934 2416 2986 Matth.
2470 2948 2587 3002 cap.
2626 2947 2737 2997 XVI,
2793 2930 2881 2993 21,
2921 2931 2975 2985 in
3001 2928 3299 2985 Vercellen.
3330 2939 3385 2985 et
3433 2927 3720 2987 Corbeien.

2164 3024 2333 3086 deest,
2360 3023 2560 3087 scribis,
2591 3033 2645 3077 et
2670 3023 2741 3076 ita
2772 3023 2824 3076 in
2848 3022 2905 3077 S.
2932 3021 3151 3076 lrenaao.
3178 3068 3191 3075 -

2230 3113 2412 3165 Matth.
2476 3127 2593 3181 cap.
2647 3127 2819 3179 nm,
2868 3111 2932 3175 4,
2976 3112 3028 3165 in
3087 3110 3385 3167 Vercellen.
3436 3121 3489 3167 et
3526 3112 3731 3171 Veron.

2157 3203 2349 3257 desunt
2396 3204 2576 3266 verba,
2630 3212 2675 3255 et
2723 3204 3084 3270 importabilia,
3130 3209 3187 3257 et
3215 3204 3283 3257 ita
3318 3204 3369 3256 in
3416 3218 3556 3258 vers.
3604 3205 3728 3275 Syr.

2156 3293 2302 3347 Pers.
2332 3293 2495 3347 Arab.
2526 3291 2765 3361 Ethiop.
2793 3302 2951 3362 atque
2978 3296 3028 3347 itt
3058 3293 3157 3349 SS.
3185 3293 3325 3348 Iren.
3360 3302 3415 3348 et
3435 3295 3688 3351 Ambros.

2223 3386 2377 3440 Joan.
2420 3400 2540 3455 cap.
2574 3401 2620 3452 ι,
2656 3402 2705 3438 v.
2733 3386 2824 3451 27,
2877 3389 2930 3439 in
2974 3386 3268 3441 Vercellen.
3300 3386 3473 3454 deest,
3518 3390 3604 3459 qui
3633 3404 3726 3445 se-

2152 3478 2327 3531 cmido
2374 3478 2513 3541 loco,
2555 3486 2609 3531 et
2639 3477 2708 3531 ita
2740 3477 2790 3531 in
2828 3477 2883 3531 S.
2918 3476 3165 3545 Cypriani
3212 3479 3486 3547 operibus.
3534 3480 3589 3535 In
3618 3480 3727 3537 Ve-

2154 3583 2249 3618 t'nn
2276 3566 2470 3619 desunt
2496 3567 2680 3632 verba,
2722 3566 2810 3635 qui
2853 3576 2967 3619 ante
2995 3570 3073 3619 me
3119 3568 3284 3634 {actus
3314 3577 3407 3633 est,
3456 3577 3513 3623 et
3554 3569 3627 3624 ita
3666 3567 3721 3625 in

2150 3672 2291 3712 vers.
2326 3656 2567 3727 lEllliOp.
2596 3656 2751 3727 Copt.
2784 3666 2839 3712 et
2868 3658 2986 3711 aliis
3008 3658 3165 3712 codd.

2220 3749 2371 3802 Joan.
2429 3764 2542 3819 cap.
2588 3764 2637 3814 ν,
2681 3748 2771 3813 56,
2823 3750 2871 3801 in
2908 3748 3210 3803 Vercellen.
3267 3752 3553 3818 omittitur,
3605 3769 3720 3821 qua:

2146 3858 2235 3909 ego
2263 3842 2427 3909 facio,
2461 3849 2515 3893 et
2544 3841 2617 3893 ita
2648 3842 2699 3893 in
2739 3840 3033 3908 exemplari
3074 3840 3189 3892 Vat.
3240 3840 3300 3894 S.
3333 3842 3518 3895 Hilarii
3548 3844 3638 3898 lib.
3664 3860 3715 3898 Vl

2146 3932 2212 3986 de
2240 3932 2516 3985 Trinitate.
2549 3928 2605 3983 In
2654 3929 2847 3984 Veron.
2889 3929 3041 3983 deest
3077 3938 3303 3996 tantum,
3334 3946 3446 4000 ego,
3475 3941 3530 3986 et
3556 3933 3625 3987 ita
3654 3934 3709 3988 in

2147 4021 2203 4077 S.
2236 4020 2455 4086 llilario,
2482 4030 2609 4073 tom.
2644 4034 2702 4085 ιι,
2732 4033 2852 4087 pag.
2888 4018 3004 4071 152.

2213 4132 2405 4186 Joann.
2436 4147 2483 4185 c.
2532 4146 2605 4195 ιιι,
2662 4130 2944 4195 37,deest
2973 4130 3023 4182 in
3077 4127 3401 4193 Vercellen.,
3434 4130 3631 4186 Veron.
3658 4140 3715 4188 et

2144 4225 2418 4288 Brixiau.,
2474 4224 2601 4287 nali,
2654 4234 2705 4277 et
2756 4223 2824 4275 ita
2875 4222 2925 4275 in
2974 4221 3241 4290 plerisque
3284 4222 3520 4276 melioris
3573 4233 3710 4280 nota:

2140 4315 2535 4382 exemplaribus
2578 4314 2799 4377 Grrecis,
2842 4329 2941 4368 nec
2971 4328 3076 4366 non
3118 4313 3167 4366 in
3210 4310 3527 4381 quibusdam
3571 4329 3703 4369 mss.

2139 4406 2246 4459 div.
2275 4406 2589 4459 BibliOtltec.
2615 4405 2673 4459 S.
2706 4405 3033 4475 Hieronymi.

2210 4520 2400 4572 Joann.
2465 4533 2583 4587 cap.
2659 4534 2819 4585 xvut,
2868 4521 2967 4587 21',
3014 4521 3212 4585 deest,
3266 4520 3505 4576 secundo
3559 4522 3702 4589 loco,

2140 4626 2317 4671 unum,
2350 4611 2400 4661 in
2426 4609 2723 4664 Vercellen.
2759 4622 2812 4664 et
2840 4610 3033 4665 Veron.
3065 4614 3300 4681 itemque
3340 4613 3392 4667 in
3428 4613 3485 4669 S.
3516 4613 3704 4671 Hilarii

2139 4716 2265 4753 mss.
2297 4701 2386 4754 lib.
2419 4718 2505 4753 un
2534 4702 2598 4754 de
2620 4700 2897 4766 Trinitate,
2928 4710 3057 4756 tom.
3093 4718 3147 4767 ιι,
3180 4718 3299 4771 pag.
3331 4703 3456 4757 217.

2205 4810 2333 4863 Luc.
2365 4826 2480 4879 eap.
2513 4828 2587 4879 ix,
2632 4812 2724 4877 25,
2777 4812 3074 4867 Vercellen.
3128 4813 3347 4882 Abneget
3371 4813 3701 4881 semetipsum

2136 4910 2181 4953 et
2210 4911 2444 4970 aequatur
2482 4918 2580 4965 me,
2626 4903 2841 4956 omissis
2882 4903 2986 4955 illis
3019 4902 3197 4956 verbis
3227 4912 3273 4953 et
3309 4902 3454 4953 tollat
3496 4917 3699 4956 crucem

2133 5008 2276 5044 suam
2317 4992 2558 5060 quotidie.
2590 4990 2853 5046 Veronen.
2896 4991 3113 5061 Abneget
3151 4992 3490 5059 semetipsum,
3523 5002 3569 5045 et
3610 5009 3698 5044 su—

2131 5080 2265 5133 blata
2309 5096 2453 5133 cruce
2480 5098 2575 5133 sua
2615 5092 2851 5150 sequatur
2895 5098 2989 5135 me.
3040 5081 3242 5136 Vetusti
3285 5082 3498 5137 codices
3541 5082 3695 5136 multi

2128 5171 2263 5238 apnrl
2306 5170 2434 5223 Mill.
2473 5170 2596 5223 Var.
2646 5170 2791 5223 Lect.
2840 5186 2945 5225 non
2984 5171 3181 5226 habent
3218 5172 3457 5241 quotidie.
3508 5170 3692 5239 Aliqui

2124 5263 2280 5313 etiam
2344 5271 2503 5313 totam
2555 5262 2689 5315 hanc
2734 5263 3057 5331 pericopam,
3104 5265 3247 5317 tollat
3298 5278 3497 5316 crucem
3543 5278 3691 5315 suam

2117 5351 2360 5419 quotidie,
2389 5354 2660 5404 omittunt.
2692 5354 2762 5405 At
2799 5353 2972 5406 ferunt
2999 5355 3270 5407 versiones
3312 5352 3557 5420 Syriaca,
3581 5351 3688 5406 Go-

2118 5442 2277 5507 thica,
2310 5440 2532 5511 Vulgata
2558 5450 2612 5495 et
2638 5441 2821 5497 Latina
2855 5445 3093 5513 qutedam
3126 5442 3481 5512 exemplaria.

2183 5554 2312 5608 Luc.
2356 5571 2472 5626 cap.
2525 5574 2626 5625 χιι,
2685 5559 2784 5625 27,
2839 5562 2891 5615 in
2942 5560 3264 5624 Vercellen.,
3310 5558 3583 5614 Veronen.
3626 5566 3682 5615 et

2114 5645 2486 5703 Vindobunen.
2534 5662 2652 5719 post
2683 5652 2791 5705 lilia
2811 5693 2826 5718 ,
2860 5652 3091 5713 additur,
3138 5651 3279 5722 agri,
3311 5660 3364 5707 et
3392 5652 3465 5707 ita
3496 5650 3675 5723 legunt
