3902 6434
174 239 275 299 101

1197 232 1530 291 EPISTOLA
1569 228 1899 288 BUGGERII
1936 222 2411 284 NOVARIENSIS.

3322 220 3427 277 102

171 353 336 410 etiam
364 347 607 421 quaedam
636 347 896 404 editiones
927 345 985 404 S.
1024 348 1309 419 Augustini
1341 346 1395 403 in
1426 321 1657 417 Speculo
1684 343 1750 399 de
1778 350 1831 411 Α
1855 342 2174 412 interpretati
2190 348 2307 401 sunt
2336 356 2356 392 :
2381 346 2727 407 qumcumque
2755 332 2919 389 vultis
2953 341 3013 389 ut
3042 333 3240 391 faciant
3277 337 3430 392 vobis

176 442 468 513 Evangelia
495 439 788 497 secundum
813 440 1033 494 Lucam.

245 532 379 587 Luc.
418 546 538 601 cap.
588 544 696 595 xu,
727 528 818 595 51,
860 539 984 585 ante
1032 546 1264 601 regnum,
1305 529 1461 585 deest
1504 528 1748 599 primum,

176 625 231 679 in
261 622 588 684 Vercellen.,
628 619 931 685 Vcronen.,
982 616 1297 683 Corbeien.,
1346 617 1495 684 Man,
1548 617 1669 673 Gat.
1700 626 1754 671 et

178 716 439 779 Brixiam,
475 724 529 768 et
587 713 660 766 ita
724 712 779 766 in
830 709 955 765 aliis
1009 710 1246 777 antiquis
1317 709 1455 763 Bibl.
1515 708 1645 761 Item
1698 708 1751 760 in

179 818 326 863 textu
354 806 527 862 Graec.
561 805 689 859 etin
719 802 776 858 S.
806 800 1091 871 Augustini
1110 798 1343 868 Speculo
1369 801 1437 853 de
1467 799 1754 866 livaitgelio

177 899 473 957 secundum
505 898 701 953 Lucam
736 903 866 949 tom.
894 908 970 959 ιιι,
1000 903 1139 963 part.
1174 893 1226 957 1,
1261 906 1381 961 pag.
1411 891 1537 944 7⁸71.

251 992 383 1047 Luc.
442 1006 561 1059 cap.
609 1003 704 1052 xit,
757 988 859 1051 3|,
915 986 1113 1040 desunt
1166 983 1365 1048 verba,
1413 994 1461 1035 et
1502 980 1759 1051 justitiam

178 1082 311 1150 ejus,
344 1080 397 1134 in
432 1077 786 1141 Vercellens.,
835 1074 1159 1138 Veronens.,
1218 1072 1363 1136 Gat.,
1415 1070 1646 1125 Vindob.
1704 1076 1763 1122 et

183 1174 451 1236 Brixiam,
482 1182 534 1226 et
561 1170 631 1223 ita
662 1172 712 1223 in
736 1170 971 1239 antiquis
1000 1166 1291 1221 Corbcien.
1326 1163 1462 1218 Bibl.
1498 1163 1551 1215 in
1581 1161 1752 1217 Grzec.

181 1267 303 1321 etin
328 1266 391 1321 S.
423 1262 707 1333 Augustini
740 1258 858 1315 loco
882 1260 1119 1314 laudato.

254 1356 388 1412 Luc.
434 1371 552 1425 cap.
604 1369 699 1417 xu,
743 1354 842 1416 35,
875 1352 1195 1414 Vercellum,
1230 1358 1277 1403 et
1303 1349 1404 1401 sint
1434 1345 1623 1411 lumbi,
1652 1352 1758 1399 etc.

185 1450 408 1515 Veron.,
438 1446 757 1513 Corbeien.,
796 1445 1025 1499 Vindub.
1059 1453 1114 1498 et
1161 1442 1397 1496 Brixian.
1444 1441 1546 1492 sint
1594 1449 1764 1492 autent

182 1543 362 1606 lumbi,
392 1550 495 1596 etc.
545 1540 603 1595 S.
647 1539 877 1593 lrenreus
926 1539 977 1591 in
1010 1536 1103 1591 lib.
1159 1551 1210 1588 IV
1274 1544 1459 1589 contra
1517 1533 1762 1586 liiPI‘CSCS

181 1643 315 1688 toni.
354 1648 405 1697 ι,
435 1648 556 1702 pag.
587 1630 714 1696 278,
754 1631 856 1683 sint
882 1629 1035 1699 igitur
1074 1627 1253 1691 lumbi,
1282 1636 1385 1681 etc.

1855 434 2100 488 homines
2133 432 2294 494 bona,
2320 437 2455 496 .etc.,
2481 428 2569 480 sed
2596 429 2648 479 in
2672 424 2849 479 (ἕνωσο
2871 424 3156 495 Erangelio
3176 464 3191 492 ,
3213 427 3348 480 unde
3375 428 3430 481 in

1855 524 2099 577 Latinum
2122 520 2430 574 translatum
2460 528 2552 583 est,
2583 533 2681 571 non
2712 516 2915 588 legitur,
2946 517 3105 572 bona.

1924 615 2078 669 Joan.
2111 627 2228 681 cap.
2260 626 2311 674 ι,
2342 611 2397 673 '5,
2423 607 2750 669 Verecllen.,
2784 606 3081 674 Veronen.,
3109 607 3428 676 Cerbeien.,

1856 718 1908 761 et
1938 708 2174 761 Brixian.
2206 721 2325 760 cum
2372 705 2471 758 hac
2498 704 2925 771 interpunctione
2974 704 3193 773 legunt,
3241 716 3288 757 et
3326 707 3435 760 sine

1856 799 1947 851 illo
1994 799 2183 866 factum
2226 806 2299 850 est
2332 795 2480 849 nihil.
2519 794 2666 859 Quod
2710 799 2903 865 factum
2950 805 3056 861 est,
3092 801 3240 859 ctc.,'
3266 807 3319 850 et
3363 797 3436 850 ita

1858 890 2085 943 Sanctus
2100 890 2333 943 lrenarus
2349 889 2400 942 in
2424 888 2518 942 lib.
2550 903 2606 941 ιιι
2623 894 2805 941 contra
2824 886 3069 941 [hereses
3094 888 3145 940 in
3164 886 3437 957 aliquibus

1862 994 2018 1043 mss.,
2047 979 2360 1035 Tertullian.
2403 979 2455 1033 in
2482 978 2577 1033 lib.
2625 978 2883 1032 adversus
2920 976 3345 1046 Hermogenem,
3370 976 3432 1032 S.

1860 1066 2155 1137 Cyprianus
2199 1070 2251 1123 in
2298 1070 2391 1123 lib.
2425 1084 2458 1122 ιι
2480 1069 2777 1124 Testimon.
2808 1069 3063 1123 adversus
3113 1069 3326 1123 Jutlmos
3370 1070 3437 1122 ad

1860 1157 2142 1223 Quirinum
2168 1174 2287 1228 cap.
2320 1161 2353 1212 5
2380 1200 2393 1223 ,
2424 1175 2543 1229 pag.
2573 1159 2677 1213 552
2698 1202 2711 1225 ,
2743 1160 2799 1214 8.
2837 1160 3069 1213 llilarius
3106 1158 3157 1213 in
3201 1160 3289 1212 lib.
3324 1176 3339 1212 ι
3371 1160 3439 1215 de

1864 1248 2149 1315 'l‘rinitate,
2180 1260 2287 1303 tom
2338 1265 2395 1315 ιι,
2422 1250 2602 1319 pag.7,
2632 1261 2683 1303 et
2711 1250 2802 1311 lib.
2830 1266 2889 1314 ιι,
2913 1250 3202 1320 pag.37,et
3227 1250 3282 1305 8.
3314 1250 3443 1305 Atu-

1864 1344 2075 1395 brosius
2104 1345 2155 1395 in
2182 1341 2275 1396 lib.
2300 1356 2355 1395 In
2381 1340 2450 1395 dt:
2480 1340 2634 1407 Fide,
2670 1353 2800 1397 tom.
2835 1358 2891 1409 tt,
2914 1358 3030 1411 pag.
3061 1343 3187 1397 504.

1933 1432 2128 1486 Jnaun.
2185 1447 2305 1501 cap.
2357 1447 2404 1497 ι,
2448 1431 2541 1494 26,
2624 1432 2968 1498 Vercellens.,
3019 1434 3339 1499 Veronens.,
3377 1436 3445 1490 ἐι

1865 1524 2125 1590 Brittium,
2168 1536 2287 1589 stat,
2320 1532 2373 1577 et
2400 1524 2469 1577 ita
2496 1523 2555 1577 S.
2582 1524 2885 1594 Cyprianus
2908 1526 2961 1579 in
2995 1525 3087 1579 lib.
3124 1542 3160 1581 ιι
3182 1526 3443 1582 adversus
3522 1532 3525 1539 ’

1863 1615 2101 1682 JUtilCOS,
2134 1632 2252 1685 cap.
2292 1618 2376 1681 10,
2408 1632 2525 1685 pag.
2554 1616 2678 1669 350.
2711 1616 2768 1671 S.
2801 1616 3116 1673 Ambrosius
3138 1620 3188 1672 in
3214 1619 3349 1673 libro
3377 1620 3446 1676 de

252 1728 385 1783 Luc.
418 1741 537 1796 cap.
588 1739 733 1787 xxiv,
779 1723 848 1777 52
869 1764 883 1787 ,
914 1720 1141 1776 Omissis
1188 1721 1367 1775 verbis
1400 1720 1537 1786 illis,
1594 1722 1763 1790 loque-

1885 1706 1996 1761 lain
2024 1721 2077 1763 et
2105 1707 2237 1761 Abel
2267 1722 2386 1777 pag.
2424 1705 2522 1761 198
2546 1748 2561 1772 ,
2595 1717 2649 1761 et
2680 1707 2731 1760 in
2760 1710 2919 1776 epist.
2946 1709 3017 1762 5³5
3067 1708 3227 1777 prim.
3282 1711 3439 1765 class.

178 1829 322 1873 retur
348 1820 401 1871 in
428 1818 529 1881 via,
558 1828 627 1881 et,
664 1813 823 1868 habet
844 1813 1167 1876 Vercellcu.,
1189 1829 1301 1864 cum
1327 1810 1649 1880 adaperiebat
1675 1826 1767 1862 no-

179 1910 257 1981 bis
282 1910 605 1980 Scripturas,
641 1908 860 1973 \'cron.,
888 1922 1003 1958 cum
1031 1906 1249 1974 aperiret
1279 1904 1420 1956 nobis
1446 1904 1765 1971 Scripturas,

180 2010 239 2056 et
265 2002 337 2055 ita
364 2000 423 2054 S.
466 1999 717 2063 Ambros.
749 1998 801 2051 in
831 1996 924 2051 lib.
958 1996 1026 2050 de
1073 1994 1245 2048 Instit.
1299 1993 1441 2062 Virg.
1492 2007 1609 2061 eap.
1661 1993 1718 2045 11
1749 2032 1763 2053 ,

179 2108 305 2163 pag.
338 2093 465 2159 266,
493 2092 621 2147 etin
655 2092 848 2145 Enarr.
878 2090 931 2142 in
963 2088 1098 2157 psal.
1127 2101 1362 2149 xxxvm,
1393 2101 1444 2154 p.
1472 2084 1596 2139 8l9.

253 2183 385 2239 Luc.
427 2198 544 2253 cap.
590 2198 739 2245 xxiv,
796 2180 883 2235 46.
939 2180 1141 2232 Desunt
1194 2178 1393 2239 verba,
1425 2184 1469 2227 et
1500 2175 1575 2225 sic
1614 2189 1765 2242 apor-

180 2276 349 2340 tebat',
377 2276 430 2328 in
460 2272 787 2335 Vercelleu.,
817 2268 1086 2324 Veronen.
1107 2308 1121 2333 ,
1150 2266 1273 2323 Gat.
1301 2308 1315 2332 ,
1343 2276 1398 2321 et
1422 2264 1571 2331 Mtu.,
1608 2272 1664 2317 et
1693 2265 1765 2316 ita

182 2368 239 2422 in
264 2365 325 2422 S.
356 2365 499 2420 lren.
533 2366 624 2419 lib.
652 2379 708 2418 ιιι
749 2371 936 2418 contra
968 2360 1213 2415 Hiereses
1237 2372 1367 2413 tom.
1395 2373 1447 2423 ι,
1478 2374 1599 2427 pag.
1632 2357 1760 2413 206.

256 2460 425 2514 Marc.
476 2472 594 2525 cap.
658 2471 780 2520 xiv,
837 2453 944 2519 62,
990 2453 1041 2507 in
1077 2450 1380 2507 Vercellen.
1412 2459 1466 2503 et
1524 2449 1761 2503 Brixian.

188 2538 342 2622 post,
374 2550 571 2603 uirtutis
594 2591 607 2611 ,
630 2547 813 2611 deest,
840 2544 967 2611 Dei,
1013 2554 1066 2599 et
1096 2544 1169 2597 ita
1198 2544 1249 2597 in
1275 2542 1463 2598 Graeco
1496 2548 1644 2595 textu
1666 2580 1682 2605 ,
1711 2542 1763 2593 in

186 2641 423 2711 antiquis
451 2638 868 2696 Corbeiensibus
902 2636 1114 2699 bibliis,
1145 2636 1197 2687 in
1233 2632 1473 2701 pluribus
1517 2647 1647 2686 mss.
1684 2631 1765 2685 di-

187 2733 332 2789 vina:
366 2730 713 2787 Bibliotheca:
754 2730 811 2784 S.
869 2725 1177 2797 llieronymi
1222 2736 1276 2779 et
1318 2724 1369 2777 in
1396 2725 1452 2777 S.
1480 2720 1763 2793 Augustini

186 2824 285 2879 lib.
335 2838 391 2877 ut
425 2822 494 2878 de
521 2821 802 2877 Consensu
830 2818 1297 2888 Evangelistarum‘
1326 2824 1459 2870 tom.
1487 2828 1580 2878 ιιι,
1622 2821 1762 2883 part.

187 2915 245 2981 2,
281 2930 402 2985 pag.
435 2914 557 2969 ut.

260 3006 449 3061 Matth.
510 3019 627 3074 cap.
692 3018 813 3067 xxi,
867 3001 969 3067 51,
1032 2998 1483 3054 Vercellen.......
1534 2994 1763 3071 cedunt,

1872 1816 1990 1869 pag.
2017 1800 2142 1854 921.

1940 1892 2127 1944 Matth.
2154 1908 2274 1959 cap.
2306 1906 2376 1953 ix,
2411 1892 2465 1956 2,
2492 1890 2821 1958 Vercellum,
2854 1891 3145 1960 Veronen.,
3178 1893 3449 1951 Sun-Ger-

1871 1997 2087 2037 mancn.
2120 1990 2177 2036 et
2203 1982 2459 2044 Brixiam,
2492 1991 2727 2035 constans
2750 1993 2876 2048 esto,
2903 1993 2956 2037 et
2982 1984 3051 2036 ita
3083 1984 3142 2039 S.
3178 1985 3405 2039 Ililarius
3429 2027 3444 2052 ,

1867 2082 1921 2127 et
1946 2072 2190 2126 Orosius.
2222 2072 2280 2127 S.
2310 2072 2612 2143 Cyprianus
2635 2087 2763 2127 vero
2794 2088 2912 2143 pag.
2946 2072 3073 2140 641,
3104 2073 3269 2130 habet
3316 2076 3445 2131 bono

1867 2174 2036 2219 animo
2059 2174 2185 2219 esto.

1936 2259 2089 2313 Joan.
2120 2271 2236 2327 cap.
2266 2273 2313 2321 ι,
2339 2258 2429 2322 27,
2456 2257 3083 2326 Vereellen.,Veronen.,
3109 2271 3162 2315 et
3182 2261 3449 2330 Brixian.,

1866 2350 2020 2415 venit,
2040 2358 2095 2404 et
2125 2350 2195 2402 ita
2223 2348 2280 2403 8.
2315 2347 2633 2405 Ambrosius
2660 2349 2713 2404 in
2747 2350 2841 2405 lib.
2871 2366 2904 2404 v
2926 2351 2991 2406 de
3023 2352 3174 2419 Fide,
3203 2369 3320 2423 cap.
3357 2355 3445 2420 lit,

1869 2456 1988 2511 pag.
2018 2441 2124 2495 595
2148 2482 2163 2507 ,
2192 2450 2244 2495 et
2278 2443 2327 2495 in
2362 2441 2457 2495 lib.
2489 2440 2557 2495 dc
2584 2441 2885 2496 Patriarch.
2930 2443 3182 2500 Benedic.
3223 2461 3344 2517 cap.
3376 2448 3441 2513 4,

1868 2547 1993 2602 pag.
2026 2532 2152 2594 519,
2183 2532 2240 2587 8.
2272 2533 2570 2603 Cyprianus
2602 2534 2799 2599 habet,
2831 2538 3049 2590 veniens.

1936 2624 2236 2693 learn-cap.
2264 2640 2341 2685 vr,
2365 2624 2845 2689 5,Vcrcellcn.,ait
2874 2625 3447 2699 Pltitippo,Veronen.,

1865 2716 1938 2769 ait
1968 2714 2265 2785 Philippus,
2291 2716 2527 2770 Brixian.
2553 2718 2692 2771 dicit.
2723 2759 2736 2783 ,
2767 2728 2870 2773 etc.
2893 2760 2908 2785 ,
2942 2720 3001 2775 8.
3038 2721 3369 2792 Augustinus
3396 2726 3452 2781 in

1865 2808 2112 2865 Sermon.
2143 2808 2179 2860 2
2225 2807 2291 2862 de
2320 2808 2639 2865 Tentatione
2664 2796 2893 2866 Abrahae
2924 2822 3055 2867 tom.
3112 2830 3161 2881 v,
3199 2806 3337 2885 part.
3394 2818 3446 2884 1,

1865 2916 1989 2971 pag.
2023 2900 2113 2967 65,
2139 2902 2209 2954 ait
2238 2903 2369 2954 enim
2397 2900 2664 2972 Philippo.

1938 2991 2094 3047 Joan.
2120 3008 2240 3061 cap.
2274 3008 2323 3058 ι,
2355 2992 2441 3057 14,
2476 2992 2800 3063 Vercellen.,
2834 2995 3129 3063 Veronam,
3156 2998 3447 3057 Corbeicn.

186 3098 376 3167 supple
401 3100 644 3152 lacunam
669 3111 737 3150 ex
762 3082 1043 3155 Brixia'no,
1075 3091 1165 3160 qui
1198 3091 1393 3153 habet,
1435 3086 1763 3157 prwcedunt,
1793 3102 1839 3166 ρ
1870 3090 1925 3138 ct
1951 3082 2165 3139 Brixian
2189 3124 2205 3149 ,
2249 3086 2417 3156 gratia
2453 3094 2507 3139 et
2556 3087 2792 3149 veritate,
2844 3096 2899 3141 et
2943 3089 3011 3142 ita
3045 3090 3103 3143 S.
3137 3088 3371 3147 Ililarius
3396 3092 3450 3147 in

188 3198 245 3246 et
269 3191 341 3244 ita
380 3189 442 3246 S.
470 3190 702 3244 lrenasus
743 3187 795 3243 in
826 3184 923 3240 lib.
973 3198 1023 3237 tv
1064 3192 1250 3237 contra
1278 3179 1523 3235 lltnrcses
1551 3188 1681 3234 tom.
1711 3194 1765 3244 t,

178 3296 310 3353 pag.
342 3281 469 3343 2-57,
503 3290 557 3334 et
582 3279 640 3335 S.
674 3277 822 3332 Zeno
852 3274 1179 3331 Veronensis
1214 3275 1267 3328 in
1299 3273 1391 3328 lib.
1422 3287 1459 3325 ιι
1484 3280 1639 3326 tract.
1666 3268 1764 3336 11,

188 3375 256 3429 de
282 3371 439 3434 Juda,
466 3370 617 3439 juxta
647 3367 804 3423 iidem
835 3366 1137 3436 aliquorum
1168 3363 1327 3419 codd.
1369 3375 1422 3419 et
1444 3364 1764 3417 editionum.

257 3464 445 3523 Matth.
472 3478 593 3533 cap.
621 3478 766 3527 xxvr,
798 3461 894 3528 28,
920 3458 1249 3524 Vercellen.,
1279 3455 1583 3522 eﬁ‘unditur,
1613 3462 1670 3509 et
1694 3455 1764 3509 ita

186 3556 409 3612 Graecus
433 3563 630 3609 textus.

255 3644 467 3699 Titulus
499 3641 775 3710 Evangelii
807 3640 866 3696 S.
903 3639 1060 3693 Luca:
1080 3680 1096 3705 ,
1130 3638 1181 3693 in
1203 3636 1532 3698 Vercellen.,
1557 3644 1612 3690 et
1639 3635 1769 3691 Cor-

186 3735 365 3790 beien.
401 3732 735 3801 Evangelium
774 3734 1052 3784 secundum
1090 3728 1391 3792 Lucanum,
1437 3729 1765 3782 Veronensis

188 3826 382 3889 habet,
414 3822 761 3894 anngelium,
791 3821 1066 3875 secundum
1098 3818 1322 3885 Lucam,
1360 3820 1482 3874 Gal.
1530 3818 1766 3889 Evange-

188 3920 316 3973 lium
357 3926 475 3973 cata
523 3915 713 3969 Lucam
734 3954 749 3979 ,
784 3914 1068 3969 Brixiantts
1113 3913 1311 3985 ls’vang.
1344 3929 1445 3967 sec.
1474 3910 1675 3965 Lucan.
1708 3910 1767 3966 In

189 4012 330 4066 libro
377 4023 593 4081 quoque
637 4007 878 4076 Quatuor
906 4006 1351 4077 Evangeliorum,
1392 4004 1546 4074 cujus
1592 4004 1770 4059 varias

192 4102 454 4158 lectiones
480 4099 629 4153 dedit
671 4096 881 4151 Calmet
934 4095 999 4149 ad
1047 4096 1252 4150 calcem
1295 4095 1669 4149 commentarii
1713 4093 1767 4146 in

188 4190 594 4263 Apocalypsim,
620 4188 816 4243 dicitur
841 4186 1102 4240 Lucanus.

256 4282 415 4338 Joan.
448 4296 567 4351 cap.
596 4294 684 4333 xiv
706 4316 722 4342 ,
754 4278 841 4341 19,
887 4273 1242 4337 Ver-cellens,
1296 4271 1596 4326 Veronens.
1634 4312 1648 4335 ,
1712 4280 1767 4325 et

187 4369 690 4437 Brixian.,uidebitis
710 4383 809 4431 me,
824 4373 879 4419 et
903 4364 973 4417 ita
1002 4362 1220 4417 Graecus
1247 4360 1762 4437 θεωρεῖτε,υἰάεὺὶιίδ,

1869 3173 2005 3228 ΙίΙ).ι
2046 3175 2114 3230 de
2142 3173 2423 3242 Trinitate,
2455 3192 2602 3229 num.
2636 3176 2721 3242 10,
2752 3177 2971 3233 ϐτωευε
3022 3194 3235 3251 quoque
3276 3189 3453 3237 textus

1868 3274 1925 3322 et
1976 3266 2035 3321 S.
2090 3266 2322 3322 lrenmus
2367 3268 2419 3320 in
2449 3266 2541 3321 lib.
2588 3282 2605 3320 ι
2646 3276 2829 3322 contra
2880 3268 3170 3339 llaireses,
3212 3280 3343 3327 tom.
3394 3288 3447 3342 ι,

1869 3372 1989 3427 pag.
2026 3356 2115 3422 12,
2148 3358 2366 3422 habent,
2398 3358 2626 3412 veritate.

1935 3449 2093 3504 Joan.
2124 3465 2241 3518 cap.
2273 3466 2341 3515 ιι,
2373 3451 2459 3516 19,
2496 3450 2793 3506 Vercellen.
2822 3454 3001 3508 solvite
3030 3454 3127 3509 hoc
3168 3457 3410 3528 templum
3430 3497 3447 3525 ,

1867 3550 1917 3595 et
1936 3543 1988 3594 in
2012 3541 2180 3594 triduo
2201 3542 2516 3595 resuscitabo
2535 3543 2685 3607 illud,
2711 3543 2983 3601 Veronen.
3009 3548 3187 3603 solvite
3215 3551 3312 3603 Itoc
3335 3562 3452 3604 tem-

1869 3634 2012 3703 plum
2033 3676 2046 3700 ,
2081 3644 2125 3687 et
2159 3634 2212 3686 in
2244 3633 2412 3687 triduo
2443 3634 2575 3687 illud
2603 3636 2854 3689 suscitabo
2880 3678 2893 3702 ,
2929 3638 3190 3704 Brixiam,
3215 3641 3453 3693 destruite

1872 3726 1967 3778 hoc
1995 3726 2271 3791 templum,
2302 3734 2404 3781 etc.
2439 3724 2497 3780 S.
2538 3724 2770 3780 lrenmus
2816 3729 2865 3781 in
2901 3728 2994 3782 lib.
3024 3746 3076 3783 ιν
3098 3742 3284 3783 contra
3318 3730 3444 3785 llae-

1870 3830 2039 3881 rescs,
2067 3825 2198 3869 tom.
2229 3832 2276 3883 ι,
2312 3832 2429 3886 pag.
2464 3814 2570 3871 500
2591 3858 2605 3880 ,
2634 3817 2813 3870 solvite
2851 3821 2945 3871 hoc
2987 3820 3227 3887 templum
3252 3860 3265 3883 ,
3298 3831 3347 3874 et
3398 3824 3453 3877 in

1871 3907 2027 3961 tribus
2055 3908 2228 3961 diebus
2257 3909 2507 3963 suscitabo
2535 3910 2685 3962 illud.
2730 3909 2786 3963 8.
2825 3908 3126 3979 Cyprianus
3171 3910 3221 3964 in
3255 3913 3350 3967 lib.
3378 3914 3449 3970 de

1871 4000 2140 4053 Montibus
2182 3998 2311 4053 Sina
2346 4010 2398 4053 et
2428 3998 2557 4053 Sion
2587 3999 2847 4053 adversus
2882 3998 3099 4055 Jtulreos
3130 4015 3249 4072 pag.
3306 4004 3411 4059 .594
3432 4046 3451 4075 ,

1871 4094 2131 4153 destruite,
2162 4100 2265 4146 etc.

1940 4182 2097 4234 .loan.
2119 4196 2235 4250 cap.
2264 4198 2315 4245 κ,
2345 4197 2398 4245 v,
2421 4182 2510 4247 56,
2529 4182 2832 4237 Vercellcn.
2849 4186 3089 4255 quoniam
3103 4188 3457 4259 blaspltemat;

1871 4272 2141 4327 Veroncn.
2199 4282 2255 4330 et
2297 4274 2451 4339 Mm.,
2499 4278 2622 4347 quia
2652 4278 2992 4343 bluspltemat.
3042 4282 3100 4337 8.
3153 4284 3456 4355 Cyprianus

1871 4364 2053 4433 habet,
2085 4369 2348 4436 quoniam,
2377 4379 2482 4423 etc.
2512 4368 2567 4423 ln
2592 4385 2700 4425 uno
2728 4387 2827 4426 ms.
2865 4374 3109 4442 ejusdem
3138 4378 3320 4433 Sancti
3351 4379 3454 4450 Cy-

186 4463 233 4518 si
262 4463 485 4519 verbum
515 4458 642 4514 illud
662 4462 995 4526 supponatur
1019 4455 1073 4509 in
1096 4454 1275 4509 futuro
1296 4453 1563 4517 secundo,
1598 4453 1761 4523 (quod
1798 4471 1841 4529 ι)
1874 4460 2049 4529 priani
2078 4462 2305 4531 legitur,
2342 4462 2653 4533 blasphemal
2674 4480 2695 4529 ,-
2726 4467 2775 4519 in
2808 4467 3015 4532 altero,
3064 4471 3448 4538 blaspltemttttt't.

186 4554 361 4609 simile
385 4553 549 4606 habet
580 4548 829 4619 prtesenti
848 4591 863 4615 ,
893 4548 1013 4616 quia
1038 4564 1130 4618 ego
1154 4548 1261 4601 vivo
1278 4588 1293 4613 ,
1324 4547 1414 4617 ζῶ)
1438 4547 1611 4600 vivam
1634 4586 1649 4611 ,
1680 4562 1765 4601 re-

187 4663 403 4719 surgam
434 4663 463 4712 a
494 4654 688 4700 morte.
727 4642 796 4697 Et
828 4660 914 4699 vos
942 4644 1136 4711 vinetis,
1178 4657 1283 4698 non
1330 4641 1651 4697 interﬁcient
1672 4656 1768 4696 vos

190 4740 393 4797 inimici
415 4738 612 4794 nosu'i.

258 4834 392 4890 Luc.
416 4846 537 4902 cap.
566 4844 663 4897 xv,
687 4828 775 4893 13,
804 4818 1131 4893 Vel-collem,
1150 4825 1315 4880 vivens
1339 4867 1353 4893 ,
1384 4833 1438 4879 et
1469 4824 1539 4879 ita
1570 4824 1628 4879 S.
1658 4823 1768 4881 Ire-

192 4942 340 4985 nzeus
370 4926 425 4980 in
456 4926 551 4981 lib.
578 4939 630 4979 tv
657 4934 845 4979 contra
878 4921 1141 4987 Hasreses,
1166 4930 1297 4974 tom.
1330 4935 1345 4973 t
1373 4936 1424 4988 p.
1451 4919 1576 4974 280.

160 5078 165 5079 ί
260 5016 450 5073 Matth.
491 5031 612 5085 cap.
656 5030 761 5081 vn,
786 5014 855 5080 2,
886 5012 1214 5077 Vercell'em,
1253 5010 1519 5067 Veronen.
1552 5020 1606 5065 et
1636 5010 1769 5067 San-

190 5110 561 5172 Germanen.,
605 5105 925 5177 judicabitur
979 5104 1043 5159 de
1090 5102 1229 5159 vobis
1260 5144 1274 5171 ,
1323 5111 1377 5159 ct
1425 5102 1497 5157 ita
1528 5102 1762 5157 Tertull.

192 5218 310 5273 pag.
341 5198 472 5257 556.
504 5206 505 5209 ‘

261 5292 453 5349 Matth.
483 5304 603 5360 cap.
632 5302 733 5347 vn.
770 5285 835 5341 12
857 5328 871 5352 ,
894 5286 1197 5343 Vercellen.
1218 5328 1233 5353 ,
1259 5287 1529 5343 Vcronen.
1553 5292 1605 5339 et
1634 5284 1767 5340 San-

192 5387 521 5443 Germanen.
550 5380 774 5444 addunt,
806 5378 955 5443 bona,
979 5388 1033 5434 et
1055 5380 1125 5433 ita
1151 5380 1209 5434 S.
1236 5378 1535 5450 Cyprianus
1562 5393 1614 5446 p.
1638 5374 1766 5440 424,

192 5477 248 5533 8.
274 5475 608 5547 Augustinus
628 5472 695 5527 de
720 5470 945 5525 Civitate
973 5468 1063 5523 Dei
1088 5470 1181 5524 lib.
1206 5485 1315 5536 xrv,
1338 5485 1457 5539 cap.
1481 5468 1535 5533 8,
1564 5484 1614 5537 p.
1639 5465 1767 5532 556,

193 5569 426 5634 omittit,
457 5566 593 5621 bona
621 5581 641 5630 ;
670 5561 853 5620 subdit
874 5568 1052 5615 tamen
1072 5598 1086 5625 ,
1112 5570 1318 5629 propter
1357 5557 1771 5623 consuetudinem

192 5658 467 5720 locutionis
491 5655 730 5714 nonnulli
750 5655 1047 5726 interpretes
1070 5649 1379 5706 addiderunt
1419 5654 1592 5717 bona;
1624 5659 1669 5704 et
1698 5650 1772 5705 ita

1944 4551 2100 4606 Joan.
2129 4568 2248 4621 cap.
2281 4568 2334 4617 κ,
2370 4554 2438 4608 58
2466 4596 2480 4621 ,
2533 4554 2832 4611 Vercellen.
2882 4560 3119 4626 quoniam
3158 4562 3208 4613 in
3252 4577 3332 4613 me
3381 4574 3454 4617 est

1876 4641 2054 4707 Pater,
2084 4652 2187 4697 etc.
2219 4644 2489 4699 Veronen.
2511 4654 2564 4699 et
2592 4646 2903 4711 Corbeien.,
2923 4651 3042 4717 quia
3068 4650 3118 4702 in
3140 4666 3217 4705 me
3242 4663 3313 4705 est
3344 4650 3456 4707 Pa-

1874 4744 1970 4802 ter,
1996 4745 2042 4788 et
2068 4750 2161 4804 ego
2189 4738 2241 4788 in
2266 4750 2325 4787 eo
2348 4751 2366 4799 ;
2391 4734 2623 4788 Brixian.
2652 4751 2801 4801 vero,
2828 4738 2949 4805 quia
2980 4739 3031 4791 in
3060 4756 3136 4793 tne
3158 4752 3232 4795 est
3260 4741 3453 4813 Pater,

1872 4836 1921 4879 et
1947 4843 2038 4897 ego
2069 4832 2119 4879 in
2146 4842 2283 4880 eum.
2313 4824 2373 4879 S.
2396 4823 2712 4894 Cyprianus,
2738 4830 2977 4896 quoniam
3006 4830 3057 4883 in
3081 4847 3160 4885 me
3180 4844 3251 4888 est
3273 4834 3448 4904 Pater,

1873 4928 1921 4971 et
1942 4935 2033 4989 ego
2061 4919 2113 4972 in
2142 4916 2255 4970 illo.

1944 5009 2099 5063 Joan.
2133 5024 2252 5078 cap.
2281 5020 2368 5073 ιιι,
2401 5008 2485 5076 11,
2521 5007 2849 5079 Vercellen.,
2879 5016 3071 5071 suscita
3092 5059 3106 5083 ,
3141 5018 3409 5076 Veronen.
3432 5062 3451 5091 ,

1872 5096 2159 5153 Corbeien.
2186 5107 2241 5152 et
2270 5096 2539 5166 Brixiam,
2562 5105 2797 5155 suscitem
2817 5146 2831 5170 ,
2863 5104 2983 5160 Gat.
3004 5149 3019 5171 ,
3053 5113 3368 5177 exsuscitet»,
3398 5122 3453 5168 et

1874 5190 1946 5243 ita
1969 5189 2076 5243 duo
2123 5204 2253 5244 mss.
2302 5190 2471 5245 divin.
2523 5191 2840 5251 Bibliothee.
2870 5196 2930 5251 S.
2960 5198 3288 5271 Hieronymi.
3316 5202 3454 5261 Nota

1875 5290 2054 5338 tamen
2082 5323 2097 5349 ,
2130 5282 2272 5353 quod
2304 5298 2441 5337 unus
2471 5281 2659 5349 habet,
2699 5289 2934 5341 suscitem
2961 5330 2974 5353 ,
3004 5303 3266 5361 expuncta
3307 5310 3449 5363 prte-

1876 5374 2163 5443 positione,
2196 5390 2279 5437 ex,
2311 5374 2558 5429 secundis
2580 5376 2741 5430 curis.

1945 5466 2076 5521 Luc.
2106 5480 2222 5535 cap.
2254 5480 2301 5531 ι,
2335 5465 2425 5532 70,
2460 5464 2759 5523 Vercellen.
2789 5484 2880 5538 per
2906 5486 2961 5523 os
2981 5472 3305 5541 .Stntclorttm
3326 5475 3447 5538 P...

1876 5558 2030 5613 It.....
2060 5574 2175 5611 rum
2204 5573 2383 5612 su.....
2412 5558 2603 5628 supple
2622 5560 2867 5616 lacunam
2892 5577 2959 5615 ex
2984 5562 3248 5633 Brixiam,
3278 5585 3369 5638 per
3392 5588 3451 5629 οε

1880 5650 2188 5708 Sanctorum
2233 5648 2609 5721 Prophetarum
2653 5668 2860 5707 suarum
2886 5694 2901 5722 ,
2944 5653 3212 5716 Veronen.
3264 5680 3354 5737 per
3390 5685 3449 5728 οι
