3902 6410
448 276 550 332 105

1780 279 2308 338 PROLEGOMENA.

3576 294 3680 352 106

448 386 757 441 Sanctorum
785 402 992 440 suorum
1044 385 1437 455 Prophetarum.
1468 386 1752 442 Corbeieu.
1800 406 1887 458 per
1929 405 1985 441 os
2038 395 2090 452 Α
2191 394 2337 459 Quod
2376 410 2492 448 uero
2522 397 2778 465 pollicitus
2822 408 2897 453 est
2926 400 3030 454 illis
3056 374 3335 471 (Christus
3365 403 3681 476 Apostolis)

446 488 734 531 sanctorum
755 478 1133 547 prophetarum.
1166 477 1525 532 Tertulliauus
1552 493 1668 548 pag.
1698 477 1797 532 187
1840 487 1895 533 et
1916 478 2009 532 l88

450 587 538 639 per
569 576 635 622 οδ·
649 568 1036 640 PrOphetarum.

516 663 647 717 Luc.
680 678 795 729 cap.
828 677 894 728 ιι,
926 663 992 716 14
1013 702 1028 727 ,
1064 661 1360 731 Vercellen.
1414 661 1464 713 in
1510 677 1614 713 exc.
1642 698 1659 715 .
1692 661 1759 712 sis
1782 701 1794 723 ,
1825 659 2010 727 supple

446 753 685 808 lacunam
717 767 782 806 ex
807 753 925 807 Gat.
957 761 1011 805 et
1037 751 1271 805 Brixian.
1305 752 1391 818 qui
1424 752 1647 817 habent,
1680 751 1731 801 in
1761 750 1969 803 excelsis
1992 788 2006 812 ,

443 853 493 897 et
520 844 587 896 ita
615 843 674 895 8.
711 842 945 897 lrenznus
976 842 1029 894 in
1068 842 1161 895 lib.
1188 857 1245 893 ιιι
1274 850 1454 894 contra
1488 841 1758 904 Ilaureses,
1785 849 1913 893 tom.
1952 854 1967 891 ι
1991 879 2005 901 ,

441 950 562 1006 pag.
598 935 719 998 186,
747 944 799 989 et
825 934 882 989 8.
916 933 1271 1001 Hieronymus
1318 932 1369 983 in
1408 932 1501 984 lib.
1536 947 1551 983 ι
1596 929 2007 985 commentario-

440 1041 556 1079 rum
582 1027 632 1079 in
657 1024 848 1079 Isaiam
875 1038 991 1091 cap.
1022 1021 1080 1085 2,
1122 1029 1252 1074 tom.
1278 1036 1349 1085 tv,
1382 1035 1498 1089 pag.
1533 1020 1620 1075 54.

444 1152 453 1171 .
509 1117 640 1171 Luc.
664 1130 781 1184 cap.
812 1130 879 1178 ιι,
910 1114 976 1167 14
998 1153 1011 1176 ,
1055 1111 1370 1166 Vercellen-
1396 1128 1545 1177 super
1578 1119 1764 1161 terram
1790 1150 1803 1174 ,
1848 1118 1903 1163 et
1931 1108 2002 1163 ita

440 1224 575 1262 unus
606 1222 709 1260 ms.
751 1206 809 1260 S.
844 1203 1152 1273 Hieronymi
1200 1203 1294 1257 lib.
1347 1217 1363 1255 ι
1403 1201 1917 1256 Commentariorum
1948 1199 2000 1253 in

439 1301 629 1355 Isaiam
656 1313 773 1368 cap.
803 1298 858 1351 2.

1065 1373 1394 1429 EPISTOLA

436 1480 725 1535 BLANCBINI
764 1494 830 1531 Αιι
867 1476 1092 1538 Josnru,
1136 1490 1179 1529 s.
1223 1490 1271 1525 ιι.
1336 1488 1369 1524 ι.
1431 1486 1659 1525 εοιιιτειι
1717 1484 1783 1523 DE
1847 1468 1998 1521 'l'nust

652 1573 719 1611 ετ
760 1556 1094 1619 Hom-13mm,
1128 1566 1410 1606 Et-tscoruu
1448 1552 1783 1604 GUItCENsEI.

432 1655 666 1724 JOsepltu
692 1656 748 1708 S.
779 1655 839 1706 ll.
873 1654 914 1706 l.
941 1653 1122 1705 comiti
1150 1652 1215 1704 de
1235 1650 1422 1701 Tbunu
1456 1656 1509 1701 et
1534 1646 1821 1701 Hoheslein
1848 1645 1993 1714 cpi~-

2110 498 2165 534 se
2193 483 2447 550 facturum
2475 485 2611 553 ipsos
2653 488 2930 555 piscatores
2970 490 3265 557 hominum;
3288 511 3381 548 nec
3421 495 3479 548 id
3518 493 3683 551 verbis

2109 573 2426 627 solummodo
2481 577 2610 630 dixit
2635 618 2649 641 ,
2700 581 2789 634 sed
2853 598 2906 635 re
2952 582 3063 653 ipsa
3108 586 3362 641 cumulate
3400 587 3675 657 premitis;

2111 672 2400 733 tantmnque
2444 666 2513 717 eis
2559 668 2656 718 vim
2716 686 2776 721 ac
2838 674 3110 741 potentiam
3156 674 3379 740 indidit,
3422 687 3479 731 ut
3523 677 3681 733 libros

2109 754 2478 806 conscriberent
2544 766 2692 823 atque
2761 760 2997 828 ederent;
3047 774 3197 833 utque
3224 768 3403 819 horum
3434 767 3681 824 librorum

2109 849 2249 925 tanta
2277 852 2401 895 esset
2424 847 2721 912 auctoritas,
2745 846 2798 901 ut
2822 851 3049 904 omnium
3077 861 3180 905 tam
3205 853 3496 909 (iussorum
3518 872 3675 926 quam

2107 928 2448 985 Barbarorum
2492 934 2682 1002 linguis
2726 940 2951 994 conversi
2972 980 2987 1006 ,
3034 956 3066 994 ιι
3115 943 3308 997 cunctis
3333 944 3518 1013 ubique
3554 962 3681 1015 gen-

2104 1018 2234 1073 tibus
2261 1021 2484 1075 studiose
2525 1024 2903 1092 ediscerentur;
2933 1039 2980 1082 et
3020 1047 3080 1084 ea
3106 1046 3219 1099 qua:
3262 1032 3314 1085 in
3357 1033 3465 1089 illis
3501 1036 3666 1089 conti-

2104 1117 2285 1163 nentur
2304 1152 2319 1175 ,
2348 1110 2534 1165 Divina
2575 1130 2682 1168 esse
2718 1118 3039 1171 crederentur
3070 1122 3308 1185 oracula,
3332 1131 3583 1197 quantum
3618 1125 3677 1178 id

2103 1199 2234 1253 ualet
2258 1201 2328 1253 ad
2351 1200 2681 1257 Divinitatem
2709 1207 2816 1275 ejus
2846 1210 3109 1279 perspicue
3132 1211 3514 1271 declarandam.

2101 1331 2247 1425 idem
2294 1334 2552 1391 Eusebius
2612 1338 2664 1392 in
2725 1338 3057 1410 fragmento,
3123 1357 3154 1397 a
3220 1344 3427 1401 Joanne
3466 1344 3671 1425 Grahio

2168 1424 2353 1481 Grzrce
2390 1436 2446 1481 et
2479 1427 2857 1485 Latine’allato
2893 1434 2945 1487 in
2973 1436 3139 1503 ipsius
3164 1434 3321 1493 Notis
3344 1438 3411 1492 ad
3437 1424 3668 1510 Spicile-

2128 1516 2131 1517 ⁷
2171 1514 2316 1583 giutn
2346 1516 2583 1581 Patrum,
2609 1533 2731 1573 smc.
2760 1535 2831 1586 ιι,
2878 1536 2999 1592 pag.
3025 1524 3151 1579 252.

2168 1643 2240 1698 Οὖ
2275 1650 2359 1699 καὶ
2384 1648 2487 1702 καθ’
2514 1647 2627 1709 ὅλης
2648 1660 2754 1714 ⁶τῆς
2791 1655 3082 1726 οἰκουμένης
3120 1650 3361 1729 ἐκλάμπει
3386 1658 3444 1714 τὸ
3473 1654 3630 1730 ὄνομα
3652 1698 3670 1729 ,

501 1738 637 1813 cepo
665 1743 927 1799 Gut-censi
975 1742 1177 1810 optimo
1214 1738 1411 1805 Joseph
1461 1738 1780 1789 Blanchinus
1828 1736 1984 1789 Vern-

2104 1742 2185 1792 καί
2212 1738 2237 1792 ὁ
2268 1740 2411 1811 λόγος
2436 1743 2527 1801 τὰς
2553 1751 2650 1796 τῶν
2675 1746 2949 1818 ἀνθρώπων
2992 1746 3170 1819 ψυχὰς
3215 1753 3548 1822 καταυγὰζιι.
3580 1750 3671 1806 διὰ

504 1837 685 1891 nensis
709 1876 723 1899 ,
755 1835 1032 1904 presbyter
1058 1830 1484 1901 congregationis
1504 1828 1731 1883 Oratorii
1766 1827 1992 1881 Romani

503 1931 834 1995 felicitatem.

499 2042 689 2097 Solent
726 2036 999 2102 nonnulli,
1040 2035 1237 2091 Pracsnl
1269 2032 1660 2102 sapientissime
1681 2072 1694 2093 ,
1727 2029 1989 2084 interdum

433 2134 688 2206 quasdam
727 2131 1041 2185 Sanctorum
1091 2130 1301 2182 Patrum
1346 2126 1503 2178 nimis
1544 2140 1733 2193 urgere
1781 2130 1984 2177 senten-

431 2227 554 2291 tias,
584 2226 859 2291 aiuntquc,
891 2223 1069 2274 statim
1117 2234 1178 2271 ac
1209 2216 1465 2272 Gentibus
1498 2214 1769 2283 Evangelii
1811 2214 1988 2267 lumen

424 2314 598 2368 illuxit
622 2354 636 2377 ,
669 2321 722 2367 ct
747 2310 919 2366 Graeci
978 2309 1174 2377 pariter
1233 2322 1294 2360 ac
1321 2306 1524 2371 Latini,
1558 2303 1879 2371 Barbarique
1925 2301 1991 2356 ab

429 2404 691 2473 apostolis
738 2404 790 2454 in
821 2399 1019 2455 Christi
1076 2396 1312 2451 dOCIriua
1369 2404 1491 2449 sunt
1538 2392 1801 2456 instituti,
1834 2393 1989 2445 innu-

425 2508 599 2549 meras
640 2507 773 2561 pene
821 2490 1129 2544 Divinarum
1168 2486 1563 2555 Scripturarum
1615 2490 1826 2537 exortas
1873 2493 1993 2535 esse

428 2587 741 2648 versiones,
791 2598 1014 2653 quarum
1057 2580 1252 2641 ductu,
1286 2576 1350 2630 ad
1398 2575 1629 2629 oninium
1675 2572 1990 2642 populorum

424 2676 677 2737 haustus,
733 2674 991 2725 salutares
1037 2684 1187 2739 aqua:
1246 2667 1595 2722 decurrerent
1650 2662 1989 2732 eloquiorum

428 2766 541 2818 Dei.
583 2762 837 2828 Quamvis
888 2770 1063 2814 autem
1110 2758 1414 2827 apostolica:
1463 2752 1853 2825 prmdicationis
1904 2766 1990 2806 se-

433 2856 597 2920 mina,
626 2852 931 2908 coelestibus
962 2850 1065 2903 illis
1095 2848 1339 2902 laticibus
1369 2847 1613 2909 irrurata,
1649 2846 1817 2897 instar
1839 2842 1989 2911 grani

421 2944 654 3011 sinapis,
690 2941 919 2995 aluerint
952 2939 1024 3006 _iu
1078 2939 1332 2992 unitatem
1376 2934 1531 2998 fidei,
1600 2930 1878 3001 sapientia:
1932 2938 1988 2983 et

423 3035 660 3088 scientia:
688 3033 1058 3102 mysteriorum
1088 3030 1224 3097 ejus,
1254 3043 1372 3082 cum
1401 3029 1625 3105 primum
1651 3025 1702 3078 in
1723 3022 1987 3078 Gentibus

2094 1836 2185 1889 τῆς
2213 1832 2369 1885 αὐτοῦ
2398 1832 2769 1909 παραδοθείσης·
2798 1844 2885 1890 τοῦ
2916 1839 3200 1911 εὐαγγελίου
3227 1848 3421 1919 γραφῆς

2093 1921 2291 1992 γλώττῃ
2304 1923 2520 1997 ἔλληνικῇ
2533 1945 2585 1979 τι
2600 1929 2682 1979 καί
2702 1927 2799 2001 βαρ
2807 1928 2946 2002 ϐἁρῳ
2958 1930 3353 2000 μιταϐληθιίσης
3368 1972 3380 1994 ,
3391 1933 3642 1996 ιίςὲξὰκου
3654 1961 3671 1973 ο

2093 2012 2212 2068 στάν
2222 2034 2275 2067 τε
2297 2020 2428 2069 πᾶσι
2445 2023 2550 2075 τοῖς
2562 2012 2746 2071 εθνισιν
2758 2018 2827 2089 ἐφ’
2845 2019 3062 2079 ἑκάστης
3074 2022 3264 2095 ἡμέρας
3275 2026 3669 2095 κηρυττομινής.

2162 2147 2420 2218 Loquitur
2466 2150 2726 2206 Eusebius
2762 2152 2850 2208 hic
2875 2153 2943 2208 de
2970 2153 3175 2211 Joanne
3222 2155 3333 2210 lilio
3380 2155 3625 2212 Zebedaei
3650 2199 3667 2226 ,

2090 2240 2239 2308 Cuius
2261 2248 2308 2292 et
2333 2256 2513 2295 nomen
2540 2240 2662 2314 (ait)
2689 2258 2779 2315 per
2807 2244 3101 2299 uniuersum
3162 2246 3333 2300 orbem
3360 2247 3665 2315 celebratur,

2090 2338 2138 2381 et
2174 2328 2406 2383 doctrina
2454 2333 2714 2386 hominum
2742 2336 2939 2389 animos
2966 2337 3232 2391 collustrat
3254 2377 3271 2404 ,
3325 2338 3517 2393 tradita
3541 2339 3671 2405 ipsis

2034 2484 2037 2487 _
2080 2414 2357 2488 Evangelii
2389 2420 2678 2490 Scriptura,
2707 2438 2819 2490 qua:
2844 2425 2897 2476 in
2922 2440 3117 2479 omnem
3142 2426 3390 2497 linguam,
3427 2426 3663 2483 Grecam

2092 2499 2288 2577 pariter
2310 2518 2358 2561 et
2382 2505 2662 2562 Barbarum
2714 2517 2962 2567 translata
2986 2524 3089 2581 est,
3116 2526 3165 2570 et
3188 2527 3240 2570 ut
3278 2532 3452 2571 omnes
3477 2515 3666 2573 Gentes
3722 2544 3727 2547 ν

2089 2598 2403 2665 exaudiant,
2430 2602 2652 2670 quotidie
2678 2604 2997 2673 pradicatur.

2090 2738 2150 2795 S.
2181 2738 2415 2795 Joannes
2434 2740 2845 2813 ChrysOstomus
2890 2743 3045 2801 llam.
3076 2762 3245 2813 ιλιι,
3275 2747 3344 2802 al.
3404 2762 3571 2803 Lxxxt
3609 2750 3662 2804 iu

2160 2828 2492 2897 Mattha‘um,
2540 2830 2695 2901 juxta
2742 2834 2884 2890 Edit.
2937 2836 3295 2892 Montfaucon.
3337 2836 3492 2895 Tom.
3552 2854 3661 2907 vn,

2162 2936 2280 2991 pag.
2313 2922 2436 2989 τοι,
2471 2922 2573 2978 Lit.
2612 2924 2671 2978 ιι.

2158 3032 2275 3089 Ὀτι
2312 3034 2378 3089 δὲ’
2408 3036 2564 3112 πόρνη
2614 3044 2739 3111 γυνὴ
2786 3039 2953 3095 ἔλαιον
3000 3044 3198 3114 ἕξέχιιν
3228 3045 3277 3097 ἰν
3302 3045 3434 3120 οἰκίᾳ
3474 3045 3663 3121 λεπροῦ

416 3126 559 3195 jacta
588 3132 711 3177 sunt
736 3101 803 3176 ab
832 3122 940 3175 illis
969 3119 1229 3173 Dominici
1255 3120 1363 3185 agri
1396 3102 1685 3180 sutoribus,
1709 3112 1981 3183 quibusin

2474 3101 2484 3112 ι
2621 3101 2634 3111 π
3034 3101 3048 3107 '
3077 3101 3120 3114 σν
3409 3102 3421 3120 Ι
3568 3101 3581 3121 Ι

2104 3147 2242 3190 τινος,
2275 3125 2472 3183 δώδεκα
2520 3128 2712 3204 ἀνδρῶν
2764 3134 3044 3207 παρόντων,
3090 3142 3239 3191 τοῦτο
3266 3138 3457 3197 πάντες
3480 3135 3662 3211 ᾅδουσι

418 3216 680 3271 mandatis
704 3224 853 3277 erat,
902 3223 990 3278 ut,
1021 3221 1208 3265 euntes
1269 3210 1321 3263 in
1371 3208 1623 3261 mundum
1678 3210 1982 3260 universum

422 3307 778 3378 pra'dicarent
807 3304 1151 3373 Evangelium
1177 3300 1319 3354 omni
1346 3308 1624 3361 creatura},
1643 3298 1858 3366 jamque
1883 3295 1984 3348 sub

418 3400 641 3453 Neronis
673 3398 897 3466 imperio
924 3396 1159 3449 divinum
1204 3392 1357 3462 Legis
1403 3390 1722 3459 prtcconium
1766 3385 1982 3440 ultimas

418 3492 533 3545 fere
563 3492 739 3543 mttntli
784 3488 1030 3559 regiones
1068 3488 1419 3555 pervasisset,
1454 3491 1512 3537 ut
1549 3484 1742 3536 Paulus
1775 3481 1839 3534 ad
1876 3480 1981 3535 llo-

419 3597 609 3637 manos
649 3584 787 3649 (cap.
822 3596 868 3645 1,
898 3597 946 3633 υ.
978 3579 1035 3649 8)
1075 3579 1316 3633 scribens
1350 3586 1431 3630 est
1460 3574 1790 3645 gratulatus;
1824 3572 1978 3626 innu-

416 3688 593 3729 meras
639 3683 851 3732 tamen,
905 3672 1067 3723 immo
1114 3670 1385 3722 nationum
1434 3680 1567 3735 pene
1613 3665 1978 3718 universarum

417 3766 733 3820 vernaculas
757 3762 864 3830 jam
903 3771 1012 3813 tum
1058 3761 1325 3814 exstitisse
1364 3758 1671 3818 versiones,
1704 3754 1832 3809 mihi
1863 3770 1981 3819 per-

413 3856 661 3923 suadere,
692 3853 777 3907 vix
807 3867 868 3906 ac
898 3866 963 3905 ne
990 3851 1075 3904 vix
1100 3848 1311 3917 quidem
1354 3862 1588 3914 passum.
1622 3846 1803 3916 Neque
1858 3837 1982 3917 sau¥

413 3956 621 3998 ctorum
647 3944 860 3997 Patrum
909 3950 1140 3995 mentem
1187 3937 1418 3992 arbitror
1464 3946 1737 3993 assecutus
1793 3951 1979 3990 omnes

414 4035 703 4102 scriptores
742 4034 862 4087 illus
882 4075 896 4097 ,
925 4032 1046 4102 qui,
1075 4031 1139 4085 ad
1172 4038 1556 4099 prmconcepta:
1592 4026 1858 4096 opinionis
1888 4027 1981 4080 dc-

416 4125 745 4192 lensioueut,
794 4126 1046 4179 nonnulla
1072 4121 1380 4178 earumdem
1422 4121 1723 4175 testimonia
1772 4119 1823 4173 in
1868 4135 1978 4174 me-

412 4216 557 4269 dium
588 4215 876 4282 protulere,
909 4230 1025 4281 qute
1066 4214 1197 4265 nihil
1239 4211 1432 4265 iaciunt
1460 4210 1524 4263 ad
1559 4226 1702 4275 rem,
1745 4208 1829 4263 vel
1859 4224 1979 4278 quae

410 4321 544 4373 Opus
576 4304 769 4357 habent
798 4304 969 4372 aliqua
1000 4316 1104 4355 non
1128 4301 1468 4371 hyperbolica
1506 4301 1972 4375 interpretatione.

412 4395 546 4448 Volo
577 4392 691 4456 hic,
734 4392 813 4445 vir
836 4390 1222 4468 eruditissime,
1252 4388 1551 4455 praecipuus
1580 4384 1771 4438 aﬂerre
1803 4388 1969 4449 locos,

407 4487 461 4541 in
490 4483 681 4554 quibus
712 4482 809 4551 ipsi
842 4494 1084 4545 magnam
1110 4478 1213 4529 vim
1251 4476 1473 4545 positam
1520 4482 1703 4543 putant
1724 4514 1740 4541 ,
1772 4474 1864 4527 sed
1894 4482 1973 4527 ta-

408 4592 531 4631 men
554 4576 639 4646 qui
673 4588 792 4628 meo
811 4571 1012 4640 judicio
1035 4568 1166 4621 nihil
1198 4564 1545 4621 concludunt.

413 4694 672 4748 Eusebius
709 4689 1018 4761 Pamphilus
1046 4689 1097 4741 in
1136 4686 1387 4741 Oratione
1416 4685 1483 4738 de
1525 4683 1791 4737 Laudibus
1832 4683 1974 4740 Con-

482 4773 731 4893 ιὲιιιῧίιιὶ,
765 4771 905 4825 Edit.
942 4768 1177 4838 Mogunt.
1234 4778 1505 4830 locum,
1537 4778 1655 4833 pag.
1712 4762 1847 4829 662,
1890 4764 1969 4818 lit.

481 4935 546 4988 Τὸ
575 4930 628 4986 δὲ
659 4930 1066 5003 ἐπαγγείλασθαι,
1105 4930 1188 4981 καὶ
1223 4928 1353 4999 λόγῳ
1394 4930 1483 4997 μὲν
1538 4928 1710 4992 εἰπεῖν,
1761 4925 1889 5003 ἔργῳ
1917 4925 1970 4981 δί

410 5034 620 5084 ποιῆσαι
650 5024 831 5078 αὐτοὺς
857 5019 1023 5076 ἁλιέας
1064 5019 1336 5089 ἀνθρώπων
1376 5021 1459 5069 καὶ
1503 5019 1757 5073 τοσαύτην
1796 5020 1969 5078 αὐτοῖς

410 5123 592 5195 ἀρετήν
620 5137 673 5171 τε
702 5118 785 5167 καὶ
811 5111 1019 5181 δύναμιν
1043 5114 1364 5181 παρασχεῖν,
1398 5109 1463 5165 ὡς
1508 5113 1590 5160 καὶ,
1624 5112 1817 5182 γραφάς
1847 5131 1963 5163 συν,

408 5214 577 5277 τάξαι,
605 5211 691 5261 καὶ
729 5205 935 5276 βίϐλους
960 5197 1300 5273 παραδοῦναι,
1332 5200 1415 5250 καὶ
1442 5198 1633 5254 πάντας
1664 5201 1732 5257 εἰς
1756 5207 1968 5256 τοσοῦτο

411 5308 676 5380 κρατῦναι,
717 5299 783 5355 ὡς
812 5293 916 5347 καθ’
952 5290 1066 5349 ὅλης
1091 5297 1181 5347 τῆς
1211 5290 1495 5357 οἰκουμένης
1524 5290 1738 5360 παντοίᾳ
1765 5290 1970 5364 γλώσσῃ

410 5378 684 5467 Βάρϐἀρων
712 5407 764 5441 τε
820 5386 901 5436 καί
924 5381 1159 5437 Ἐλλήνων
1184 5378 1635 5449 μεταϐαλλομένας.
1674 5379 1814 5449 παρά
1840 5384 1969 5433 πᾶσι

408 5492 512 5542 τοῖς
537 5482 697 5535 ἔθνεσι
725 5475 1045 5549 μελετᾶσθαι,
1081 5474 1162 5524 καὶ
1188 5472 1517 5525 πιστεύεσθαι
1547 5470 1655 5521 θεῖα
1680 5464 1804 5521 εἶναι
1829 5468 1970 5538 λόγια

412 5573 475 5626 τὰ
503 5574 551 5623 ἐν
579 5572 759 5629 αὐταῖς
781 5562 1212 5635 καταϐεϐλημένα,
1250 5558 1368 5613 ὅσον
1402 5562 1469 5619 εἰς
1507 5557 1759 5623 ἀπόδειξιν
1788 5558 1967 5633 ἐναργῆ

412 5671 503 5724 τῆς
532 5662 683 5716 αὐτοῦ
710 5660 958 5719 θεότητος.
973 5712 990 5730 α

2088 3216 2217 3269 κατά
2235 3222 2326 3273 την
2354 3220 2664 3288 οἰκουμένην,
2695 3225 2781 3274 καὶ
2806 3224 2994 3297 χρόνος
3023 3234 3265 3287 τοσοῦτος
3293 3226 3477 3294 διῆλθε,
3516 3232 3604 3283 καί
3629 3232 3659 3287 ἡ

2085 3309 2250 3374 μνήμη
2278 3311 2370 3358 τοῦ
2414 3308 2679 3377 γινομένου
2723 3312 2812 3363 οὐκ
2854 3314 3101 3383 ἐμαράνθη
3123 3333 3133 3344 ·
3183 3318 3306 3372 ἀλλὰ
3330 3322 3417 3372 καί
3446 3322 3653 3395 Πέρσαι,

2038 3416 2055 3437 ν
2086 3398 2170 3448 καὶ
2198 3393 2357 3459 Ἰνδοὶ,
2388 3400 2471 3450 καὶ
2498 3398 2695 3462 Σκῦθαι,
2722 3402 2804 3452 καί
2832 3394 3027 3474 Θρὰκις
3046 3443 3058 3465 ,
3090 3407 3177 3471 καί
3206 3393 3551 3480 Σαυρομάται,
3574 3410 3659 3463 καί

2083 3493 2140 3545 τὸ
2165 3498 2265 3545 τῶν
2293 3493 2508 3567 Μαύρων
2532 3494 2696 3565 γένος,
2738 3498 2822 3548 καὶ
2854 3496 2897 3549 οἱ
2925 3498 3017 3556 τὰς
3048 3500 3344 3568 Βριτανικάς
3375 3504 3560 3560 νήσους
3585 3503 3658 3554 oio

2081 3587 2301 3645 κοῦντις,
2350 3582 2408 3635 τὸ
2452 3582 2501 3633 ἐν
2545 3581 2759 3658 Ἰουδαίᾳ
2804 3586 3066 3656 γινόμενον
3093 3587 3249 3661 λάθρα
3274 3589 3322 3641 ἰν
3349 3591 3483 3664 οἰκίᾳ
3515 3592 3657 3665 παρὰ

2082 3673 2315 3742 γυναικὸς
2344 3675 2751 3747 πεπορνευμένης
2776 3679 3122 3754 περιφέρουσι.

2158 3763 2306 3827 Quod
2326 3774 2491 3817 autem
2513 3767 2751 3820 meretrix
2764 3768 2929 3821 oleum
2944 3769 3180 3838 effuderit
3200 3773 3252 3827 in
3273 3773 3423 3829 domo
3442 3774 3652 3845 leprosi,

2083 3852 2348 3905 duodecim
2378 3854 2496 3909 viris
2528 3858 2857 3923 prwsentious
2880 3898 2894 3922 ,
2925 3859 2980 3910 id
3007 3875 3094 3928 per
3121 3861 3288 3915 orbem
3316 3873 3523 3917 cantant
3548 3881 3655 3918 om-

2082 3959 2199 4007 nes,
2239 3959 2298 3994 ac
2328 3955 2441 4011 post
2472 3952 2664 3997 tantum
2695 3949 2936 4015 temporis
2982 3950 3053 4001 rei
3095 3961 3247 4019 gestat
3274 3955 3515 4007 memoria
3554 3972 3654 4009 non

2081 4021 2484 4131 ntinuiturfped
2518 4032 2708 4099 Perste,
2741 4034 2881 4102 Indi,
2912 4036 3153 4107 Scythae,
3180 4039 3424 4107 Thraces,
3458 4044 3657 4098 Sauro-

2080 4122 2289 4187 mathw,
2325 4122 2494 4177 Mauri
2515 4164 2529 4187 ,
2559 4126 2643 4189 qui
2672 4124 2993 4182 Britannicas
3016 4130 3207 4186 insulas
3225 4132 3451 4187 incolunt
3480 4175 3496 4199 ,
3518 4133 3653 4202 quod

2079 4215 2132 4267 in
2160 4212 2346 4269 Judwa
2374 4217 2423 4268 in
2454 4217 2607 4269 domo
2629 4217 2870 4291 quadam,
2896 4236 2983 4276 nec
3002 4222 3172 4291 palam
3203 4239 3228 4275 1
3256 4226 3517 4280 meretrice
3544 4229 3655 4297 fac-

2079 4317 2186 4359 tum
2216 4316 2288 4360 est
2315 4309 2615 4378 praedicant.

2004 4460 2055 4519 D
2078 4436 2136 4493 S.
2185 4438 2419 4494 Joannes
2440 4438 2852 4511 Chrysostomus
2881 4446 3103 4501 Homilia
3149 4462 3186 4501 ιι
3214 4447 3351 4516 apud
3388 4449 3524 4504 alios
3553 4465 3569 4503 ι
3598 4451 3649 4505 in

2149 4525 2481 4583 S.Joannem
2505 4530 3079 4605 Evangelistam,juxta
3107 4538 3240 4591 edit.
3268 4526 3647 4609 Mentisne-our,

2153 4616 2308 4672 Tom.
2338 4634 2455 4685 vni,
2487 4635 2606 4691 pag.
2643 4623 2730 4688 lt),
2765 4624 2843 4677 lit.
2874 4627 2933 4678 Β.

2147 4749 2263 4831 Ἆρ’
2286 4756 2375 4809 οὐκ
2403 4755 2608 4817 sinere»:
2632 4759 2802 4813 πάντα
2828 4760 3041 4817 ἐσϐέσθη
3072 4760 3248 4827 ἐκεῖνα,
3292 4766 3379 4818 καί
3406 4768 3650 4837 ἠφανίσθη

2020 4886 2024 4891 .
2076 4846 2273 4909 sihmo;
2299 4844 2521 4912 ιίκότως,
2546 4851 2633 4901 καὶ
2662 4852 2793 4905 κατὰ
2815 4850 2955 4924 λόγον
2975 4867 2986 4877 ’
3018 4851 3119 4907 ἀλλ’
3151 4856 3207 4907 οὐ
3230 4855 3294 4909 τὰ
3319 4863 3411 4911 τοῦ
3440 4854 3646 4913 ἰδιώτου

2073 4940 2159 4991 καί
2196 4938 2535 5010 ἀγραμμάτου
2574 4938 2703 5001 οὗως
2728 4956 2741 4970 ⁸
2784 4942 2905 4995 ἀλλὰ
2934 4947 3018 4996 καί
3047 4954 3213 5017 Συροι.
3256 4948 3341 4999 καί
3369 4944 3525 5012 Ἰνδοὶ,
3566 4951 3649 5003 καί

2074 5026 2282 5099 Πέρσαι,
2307 5031 2389 5081 καί
2408 5030 2655 5094 Αἰθίοπες,
2685 5034 2767 5083 καὶ
2795 5033 2956 5108 μύρια
2987 5034 3137 5108 ἕτερα
3177 5033 3311 5098 ἔθνη,
3345 5038 3416 5095 εἰς
3441 5042 3531 5095 τήν
3561 5039 3649 5091 αὐ-

2074 5122 2171 5169 τῶν
2218 5120 2580 5189 μεταϐαλόντες
2625 5120 2848 5189 γλῶτταν
2888 5126 2953 5176 τὰ
2989 5124 3131 5197 παρὰ
3181 5127 3360 5179 τούτου
3414 5124 3648 5198 δόγματα

2076 5208 2399 5277 ιίσαχθὲντα,
2428 5208 2604 5281 ἐςααθον
2631 5206 2882 5280 ἅνθρωποι
2903 5211 3151 5286 βάρϐαροι
3171 5215 3470 5287 φιλοσοφεῖν.

2144 5294 2429 5366 Postquam
2458 5300 2663 5350 locutus
2696 5299 2945 5352 fuitidem
2978 5301 3447 5357 SatictusJosnues
3476 5300 3645 5373 Chry-

2070 5395 2339 5441 sostomus
2384 5390 2451 5443 de
2494 5388 2860 5457 Pythagoricis
2890 5401 2944 5445 et
2974 5391 3260 5446 Platonicis
3308 5391 3637 5461 disciplinis,

2073 5478 2187 5533 haec
2216 5481 2396 5534 subdit
2424 5497 2434 5531 :
2466 5480 2649 5533 Annon
2683 5482 2801 5549 jure
2830 5482 2920 5536 illa
2946 5485 3190 5537 exstincta
3218 5483 3416 5551 penitus
3454 5484 3644 5539 deleta-

2070 5584 2166 5634 que
2194 5570 2345 5622 sunt?
2377 5568 2522 5621 Certe
2551 5573 2673 5641 jure
2693 5588 2751 5622 ac
2782 5576 2977 5637 merito,
3011 5582 3063 5623 ut
3088 5572 3216 5623 ratio
3247 5573 3550 5639 postulabat.
3577 5576 3642 5627 At

2070 5672 2171 5713 non
2198 5660 2270 5713 sic
2295 5658 2410 5727 illa,
2438 5675 2550 5729 quia
2574 5661 2641 5715 ad
2683 5662 2859 5716 rudem
2881 5663 3023 5715 illum
3046 5671 3095 5715 et
3125 5661 3438 5717 illitteratum
3480 5666 3638 5735 perti-
