4288 6426
295 293 378 348 {05

999 287 1330 345 EPISTOLA
1371 285 1733 344 BLANClllNl
1772 287 1860 342 AD
1903 284 2283 344 EPISCOPUM
2324 288 2762 348 GURCENSEM.

3393 290 3493 350 106

294 415 387 459 nent
412 419 425 456 :
449 417 617 457 verum
645 400 787 472 Syri,
823 400 1079 472 Egyptii,
1114 400 1253 461 Indi,
1288 400 1479 484 Persio,
1509 399 1781 470 /Elhiopes
1809 442 1820 464 ,
1855 407 1898 464 Α
1931 403 2033 473 cpi-:1

1931 403 2103 473 φέντος
2131 409 2220 457 τοῦ
2252 405 2533 476 εὐαγγελίου
2564 407 2614 460 ἐν
2643 413 2749 464 τοῖς
2779 411 3044 479 γράμμασι
3075 416 3175 462 τῶν
3202 408 3496 480 ἑϐδομήκονο

293 494 680 561 innunteratteque
707 491 826 545 alia:
853 489 1057 558 Gentes,
1087 492 1324 561 dogmata
1348 492 1409 544 ab
1435 492 1524 544 illo
1553 491 1758 544 inducta
1776 492 1826 544 in

295 583 480 655 linguam
507 599 651 638 suam
678 585 1056 654 transferentes,
1078 580 1278 635 barbari
1308 581 1423 635 licet
1452 592 1634 646 essent,
1665 582 1832 651 philo-

294 675 464 742 sophari
491 673 796 727 didicerunt.

353 766 554 824 Sanctus
581 764 939 837 Hieronymus
983 765 1035 818 in
1066 766 1435 821 Commentar.
1479 766 1532 821 in
1567 766 1831 837 psalmum

295 874 469 915 LXXXVI
497 877 509 912 :
538 858 784 915 Dominus
810 860 1034 914 narrabit
1073 860 1125 914 in
1157 860 1441 929 Scripturis
1484 861 1789 933 populorum
1815 879 1834 914 :

294 952 339 1006 in
368 951 632 1021 Scripturis
686 950 908 1007 Sanctis.
942 952 1067 1019 Qua:
1094 952 1348 1022 scriptura
1373 952 1580 1023 populis
1605 950 1836 1020 omnibus

295 1041 465 1114 legitur,
492 1042 587 1096 Itoc
614 1051 706 1108 est,
740 1053 797 1097 ut
824 1059 996 1098 omnes
1019 1042 1326 1114 intelligant.

354 1133 477 1189 Idem
507 1130 665 1188 Praei.
704 1135 757 1188 in
799 1142 1028 1203 quatuor
1076 1134 1360 1205 Evangelia
1405 1134 1468 1188 ad
1504 1135 1785 1189 Damasum
1820 1152 1832 1187 :

295 1225 606 1281 Praterntitto
639 1224 883 1296 (inquit)
913 1241 996 1279 eos
1038 1226 1259 1291 codices,
1301 1242 1427 1294 quos
1454 1243 1486 1279 a
1511 1223 1768 1289 Luciano,
1791 1236 1839 1280 et

299 1315 524 1387 Hagcltio
554 1325 866 1387 nuncupatos
891 1333 1168 1386 paucorum
1196 1317 1454 1371 hominum
1497 1317 1674 1370 asserit
1725 1333 1840 1384 per-

295 1425 416 1464 versa
445 1409 690 1464 contentio
712 1448 726 1473 ,
755 1409 1122 1477 qnibus'utique
1159 1425 1248 1462 nec
1267 1450 1272 1455 .
1290 1409 1344 1462 in
1372 1418 1474 1462 toto
1516 1407 1677 1463 Veteri
1718 1406 1838 1460 Ins-

296 1509 517 1555 trumento
555 1509 667 1570 post
709 1497 852 1554 LXX
888 1500 1182 1571 interpretes
1208 1502 1472 1554 emendare
1509 1499 1634 1569 quid
1662 1499 1837 1565 licuit,

295 1607 374 1646 nec
397 1592 442 1644 in
478 1589 621 1644 Nouo
665 1592 855 1663 profuit
882 1592 1173 1646 emendasse
1201 1575 1355 1645 Ecunt
1393 1591 1672 1646 multarum
1710 1589 1844 1645 Gen-

296 1685 406 1738 tiunt
427 1683 606 1755 linguis
628 1683 896 1756 Scriptura
915 1693 1032 1738 ante
1054 1684 1322 1752 translata,
1338 1683 1535 1751 doceat,
1560 1683 1695 1754 falsa
1713 1700 1843 1748 esse,

293 1791 395 1845 qute
418 1775 587 1830 addita
609 1785 748 1830 sunt.
1242 1813 1248 1820 ς

355 1867 565 1923 Sanctus
593 1867 919 1936 Augustinus
942 1866 1032 1922 lib.
1073 1883 1110 1922 ιι
1147 1866 1214 1922 de
1237 1867 1488 1923 Doctrina
1518 1867 1843 1934 Christiana,

294 1970 399 2029 cap.
430 1958 479 2021 5,
509 1958 584 2012 ait
613 1974 626 2011 :
654 1956 738 2013 Ea:
761 1975 860 2029 quo
903 1958 1094 2029 factum
1133 1968 1240 2028 est,
1283 1969 1338 2015 ut
1384 1962 1534 2015 etiam
1581 1962 1849 2034 Scriptura

231 2061 236 2066 '
295 2046 484 2114 Diuina,
510 2064 612 2119 qua
646 2049 800 2104 tantis
825 2049 1008 2104 morbis
1036 2051 1369 2104 humanarum
1392 2052 1702 2106 voluntatum
1731 2051 1848 2105 sub-

297 2143 474 2196 uenitur
502 2181 518 2207 ,
546 2142 608 2196 ab
639 2158 741 2196 una
764 2141 942 2215 lingua
967 2146 1222 2215 profecta,
1254 2160 1354 2214 qua
1381 2154 1662 2216 opportune
1690 2145 1852 2214 potuit

297 2250 378 2304 per
397 2233 559 2288 orbem
577 2245 826 2288 terrarum
846 2235 1188 2298 disseminari,
1219 2251 1308 2304 per
1332 2237 1499 2290 varias
1520 2237 1852 2304 interpretum

297 2327 481 2397 linguas
501 2326 650 2398 longe
674 2326 869 2392 lateque
894 2326 1222 2381 innotesceret
1248 2325 1489 2380 Gentibus
1514 2327 1582 2379 ad
1611 2325 1847 2379 salutent.

297 2437 356 2493 B.
394 2436 762 2493 Theodoretus
804 2437 1064 2494 Sermone
1123 2453 1154 2492 v
1203 2437 1271 2494 de
1341 2437 1540 2493 Natura
1611 2436 1854 2493 Hominis

428 2544 542 2600 pag.
573 2528 680 2586 555
701 2569 718 2596 ,
748 2527 854 2585 Lit.
880 2528 944 2584 C.
985 2530 1074 2598 D.,
1104 2529 1226 2586 Lut.
1271 2530 1440 2585 Paris.
1471 2545 1711 2588 uocaui.

362 2651 493 2710 Τίνες
517 2656 607 2708 τῆς
635 2654 836 2707 Στοῖκῆς
867 2645 1108 2722 αἱρέσεως
1129 2645 1576 2720 προστατιύουσι,
1609 2645 1739 2703 τίνες
1762 2647 1856 2698 τοῦ

297 2743 603 2815 Σταγειρίτου
630 2745 718 2799 τήν
738 2736 1067 2794 διδασκαλίαν
1086 2737 1415 2812 κρατύνουσι,
1437 2739 1568 2794 τίνες·
1588 2735 1720 2788 κατὰ
1737 2735 1858 2792 τοὺς

298 2832 547 2892 Πλάτωνος
589 2832 930 2886 πολιτεύονται
969 2831 1153 2902 νόμους
1175 2868 1192 2894 ,
1237 2833 1368 2890 τίνις
1411 2833 1500 2887 τήν
1547 2826 1636 2881 ὑπ’
1673 2826 1857 2879 ὶκιίνου

296 2923 659 2996 ξυγγραφιῐσαν
706 2923 960 2978 πολιτείαν
997 2922 1327 2985 nutricant);
1375 2918 1500 2975 ἀλλὰ
1539 2919 1732 2973 τούτων
1769 2918 1859 2987 μὲν

296 3021 390 3070 τῶν
429 3013 685 3088 δογμάτων
734 3015 906 3072 οὐδένα
943 3013 1247 3071 διδάσκαλον
1293 3015 1415 3085 ἡμῖν
1452 3010 1692 3076 ἄπιδιῑξαι
1711 3008 1857 3068 3min-

296 3105 442 3161 σισθι
467 3121 480 3134 ⁸
540 3109 688 3179 ἡμεῖς
742 3105 796 3162 δὲ
826 3147 841 3173 ,
885 3114 985 3161 τῶν
1029 3105 1370 3161 ἀποστολικῶν
1415 3107 1501 3159 καί
1544 3107 1860 3184 προφητικῶν
1887 3147 1931 3210 C

295 3195 554 3272 δογματων
576 3202 634 3255 τὸ
657 3201 838 3276 κράτος
862 3201 1083 3276 ἐναργῶς
1128 3196 1470 3269 ίπιδιίκνυμιν
1487 3213 1499 3226 °
1531 3201 1680 3251 πᾶσα
1705 3196 1802 3269 γὰρ
1831 3194 1861 3252 ἦ

293 3290 491 3363 ὖφήλιος
514 3291 667 3348 τῶνδε
687 3300 786 3347 τῶν
810 3293 965 3365 λόγων
991 3291 1250 3351 ὰνάπλιως
1275 3307 1288 3321 ⁸
1323 3292 1457 3366 καὶή
1473 3288 1719 3365 Ἐϐραίων
1734 3293 1865 3360 φωνὴ

293 3383 352 3436 οὐ
375 3383 521 3455 μόνον
544 3386 615 3443 εἰς
640 3388 731 3442 τήν
765 3381 1003 3441 Ἐλλήνων
1051 3382 1350 3453 μετεϐλήθη,
1397 3381 1522 3436 ἀλλά
1567 3383 1649 3436 καί
1679 3382 1748 3440 sic
1775 3383 1865 3438 τήν

291 3470 543 3545 Ῥωμαίων
576 3477 662 3531 καί
682 3476 967 3550 Αἰγυπτίων
1004 3477 1086 3528 καί
1113 3480 1312 3548 Περσῶν
1339 3474 1426 3526 καὶ
1453 3469 1618 3526 ἰνδῶν
1646 3473 1732 3524 καί
1753 3467 1867 3544 ’Δρ-

290 3567 471 3634 μενίων
491 3568 573 3621 καί
590 3568 780 3622 Σκυθῶν
800 3568 885 3622 καὶ
903 3571 1259 3641 Σαυροματῶν,
1278 3565 1361 3617 καί
1377 3559 1660 3620 συλλήϐδην
1681 3562 1864 3625 εἰπεῖν,

290 3659 364 3718 sic
385 3659 561 3721 πάσας
585 3660 676 3720 τὰς
701 3659 932 3732 γλώττας
949 3698 964 3722 ,
992 3653 1074 3717 αἶς
1110 3655 1316 3712 ἅπαντα
1337 3656 1403 3710 τὰ
1427 3651 1541 3711 ἔθνη
1573 3650 1866 3727 κιχρημίνα

290 3746 514 3805 διατελεῖ
516 3785 531 3802 .
1871 3774 1900 3793 ο

364 3839 587 3903 Quinam
610 3837 759 3892 hodie
778 3846 924 3893 secta
961 3836 1153 3893 Stoica
1172 3837 1483 3906 praesident,
1509 3834 1717 3903 quinam
1743 3832 1863 3887 Sta-

289 3934 459 4005 girita:
502 3933 785 3988 doctrinam
812 3941 1014 3987 tuentur
1037 3972 1053 3998 ,
1104 3929 1189 3985 ubi
1219 3939 1334 3984 sunt
1362 3929 1449 4000 qui
1486 3929 1553 3982 ad
1579 3929 1714 3999 leges
1740 3925 1868 3980 Pla-

291 4025 427 4080 tonis
468 4025 694 4080 ciuitates
719 4024 1015 4096 gubernent,
1041 4024 1126 4095 qui
1155 4023 1496 4094 conscriptam
1522 4021 1584 4074 ab
1615 4037 1671 4076 eo
1697 4019 1868 4089 reipu-

290 4117 441 4175 blicce
471 4123 690 4190 formam
717 4118 942 4189 amplexi
969 4117 1115 4172 sint?
1154 4117 1218 4170 At
1250 4115 1447 4170 nullam
1478 4117 1704 4184 profecto
1742 4113 1868 4182 dog-

287 4218 490 4265 ntatum
516 4209 727 4264 istorum
752 4207 1007 4262 doctorem
1033 4207 1174 4260 nobis
1191 4205 1452 4260 ostendere
1481 4203 1726 4272 poteritis.
1757 4200 1869 4254 Nos

287 4309 468 4354 autem
487 4299 621 4355 vobis
642 4311 978 4354 arosrouca
996 4309 1440 4357 PBOPBETICEQUE
1467 4305 1743 4346 οοοτιιικιε
1767 4291 1866 4342 vim

283 4401 337 4447 et
356 4392 518 4446 robur
539 4391 803 4460 manifeste
825 4389 1157 4442 ostendimus.
1185 4384 1434 4440 Universa
1457 4384 1610 4447 enim,
1639 4396 1750 4451 qute
1777 4379 1869 4434 sub

1929 515 1994 548 τα
2020 493 2111 547 δύο
2140 495 2405 566 γλωσσῶν,
2436 500 2521 550 καί
2543 499 2709 560 ἐθνῶν,
2737 496 2984 553 ἀδύνατόν
3009 500 3123 553 ἐστι
3152 501 3492 576 ραδιουργίαν,

1929 582 1959 643 ἦ
1985 587 2211 656 μείωσιν,
2246 586 2275 645 ἦ
2305 589 2586 661 προσθήκην
2615 588 2909 658 ὑπομεῖναι,
2929 591 3082 645 αὐτῶ.
3107 588 3204 663 Κᾷυ
3231 595 3328 666 γὰρ
3354 599 3498 663 μιᾶς,

1931 674 1962 734 ἦ
2017 681 2101 731 καί
2151 675 2394 752 δευτέρας
2432 679 2654 751 γλώττης
2700 681 3010 754 ἐπεχείρησέ
3054 703 3131 741 τις
3175 683 3405 738 νοθεῦσαι
3439 688 3500 738 τά

1933 765 2127 838 βιϐλία,
2177 768 2425 841 ἠλέγχετο
2470 772 2610 830 εὐθὺς
2653 770 2753 824 ὑπο
2806 793 2902 825 των
2959 768 3114 825 ἄλλων
3164 772 3505 847 ἑϐδομήκοντα

1931 856 2175 929 γλωσσῶν
2203 861 2232 916 ἡ
2257 858 2556 932 ραδιουργία
2583 860 2734 918 αὕτη.

2005 948 2175 1019 Igitur
2197 951 2325 1017 ﬁdes
2351 951 2752 1006 Christianorum
2777 963 2846 1006 est
2869 955 3146 1020 incuriosa,
3178 957 3228 1008 in
3258 957 3507 1025 simplici-

1938 1047 2057 1106 tate,
2092 1050 2135 1094 et
2159 1042 2458 1095 rectitudine
2497 1043 2663 1096 cordis
2706 1053 2859 1097 tatam
2903 1042 3140 1098 Divinam
3187 1047 3507 1116 Scriptorum

1938 1132 2162 1202 recipere
2189 1128 2429 1187 consueta
2460 1176 2474 1200 ,
2499 1135 2713 1187 maxime
2736 1150 2851 1188 vero
2885 1136 3181 1188 doctrinam
3205 1153 3234 1188 a
3266 1135 3508 1191 Pati-ibus

1941 1224 2198 1281 traditam.
2233 1225 2377 1278 Dicta
2417 1227 2547 1279 enim
2579 1226 2886 1296 Evangelica
2925 1239 2968 1281 et
3007 1229 3286 1297 apostolica
3329 1231 3513 1284 scimus

1943 1317 2214 1368 universim
2262 1317 2530 1385 depravari
2556 1335 2654 1371 non
2676 1335 2916 1389 posse....
2947 1335 3002 1371 eo
3024 1320 3159 1388 quod
3189 1317 3519 1390 Evangelium

1943 1407 2265 1474 septuaginta
2293 1406 2510 1460 duarum
2543 1409 2833 1479 linguarum
2857 1419 2901 1462 et
2934 1409 3168 1462 Gentium
3195 1410 3374 1463 litteris
3398 1427 3516 1464 con-

1943 1499 2198 1568 signatum
2219 1499 2302 1552 sit.
2359 1499 2529 1564 Quare
2574 1501 2687 1566 ﬁeri
2731 1501 2936 1569 nequit,
2979 1511 3032 1553 ut
3062 1501 3142 1555 vel
3170 1501 3479 1556 detractione
3504 1545 3517 1568 ,

1944 1588 2020 1642 vel
2059 1588 2319 1642 additione
2347 1605 2376 1640 a
2406 1589 2666 1642 sceleratis
2706 1600 3078 1659 corrumpatur.
3108 1590 3246 1643 Nam
3269 1593 3383 1645 licet
3409 1594 3520 1660 quis

1946 1680 2098 1733 unius
2120 1682 2196 1734 vel
2222 1679 2430 1734 alterius
2458 1681 2645 1751 lingute
2690 1680 2840 1735 libros
2870 1683 3058 1751 falsare
3085 1693 3390 1747 conaretur;
3425 1685 3520 1737 im-

1876 1785 1923 1845 B
1949 1771 2171 1840 probitas
2189 1779 2355 1824 tamen
2385 1771 2833 1842 ista.detegeretur,
2856 1783 2900 1826 et
2923 1773 3309 1843 redargueretur
3325 1773 3387 1826 ab
3406 1773 3523 1827 aliis

1945 1865 2265 1934 septuaginta
2294 1864 2501 1934 linguis.

2019 1955 2354 2011 Venerabilis
2385 1955 2526 2011 Beda
2573 1955 2669 2010 lib.
2698 1971 2715 2011 ι
2769 1955 2902 2011 Hist.
2938 1957 3255 2028 Anglorum,
3289 1972 3407 2028 cap.
3451 1958 3474 2013 l
3506 1976 3518 2009 :

1951 2047 2224 2102 Britannia
2250 2049 2301 2102 in
2333 2049 2568 2117 prwsenti
2589 2052 2744 2121 juxta
2774 2065 3039 2102 numerum
3060 2049 3324 2112 librorttm,
3346 2050 3523 2118 quibus

1952 2139 2061 2194 Lea:
2087 2138 2275 2193 Diuina
2302 2140 2490 2208 scripta
2510 2150 2604 2204 est,
2637 2139 2856 2207 quinque
2893 2139 3127 2193 Gentium
3148 2141 3341 2210 linguis
3371 2157 3523 2193 unum

1952 2229 2272 2300 eamdemque
2292 2245 2500 2283 summa’
2518 2229 2756 2295 ueritatis,
2788 2247 2846 2282 ac
2868 2247 2997 2284 uera:
3015 2231 3339 2284 sublimitatis
3362 2250 3402 2283 st
3417 2233 3522 2284 ien-

1954 2323 2078 2374 tiant
2119 2331 2410 2387 scrutatur,
2468 2330 2516 2373 et
2567 2319 2882 2388 confitetur:
2931 2321 3208 2391 Anglorum
3258 2320 3524 2384 videlicet,

1954 2409 2223 2464 Britonum
2247 2451 2261 2476 ,
2290 2410 2560 2466 Scotorum
2585 2451 2598 2475 ,
2632 2409 2905 2465 Pictonum
2957 2421 3001 2464 et
3050 2408 3351 2463 Latinorum
3376 2450 3390 2475 ,
3414 2424 3526 2478 qua:

1954 2503 2280 2558 meditatione
2323 2503 2709 2570 Scripturarum
2757 2505 2948 2557 caneris
2995 2504 3228 2556 onmibus
3273 2512 3344 2556 est
3392 2503 3527 2571 facta

1955 2595 2256 2649 communis.
2288 2593 2444 2647 Nullo
2475 2593 2526 2647 Η
2557 2577 2780 2646 artificio
2812 2592 3126 2662 (conversam
3159 2592 3351 2645 scilicet
3374 2593 3528 2660 fuisse

1959 2685 2176 2740 Sacram
2198 2682 2539 2755 Scriptorum)
2564 2700 2628 2739 ex
2662 2683 2818 2737 Bedtc
2860 2684 3039 2739 verbis
3068 2684 3248 2740 citatis
3287 2701 3372 2739 tne
3420 2687 3530 2742 col-

1959 2774 2128 2844 ligere
2174 2789 2330 2843 posse
2359 2772 2531 2827 fateor
2555 2813 2567 2837 ,
2599 2773 2766 2840 inquit
2796 2773 3058 2830 llenricus
3098 2773 3360 2830 Warlhon
3409 2793 3527 2846 pag.

1959 2864 2067 2920 466
2091 2865 2320 2921 Auctarii
2349 2864 2417 2919 de
2445 2863 2626 2919 Sacris
2646 2864 2845 2935 Script.
2880 2868 3202 2921 vernaculis.
3421 2879 3424 2883 ‘

2034 2955 2134 3022 En,
2169 2955 2362 3025 prmsul
2391 2955 2719 3022 doctissime,
2765 2957 3031 3025 prmcitaua
3062 2959 3384 3024 testimonia,
3415 2976 3533 3029 qua:

1966 3061 2243 3116 perperam
2268 3047 2538 3102 intellecta
2561 3088 2576 3113 ,
2606 3046 2687 3102 vel
2721 3047 2942 3101 nimium
2967 3059 3178 3114 vexata,
3213 3064 3241 3102 a
3272 3052 3536 3105 nonnullis

1965 3138 2250 3193 neotericis
2278 3136 2575 3192 aderuntur
2601 3177 2616 3202 ,
2648 3137 2713 3191 ad
2748 3139 3091 3193 asserendam
3143 3137 3286 3193 illam
3335 3141 3540 3194 versio-

1967 3244 2094 3284 num
2124 3230 2563 3284 numerositatem
2603 3228 2656 3282 in
2692 3228 2982 3295 Gentibus,
3014 3245 3132 3300 quae
3164 3247 3263 3286 nec
3287 3226 3534 3296 sntit-apio

1968 3319 2154 3373 nititur
2202 3319 2576 3389 antiquorum,
2623 3332 2724 3373 nec
2773 3320 3253 3390 manuscriptorum
3295 3321 3539 3376 codicum

1969 3411 2317 3481 inspectione.
2345 3410 2606 3478 Quoniam
2625 3424 2752 3464 vero
2782 3411 3003 3480 triplicis
3025 3414 3235 3481 generis
3257 3413 3539 3470 suntdicta

1968 3501 2186 3556 Patrum
2211 3545 2224 3569 ,
2276 3517 2394 3570 quas
2423 3500 2643 3557 recitavi
2670 3541 2684 3569 ,
2715 3500 2781 3556 ad
2811 3502 3039 3570 primum
3074 3517 3269 3557 revoco
3309 3519 3426 3558 cum
3457 3503 3537 3557 Cl.

1968 3593 2126 3648 Patre
2154 3592 2228 3648 Le
2258 3593 2409 3664 Long
2451 3592 2576 3648 bina
2606 3608 2671 3648 ex
2698 3592 2758 3648 S.‘
2780 3591 2986 3648 Joanne
3006 3593 3415 3665 Chrysostomo,
3438 3605 3540 3649 lcr-

1968 3684 2100 3741 tium
2124 3701 2189 3740 ex
2218 3684 2594 3749 Theodoreto,
2622 3693 2867 3755 quartum
2911 3701 2975 3740 ex
3017 3684 3319 3740 Venerabili
3361 3687 3495 3740 Beda
3523 3724 3539 3750 ,

1969 3792 2088 3847 qua:
2116 3792 2183 3832 ne
2211 3777 2470 3835 versionis
2491 3776 2709 3848 quidem
2735 3776 3004 3847 popularis
3028 3778 3353 3832 mentionem
3382 3776 3538 3829 ullam

1969 3865 2190 3923 faciunt.
2225 3867 2306 3923 Ad
2351 3870 2676 3931 secundum,
2705 3868 2809 3921 alia
2839 3867 2945 3921 duo
2970 3883 3033 3921 ex
3083 3865 3140 3921 S.
3175 3867 3497 3934 Hieronymo
3523 3907 3536 3929 ,

1969 3968 2026 4015 et
2062 3961 2277 4016 tertium
2317 3974 2383 4014 ex
2423 3958 2738 4031 Augustino.
2790 3957 2980 4011 Multas
3019 3955 3230 4024 quidem
3275 3955 3395 4009 inde
3422 3971 3542 4009 vcr-

1971 4052 2152 4106 siones
2180 4049 2422 4104 nonnulli
2447 4048 2724 4118 colligunt.
2749 4046 2878 4101 Esto
2904 4045 3009 4099 illis
3033 4045 3359 4114 temporibus
3381 4047 3548 4101 casti-

1974 4140 2138 4195 terint
2179 4140 2424 4208 plurimas
2451 4139 2565 4193 sive
2594 4137 2815 4199 (ἑταίρω,
2848 4137 2960 4190 sive
2989 4134 3218 4202 Latium,
3249 4146 3356 4197 tum
3385 4140 3544 4194 etiam

1972 4228 2187 4298 Syriaca
2212 4268 2226 4292 ,
2274 4239 2379 4282 etc.
2407 4241 2590 4281 verum
2633 4226 2800 4280 multo
2842 4225 3048 4282 minore
3095 4244 3350 4296 numero,
3382 4247 3542 4300 quam

1971 4325 2101 4387 quot
2129 4331 2193 4371 ex
2223 4315 2303 4370 his
2334 4316 2464 4371 locis
2495 4315 2685 4371 volunt
2711 4316 2916 4373 inferri.
2966 4317 3046 4373 Ad
3095 4329 3419 4391 postremum
3451 4323 3541 4376 dc-

1973 4408 2133 4479 nique
2181 4408 2486 4464 testimonia
2518 4407 2797 4478 desumpta
2824 4425 2890 4464 ex
2921 4409 3154 4464 Eusebio
3183 4409 3538 4475 Caesareensi,

283 4471 401 4538 sole
439 4491 516 4539 est
551 4491 682 4537 terra
714 4480 792 4534 his
820 4477 1131 4533 sermonibus
1168 4475 1359 4546 referta
1394 4483 1485 4529 est.
1511 4471 1578 4526 Et
1619 4471 1872 4526 Hebraica
1897 4515 1948 4575 Β
1975 4509 2029 4556 ει

1924 4516 1948 4575 )
1975 4509 2029 4556 et
2049 4471 2340 4556 Anastasio
2369 4501 2572 4556 Sinaita
2609 4471 2737 4556 :sed
2772 4517 2875 4556 non
2909 4501 3033 4555 inde
3054 4501 3337 4556 coniicitur
3359 4542 3372 4565 ,
3402 4471 3539 4570 quod

283 4575 496 4646 lingua,
513 4576 620 4648 (καί
638 4577 669 4633 ἦ
684 4574 899 4650 ἄϐραίων
907 4570 1062 4645 φωνή)
1072 4610 1088 4637 ,
1102 4585 1202 4623 non
1222 4568 1278 4622 in
1297 4566 1587 4621 Graecorum
1598 4565 1747 4618 modo
1769 4563 1869 4618 lin-

281 4681 449 4736 guam
464 4681 606 4721 versa
614 4675 709 4732 est,
725 4663 972 4720 sedetiam
982 4663 1037 4714 in
1048 4660 1413 4723 Romanorum,
1428 4653 1868 4727 etEggptiorum,

282 4752 696 4826 Persarumque,
719 4766 765 4810 et
787 4753 1055 4817 ludorum,
1087 4760 1132 4805 et
1157 4749 1489 4805 Armenorum
1513 4788 1529 4814 ,
1557 4755 1605 4800 et
1645 4746 1869 4817 Scytha-

277 4861 412 4902 rum
461 4863 524 4901 ac
549 4847 935 4910 Sarmatarum,
980 4854 1129 4914 atque
1153 4851 1208 4898 ut
1237 4843 1392 4895 semel
1429 4840 1596 4894 dicam
1621 4880 1638 4906 ,
1685 4839 1738 4892 in
1772 4839 1872 4892 lin-

275 4954 425 5009 guas
479 4953 649 4992 omnes
674 4977 690 5005 ,
734 4936 914 5010 quibus
957 4935 1024 4990 ad
1072 4935 1203 4988 hanc
1247 4933 1380 4986 diem
1426 4929 1674 4985 Nationes
1716 4938 1870 4984 utun-

279 5035 406 5083 ιιιν.

275 5136 344 5196 S.
380 5138 706 5196 Anastasius
733 5139 935 5196 Sinaita
963 5139 1016 5197 in
1047 5136 1185 5192 libro
1209 5174 1225 5200 ,
1256 5132 1346 5204 qui
1377 5131 1688 5190 inscribitur
1713 5174 1727 5200 ,
1756 5130 1873 5190 ὁδη-

549 5221 557 5228 ’
728 5231 844 5303 νὸς,
884 5228 987 5283 Vite
1011 5229 1135 5292 dum,
1165 5239 1288 5296 cap.
1316 5240 1448 5280 mi.

360 5343 568 5400 οὐκοῦν
589 5341 764 5397 πίστις
792 5339 1092 5416 ἀπερίεργός
1119 5339 1257 5394 ἐστιν
1285 5336 1312 5392 ὁ
1342 5333 1758 5412 χριστιανισμός,
1791 5334 1875 5388 καὶ

268 5431 430 5503 δέον,
464 5434 519 5489 ἄν
544 5420 781 5488 ἃτέλότητι
833 5431 920 5482 καί
956 5429 1184 5488 ιῦθύτητι
1229 5427 1437 5503 καρδίας
1481 5419 1745 5496 δέχεσθαι,
1788 5428 1875 5480 καὶ

544 5527 720 5580 πᾶσαν
756 5524 970 5596 γραφὴν,
1002 5525 1088 5575 καὶ
1111 5498 1334 5591 μάλιστα
1357 5498 1450 5580 τέὲς
1477 5517 1833 5578 διδασκαλικοὶς
1857 5535 1872 5551 ο

268 5619 338 5674 αἱ
375 5621 482 5688 μὲν
529 5619 628 5688 γὰρ
675 5611 1006 5687 sitq-Island,
1055 5613 1142 5665 καὶ
1183 5613 1509 5667 ἀποστολικαὶ
1558 5607 1760 5678 οἴδαμεν
1799 5606 1878 5664 ὅτι

269 5708 706 5771 ἀνόθευτοίιίσὶ.
750 5743 765 5758 .
809 5743 823 5757 .
868 5743 881 5756 .
925 5742 936 5755 .
987 5745 999 5756 .
1044 5741 1054 5753 .
1101 5741 1114 5752 .
1160 5741 1172 5754 .
1213 5700 1293 5759 ὅτι
1311 5701 1616 5764 διαδοθέντος
1643 5703 1880 5778 xui-79*.

749 5798 1020 5860 Ρηιιοι..
1071 5791 1210 5856 X11.

1974 4591 2114 4647 velle
2153 4592 2402 4649 videntur
2430 4593 2505 4647 illi
2533 4593 2825 4662 scriptores
2843 4631 2856 4657 ,
2889 4590 3139 4660 quodque
3165 4592 3298 4644 ratio
3319 4591 3538 4645 credere

1973 4697 2081 4738 non
2113 4683 2281 4748 sinit,
2336 4682 2534 4738 nullam
2564 4683 2689 4751 tingi
2723 4696 2879 4750 posse
2927 4680 3196 4735 nationem
3225 4673 3540 4737 Christianis
3602 4679 3604 4682 ’

1972 4774 2228 4831 imbutam
2253 4774 2533 4841 doctrinis,
2565 4776 2616 4828 in
2643 4775 2794 4842 cujus
2826 4772 3019 4826 idioma
3051 4780 3225 4825 textus
3253 4787 3402 4828 sacer
3434 4789 3540 4828 non

1973 4867 2136 4925 fuerit
2159 4867 2467 4922 translatus.
2491 4866 2690 4919 Auctor
2713 4863 3041 4933 prmlationis
3060 4861 3350 4918 Bibliorum
3381 4865 3539 4935 Poly-

1977 4961 2265 5032 glottorum
2312 4955 2693 5012 Parisiensium
2722 4993 2740 5021 ,
2787 4963 3028 5009 autumat
3071 4957 3338 5012 exstitisse
3387 4957 3470 5012 vel
3509 4975 3541 5012 ιι

1977 5049 2305 5120 temporibus
2334 5047 2389 5102 S.
2420 5045 2734 5117 Hieronymi
2763 5045 3047 5101 Arabicam
3078 5047 3311 5117 aliquam
3343 5049 3545 5103 versio-

1977 5156 2102 5197 nem
2133 5139 2387 5194 librorum
2417 5137 2768 5208 quorumdam
2793 5138 2968 5193 Sacra:
2997 5137 3287 5208 Scriptura:
3313 5181 3326 5204 ,
3355 5139 3406 5192 in
3437 5142 3546 5209 pri-

1977 5232 2080 5288 mis
2129 5230 2250 5286 libri
2279 5229 2398 5285 Job.
2431 5228 2624 5286 Scribit
2649 5228 2789 5283 enim
2823 5247 2835 5282 :
2869 5227 3006 5281 Hinc
3030 5230 3304 5283 mazimam
3341 5239 3543 5284 mutua-

1978 5332 2060 5378 tur
2083 5320 2569 5376 cammendationem
2599 5361 2612 5382 ,
2651 5318 2787 5384 quod
2827 5311 2989 5372 sancti
3030 5318 3332 5388 Hieronymi
3360 5324 3545 5375 steculo

1977 5413 2185 5487 quidam
2210 5430 2236 5468 e
2265 5412 2443 5466 Sacris
2473 5410 2674 5463 Litteris
2713 5411 2807 5462 hac
2837 5409 3012 5481 lingua
3042 5408 3343 5477 (Arabica)
3370 5413 3545 5481 scripti

1977 5507 2336 5574 reperirentur,
2359 5518 2572 5571 quorum
2598 5501 2790 5554 auxilio
2810 5499 2992 5553 librum
3017 5498 3115 5551 Job
3147 5501 3196 5550 in
3225 5500 3552 5570 septingentis

1980 5602 2157 5672 ferme,
2187 5609 2233 5652 et
2261 5597 2555 5665 octingentis
2577 5595 2817 5658 versibus,
2853 5603 2906 5646 ut
2934 5608 2998 5647 ea:
3024 5593 3238 5660 pra'ﬁxa
3279 5596 3393 5649 huic
3423 5598 3550 5656 libro

1980 5692 2274 5768 prafationc
2309 5689 2638 5760 manifestum
2658 5695 2749 5754 est,
2782 5683 3016 5739 restituit.
3044 5682 3122 5768 lin
3150 5682 3204 5738 S.
3241 5683 3547 5763 Hieronymi

3037 5766 3076 5834 ἰι
