3902 6406
449 262 555 321 to't
1816 243 2339 308 PROLEGOMBNA.
3580 243 3684 305 ιο,

448 345 611 433 verba
653 392 665 429 :
694 373 820 429 Htec
846 379 1011 426 autem
1038 376 1254 441 (nostra
1280 367 1299 438 )
1328 364 1593 419 translatio
1623 362 1817 416 nullum
1845 362 1907 414 de
1934 377 2016 415 ue-
2045 364 2095 421 Α
2125 360 2360 414 tissimus
2379 356 2455 412 Le
2470 356 2616 425 Long
2637 368 2755 424 cap.
2772 354 2810 408 Ξ
2837 353 2973 410 Bibl.
3001 355 3181 411 Sacrae
3203 369 3320 426 pag.
3356 354 3479 425 157)
3498 354 3684 423 hujus-

441 468 639 524 .teribus
681 466 902 534 sequitur
944 463 1305 527 interpretem;
1351 457 1438 509 sed
1484 472 1544 509 ea:
1582 456 1691 521 ipso
1734 452 2017 517 Hebraico,

457 558 796 624 Arabicoque,
825 563 869 607 et
898 549 1153 605 interdum
1186 548 1340 618 Syro,
1374 560 1506 598 nunc
1553 543 1719 608 verba,
1746 558 1879 595 nunc
1908 557 2022 594 sen-

461 664 566 713 sus,
601 661 732 698 nunc
752 642 901 697 simul
937 650 1202 706 utrumque
1223 635 1494 689 resonabit.
1525 632 1626 687 Sed
1656 633 1787 686 scite
1810 629 2022 684 Walte-

462 750 561 789 uns
610 733 900 803 prologum.
952 730 1038 788 Η.
1072 728 1100 799 ς
1128 727 1193 781 l7
1230 745 1243 779 :
1303 723 1421 778 Non
1452 724 1693 793 loquitur,
1721 722 1912 791 inquit,
1944 720 2026 772 hic

467 829 683 879 Sanctus
710 822 800 876 illo
826 820 934 874 loco
964 819 1025 871 de
1053 817 1279 871 versione
1305 814 1477 881 aliqua
1502 811 1740 874 Arabica,
1773 810 1889 862 licet
1916 810 2025 879 ejus

463 914 609 969 verba
640 914 799 979 primo
823 918 1030 977 aspectu
1057 908 1156 960 tale
1178 905 1301 975 quid
1334 906 1542 957 innuere
1565 903 1798 970 uidentur
1826 916 1843 953 :
1866 899 2028 965 loqui-

464 1017 545 1059 tur
567 1007 718 1067 enim,
742 1013 794 1055 ut
823 1002 969 1055 verba
988 1003 1095 1071 ejus
1120 997 1340 1069 penitius
1356 996 1569 1048 intuenti
1586 995 1759 1062 liquet,
1784 993 1844 1047 de
1866 1001 2029 1045 trans-

467 1099 654 1152 latione
670 1112 761 1149 sua
777 1093 984 1157 Latina,
1013 1080 1162 1160 quam
1193 1106 1254 1143 ex
1285 1087 1330 1141 Η
1338 1087 1496 1141 ebrazo
1524 1089 1838 1151 traduxerat,
1867 1088 1913 1137 εἰ
1936 1084 2028 1140 hoc

471 1197 665 1241 tantum
702 1185 898 1245 innuit,
932 1182 983 1235 in
1011 1181 1139 1234 libro
1165 1178 1263 1233 Job
1312 1176 1560 1231 Ilebraico
1590 1174 1835 1229 vocabula
1871 1174 2030 1228 multa

467 1279 683 1332 Arabica
709 1288 990 1328 occurrere.
1484 1310 1485 1315 η

542 1366 897 1431 EthiOpicam
926 1374 1136 1432 quoque
1180 1359 1467 1413 Bibliorum
1490 1356 1789 1411 versionem
1814 1355 1901 1426 (ab
1928 1354 2028 1409 ho-

468 1462 649 1517 dierna
696 1457 958 1511 diversam
984 1456 1022 1522 ),
1057 1451 1382 1520 temporibus
1410 1449 1773 1518 apostolorum
1806 1447 2031 1501 adorna-

472 1562 579 1607 tam
608 1547 770 1603 luisse
802 1546 1041 1615 plerique
1071 1541 1357 1610 scriptores
1383 1547 1746 1593 asseruerunt.
1772 1537 1875 1591 Eos
1897 1537 2034 1591 inter

468 1643 655 1697 Petrus
684 1639 866 1693 Victor
892 1634 1178 1705 Cajelanus
1201 1674 1214 1696 ,
1243 1629 1489 1699 Paradig.
1523 1629 1586 1681 de
1613 1628 1785 1698 lingua
1827 1624 2035 1679 Ethio-

2124 450 2267 505 modi
2298 448 2535 513 auctori;
2577 448 2665 516 qui
2713 447 2957 501 ducentis
2998 456 3051 500 et
3090 446 3319 515 amplius
3368 447 3522 501 annis
3567 455 3689 515 post

2124 538 2487 609 Clzrysostomi
2519 538 2720 591 obitum
2767 550 2853 591 res
2892 537 2957 591 ab
2988 538 3103 606 ipso
3143 546 3321 607 gestas
3341 538 3544 607 absque
3579 536 3688 592 ullo

2126 638 2365 685 veterum
2386 635 2729 682 monumento
2754 626 3058 697 descripsit,
3093 627 3223 682 lldes
3248 638 3331 682 est
3355 626 3597 682 habenda
3620 626 3685 679 is

2125 720 2385 785 Quoniam
2411 733 2540 774 vero
2584 718 2673 771 alii
2722 718 2905 771 volunt
2940 758 2955 784 ,
3014 718 3178 772 Biblia
3219 717 3427 773 Veteris
3462 726 3517 773 et
3556 717 3691 773 Novi

2129 808 2452 864 Testamenti
2480 822 2549 861 ex
2582 806 2769 862 Graeco
2792 807 3043 863 idiomate
3063 808 3115 862 in
3142 807 3430 865 Armenum
3456 823 3485 862 a
3511 809 3694 879 Moyse

2084 951 2096 968 ,
2127 897 2512 964 Grammatice,
2546 897 2747 952 Davide
2783 897 3102 967 philosopho
3126 939 3141 964 ,
3181 906 3235 953 et
3264 898 3551 965 Mampmo
3592 898 3693 953 Ar—

2130 989 2299 1043 mcnis
2326 988 2465 1043 circa
2487 996 2723 1058 tempora
2741 986 2958 1042 Arcadii
2984 987 3321 1057 imperatoris
3338 989 3501 1043 fuisse
3522 997 3698 1044 trans-

2130 1079 2256 1143 lata,
2285 1078 2563 1131 audiamus
2594 1078 2872 1137 sententia:
2899 1078 3055 1148 hujus
3084 1086 3354 1144 auctores,
3382 1093 3516 1147 quos
3555 1078 3695 1134 idem

2130 1168 2203 1224 Le
2228 1168 2373 1239 Long
2401 1168 2595 1238 allegat
2626 1186 2639 1221 :
2671 1167 2782 1221 Hac
2832 1168 3006 1222 eadem
3030 1178 3319 1239 tempestate
3345 1168 3571 1239 (scilicet
3596 1169 3699 1225 Ar-

2131 1260 2265 1315 cadii
2302 1256 2681 1330 imperatoris)
2709 1260 2883 1329 floruit
2930 1262 3081 1315 etiam
3134 1262 3189 1314 in
3229 1262 3468 1315 Armenia
3510 1262 3702 1321 celeber

2131 1352 2338 1423 quidam
2382 1350 2642 1405 Her-emito
2666 1392 2679 1414 ,
2715 1352 2878 1405 dictus
2908 1350 3171 1405 Mesrobus
3193 1392 3209 1419 ,
3252 1353 3330 1405 rir
3357 1354 3507 1421 plane
3534 1356 3706 1408 crudi-

2133 1444 2372 1511 tissimus,
2394 1454 2439 1497 et
2461 1426 2659 1514 ingenio
2678 1445 2961 1513 perspicax,
2987 1446 3201 1513 quicum
3225 1447 3581 1514 Armenarttns,
3600 1456 3706 1502 tum

2137 1532 2408 1607 lberarum
2452 1552 2649 1604 quoque
2677 1535 2956 1588 litterarum
2984 1534 3295 1591 characteres
3330 1538 3707 1592 accuratissime

2138 1625 2329 1693 primus
2358 1622 2624 1694 expressit,
2654 1641 2713 1678 ac
2743 1628 2957 1693 posteris
2987 1626 3249 1696 singulare
3276 1630 3371 1681 hoc
3389 1628 3708 1696 beneficium,

468 1738 585 1807 pica
610 1778 624 1798 ,
649 1750 766 1803 pag.
798 1732 898 1785 l60
915 1772 928 1794 ,
960 1732 1045 1783 ubi
1072 1730 1176 1782 ait:
1211 1728 1439 1780 Primum
1466 1724 1668 1792 quidem
1694 1722 1755 1774 de
1780 1721 1919 1773 illius
1946 1734 2042 1771 an-
2072 1723 2119 1783 Β
2147 1729 2243 1782 quo
2262 1722 2341 1807 tot
2365 1715 2857 1807 transactis—saeculis
2885 1732 3055 1807 eorum
3103 1721 3322 1789 majores
3342 1728 3571 1785 expertes
3594 1723 3709 1787 fue-

470 1829 693 1896 tiquitute
737 1841 834 1877 non
868 1833 937 1875 est
982 1820 1113 1888 quod
1142 1816 1461 1881 dubitemus;
1498 1814 1702 1885 quando
1732 1852 1746 1878 ,
1768 1814 1881 1882 jam
1924 1810 2041 1895 inde

474 1932 629 1983 usque
681 1932 710 1965 a
760 1912 949 1966 Christi
1020 1906 1342 1977 temporibus,
1393 1915 1437 1968 et
1500 1904 1872 1975 apostolorum,
1935 1910 2042 1955 erat

470 2022 612 2058 sacer
667 2001 1041 2074 prophetiarum
1076 2008 1333 2051 contextus
1363 1997 1455 2049 isto
1479 1995 1718 2048 idiomate
1748 1992 2043 2061 ZEt/ti'opico

474 2098 526 2149 in
558 2094 781 2148 manibus
824 2091 1061 2145 Eunuchi
1087 2089 1224 2141 illius
1258 2088 1409 2157 regia:
1430 2085 1679 2138 Candacis
1708 2084 2038 2149 conscriptus.

475 2187 553 2241 Ad
588 2186 687 2238 hoc
714 2198 839 2237 vero
874 2180 1273 2243 stabiliendum,
1308 2176 1488 2231 Victor
1516 2176 1709 2229 Palmm
1756 2173 2042 2249 auctorita-

479 2288 583 2332 tem
612 2275 751 2329 mille
777 2283 829 2328 et
868 2272 1276 2343 quingentorum
1306 2283 1563 2322 annorum
1583 2309 1595 2329 ,
1630 2275 1903 2336 postquam
1928 2265 2041 2319 inec

480 2380 626 2458 gesta
661 2370 925 2438 ﬁnguntur
953 2406 965 2428 ,
999 2366 1049 2419 in
1081 2364 1310 2417 medium
1342 2361 1531 2416 aﬂ‘ert:
1562 2359 1702 2429 quod
1746 2356 1924 2458 quanti
1954 2372 2043 2411 va-

478 2446 603 2524 leat,
636 2460 769 2528 ωηιιί
798 2459 1027 2526 bonique
1067 2454 1281 2507 lectoris
1319 2451 1576 2521 judicium
1603 2459 1735 2503 esto.
1773 2446 2043 2501 Adeautur

478 2552 561 2607 Jo.
622 2550 813 2604 Millius
860 2548 910 2602 itt
979 2546 1186 2613 Proleg.
1243 2558 1358 2611 pag.
1417 2540 1553 2603 19.1,
1601 2536 2045 2593 etRenaudotius

474 2660 592 2713 cap.
625 2644 681 2696 lt
706 2684 720 2709 ,
752 2640 813 2693 de
840 2647 1081 2709 perpetuo
1106 2634 1350 2687 Ecclesia:
1377 2646 1642 2695 consensu,
1674 2638 1776 2683 etc.
1809 2641 1926 2696 pag.
1951 2625 2039 2680 92.

551 2738 779 2787 Arm’ena
810 2732 1008 2800 pariter
1039 2728 1326 2782 Bibliorum
1356 2724 1531 2777 versit)
1572 2721 1802 2791 jactatur
1827 2719 2045 2773 'concin-

481 2834 603 2881 nata
628 2824 727 2878 sub
753 2822 1006 2875 Eeclesi-e
1052 2818 1317 2871 nascentis
1345 2814 1582 2878 exordio,
1616 2828 1680 2867 ex
1719 2811 1928 2873 Grmca,
1959 2810 2045 2864 vel

481 2933 543 2972 ex
569 2917 699 2985 Syra
716 2910 1166 2979 interpretatione.
1192 2926 1209 2958 ι
1234 2905 1359 2960 lllud
1386 2900 1689 2972 neutiquam
1715 2908 1799 2955 est
1824 2911 2041 2968 praeter-

480 3005 707 3062 eundum
741 3003 834 3075 (ait
870 3000 953 3054 Jo.
990 2999 1176 3052 blillius
1211 3012 1327 3065 pag.
1359 2996 1459 3049 152
1502 2992 1709 3060 Proleg.
1736 2990 1788 3043 in
1840 2988 2045 3043 Novum

481 3096 625 3151 Tcst.
653 3088 917 3157 Grteeum)
940 3131 953 3153 ,
986 3089 1124 3157 quod
1149 3102 1245 3140 nos
1277 3101 1370 3154 per
1391 3085 1594 3137 litteras
1618 3080 1839 3144 monuit,
1870 3080 1924 3155 in
1949 3081 2047 3132 Ar-

483 3185 688 3241 mcnica
716 3224 729 3245 ,
760 3189 1060 3245 cmtcratpze
1103 3176 1244 3228 omni
1278 3176 1574 3227 litteratura
1623 3170 1867 3223 orientali
1890 3168 2048 3237 longe

483 3276 875 3334 versatissimus
904 3270 1201 3325 Ludovicus
1230 3265 1443 3321 Pickius
1471 3264 1659 3318 doctor
1686 3261 2046 3317 Sorbonicus:

491 3370 687 3431 Versio,
712 3366 900 3433 inquit,
934 3361 1198 3414 Armenica
1229 3370 1299 3411 est
1327 3357 1675 3425 antiquissima
1709 3395 1723 3414 ,
1756 3362 1795 3406 et
1824 3368 1885 3406 ινα·
1904 3349 2049 3421 genio

481 3476 574 3513 suo
601 3458 669 3509 ita
700 3456 949 3517 ἑλληνὲζει.
986 3462 1037 3504 ut
1065 3453 1124 3502 de
1154 3449 1296 3502 verbo
1319 3450 1383 3501 ad
1409 3446 1613 3501 verbum
1640 3443 1817 3500 Graeca
1841 3446 2049 3512 referat;

485 3548 614 3603 unde
659 3562 719 3599 ex
766 3546 874 3613 ipsa
922 3543 1012 3608 jus
1052 3550 1123 3593 est
1161 3537 1452 3591 restituendi
1503 3534 1749 3605 originale
1780 3534 2049 3597 (it'wcum,

420 3640 425 3646 ’
484 3639 617 3691 unde
670 3634 931 3704 profluxit.
983 3651 1000 3682 ι
1048 3630 1151 3685 Sed
1186 3646 1269 3682 res
1302 3638 1425 3681 nota
1451 3634 1534 3681 est
1560 3623 2051 3693 (iuquitGregorius

484 3728 808 3783 Selioliastes
828 3726 997 3794 Syrus
1024 3721 1159 3789 apud
1180 3717 1510 3777 \Vztltonum,
1534 3715 1733 3783 proleg.
1769 3714 1909 3783 i5,'§
1964 3711 2049 3781 l5)

480 3802 642 3891 quod,
666 3819 827 3873 etiam
856 3817 896 3868 si
927 3813 1138 3866 codices
1166 3826 1227 3863 cx
1254 3808 1442 3861 Gnaeo
1472 3803 1838 3858 transtulerint
1863 3807 2052 3857 Arme-

481 3913 575 3975 ui,
609 3920 778 3965 tamen
826 3921 944 3961 cum
1001 3901 1222 3973 Syriaco
1278 3909 1457 3967 postea
1510 3896 1845 3949 contulerunt
1896 3908 2048 3947 suum

483 4002 752 4068 exemplar
772 4040 785 4061 ,
818 4009 871 4052 et
899 3995 1024 4049 illud
1058 3992 1278 4060 singulis
1307 3990 1358 4041 in
1388 3989 1516 4041 locis
1558 3984 1885 4041 concordare
1913 3984 2053 4039 fece-

486 4098 623 4141 runt.
658 4107 675 4137 ›
703 4088 825 4140 Sive
848 4098 1023 4137 autem
1055 4098 1120 4136 ex
1153 4080 1361 4142 Gnaeo,
1391 4076 1501 4129 sive
1527 4092 1590 4129 ex
1621 4076 1841 4144 Syriaco
1868 4089 2049 4128 exem-

485 4179 616 4248 plari
652 4179 761 4244 ipsa
813 4175 1161 4242 promiserit,
1196 4170 1381 4239 procul
1434 4167 1597 4220 dubio
1644 4181 1744 4219 n0n
1778 4173 1861 4218 est
1892 4177 2051 4219 tanta:

491 4264 836 4333 antiquitatis.
872 4275 920 4313 ut
953 4262 1109 4325 aliqui
1144 4269 1348 4325 putant.
1390 4257 1576 4310 Sixtus
1604 4256 1855 4310 Senensis
1887 4256 1974 4309 lib.
2000 4272 2053 4309 v1

481 4336 824 4415 Bibliotheca:
846 4352 1056 4405 Sanum:
1089 4355 1324 4397 annutal.
1353 4346 1471 4406 152,
1494 4342 1697 4403 seribit,
1722 4344 1781 4397 S.
1800 4344 2053 4397 Joannem

2128 1815 2281 1867 'rant,
2311 1806 2595 1870 dereliquit.
2625 1804 2683 1857 Is
2706 1808 2859 1876 igitur
2878 1846 2893 1871 ,
2943 1817 2988 1860 et
3028 1806 3179 1861 Isaac
3208 1812 3563 1865 Armenorum
3598 1809 3710 1863 Pa-

2147 1897 2370 1950 triarclta
2392 1898 2562 1967 plures
2583 1898 2636 1949 in
2661 1898 2899 1951 Armenia
2926 1900 3215 1955 erudierunt
3245 1900 3558 1973 discipulos;
3580 1919 3712 1974 quos

2145 1997 2190 2040 et
2224 1987 2443 2041 Athenas
2480 1988 2555 2041 ad
2594 1988 2825 2043 Grascam
2855 1990 3123 2062 linguam,
3176 1994 3399 2059 aliasque
3446 1995 3714 2061 facultates

2144 2082 2229 2133 adi
2235 2082 2497 2149 piscendas
2515 2082 2781 2141 miserunt.
2802 2083 2942 2138 Inter
2960 2102 3045 2139 eos
3065 2096 3233 2141 autem
3254 2090 3472 2143 maxime
3489 2090 3715 2144 omnium

2144 2176 2464 2244 profecerunt
2490 2184 2607 2239 tres,
2640 2176 2865 2229 videlicet
2896 2177 3102 2231 Messes
3128 2181 3506 2251 cognominatus
3536 2181 3717 2239 Gram-

2144 2267 2379 2329 maticus,
2418 2266 2591 2320 Dum
2612 2267 2963 2335 philosophus,
2994 2280 3038 2322 et
3066 2269 3399 2337 Muraena,
3425 2273 3510 2342 qui
3548 2282 3720 2340 postea

2153 2358 2414 2426 plerosque
2457 2357 2631 2425 libros,
2682 2376 2744 2413 ac
2790 2362 3067 2429 prtcsertim
3104 2361 3384 2417 Bibliorum
3442 2363 3627 2435 Veteris
3672 2372 3720 2419 et

2153 2445 2287 2500 No‘vi
2312 2445 2612 2502 Testamenti
2634 2465 2694 2502 ea:
2714 2447 2891 2505 erco
2912 2452 3151 2507 idiomate
3175 2455 3227 2508 in
3248 2456 3521 2510 Armenum
3547 2469 3719 2510 trans-

2152 2539 2383 2604 ferendo,
2414 2555 2559 2593 suam
2593 2540 2815 2609 ipsorum
2851 2542 3077 2610 linguam
3118 2546 3301 2598 mirum
3326 2548 3378 2599 in
3406 2547 3612 2599 modum
3640 2546 3719 2599 lo-

2148 2630 2487 2699 cupletat‘unt.
2507 2630 2631 2683 llaec
2656 2646 2721 2685 ex
2744 2630 3000 2687 historico
3024 2631 3271 2690 Carmine
3291 2636 3558 2691 Niersesis
3582 2637 3719 2693 Gltel

2148 2718 2215 2773 de
2247 2721 2457 2787 regibus
2502 2720 2771 2775 Armenia:
2822 2738 2970 2779 num.
3023 2723 3166 2792 490,
3211 2727 3349 2797 apud
3391 2728 3719 2784 Clementem

2148 2810 2433 2875 Galanum,
2464 2822 2598 2880 part.
2634 2813 2823 2869 histor.
2856 2813 3256 2874 Conciliationis
3285 2821 3431 2876 Eccl.
3465 2822 3718 2879 Armenta

2148 2914 2268 2954 cum
2314 2900 2572 2967 Romana,
2603 2918 2719 2971 cap.
2746 2904 2799 2968 7,
2834 2920 2887 2958 n.
2920 2905 3004 2959 12.

2220 2993 2350 3045 Rem
2380 2993 2533 3045 aliter
2572 3003 2753 3048 narrat
2778 2995 2912 3050 Vitae
2943 2995 3005 3051 Β.
3038 2996 3303 3067 Mesropte
3339 3001 3569 3068 scriptor
3589 3041 3604 3067 ,
3631 3002 3721 3072 qui

2074 3089 2119 3150 C
2154 3084 2205 3137 in
2234 3085 2386 3137 titulo
2412 3085 2648 3152 ejusdem
2683 3086 2813 3141 Vita:
2840 3100 3060 3143 vocatur
3085 3088 3307 3145 Conwu.
3337 3091 3557 3160 Legitur
3581 3093 3722 3147 circa

2154 3173 2361 3227 initium
2394 3192 2406 3225 :
2439 3174 2731 3243 Mesropam
2761 3179 2902 3246 apud
2926 3196 2978 3232 se
3003 3172 3237 3235 statuisse
3276 3182 3456 3253 viginti
3500 3183 3629 3237 duos
3657 3183 3723 3237 li-

2113 3331 2120 3338 .
2153 3262 2267 3316 bros
2300 3262 2493 3319 Veteris
2524 3262 2827 3319 Tcstamenti
2855 3275 3129 3337 transferre
3152 3270 3206 3323 in
3252 3272 3576 3325 Armenicum
3619 3288 3724 3326 ser-

2151 3371 2388 3416 monem,
2429 3358 2513 3409 cui
2561 3358 2805 3427 discipuli
2850 3363 2928 3413 sui
2950 3359 3197 3427 Joannes,
3244 3371 3290 3416 et
3324 3363 3517 3432 Ioseph
3565 3366 3619 3417 in
3664 3382 3723 3419 eo

2153 3446 2401 3499 auxilium
2450 3448 2727 3502 dabant....
2782 3449 2897 3503 Illis
2936 3453 3246 3521 temporibus
3285 3457 3528 3525 regnabat
3561 3454 3726 3511 Theo—

2155 3536 2329 3590 dosius
2343 3539 2545 3607 junior.
2571 3539 2759 3592 Narrat
2804 3550 2987 3609 postea
3008 3583 3023 3607 ,
3052 3542 3194 3611 quod
3221 3545 3549 3614 cogitaverim
3577 3548 3725 3602 amba

2154 3626 2320 3689 beati,
2370 3628 2514 3681 Isaac
2566 3631 2914 3684 Armenorum
2972 3633 3301 3702 patriarcha,
3332 3645 3387 3690 et
3432 3634 3715 3706 Mesropa,

2156 3731 2260 3768 sua:
2298 3718 2605 3770 narrationis
2632 3721 2937 3787 scripturam
2963 3724 3228 3778 extendere
3251 3768 3263 3788 ,
3294 3736 3339 3780 et
3361 3743 3545 3797 augere
3570 3730 3727 3781 inter-

2166 3806 2466 3875 pretationes
2509 3816 2558 3861 et
2608 3811 2795 3880 scripta
2821 3851 2835 3875 ,
2883 3813 3159 3867 secundum
3210 3816 3535 3885 efﬁcientiam
3584 3816 3723 3885 Dei;

2157 3907 2419 3965 propterea
2444 3900 2683 3952 miserunt
2713 3902 2841 3954 duos
2870 3919 2931 3955 ex
2956 3904 3224 3971 discipulis
3247 3908 3300 3959 in
3320 3908 3493 3960 urbem
3520 3907 3725 3963 Edesiw

2160 3988 2347 4052 Eznac,
2377 4000 2421 4042 et
2450 3989 2663 4058 Ioseph,
2690 4002 2745 4043 ut
2771 4009 2833 4045 e1:
2861 3993 3108 4063 Syrorum
3130 3995 3303 4067 lingua
3330 3996 3545 4052 Sanctus
3583 4000 3728 4054 Scri-

2157 4089 2333 4147 pturas
2361 4080 2747 4149 interpretantes
2790 4083 2841 4136 in
2890 4085 3113 4153 linguam
3144 4085 3489 4155 Armenicam,
3533 4090 3725 4145 litteras

2163 4173 2565 4224 commendarent
2593 4188 2700 4226 sua:
2722 4174 2915 4243 regioni
2938 4174 3059 4228 {illi
3087 4187 3254 4231 autem
3284 4188 3475 4241 euntes,
3506 4182 3727 4248 perfece-

2156 4268 2273 4313 runt
2303 4261 2450 4328 jussa
2474 4302 2489 4325 ,
2519 4270 2624 4315 etc.
2682 4261 2806 4316 llaec
2834 4264 3099 4334 exscripta
3130 4276 3256 4320 sunt
3292 4282 3359 4320 ex
3403 4268 3587 4324 codice
3628 4270 3727 4324 Ar-

2159 4364 2318 4402 meuo
2344 4349 2681 4405 bibliotheca:
2709 4353 2869 4422 regite
2892 4394 2907 4419 ,
2937 4356 3025 4424 qui
3056 4355 3437 4426 Sanctologium
3484 4356 3727 4413 inscribi-

485 4451 897 4518 Chrgsostomnm
933 4438 1133 4490 Novum
1159 4433 1550 4491 Testamentum,
1579 4441 1623 4483 et
1645 4431 1878 4484 Psaltnos
1901 4432 2055 4484 Davis
2081 4453 2131 4510 ι)
2163 4438 2265 4501 tur,
2296 4440 2447 4505 juxta
2478 4443 2780 4495 versionem
2808 4444 2985 4497 Oskan
3020 4445 3324 4514 Vartabied,
3355 4448 3391 4503 i.
3413 4463 3463 4504 e.
3491 4450 3725 4521 episcopi

488 4541 628 4593 dicos
653 4540 701 4589 in
743 4537 965 4600 linguam
1010 4524 1326 4576 .lrmenicum
1354 4519 1685 4573 transtulisse.
1711 4520 1778 4573 Et
1822 4532 1992 4575 tamen
2022 4537 2052 4576 e

484 4629 750 4686 veteribus
780 4624 828 4677 id
859 4618 1021 4675 refert
1049 4626 1225 4676 nemo,
1258 4622 1378 4665 aute
1400 4609 1684 4679 Georgium
1716 4608 2051 4665 Alexandriae

482 4716 840 4775 Patz-iareltatn
869 4712 884 4780 (
912 4710 997 4777 qui
1028 4705 1218 4759 claruit
1247 4720 1335 4773 an.
1377 4702 1480 4755 620
1502 4702 1542 4769 ),
1576 4701 1627 4755 in
1662 4701 1773 4753 Vita
1812 4701 2057 4783 ejusdem

488 4808 808 4867 sanctissimi
845 4800 1095 4856 doctoris.
1148 4796 1562 4865 (Ilirysostomns
1588 4835 1602 4859 ,
1653 4809 1770 4846 cum
1804 4794 1855 4846 in
1882 4794 2054 4847 Cucu-

490 4918 606 4958 sum
664 4897 927 4951 Armenia:
976 4890 1226 4959 oppidum
1266 4887 1535 4941 exsularet
1588 4886 1786 4955 (inquit
1814 4885 2056 4940 laudatus

489 4990 767 5059 Georgius)
816 4983 1021 5041 invenit,
1056 4981 1293 5047 largiente
1318 4977 1444 5043 Deo,
1472 4977 1717 5045 quosdam
1738 4994 1802 5031 ea:
1828 4978 1888 5030 iis
1912 4977 2054 5031 Grat-

489 5100 543 5137 ce
565 5082 793 5139 scientes;
809 5090 932 5142 quos
950 5069 1152 5122 Novum
1167 5066 1558 5130 Testamentum,
1574 5079 1619 5122 et
1653 5068 1958 5122 Psalterium
2001 5071 2051 5122 in

487 5169 803 5225 vernaculam
833 5166 1059 5230 ipsorum
1091 5159 1315 5226 linguam
1341 5167 1622 5210 convertere
1649 5160 1853 5229 effecit,
1884 5171 1934 5212 ut
1963 5176 2052 5213 no-

486 5264 643 5313 ιξιξαηε
675 5258 847 5310 διισπω
878 5252 1158 5325 Scriptura’
1180 5249 1469 5302 obtinerent.
1493 5249 1661 5302 Porro
1682 5250 1905 5318 scriptor
1926 5253 2045 5317 iste,

490 5356 629 5413 iuxta
663 5344 935 5401 l’ltotium,
970 5350 1161 5408 ρι’ίιειει*
1187 5338 1421 5392 historia:
1447 5338 1599 5391 lidetn
1631 5353 1874 5393 narrasse
1904 5355 2048 5410 qna:-

485 5444 603 5494 dnm
628 5441 771 5492 visus
802 5445 902 5488 est.
936 5434 999 5485 Et
1029 5440 1238 5486 Constat
1281 5445 1347 5485 ex
1368 5429 1587 5484 Palladii
1620 5431 1826 5498 dialogo
1852 5431 1916 5485 de
1945 5434 2047 5486 vita

489 5528 871 5600 Chrysostomi,
920 5523 1191 5592 Georgium
1221 5537 1335 5583 sua,
1362 5531 1415 5572 ut
1437 5522 1731 5590 plurimum,
1752 5522 1940 5587 fabulis
1970 5524 2048 5575 in-

497 5621 729 5672 torta-tis.
767 5616 1107 5684 descripsisse.
1150 5631 1165 5661 ς
1206 5612 1455 5677 Quaenam
1502 5613 1658 5681 igitur
1685 5612 1887 5682 (inquit
1924 5615 2049 5669 doc-

2162 4527 2400 4590 Armeni,
2427 4544 2567 4582 anno
2598 4529 2755 4595 1669,
2787 4532 3000 4588 factam.

2234 4614 2431 4668 Eadem
2482 4631 2617 4683 pene
2661 4620 2823 4673 refert
2867 4622 3041 4678 Moses
3068 4626 3426 4686 Cltorenensis
3452 4673 3466 4696 ,
3510 4632 3602 4687 lib.
3634 4649 3721 4701 ιη,

2163 4718 2279 4771 cap.
2314 4705 2401 4766 55,
2432 4720 2551 4775 pag;
2586 4708 2709 4769 £30.
2743 4709 2880 4764 llist.
2908 4715 3175 4779 Armenta,
3214 4721 3595 4776 Amstelodami
3626 4740 3723 4777 an-

2162 4809 2231 4846 no
2269 4795 2403 4848 1695
2426 4838 2440 4860 ,
2486 4796 2642 4850 editae
2680 4812 2744 4852 ex
2791 4803 3035 4857 versione
3059 4805 3330 4862 Scltroteri
3362 4826 3374 4860 :
3403 4810 3721 4881 Miesropus,

2164 4886 2408 4952 disposito
2436 4887 2654 4942 Aruleno
2683 4891 2951 4957 alpltabeto
2972 4895 3124 4960 juxta
3168 4899 3538 4955 illubricitatem
3566 4906 3725 4974 sylla-

2167 4978 2364 5041 barum,
2406 4995 2518 5045 qua:
2550 4991 2623 5032 est
2666 4982 2717 5034 in
2755 4982 2932 5037 Gra'co
2955 5028 2968 5049 ,
3001 4988 3211 5043 ulterius
3258 5007 3462 5046 manum
3504 4996 3725 5054 admovit

2154 5070 2222 5121 ad
2250 5064 2730 5136 interpretationem,
2756 5076 2982 5129 consulto
3002 5078 3206 5131 initium
3233 5082 3423 5148 faciens
3442 5101 3476 5139 a
3501 5084 3723 5144 Proverv

2155 5160 2266 5219 biis,
2300 5162 2559 5227 complevit
2585 5164 2717 5227 illos,
2748 5175 2793 5217 et
2820 5168 2997 5236 viginti
3024 5168 3150 5225 duos
3175 5174 3419 5231 ret'elatos
3446 5178 3611 5234 libros
3634 5222 3650 5246 ,
3675 5192 3724 5236 et

2158 5249 2359 5302 Novum
2392 5249 2774 5318 Testamentum,
2805 5260 3162 5326 transfundere
3185 5264 3237 5317 in
3270 5264 3562 5321 Haicanum
3589 5271 3650 5340 (i.
3674 5286 3721 5327 e.

2156 5352 2364 5394 veterem
2426 5344 2734 5415 Armenunt)
2765 5364 3038 5405 sermonem
3068 5355 3205 5422 ipse,
3234 5370 3299 5411 eti
3327 5360 3568 5431 discipuli
3612 5366 3723 5435 ejus

2153 5432 2375 5486 Joannes
2394 5433 2680 5499 Ekelensis,
2723 5450 2769 5491 et
2790 5441 3046 5514 Joseplsus
3070 5446 3358 5502 Baleensis.
3385 5450 3477 5503 His
3501 5432 3721 5509 omnino

2155 5526 2515 5581 accensendns
2565 5540 2645 5583 est
2698 5529 2915 5605 (pergit
2976 5538 3336 5608 Sehroterus)
3379 5542 3492 5610 ipse
3548 5544 3720 5603 Moses

2155 5618 2514 5673 (Iliorcueusis
2547 5620 2790 5695 Micsrotri
2813 5643 3023 5699 quoque
3051 5630 3341 5699 discipulus
3368 5634 3499 5689 nulli
3526 5653 3721 5695 secun-
