3902 6410
258 257 364 316 ibi)

1002 261 1331 326 EPISTOLA
1367 261 1732 325 BLANCHINI
1772 261 1862 322 AD
1898 262 2283 332 EPISCOPUM
2321 277 2753 338 GURCENSEM.

3409 284 3508 342 111)

250 366 358 423 dus
381 410 396 432 ,
426 369 514 438 qui
538 369 704 426 citato
741 371 882 440 loco,
914 375 1190 431 modestiae
1230 391 1356 447 ergo
1382 418 1398 443 ,
1429 391 1623 432 nomen
1673 390 1824 431 suum

1931 390 2610 462 allegabantAugustlnum,
2645 395 2735 464 qul
2774 394 2865 448 lib.
2891 409 2926 448 ιι
2953 394 3021 448 de
3060 393 3307 448 Doctrina
3328 391 3514 450 Clu-is-

252 458 506 522 reticuit;
565 461 658 516 sed
708 462 775 517 ad
840 465 1074 519 lsaacum
1141 466 1476 534 Bagratidem
1547 466 1833 530 scribens,

250 562 315 601 se
345 551 806 620 excusat,(ibidem
832 567 951 623 cap.
979 553 1068 618 65,
1097 572 1145 622 p.
1169 554 1316 620 446),
1345 554 1481 624 quod
1507 554 1836 622 prolixiorem

257 637 511 695 Haicante
553 643 720 712 gentis
771 644 1037 697 historiam
1067 645 1112 699 ei
1162 645 1394 698 exhibere
1446 661 1545 697 non
1581 645 1835 713 potuerit;

249 731 374 798 quia
400 746 582 796 senex,
609 740 653 785 et
677 734 1099 799 valetudinarius,
1119 723 1177 788 'et
1220 734 1424 786 minime
1449 734 1642 786 otiosus
1668 734 1729 785 ab
1759 734 1837 785 in-

251 821 717 888 terpretationibus,
738 831 784 875 et
812 821 1142 876 sanctioribus
1169 823 1345 876 verbis.
1373 822 1428 876 Id
1450 821 1590 891 quod
1621 822 1836 876 ineunte

250 911 454 966 smculo
485 928 534 979 ν,
569 924 784 968 mortuo
811 915 1197 985 Clirysostomo
1224 956 1237 981 ,
1286 916 1426 978 circa
1471 930 1667 967 annum
1698 914 1833 980 410,

250 1002 458 1056 evenit.
496 1003 643 1056 lianc
670 1007 992 1059 sententiam
1021 1005 1301 1063 conlirmat
1330 1004 1724 1072 Tbeodoretus,
1745 1006 1834 1074 qui

255 1093 564 1146 versionem
597 1097 885 1148 Armcnam
916 1137 929 1158 ,
959 1111 1057 1149 suo
1084 1105 1326 1165 tempore
1354 1096 1667 1149 adornatam
1691 1110 1838 1152 assc-

257 1181 404 1246 ruit;
433 1192 614 1252 utpote
641 1186 728 1252 qui
776 1199 920 1239 anno
949 1183 1151 1240 Christi
1178 1185 1282 1240 425
1313 1185 1589 1240 ordinatus
1617 1199 1698 1240 est
1724 1189 1837 1256 epi-

247 1287 470 1342 se0pus,
497 1285 551 1330 et
581 1277 807 1344 proinde
833 1277 1013 1332 versio
1043 1277 1133 1331 illa
1157 1277 1332 1331 adhuc
1361 1288 1633 1350 superstes
1659 1280 1833 1347 attigit

246 1377 397 1418 nunc
418 1373 628 1418 aetatem
662 1364 797 1423 1500
836 1380 1136 1420 annorum:
1174 1368 1246 1420 ita
1275 1365 1614 1420 Sclerterus.
1645 1367 1834 1422 Nullus

246 1465 332 1510 est
362 1469 493 1510 sane
516 1454 841 1511 Theodoreti
873 1457 1020 1512 locus
1050 1498 1063 1522 ,
1096 1456 1142 1510 si
1190 1455 1304 1510 haec
1327 1456 1576 1510 dicuntur
1617 1456 1684 1510 de
1727 1457 1790 1509 iis
1815 1497 1830 1522 ,

245 1560 370 1615 qua:
410 1545 622 1615 scripsit
649 1560 900 1602 sermone
925 1547 983 1612 5,
1013 1561 1135 1617 pag.
1167 1545 1292 1611 555,
1317 1546 1606 1600 Curationis
1628 1544 1834 1600 Graeca-

244 1649 367 1688 rum
385 1635 719 1708 affectionum
741 1677 757 1702 ,
781 1637 869 1691 ubi
893 1646 1078 1707 agatur
1101 1638 1166 1692 de
1192 1637 1369 1692 Sacra:
1399 1635 1690 1705 Scriptura:
1716 1653 1835 1690 ver-

1938 479 2080 535 tiana
2099 495 2218 552 cap.
2236 499 2297 547 It,
2315 483 2615 538 Latinorum
2649 485 2976 552 interpretum
2998 485 3050 537 in
3076 485 3272 553 finitam
3294 486 3510 537 varieta-

1937 579 2034 623 tem
2058 581 2322 625 memorat.
2354 573 2422 627 Et
2457 578 2614 642 paulo
2659 574 2825 642 intra,
2852 591 2999 629 num.
3044 574 3132 638 16,
3157 576 3329 644 inquit
3361 593 3374 628 :
3407 574 3509 641 Qui

1938 662 2231 733 Scriptura
2249 679 2316 720 ea:
2339 665 2556 720 Hebraea
2579 668 2760 737 lingua
2785 668 2837 720 in
2866 666 3099 721 Grecam
3119 674 3389 732 verterunt,
3417 681 3511 720 nu-

1935 758 2121 809 merari
2165 759 2410 824 possunt;
2439 758 2610 812 Latini
2633 771 2801 812 autem
2842 760 3138 826 interpretes
3167 759 3310 812 nullo
3337 757 3508 811 modo.

1941 843 2008 896 Ut
2031 845 2163 898 enim
2187 847 2365 914 cuique
2392 847 2566 914 primis
2596 847 2714 914 ﬁdei
2752 846 3055 917 temporibus
3084 848 3136 899 in
3165 863 3344 900 manus
3382 848 3518 904 venit

1936 937 2094 990 codex
2112 936 2340 1004 Gnaeus,
2369 948 2413 992 et
2438 939 2809 1008 aliquantulum
2831 940 3084 1008 facultatis
3104 939 3200 992 sibi
3229 924 3515 1008 utriusque,

1938 1026 2124 1096 lingua:
2149 1028 2329 1082 habere
2366 1029 2645 1089 videbatur,
2675 1046 2829 1082 ausus
2852 1039 2927 1082 est
2959 1023 3289 1097 interpretari.
3324 1028 3515 1082 Varias

1937 1117 2150 1184 quidem
2174 1119 2310 1175 .Olllll
2354 1118 2516 1173 fuisse
2546 1119 2762 1172 Latinas
2794 1120 3077 1174 Sacrorum
3108 1118 3396 1172 Bibliorum
3426 1118 3510 1171 in-

1935 1209 2350 1276 terpretationes
2398 1224 2497 1277 ego
2547 1224 2758 1278 quoque
2804 1209 2912 1271 aio,
2968 1218 3126 1276 atque
3177 1207 3404 1262 defendo
3459 1208 3514 1261 itt

1936 1297 2164 1364 epistola
2183 1297 2246 1350 ad
2265 1297 2636 1352 doctissimum
2663 1301 2830 1353 virum
2853 1299 3144 1362 Antonium
3169 1299 3512 1353 Fraus-iscum

1903 1433 1911 1442 .
1937 1386 2178 1440 Gorium.
2207 1389 2590 1444 Vehementius
2620 1401 2794 1446 tamen
2825 1408 2929 1445 non
2952 1399 3078 1444 sunt
3102 1390 3330 1460 urgenda
3353 1390 3516 1444 allata
3587 1453 3589 1455 ι

1937 1477 2032 1533 SS.
2071 1479 2383 1550 Hieronymi
2411 1481 2766 1547 etAngnstiui
2802 1483 3133 1557 testimonia,
3164 1495 3335 1548 neque
3377 1479 3520 1534 exis.

1937 1571 2254 1638 timandum,
2303 1574 2497 1637 varios,
2539 1574 2627 1642 qui
2658 1583 2782 1627 tunc
2809 1573 3066 1642 temporis
3109 1573 3389 1627 exstabant
3420 1573 3519 1627 Sa-
3601 1613 3604 1618 .

1937 1676 2041 1715 crte
2062 1663 2352 1732 Scriptura:
2381 1659 2615 1728 codices,
2657 1664 2823 1718 fuisse
2852 1678 3039 1718 omnes
3081 1678 3108 1716 a
3139 1663 3300 1716 variis
3329 1662 3511 1717 diver-

244 1726 524 1796 sionibus,
593 1725 689 1784 sed
729 1727 800 1783 de
845 1726 1185 1800 dogmatibus
1243 1731 1550 1784 cbristiaiize
1621 1731 1827 1801 religio-

1938 1753 2120 1822 sisque
2147 1753 2529 1823 interpretibus
2553 1765 2820 1810 exaratos.
2869 1755 3155 1808 Diversitas
3187 1754 3297 1818 illa,
3319 1753 3386 1808 de
3413 1769 3516 1825 qua

327 1906 527 1963 Punica
556 1908 682 1965 item
710 1911 943 1981 jactatur
969 1913 1169 1979 versio,
1195 1913 1302 1983 jam
1332 1929 1429 1969 usu
1452 1923 1666 1982 recepta
1704 1923 1839 1968 tem.

245 1999 471 2066 poribus
497 1999 554 2055 S.
579 2001 863 2071 Augustini
885 2003 1025 2072 apud
1058 2003 1548 2060 nonnullasAlrica:
1565 2005 1834 2059 nationes:

247 2089 477 2158 ejusque
525 2093 898 2162 antiquitatem
949 2095 1162 2165 plurimi
1202 2097 1336 2154 satis
1362 2091 1620 2152 ascertam
1651 2095 1843 2148 volunt

244 2195 312 2234 ex
359 2181 588 2250 quodam
635 2185 875 2252 ejusdem
922 2185 980 2241 S.
1029 2185 1386 2257 lllpjnuonsis
1434 2187 1670 2255 episcopi
1716 2187 1834 2240 loco

243 2271 387 2325 circa
415 2274 575 2328 linem
607 2277 954 2344 expositionis
987 2279 1041 2332 in
1093 2279 1354 2346 psalmum
1379 2294 1564 2343 cxvut,
1597 2280 1683 2333 ubi
1717 2281 1789 2333 ait
1817 2297 1831 2333 :

248 2363 438 2417 Omnes
476 2375 679 2420 octonos
723 2385 893 2422 versus
933 2371 984 2424 in
1031 2369 1296 2424 Hebraicis
1333 2371 1589 2426 codicibus
1634 2373 1695 2424 ab
1747 2388 1827 2437 ea,

244 2469 362 2521 qua:
389 2455 491 2507 illis
518 2459 838 2525 proponitur,
859 2460 1023 2512 littera
1044 2462 1282 2529 incipere,
1305 2461 1365 2513 ab
1395 2462 1581 2528 eis,qui
1603 2462 1717 2514 illas
1744 2478 1836 2514 no-

246 2555 424 2598 verunt
457 2547 670 2612 litteras,
705 2549 845 2601 nobis
867 2549 1144 2601 indicatum
1169 2559 1261 2613 est,
1294 2552 1427 2617 quod
1455 2553 1611 2603 nostri
1635 2553 1707 2603 vel
1733 2550 1834 2604 La-

246 2635 370 2697 tine,
423 2637 501 2689 vel
550 2636 765 2701 Punice,
809 2655 932 2702 quos
976 2630 1333 2694 sneceviutos
1371 2650 1565 2706 vocant,
1613 2642 1833 2710 psalmos

247 2729 416 2795 facere
442 2739 824 2782 consueverunt.
852 2729 1046 2784 Verum
1083 2732 1150 2783 ibi
1183 2747 1290 2783 non
1344 2732 1575 2798 loquitur
1603 2730 1658 2786 S.
1694 2732 1831 2785 Doc-

248 2829 335 2871 tor
361 2817 429 2872 de
468 2819 691 2874 Psalmis
719 2821 1007 2887 Davidicis,
1033 2822 1128 2876 sed
1147 2823 1214 2876 de
1239 2823 1490 2887 Canticis,
1525 2838 1620 2877 seu
1651 2821 1833 2878 Canti-

246 2909 386 2966 lenis
415 2912 778 2968 Abeeedariis.
831 2914 1102 2968 Psalnium
1135 2915 1398 2984 ejusmodi
1427 2926 1608 2970 contra
1662 2917 1832 2970 Dona-

249 3002 402 3054 tistas
427 3018 456 3055 a
485 3017 542 3057 se
573 3006 935 3073 conscriptum
958 3017 1219 3060 memorat
1249 3008 1362 3075 ipse
1393 3010 1622 3062 Sanctus
1674 3009 1765 3062 lib.
1797 3025 1831 3063 ll

1943 1842 2044 1896 PP.
2073 1843 2234 1897 locuti
2267 1853 2411 1909 sunt,
2442 1855 2558 1898 orta
2587 1845 2814 1910 videtur,
2853 1854 2910 1898 ut
2943 1845 3250 1912 plurimum,
3283 1860 3349 1899 ex
3379 1844 3518 1899 anti-

1940 1932 2164 2001 quariis,
2205 1933 2563 2003 librariisque,
2597 1935 2686 2002 qui
2733 1934 2872 1989 inter
2897 1934 3307 1990 describendum
3353 1949 3512 1987 unam

1941 2023 2290 2093 eamdemque
2304 2025 2624 2087 versionem,
2656 2040 2754 2078 suo
2776 2025 2966 2092 singuli
2993 2026 3250 2078 arbitratu
3275 2025 3515 2093 quaedam

1939 2113 2160 2178 addere,
2216 2124 2305 2166 aut
2361 2114 2666 2180 detrahere,
2710 2116 2803 2182 ,vel
2853 2127 3055 2170 mutare
3105 2126 3229 2170 sunt
3271 2117 3404 2170 ausi.
3459 2116 3516 2169 Si

1939 2204 2150 2272 quando
2179 2205 2318 2259 enim
2352 2205 2586 2294 ignotth
2617 2206 2859 2272 verbum,
2905 2215 2998 2260 aut
3045 2206 3268 2260 obscura
3317 2207 3514 2264 locutio

1938 2293 2184 2348 codicum
2235 2293 2973 2366 latinorum'exscriptnribus
3022 2297 3354 2359 occurrebat,
3400 2296 3507 2364 ipsi

1939 2383 2181 2438 Graecum
2213 2385 2263 2438 in
2287 2384 2432 2438 Novo
2462 2384 2688 2446 Fmdero
2714 2383 2930 2440 adibant
2950 2387 3241 2456 exemplar,
3273 2389 3514 2456 quamvis

1940 2489 2217 2545 utramque
2269 2479 2501 2549 linguam
2555 2495 2737 2547 parum
2780 2479 3066 2546 callerem,
3117 2495 3214 2535 nec
3259 2480 3510 2536 idoneum

1939 2569 2195 2623 haberent
2217 2569 2510 2637 ingenium.
2533 2574 2571 2624 A
2601 2569 2831 2626 textibus
2858 2569 3208 2641 originalibus
3229 2571 3514 2641 diligenter

1937 2659 2144 2713 collatis
2192 2659 2504 2725 haurienda,
2537 2675 2597 2714 ac
2627 2661 2919 2730 repetenda
2948 2671 3066 2716 erat
3103 2660 3332 2732 genuina
3360 2661 3512 2717 vitia—

1938 2755 2004 2800 ιιι)
2036 2749 2335 2810 locutionis.
2371 2751 2622 2818 verbique
2663 2752 2874 2807 obscuri
2903 2754 3190 2819 sententia,
3227 2765 3282 2809 ut
3325 2754 3514 2811 Patres

1936 2837 2187 2893 docuere.
2229 2841 2489 2894 Audiatur
2520 2841 2679 2895 Divus
2720 2843 3071 2911 Augustinus,
3103 2844 3191 2912 qui
3233 2843 3283 2896 in
3340 2843 3432 2898 lib.
3472 2857 3511 2897 ιι

1934 2929 2004 2983 de
2032 2929 2284 2984 Doctrina
2312 2931 2634 2995 Christiana,
2666 2937 2784 3000 ca‘p.
2822 2933 2909 2995 ll,
2958 2933 3053 2986 has
3095 2933 3296 2988 Latinis
3339 2933 3512 2988 homi-

1938 3019 2092 3073 nibus
2137 3021 2346 3090 regulas
2398 3023 2554 3075 tradit
2598 3039 2610 3074 :
2665 3021 2852 3086 Contra
2892 3025 3066 3093 ignota
3107 3025 3254 3095 signa
3303 3026 3512 3096 propria

244 3083 487 3150 Retract.
513 3111 634 3175 cap.
685 3098 776 3152 20.
814 3099 1102 3162 Prmterea,
1150 3101 1192 3153 si
1235 3109 1457 3168 tempore
1501 3100 1638 3154 illius
1679 3103 1827 3154 versia

1940 3125 2178 3180 magnum
2217 3111 2489 3164 remedium
2516 3122 2606 3172 est,
2635 3112 2825 3181 inquit,
2853 3083 3140 3183 linguarum
3156 3083 3411 3186 leagnitio.
3445 3115 3513 3168 Et

248 3185 452 3240 Punica
488 3189 627 3257 Afris
653 3191 838 3243 usitata
865 3191 1060 3258 fuisset,
1093 3193 1392 3244 mentionem
1426 3194 1534 3262 ejus
1560 3195 1723 3262 facere
1744 3193 1831 3248 ille

245 3293 350 3332 non
379 3281 766 3345 intermisisset;
795 3299 910 3334 cum
936 3284 984 3334 in
1009 3284 1150 3337 libris
1179 3285 1240 3337 de
1269 3284 1513 3356 Doctrina
1543 3285 1830 3340 Christiana

243 3385 312 3423 ea:
329 3373 558 3441 professo
579 3373 777 3439 doceat,
802 3389 912 3440 qua:
934 3375 1170 3442 pra’sidia
1195 3377 1287 3427 sibi
1309 3393 1605 3445 comparare
1629 3379 1824 3443 debeat,

241 3461 332 3527 qui
373 3461 652 3515 Sacrorum
680 3463 987 3535 Litterarum
1023 3466 1400 3535 intelligentiam
1431 3469 1665 3536 consequi
1686 3469 1821 3520 velit.

245 3550 321 3606 Ita
347 3553 629 3609 Gretserus
661 3556 754 3610 lib.
791 3571 827 3610 ιι
887 3557 1220 3612 Defensionis
1248 3561 1591 3613 Controvers.
1625 3559 1826 3612 Bellar-

242 3643 402 3709 mini,
435 3660 554 3712 cap.
589 3645 677 3709 15,
710 3663 760 3712 p.
794 3645 922 3701 8H.

319 3734 568 3803 Explosis
587 3751 717 3804 ergo
750 3745 826 3791 tot
850 3739 1086 3791 omnium
1119 3738 1309 3808 linguis
1342 3756 1609 3808 nunquam
1652 3742 1824 3797 enatis

243 3825 586 3880 versionibus
609 3835 850 3897 tempore
873 3830 1259 3898 apostolorum,
1291 3831 1588 3896 videamus,
1631 3831 1824 3902 pra'sul

241 3917 579 3986 doctissime,
611 3934 678 3974 an
723 3921 776 3976 in
818 3921 1065 3976 eumdem
1116 3922 1410 3993 impingunt
1451 3923 1698 3994 lapidem,
1734 3928 1823 3992 qui

241 4011 504 4068 Ecclesia:
526 4014 794 4068 nascentis
823 4013 1043 4068 exordio
1073 4014 1382 4070 innumeras
1401 4025 1586 4084 putant
1607 4016 1822 4070 Latinas

240 4104 520 4160 exstitisse
563 4105 840 4176 utriusque
887 4106 1128 4160 Fmderis
1159 4109 1559 4172 translationes,
1594 4124 1708 4160 usui
1743 4107 1822 4160 [ιι-

241 4205 393 4254 turas
433 4195 689 4254 Mlesia
730 4196 980 4252 Gentium
1025 4198 1076 4250 in
1109 4195 1334 4262 imperio
1363 4195 1604 4249 Romano
1649 4195 1822 4247 domi-

239 4296 466 4345 Issturss.
509 4287 764 4358 Quamvis
811 4297 1008 4348 autem,
1039 4294 1097 4339 ut
1123 4286 1290 4355 inquit
1340 4285 1545 4340 Plinius
1598 4285 1689 4339 lib.
1737 4299 1816 4348 ιιι,

237 4389 375 4434 sect.
407 4394 482 4442 vr,
508 4377 683 4443 ιωιδι,
707 4379 908 4431 numine
946 4377 1093 4430 deum
1117 4377 1268 4442 elata,
1299 4392 1476 4446 sparsa
1495 4385 1819 4446 congregaret

1935 3202 2135 3257 Latina:
2155 3205 2357 3271 quidem
2387 3205 2573 3273 lingua:
2598 3203 2847 3270 homines,
2879 3221 3005 3274 quos
3031 3223 3162 3260 nunc
3193 3209 3515 3263 instruendos

1933 3294 2265 3363 suscepimus,
2306 3294 2500 3346 duabus
2525 3295 2640 3346 aliis
2671 3295 2737 3346 ad
2785 3297 3167 3362 Scripturarum
3207 3295 3511 3352 Divinarum

1931 3387 2286 3453 cognitionem,
2335 3401 2460 3453 Opus
2490 3385 2693 3448 habent,
2727 3385 2942 3440 Hebrum
2981 3389 3188 3454 scilicet,
3219 3398 3266 3443 et
3310 3388 3508 3455 erca,

1930 3487 1984 3528 ut
2011 3476 2076 3527 ad
2114 3476 2423 3545 exemplaria
2453 3477 2790 3543 prwcedentia
2821 3488 3131 3544 recurratur,
3165 3481 3208 3532 si
3232 3496 3384 3549 quam
3412 3481 3509 3532 du-

1929 3568 2216 3621 bitationem
2253 3568 2476 3621 attulerit
2505 3567 2803 3636 Latinorum
2825 3570 3149 3637 interpretum
3201 3572 3400 3638 inﬁnita
3425 3588 3508 3624 va-

1929 3660 2172 3713 rietas....
2222 3670 2433 3731 propter
2467 3647 2775 3714 diversitates
2807 3677 3033 3730 namque
3057 3705 3070 3726 ,
3106 3671 3158 3714 ut
3192 3662 3378 3713 dictum
3408 3670 3500 3725 est,

1929 3748 2278 3820 interpretum,
2313 3751 2517 3807 illarum
2541 3753 2830 3821 linguarum
2858 3762 2930 3806 est
2954 3753 3174 3822 cognitio
3200 3751 3500 3834 necessqria.

1928 3839 1995 3893 Et
2021 3855 2138 3909 cap.
2176 3841 2237 3895 11
2267 3841 2504 3909 ejusdem
2546 3841 2688 3906 libri,
2729 3842 2839 3894 ait:
2879 3839 3109 3906 Namque
3145 3849 3231 3891 aut
3271 3840 3502 3909 ignotum

1911 3931 2129 3984 verbum
2153 3931 2274 4000 facit
2302 3931 2487 3984 hwrere
2513 3931 2766 3990 lectorem,
2789 3938 2875 3983 aut
2904 3930 3073 3996 ignota
3096 3929 3300 3982 locutio.
3349 3927 3499 3996 Quw,

1924 4021 1969 4072 si
1991 4035 2055 4072 ex
2075 4020 2253 4072 alienis
2297 4019 2481 4088 linguis
2521 4021 2743 4084 veniunt,
2766 4030 2851 4070 aut
2876 4017 3146 4084 querenda
3176 4028 3294 4071 sunt
3322 4018 3383 4073 ab
3412 4035 3502 4072 ea-

1926 4125 2040 4160 rum
2081 4109 2370 4177 linguurum
2399 4108 2703 4168 hominibus,
2745 4116 2833 4159 aut
2873 4107 3059 4160 credent
3101 4108 3310 4178 lingula,
3359 4109 3403 4161 si
3445 4118 3502 4163 ‘et

1925 4199 2082 4258 otium
2108 4208 2201 4262 est,
2249 4210 2296 4250 et
2324 4199 2602 4268 ingenium,
2631 4199 2936 4266 ediscenda,
2971 4210 3056 4253 aut
3082 4200 3306 4270 plurium
3346 4201 3503 4255 inter-

1922 4299 2121 4360 pretum
2141 4291 2449 4346 consulendo
2471 4291 2672 4344 collatio
2698 4301 2791 4355 est,
2821 4302 2924 4346 ete.
2955 4291 3238 4346 Plurimum
3264 4292 3344 4346 hic
3370 4308 3501 4363 quo-
3533 4290 3537 4293 ’

1923 4399 2020 4452 que
2047 4386 2195 4454 juvat
2237 4385 2566 4452 interpretum
2608 4385 2964 4448 numerositas,
3003 4384 3203 4438 collatis
3242 4383 3502 4438 codicibus

237 4469 479 4540 imperio,
504 4470 728 4538 ritusque
749 4469 964 4522 molliret
986 4484 1002 4532 ;
1023 4479 1069 4522 et
1099 4478 1168 4521 tot
1187 4469 1487 4536 papulorum
1514 4467 1816 4532 discordias,

1931 4473 2166 4543 inspecto,
2199 4483 2348 4540 atque
2382 4474 2628 4528 discussa.
2666 4474 2815 4538 Item,
2861 4473 2951 4527 ubi
2994 4487 3175 4541 supra,
3216 4488 3334 4541 cap.
3381 4472 3446 4525 15
3479 4486 3495 4524 :

239 4562 473 4629 («usque
492 4561 711 4631 linguas,
733 4559 975 4615 sermonis
999 4560 1295 4613 commercio
1317 4559 1662 4622 contraheret;
1686 4557 1815 4611 mihi

242 4661 422 4706 tamen
451 4667 548 4720 pro
574 4663 726 4708 certo
753 4663 856 4717 est,
903 4667 1008 4706 non
1049 4652 1184 4706 adeo
1219 4652 1487 4718 ingentem
1531 4650 1691 4704 fuisse
1720 4648 1815 4704 Sa-

237 4755 452 4797 crarum
481 4741 876 4814 Scripturarum
925 4742 1112 4807 Latine
1139 4755 1433 4803 versarum,
1481 4757 1596 4809 qua:
1623 4740 1818 4794 Eccle-

236 4831 337 4887 siis
382 4833 767 4903 inserviebam,
825 4832 1280 4888 numerositatem.
1332 4831 1503 4886 Fuere
1547 4833 1814 4898 nonnulli,

237 4923 353 4992 qui,
406 4933 466 4978 ut
507 4923 574 4980 de
619 4926 944 4980 conterenda
994 4923 1306 4993 edendaque
1355 4923 1570 4992 antiqua
1628 4922 1816 4977 Latina

235 5012 371 5068 Itala
410 5013 840 5070 Vindoboncnsis
867 5015 1070 5070 codicis
1111 5014 1461 5070 translatione
1491 5014 1666 5069 omnis
1697 5023 1818 5068 tuus

235 5116 466 5164 conatus
498 5107 677 5160 irritus
700 5109 1032 5173 crederetur,
1062 5107 1319 5177 quasdam
1349 5106 1448 5162 SS.
1483 5105 1816 5177 Hieronymi,

233 5207 293 5253 et
314 5194 590 5266 Augustini
609 5197 876 5262 pratulere
903 5200 1221 5262 sententias,
1243 5212 1310 5252 ex
1333 5197 1526 5265 quibus
1551 5195 1615 5249 de
1636 5193 1818 5250 multis

238 5287 460 5360 privatis
517 5284 810 5350 codicibus,
860 5287 937 5339 tui
991 5287 1274 5354 similibus,
1325 5284 1632 5354 conjectura
1701 5282 1816 5339 ﬂeri

239 5388 456 5450 posset:
486 5377 830 5444 aiebantquc,
860 5375 1136 5432 doctorem
1167 5377 1450 5432 Maximum
1493 5376 1542 5428 in
1572 5371 1728 5428 Prtel.
1765 5374 1819 5426 in

239 5486 290 5524 tv
319 5469 606 5538 Evangelia
642 5468 876 5523 scribere
905 5465 970 5519 ad
997 5465 1282 5523 Damasum
1322 5465 1598 5535 Papam,si
1619 5462 1820 5516 Latinis

241 5561 613 5631 exeruplaribus
625 5560 751 5628 fides
764 5567 833 5613 est
845 5556 1150 5622 adhibenda,
1167 5558 1503 5627 respondeant
1515 5555 1732 5621 quibus?
1749 5563 1822 5610 tot

240 5655 370 5707 enim
382 5660 499 5706 sunt
511 5652 821 5721 exemplaria
836 5666 978 5720 pene,
992 5657 1112 5719 quot
1125 5648 1342 5702 codices.
1356 5639 1609 5704 Sanctum
1624 5647 1824 5716 pariter

1926 4562 2030 4619 Sed
2063 4565 2319 4632 quoniam,
2358 4571 2405 4618 et
2432 4579 2543 4632 qutz
2591 4564 2655 4617 sit
2694 4566 2804 4633 ipsa
2849 4565 3113 4626 sententia,
3145 4579 3295 4630 quam
3324 4561 3498 4630 plures

1924 4652 2218 4724 interpretes
2247 4670 2339 4722 pro
2364 4671 2454 4708 sua
2482 4654 2688 4721 quisque
2711 4655 2970 4723 facultate,
3001 4663 3150 4721 atque
3166 4653 3364 4724 judicio
3404 4669 3496 4706 co-

1924 4752 2111 4796 nantur
2140 4742 2328 4812 eloqui,
2375 4760 2473 4795 non
2502 4753 2733 4811 apparet,
2774 4743 2871 4794 nisi
2895 4744 2948 4796 in
2972 4759 3030 4795 ea
3056 4744 3231 4812 lingua
3258 4743 3500 4812 inspicia-

1927 4845 2028 4898 tur,
2051 4851 2201 4903 quant
2231 4836 2646 4901 iulet‘pre'antur,
2669 4843 2714 4887 et
2730 4835 3024 4905 plerumque
3043 4850 3075 4886 a
3105 4851 3254 4889 sensu
3275 4835 3498 4890 auctoris

1922 4923 2092 4975 devius
2134 4924 2328 4975 aberrat
2369 4922 2630 4990 interpres,
2675 4924 2716 4976 si
2745 4939 2846 4977 non
2892 4925 2954 4979 sit
3008 4924 3359 4989 doctissimus;
3403 4933 3494 4978 aut

1921 5013 2208 5080 linguarum
2248 5011 2471 5078 illarum,
2515 5030 2577 5066 ea;
2619 5015 2798 5084 quibus
2846 5016 2897 5068 in
2942 5015 3176 5069 Latinam
3226 5015 3496 5083 Scriptura

1921 5101 2164 5169 pervenit,
2192 5105 2402 5169 petenda
2431 5104 2649 5171 cognitio
2672 5114 2744 5158 est
2761 5119 2778 5166 ;
2806 5117 2891 5158 aut
2930 5105 3169 5158 habenda:
3203 5105 3500 5174 interpreta-

1922 5185 2081 5244 tionel
2110 5205 2303 5256 eorum,
2344 5194 2430 5262 qui
2460 5210 2511 5244 se
2549 5193 2708 5247 verbis
2745 5195 2898 5246 nimis
2949 5195 3316 5248 obstrinxerqu
3336 5209 3357 5257 ,°
3392 5209 3493 5246 non

1920 5283 2039 5351 quia
2065 5285 2349 5354 sufﬁciunt,
2383 5285 2469 5336 sed
2507 5294 2561 5336 ut
2589 5301 2649 5338 ea:
2675 5287 2748 5338 eis
2791 5286 2990 5351 veritas,
3020 5287 3096 5339 vel
3123 5303 3263 5340 error
3290 5284 3496 5355 detega-

1922 5385 2007 5427 tur
2035 5377 2273 5439 aliorum,
2296 5376 2383 5444 qui
2412 5391 2509 5428 non
2541 5378 2701 5446 magis
2731 5377 2894 5443 verba,
2925 5393 3073 5446 quam
3109 5377 3374 5431 sententias
3418 5377 3498 5432 its-

1924 5466 2245 5533 terpretando
2292 5466 2431 5534 sequi
2493 5466 2797 5520 maluerunt.
2863 5467 3042 5535 itaque
3109 5467 3491 5524 recurrentium

1925 5558 2126 5614 eratad
2148 5564 2351 5610 textum
2371 5557 2766 5625 primigenum,
2781 5555 3000 5624 quando
3023 5557 3494 5625 interpretationes

1931 5648 2049 5717 (seu
2103 5645 2452 5716 esamdsria)
2494 5647 2632 5705 inter
2677 5661 2734 5703 se
2769 5645 3148 5716 dissidebant:
3206 5649 3300 5705 sed
3342 5649 3495 5709 luere
