3902 6410
415 297 510 351 111

1795 291 2320 350 PROLEGOMENA.
3381 289 3418 322 "

3555 295 3661 350 “2

407 409 771 479 quamplnres,
829 409 937 476 qui,
990 407 1268 476 utriusque
1323 406 1519 476 linguae
1577 405 1720 460 fere-
1765 412 2058 474 prorsusA
2087 409 2282 464 licavit.
2335 409 2468 463 Hinc
2511 408 2727 464 demum
2775 409 3090 480 Augustino,
3132 408 3222 477 qui
3272 405 3406 463 nihil
3455 407 3658 476 inepte,

408 499 602 569 ignari,
652 499 901 566 nulloque
942 497 1123 551 habito
1165 498 1538 564 interpretum,
1582 511 1674 549 seu
1706 498 1981 565 exempla-

409 590 546 644 rium
574 589 804 651 delcctu,
835 587 1134 641 difliciliora
1164 595 1218 640 et
1241 587 1552 640 obscuriora
1595 584 1737 638 Italas
1783 587 1984 640 versio-

408 681 494 735 nis
524 681 640 735 loca
673 678 789 733 ausi
828 687 952 732 sunt
991 679 1280 748 corrigere,
1333 690 1654 745 expungere,
1694 676 1781 729 vel
1829 691 1980 730 assu-

409 771 605 826 mentis
631 783 828 838 augere
854 786 866 820 :
908 776 963 823 et
988 783 1104 838 quae
1135 767 1322 822 lectori
1352 780 1553 820 moram
1585 765 1777 820 afferre
1828 774 1980 832 pote-

407 858 929 928 rantinEvangeliis,
960 872 1043 920 ea,
1075 856 1211 912 facta
1234 855 1395 910 veluti
1421 855 1646 924 quadam
1671 853 1978 919 Harmonia,

406 952 626 1006 alterius
680 949 1037 1020 Evangelistas
1093 946 1266 1011 Stylo,
1338 947 1620 1016 verbisque
1689 945 1976 999 illustrare.

406 1042 543 1096 Hinc
569 1041 754 1106 variae,
791 1038 1264 1108 discrepantesque
1293 1037 1450 1091 unius
1474 1051 1536 1091 ac
1575 1035 1814 1104 ejusdem
1840 1035 1978 1088 anti-

405 1134 497 1203 qui
525 1130 830 1201 interpretis
855 1138 980 1184 sunt
1023 1137 1220 1184 exorta:
1246 1127 1535 1188 lectiones;
1579 1141 1696 1194 quae
1724 1114 1981 1180 SS.Hie-

405 1237 634 1293 ronymo
659 1231 713 1275 et
733 1218 1028 1288 Augustino
1062 1219 1114 1272 in
1147 1231 1306 1272 causa
1347 1216 1516 1282 fuere,
1543 1224 1600 1269 ut
1627 1225 1980 1284 quererentur

406 1315 621 1384 utrique
639 1312 707 1369 de
725 1320 867 1366 tanta
887 1310 1192 1365 Latinorum
1209 1311 1557 1376 interpretum
1573 1307 1974 1362 numerositate.

407 1406 662 1475 Quamvis
685 1404 846 1466 enim,
890 1403 1060 1472 inquit
1088 1400 1428 1455 doctissimus
1454 1399 1693 1454 Sabatier
1723 1399 1778 1454 in
1819 1398 1974 1452 Praei.

405 1492 654 1554 Generali
682 1493 782 1564 (De
806 1491 1085 1546 Bibliorum
1117 1491 1394 1548 Sacrorum
1435 1488 1628 1543 Latinis
1670 1487 1980 1542 versionibus

403 1590 654 1660 antiquis,
687 1587 715 1658 §
742 1586 825 1655 ‘2),
867 1594 1041 1641 textus
1073 1584 1368 1655 primigenii
1413 1583 1716 1652 discrepent
1755 1582 1893 1637 inter
1918 1596 1978 1636 se

403 1679 689 1751 aliquando
716 1678 991 1741 lectiones,
1021 1676 1289 1744 variisque
1328 1674 1619 1729 dissideant
1653 1676 1854 1741 verbis,
1897 1685 1978 1729 at-

2085 501 2216 554 nihil
2244 503 2341 555 nisi
2373 511 2522 556 recte
2549 502 2735 556 scribit
2762 544 2775 566 ,
2818 501 3056 556 scribere
3101 501 3322 554 forsitan
3353 499 3521 564 licuit,
3553 499 3659 552 La-

2083 592 2214 644 tinos
2241 593 2536 662 interpretes
2562 594 2816 646 numerari
2845 609 2945 645 non
2976 608 3140 662 posse.
3176 589 3252 643 lta
3285 590 3528 646 laudatus
3573 590 3656 642 Cl.

2083 682 2346 747 Sabatier,
2375 684 2527 754 cujus
2548 685 2910 752 conjecturam
2930 699 3027 751 ego
3045 682 3412 736 vehementius
3437 683 3658 752 urgebo.

2082 773 2266 828 Varias
2295 775 2565 829 exstitisse
2592 775 2690 831 SS.
2739 774 3044 844 Hieronymi
3094 781 3148 827 et
3174 772 3452 850 Augustini
3497 783 3658 828 :ctate

2083 864 2359 920 versiones
2395 881 2492 935 ego
2520 882 2730 936 quoque
2759 882 2863 921 non
2913 865 3079 920 semel
3125 865 3330 920 asserui
3361 866 3414 919 in
3471 874 3615 921 tomo
3647 883 3661 922 I

2089 955 2438 1010 Vindiciarum
2469 957 2838 1014 Canonicarum
2869 957 3274 1026 Scripturarum,
3299 965 3458 1027 atque
3480 957 3532 1012 in
3560 959 3663 1016 hoc

2081 1043 2437 1117 Euangeliario
2486 1049 2845 1117 Quadruplici,
2873 1049 3021 1102 nisus
3047 1048 3362 1102 auctoritate
3391 1047 3485 1102 SS.
3529 1048 3660 1114 PP.,

2080 1145 2134 1191 et
2176 1139 2471 1206 prasertim
2520 1137 2724 1203 Hilarii,
2771 1137 3103 1208 Hieronymi,
3144 1146 3199 1192 et
3228 1137 3534 1207 Augustini,
3569 1139 3660 1206 qui

2079 1224 2216 1294 librq
2246 1242 2280 1281 ιι
2313 1227 2380 1281 de
2437 1227 2685 1282 Doctrina
2721 1227 3023 1282 Christiana
3054 1242 3174 1296 cap.
3210 1228 3295 1292 14,
3329 1227 3453 1282 dum
3485 1229 3661 1283 varias

2081 1330 2176 1385 pro
2206 1317 2392 1371 iisdem
2418 1317 2763 1372 emendandis
2795 1318 3007 1388 regulas
3039 1318 3220 1385 tradit,
3251 1320 3539 1372 maximum
3568 1317 3662 1373 ba-

2079 1405 2310 1460 bendum
2341 1421 2459 1461 esse
2499 1407 2740 1461 codicum
2787 1407 2854 1461 ab
2883 1408 3074 1462 eodem
3124 1409 3416 1478 interprete
3447 1408 3664 1464 deriva.

2079 1501 2250 1550 torum
2273 1497 2540 1551 delectum
2571 1498 2756 1552 docet:
2788 1497 2945 1562 Nam,
2975 1499 3181 1568 inquit,
3213 1499 3470 1553 codicibus
3490 1516 3662 1554 emen-

2080 1585 2262 1638 dandis
2306 1588 2539 1657 primitus
2588 1587 2728 1641 debet
2769 1590 3031 1659 invigilare
3079 1590 3285 1642 solertia
3333 1607 3530 1658 eorum,
3573 1593 3662 1660 qui

2081 1677 2374 1746 Scripturas
2402 1678 2616 1733 Divinas
2647 1697 2794 1735 nosse
2822 1681 3125 1746 desiderant,
3172 1690 3221 1733 ut
3253 1682 3529 1735 emendatis
3559 1699 3662 1735 non

403 1789 508 1845 que
535 1773 694 1825 etiam
723 1769 1019 1833 sententiis,
1063 1782 1224 1821 unum
1257 1775 1436 1820 tamen
1464 1766 1815 1835 eamdemque
1865 1767 1971 1835 pri-
2004 1768 2052 1827 B
2077 1769 2328 1822 emendati
2362 1770 2563 1836 cedant,
2595 1787 2656 1825 ea:
2702 1787 2806 1826 uno
2845 1773 3110 1825 dumtaxat
3151 1787 3662 1829 INTERPBITATIONIS

403 1861 691 1933 migenium
762 1874 882 1914 esse
952 1868 1151 1914 textum
1229 1865 1499 1911 constat:
1574 1855 1761 1925 quidni
1817 1855 1987 1932 igitur

401 1955 601 2026 pariter
649 1967 807 2008 unam
876 1951 1223 2019 eamdemque
1279 1950 1508 2018 primum
1563 1947 1726 2003 fuisse
1794 1947 1970 2017 Scrip-

402 2055 642 2101 turarum
704 2043 1194 2114 interpretationem
1252 2039 1561 2104 dixerimus,
1611 2038 1849 2108 quamvis
1875 2053 1968 2092 va-

399 2138 494 2192 ria:
571 2138 650 2191 in.
686 2133 958 2189 codicibus
1042 2141 1325 2188 occurrant
1395 2131 1787 2200 discrepantia),
1853 2146 1969 2200 qua:

394 2227 570 2282 varias
615 2223 1098 2294 interpretationes,
1145 2237 1176 2275 a
1239 2222 1399 2276 variis
1441 2221 1737 2276 elaboratas
1795 2221 1964 2276 inter-

399 2319 664 2390 pretibus,
700 2316 1000 2385 signiﬁcare
1027 2313 1346 2368 videantur?
1370 2312 1624 2367 Nimirum
1669 2313 1832 2366 varizn
1863 2313 1968 2367 illa:

396 2405 1030 2475 forsitandiscrcpantite,
1062 2411 1152 2458 aut
1185 2404 1250 2456 ab
1283 2401 1622 2458 oscitantinm
1648 2402 1968 2472 negligentia

393 2501 759 2562 librariorum,
812 2507 903 2551 aut
931 2495 999 2550 ab
1027 2488 1302 2550 audacium
1340 2495 1637 2548 temeritate
1683 2493 1971 2548 eruditulo-

392 2608 514 2648 rum
543 2600 664 2646 sunt
695 2587 975 2660 profectio;
1007 2602 1232 2656 quorum
1264 2586 1350 2638 alii
1379 2585 1734 2640 somniculose
1768 2584 1968 2639 descri-

393 2682 569 2739 bendo
616 2681 753 2734 hanc
807 2678 1320 2747 interpretationem,
1377 2678 1536 2732 verba
1581 2687 1632 2731 et
1676 2676 1969 2731 sententias

393 2772 685 2834 vitiarunt;
753 2769 842 2823 alii
890 2783 1038 2834 vero,
1103 2783 1220 2836 qua:
1274 2768 1450 2821 minus
1497 2767 1828 2834 intellexere,
1879 2774 1970 2820 aut

394 2861 650 2922 mendosa
695 2868 967 2929 putarunt,
1019 2856 1412 2917 aut,arbitratu
1456 2871 1553 2910 suo
1602 2863 1964 2911 mutaverunt.

392 2951 573 3016 Certe,
603 2951 649 3004 si
687 2949 736 3002 id
779 2949 917 3004 inter
945 2948 1356 3004 exscribendum
1387 2948 1759 3015 primigenium
1791 2945 1970 3014 Scrip-

393 3051 530 3097 tura:
560 3050 784 3106 textum,
816 3038 965 3108 cujus
989 3038 1071 3092 vel
1103 3037 1390 3092 litterulam
1427 3046 1632 3091 mutare
1677 3035 1825 3090 nefas
1854 3027 1990 3090 esse

2074 1873 2252 1926 genere
2278 1861 2546 1913 venientes.
2581 1860 2647 1913 Et
2683 1862 2734 1914 in
2769 1860 2956 1914 eodem
2999 1860 3154 1926 libro,
3203 1875 3324 1929 cap.
3357 1861 3448 1924 l5,
3501 1877 3650 1916 num.

2072 1946 2162 2013 22,
2196 1947 2259 2001 In
2305 1950 2428 2018 ipsis
2458 1965 3049 2013 INTERPRETATIONIBUS,
3079 1950 3206 2004 Itala
3236 1951 3428 2004 caeteris
3467 1955 3662 2023 prafe-

2073 2047 2251 2103 ratur;
2296 2055 2416 2092 nam
2456 2048 2529 2093 est
2558 2041 2822 2093 verborum
2868 2042 3114 2106 tenacior,
3158 2056 3271 2093 cum
3300 2043 3663 2111 perspicuitate

2071 2131 2348 2184 sententia.
2399 2130 2487 2194 At,
2536 2131 2625 2186 ubi
2658 2131 2714 2184 S.
2766 2130 3121 2202 Hieronymus
3165 2132 3353 2185 arbiter
3393 2133 3550 2198 sedit,
3596 2133 3658 2187 Β.

2074 2221 2288 2279 Damasi
2312 2223 2486 2292 jussu,
2517 2232 2571 2276 ut
2611 2224 2745 2298 (post
2776 2225 3086 2294 exemplaria
3115 2223 3499 2294 Scripturarum
3526 2225 3660 2280 Novi

2071 2315 2402 2372 Testamenti
2433 2327 2534 2370 toto
2566 2316 2684 2370 orbe
2712 2316 2922 2382 di/rma,
2973 2334 3084 2386 qua:
3131 2319 3263 2371 inter
3293 2335 3344 2373 se
3373 2319 3661 2389 variabant)

2073 2423 2189 2476 qua:
2217 2417 2379 2461 essent
2402 2409 2513 2471 illa,
2543 2423 2657 2476 qua:
2685 2424 2796 2460 cum
2824 2407 3002 2462 erca
3033 2410 3409 2464 consentiebant
3431 2412 3658 2477 veritate,

2071 2497 2394 2560 decerneret;
2422 2514 2484 2550 ne
2514 2499 2748 2561 multum,
2782 2499 2975 2566 inquit,
3004 2516 3034 2552 α
3057 2501 3286 2553 lectionis
3312 2500 3514 2554 Latina:
3537 2512 3659 2554 cert-

2071 2589 2336 2641 suetudiue
2375 2589 2740 2658 discreparent,
2783 2591 2855 2642 ita
2903 2590 3102 2642 calamo
3151 2591 3558 2660 temperavimus,
3606 2601 3660 2644 stt

2070 2677 2150 2732 Itis
2177 2689 2392 2744 tantum,
2419 2697 2533 2748 qua:
2568 2697 2768 2734 sensum
2810 2680 3106 2733 videbantur
3145 2692 3360 2746 mutare,
3395 2682 3657 2749 correctis,

2070 2770 2262 2838 reliqua
2287 2787 2490 2824 manere
2517 2780 2822 2837 pateremur,
2845 2779 2898 2822 ut
2921 2772 3138 2840 fuerant.
3171 2771 3351 2840 Itaque
3375 2773 3462 2827 illa
3486 2789 3656 2828 exem-

2083 2860 2272 2932 plaria,
2301 2876 2420 2930 qua:
2451 2859 2577 2913 dicit
2609 2853 2684 2912 tot
2708 2877 2832 2930 pene
2856 2860 3030 2930 fuisse,
3063 2872 3182 2930 quot
3212 2864 3428 2930 codices,
3460 2879 3522 2919 ex
3552 2879 3658 2919 uno

2079 2951 2356 3004 dumtaxat
2385 2951 2840 3019 interpretationis
2857 2967 3053 3021 genere
3077 2953 3392 3020 veniebant;
3418 2955 3658 3025 quando-

2073 3043 2290 3113 quidem
2319 3053 2395 3097 tot
2414 3044 2809 3113 exemplaribus
2831 3045 2974 3098 Itala:
2998 3045 3134 3099 mire
3147 3048 3435 3114 corruptis,
3460 3049 3652 3116 quibus

394 3132 675 3195 debuerat,
719 3129 969 3198 contigit;
1019 3138 1216 3199 quanto
1246 3129 1412 3198 magis
1442 3128 1752 3197 contingere
1799 3128 1971 3197 potuit
1996 3133 2040 3194 C
2076 3134 2273 3189 mederi
2307 3134 2539 3198 volebat,
2569 3134 2785 3189 minime
2815 3135 3189 3198 consuluisset,
3217 3137 3261 3190 si
3289 3152 3350 3192 ca
3383 3138 3514 3192 varii
3545 3140 3657 3194 ela-

390 3223 445 3277 in
469 3221 815 3278 exscribenda
852 3219 1313 3288 interpretatione,
1343 3219 1519 3288 cujus,
1547 3234 1665 3273 cum
1693 3234 1799 3275 non
1823 3227 1968 3273 tanta

391 3323 533 3368 esset
581 3309 894 3377 auctoritas,
941 3322 1138 3380 quanta
1173 3321 1355 3365 textus
1399 3310 1722 3384 primigenii,
1774 3310 1970 3364 minori

292 3430 298 3443 ι
393 3404 569 3460 adhuc
595 3419 742 3467 cura,
767 3403 1072 3473 minorique
1094 3403 1352 3472 religione
1369 3413 1451 3457 est
1474 3402 1740 3471 descripta
1760 3417 1786 3454 a
1809 3402 1970 3456 libra-

391 3493 508 3560 riis,
557 3501 612 3547 et
653 3493 953 3561 eruditulis,
985 3493 1076 3563 qui
1125 3503 1350 3559 mutare,
1398 3491 1616 3557 addere,
1662 3491 1965 3559 detrahere,

393 3575 656 3656 glossulas
679 3585 935 3649 inserere,
967 3584 1208 3652 religioni
1233 3598 1336 3637 non
1366 3583 1702 3637 habuerunt?

462 3677 727 3731 Praeterea
755 3673 1020 3728 variarum
1063 3681 1231 3742 potest
1257 3689 1376 3727 esse
1407 3673 1508 3725 alia
1543 3673 1830 3726 lectionum
1855 3672 1967 3727 ori-

391 3783 480 3839 go,
510 3783 677 3838 eaque
699 3766 880 3836 purior
899 3773 1060 3834 atque
1093 3764 1293 3818 utilior.
1325 3762 1472 3818 Sicut
1493 3761 1635 3816 enim
1663 3761 1885 3827 librarii,
1914 3771 1970 3818 et

391 3858 664 3923 erudituli,
687 3857 993 3920 oscitantia,
1019 3865 1070 3910 et
1087 3853 1389 3908 temeritate
1406 3852 1773 3922 primigeniam
1795 3861 1968 3907 trans-

391 3950 642 4006 lationem
671 3965 1049 4022 nonnunquam
1080 3945 1442 4012 vitiarunt;ita
1456 3945 1672 4011 eruditi,
1697 3946 1968 4014 siquando

393 4039 624 4109 primum
667 4039 984 4096 dormitasse
1032 4045 1364 4110 agnoverunt
1407 4037 1775 4105 interpretem,
1825 4035 1965 4106 quod

389 4129 588 4183 nemini
614 4145 718 4183 non
740 4132 1018 4200 contingit,
1043 4146 1164 4185 cum
1187 4142 1393 4193 errare,
1424 4137 1476 4181 et
1505 4125 1615 4180 falli
1645 4126 1958 4191 humanum,

391 4229 446 4276 et
493 4235 520 4273 a
575 4222 785 4276 nemine
831 4223 1062 4276 alienum
1103 4225 1193 4287 sit,
1243 4236 1363 4290 quas
1407 4221 1585 4275 minus
1635 4229 1778 4274 recte
1809 4234 1964 4274 versa

352 4360 353 4363 η
392 4321 564 4379 erant,
595 4313 941 4381 castigarunt.
983 4321 1036 4365 et
1082 4311 1285 4373 verbis,
1331 4309 1682 4362 sententiisve
1720 4310 1965 4376 obscuris

389 4408 562 4463 lucem
588 4405 806 4462 dedere.
838 4403 976 4458 Hinc
1008 4401 1204 4456 factum
1235 4407 1335 4464 est,
1371 4407 1430 4451 ut
1454 4413 1570 4466 qua:
1601 4398 1759 4451 variae
1779 4399 1963 4452 viden-

2071 3226 2353 3279 boraSsent
2405 3225 2749 3293 interpretes.
2801 3225 3064 3280 Praeterea
3117 3226 3488 3296 discrepantes
3546 3229 3655 3284 lec-

2073 3317 2249 3371 tiones
2294 3317 2724 3388 Evangeliornm,
2768 3332 2898 3386 quas
2937 3318 3048 3384 ipse
3098 3314 3473 3389 Hieronymus,
3523 3335 3656 3390 pra:-

2070 3406 2252 3462 sertim
2299 3409 2348 3462 in
2381 3409 2766 3463 commentario
2812 3408 2864 3461 in
2914 3407 3241 3470 Mattlncutn,
3289 3410 3498 3474 recitat,
3549 3426 3654 3466 non

2070 3497 2309 3552 diversos
2339 3485 2657 3567 interpretes
2685 3507 2933 3567 arguunt,
2960 3496 3052 3550 sed
3076 3497 3404 3565 exemplaria
3437 3497 3645 3555 diversa

2069 3589 2311 3656 ejusdem
2357 3589 2691 3656 interpretis.
2743 3589 2984 3654 Demum,
3031 3603 3155 3642 cum
3194 3603 3365 3658 usque
3400 3589 3468 3643 ad
3510 3588 3646 3646 hanc
3694 3584 3698 3586 ⁷

2068 3678 2210 3732 diem
2262 3679 2585 3748 insigniores
2643 3681 2982 3737 bibliothecas
3050 3683 3307 3753 singulari
3331 3684 3650 3755 (diligentia

2070 3769 2360 3837 pervoluta:
2410 3773 2738 3826 servaverint
2787 3775 3102 3843 quamplura
3153 3776 3450 3844 fragmenta
3505 3777 3646 3847 illius

2068 3861 2451 3927 antiquissima:
2498 3863 2973 3931 interpretationis,
3015 3881 3174 3932 quam
3201 3876 3350 3920 tanto
3377 3869 3430 3922 in
3478 3870 3650 3936 pretio

2068 3946 2254 4002 habuit
2280 3950 2627 4018 Augustinus,
2656 3953 2846 4020 cuique
2874 3963 3096 4007 caeteras
3121 3969 3238 4008 esse
3257 3957 3650 4024 postltabendas

2068 4043 2448 4125 pronuntiavit,
2481 4059 2577 4098 cur
2605 4045 2823 4098 aliarum
2851 4046 3088 4099 omnium
3129 4046 3339 4103 fortuna
3378 4049 3515 4105 adeo
3540 4051 3649 4107 dis-

2069 4146 2163 4201 par
2205 4133 2320 4194 fuit,
2371 4143 2530 4204 atque
2571 4134 2889 4190 dissimilis?
2940 4137 3190 4205 Privatis,
3239 4139 3384 4196 dicet
3435 4144 3648 4213 aliquis,

2068 4224 2250 4278 usibus
2307 4225 2686 4282 inserviebam.
2734 4228 2803 4282 At
2841 4242 2944 4283 non
2973 4243 3180 4283 omnes.
3236 4230 3385 4285 Italre
3430 4233 3647 4302 quidem

2066 4316 2205 4382 apud
2238 4309 2795 4374 Latinos'exc'ellebat
2833 4321 3157 4386 auctoritas;
3200 4320 3295 4376 sed
3323 4332 3497 4377 tamen
3527 4325 3646 4381 alia:

2066 4406 2308 4473 quaedam
2349 4407 2559 4462 fuerunt
2603 4411 2910 4477 versiones,
2958 4412 3150 4481 quibus
3191 4412 3373 4467 Italam
3430 4414 3649 4484 postha-

389 4509 478 4554 tur
499 4513 618 4554 esse
641 4513 668 4551 a
695 4495 860 4572 variis
883 4493 1173 4572 elaboratae
1199 4489 1548 4557 scriptoribus
1570 4487 1963 4556 Scripturarum
1992 4493 2043 4552 D
2069 4494 2233 4548 buere
2260 4498 2747 4553 nonnulli‘Patres.
2792 4502 3050 4566 Quoniam
3083 4519 3209 4559 vero
3248 4520 3430 4574 pauca:
3471 4516 3643 4576 erant,

387 4570 1045 4662 interpretationes-{aliud
1079 4581 1297 4635 forsitan
1322 4579 1453 4633 ιιιιιὶι
1475 4579 1603 4644 sint,
1633 4593 1787 4646 quam
1820 4579 1962 4633 varia

385 4682 625 4750 ejusdem
675 4673 1135 4746 interpretationis
1173 4669 1434 4737 exempla,
1480 4683 1573 4737 pro
1625 4667 1961 4722 librariorum

387 4771 731 4840 negligentia,
771 4767 1092 4839 ignorantia,
1117 4778 1178 4817 ac
1209 4761 1530 4825 temeritate,
1560 4757 1653 4814 sed
1685 4767 1737 4813 et
1777 4759 1958 4812 erudi-

381 4870 560 4917 torum
589 4860 933 4926 castigatione
962 4855 1344 4924 discrepantia.
1384 4851 1519 4906 Hinc
1559 4848 1734 4904 forsan
1774 4849 1959 4904 Hiero-

385 4965 599 5022 nymus,
646 4958 715 5001 tot
760 4945 1069 5014 exemplaria
1113 4959 1256 5012 pene,
1297 4953 1418 5012 quot
1456 4941 1670 5008 codices,
1710 4941 1954 5009 scripsit;

306 5063 309 5067 ·
384 5057 504 5112 quin
552 5049 728 5092 tamen
778 5034 935 5103 paulo
980 5030 1211 5083 inflatius
1249 5031 1444 5097 scripta
1475 5041 1636 5084 sunt:
1685 5029 1809 5086 hinc
1836 5043 1956 5107 cum

378 5131 521 5188 idem
552 5129 907 5194 Hieronymus
930 5135 1120 5174 novam
1140 5119 1452 5174 adornasset
1472 5119 1608 5174 Novi
1630 5121 1956 5176 Testamenti

378 5217 901 5287 interpretationem,
933 5211 1094 5280 idque
1120 5225 1151 5263 a
1182 5209 1420 5279 pluribus
1447 5211 1948 5279 reprehenderetur,

377 5317 594 5368 sanctus
637 5308 832 5360 Doctor
862 5301 1159 5360 malevolis.
1183 5302 1272 5369 qui
1301 5316 1379 5364 se,
1413 5317 1669 5369 suamque
1697 5302 1952 5357 rodebant

377 5412 434 5457 et
467 5399 756 5470 carpebant
784 5395 1108 5457 versionem,
1141 5392 1202 5445 iis
1229 5393 1506 5461 respondit
1533 5394 1731 5459 verbis,
1763 5395 1951 5462 quibus

377 5480 489 5547 non
511 5502 615 5545 tam
638 5507 666 5545 a
707 5505 764 5544 se
787 5502 978 5543 novam
1009 5485 1298 5553 Scriptura:
1322 5485 1813 5557 interpretationem
1836 5488 1948 5542 ela-

377 5581 640 5643 boratam,
672 5595 829 5650 quam
869 5589 1104 5634 veterem
1147 5575 1504 5642 emendatam,
1554 5589 1606 5633 et
1646 5594 1674 5633 a
1707 5577 1945 5644 maculis,

376 5671 648 5748 vitiisque,
676 5673 864 5742 quibus
893 5671 1191 5740 laborabat,
1214 5679 1558 5740 expurgatam
1590 5672 1756 5730 fuisse
1782 5672 1948 5742 signi-

2071 4586 2296 4654 primum
2323 4589 2574 4657 neglecta:
2594 4598 2718 4643 sunt
2740 4591 2792 4644 in
2815 4592 3002 4648 forulis
3021 4596 3424 4666 tabulariorum,
3451 4597 3646 4656 deinde

2068 4673 2339 4760 interimus
2394 4694 2582 4746 passas.
2625 4679 2678 4734 Si
2725 4695 2858 4749 pene
2913 4683 3203 4740 innumera:
3243 4689 3388 4744 credi
3436 4691 3643 4759 volunt,-

2067 4765 2188 4833 quei
2235 4765 2344 4820 fieri
2377 4770 2565 4836 potuit,
2615 4765 2672 4824 ut
2718 4784 2902 4825 omnes
2947 4772 3238 4841 deperditae
3277 4778 3545 4844 dicantur,
3589 4789 3645 4835 et

2067 4857 2191 4910 sint.
2223 4857 2337 4911 Non
2381 4859 2510 4914 levis
2529 4872 2611 4913 est
2637 4859 2751 4915 haec
2787 4861 3097 4938 difficultas,
3126 4879 3224 4920 nec
3252 4866 3422 4922 facilis
3450 4870 3517 4922 ad
3547 4884 3642 4924 ex-

2059 4946 2381 5014 pediendum
2413 4960 2494 5002 est
2537 4950 2706 5005 nodus
2754 4952 2880 5016 illis,
2910 4953 2998 5023 qui
3027 4955 3214 5008 volunt
3257 4957 3417 5011 nimis
3451 4973 3645 5030 urgere

2059 5037 2158 5092 SS.
2191 5038 2494 5109 Hieronymi
2534 5051 2588 5096 et
2630 5041 2908 5111 Augustini
2953 5041 3268 5113 sententias,
3321 5065 3454 5118 quas
3493 5053 3635 5108 reci-

2062 5129 2185 5182 tavi.
2221 5127 2535 5196 Hujnsmodi
2565 5139 2739 5186 tamen
2772 5133 2942 5188 nodus
2961 5137 3108 5192 nullo
3135 5140 3349 5210 negotio
3376 5141 3636 5212 solvetur,

2058 5219 2102 5273 si
2139 5227 2215 5271 tot
2247 5218 2465 5286 Latinos
2517 5221 2834 5292 interpretes
2875 5226 3093 5283 minime
3135 5231 3406 5287 exstitisse
3447 5233 3637 5288 creda-

2057 5325 2194 5366 mus.
2238 5310 2342 5364 Sed
2387 5312 2454 5366 de
2485 5311 2584 5367 hoc
2610 5315 2755 5370 alibi.
2789 5316 2867 5372 Ne
2907 5330 3086 5376 autem
3115 5325 3343 5392 amplius
3390 5325 3546 5378 alicui
3571 5340 3639 5380 ea

2056 5399 2305 5469 cogitatio
2349 5403 2526 5456 veniat
2572 5405 2622 5458 in
2659 5420 2890 5464 mentem
2921 5419 3065 5481 (post
3094 5423 3172 5470 tot
3216 5410 3637 5473 litte'ratissimos

2057 5491 2322 5559 homines,
2345 5497 2433 5564 qui
2458 5495 2524 5550 de
2546 5496 2771 5556 Vindob.
2800 5504 2944 5572 cod.,
2975 5507 3194 5577 ejusque
3221 5506 3355 5562 Itala
3382 5511 3634 5569 versibne

2052 5583 2184 5637 mihi
2215 5585 2567 5658 scripserunt)
2602 5593 2773 5661 ipsum
2799 5598 3078 5666 exempla:
3115 5601 3334 5655 incerta:
3360 5604 3632 5660 versionis

2050 5687 2191 5743 esse,
2223 5684 2278 5731 et
2302 5676 2494 5736 frustra
2523 5698 2608 5740 me
2634 5683 2761 5742 illud
2791 5686 3077 5755 edendum,
3109 5697 3159 5746 te
3192 5692 3468 5762 collatore,
3506 5711 3626 5752 sus-
