4288 6444
402 372 503 426 H3

1115 371 1444 431 EPISTOLA
1485 371 1849 429 BLANCHINI
1888 371 1980 429 AD
2021 361 2401 432 EPISCOPUM
2439 372 2878 432 GURCENSEM.

3557 379 3659 434 114

397 488 633 556 cepisse;
681 482 928 541 omnibus
959 484 1233 542 industria:
1266 502 1397 541 meae
1425 487 1560 541 ratio
1595 494 1871 555 comperta
1898 486 1970 541 sit
1995 488 2044 547 Α
2073 485 2247 542 Graec.
2279 489 2366 542 in!
2404 492 2494 546 τὴν
2536 485 2763 560 νύμφην;
2796 487 2937 558 quod
2969 490 3189 560 proprie
3215 503 3467 560 sponsam
3497 491 3660 559 signi-

397 598 460 640 ex
509 583 858 650 consequenti
911 584 1148 637 locorum
1207 584 1580 653 parallelorum
1634 581 1968 651 prolatione:

395 689 510 743 qua:
539 675 674 740 loca,
710 676 798 746 qui
825 656 1082 731 attentius
1105 675 1470 746 perpenderit,
1508 689 1626 729 cum
1667 683 1784 728 tuos
1828 675 1975 729 labo-

394 781 480 821 res
507 767 694 821 merita
717 767 1005 823 cumulabit
1031 768 1356 837 gloriaptum
1388 782 1520 822 meae
1542 767 1784 830 editioni,
1814 781 1972 835 quam

394 857 588 910 mereri
635 857 824 926 possit,
869 857 1079 912 laudem
1132 857 1267 911 tituli
1316 873 1418 911 non
1477 857 1753 910 invidebit.
1811 855 1973 908 Multa

393 946 607 1015 quidem
635 955 691 1002 et
735 947 962 1001 maxima
1010 947 1181 1002 debeo
1225 946 1304 1001 Cl.
1356 947 1417 1000 ν.
1453 947 1668 1001 Nicolao
1717 945 1974 1001 Forlosize

392 1035 530 1105 Aug.
563 1035 898 1091 bibliothece
920 1037 1128 1092 custodi
1157 1037 1540 1107 primario,qui
1571 1026 1973 1105 incomparabili

336 1135 338 1137 ’
392 1124 667 1195 diligentia
698 1125 914 1180 Latinos
945 1143 1051 1182 non
1082 1129 1254 1182 solum
1285 1127 1500 1182 codices
1530 1141 1713 1182 sacros
1740 1142 1804 1180 ex
1849 1126 1971 1179 Vin-

390 1213 691 1270 dobonensi
715 1215 964 1271 thesauro
992 1217 1223 1288 collegit,
1264 1218 1624 1286 collectosque
1657 1217 1707 1270 in
1741 1217 1969 1272 indicem

387 1307 578 1364 ordine
606 1323 705 1362 suo
728 1305 1022 1375 distribuit,
1049 1319 1209 1379 atque
1236 1311 1300 1364 ad
1337 1325 1422 1364 me
1454 1310 1628 1376 misit;
1671 1309 1764 1364 sed
1807 1325 1966 1365 cvan-

385 1399 668 1469 geliarium
706 1401 892 1466 etiam,
939 1401 1005 1457 de
1033 1417 1140 1472 quo
1168 1404 1456 1472 loquimur,
1501 1403 1779 1472 explicuit,
1811 1414 1971 1474 atque

383 1488 701 1560 descripsit;
727 1492 914 1546 critico
954 1491 1172 1566 insuper
1209 1503 1262 1548 et
1290 1493 1545 1564 historico
1577 1494 1787 1564 adjecto
1825 1494 1968 1563 judi-

383 1579 491 1635 cio.
542 1581 756 1636 Utinam
813 1589 957 1637 totus
1002 1584 1092 1639 ille
1131 1585 1323 1650 codex,
1374 1585 1524 1652 cujus
1563 1600 1662 1655 ego
1704 1586 1970 1640 variantes

384 1670 658 1727 lectiones
696 1674 908 1744 evulgo,
957 1658 993 1728 'a
1036 1685 1108 1743 te,
1158 1676 1552 1746 sapientissime
1603 1676 1821 1746 prmsul,
1873 1677 1972 1730 ali-

382 1763 604 1832 quando
632 1764 682 1818 in
718 1765 888 1821 lucem
919 1767 1129 1821 edatur.
1176 1768 1320 1838 Opus
1350 1783 1478 1822 sane
1522 1767 1965 1836 incomparabilc,

2081 576 2227 632 licet.

2146 669 2277 724 Luc.
2307 684 2424 737 cap.
2457 686 2607 737 xvm,
2635 671 2686 724 7.
2717 670 3111 739 Vindobonen.,
3137 673 3466 743 Vercellen.,
3493 674 3667 730 Vero-

2075 773 2200 813 nen.
2244 761 2537 828 patientiam
2580 761 2788 814 habens.
2832 761 2888 815 1n
2936 761 3200 819 hodierno
3235 766 3424 822 codice
3467 765 3658 821 Graeco

2074 859 2158 905 est
2184 891 2200 917 ,
2233 855 2315 905 καὶ
2340 855 2670 929 μακροθυμῶν
2697 853 2773 906 ἐπ’
2795 853 2993 918 αὐτοῖς,
3041 863 3088 905 et
3135 856 3426 925 patientiam
3444 855 3650 911 habens.

2073 942 2210 997 Olim
2243 943 2451 1011 legi-bat
2474 947 2739 1014 interpres
2771 943 3011 1012 Latinus,
3039 950 3657 1022 μακροθυμήσει,ραιίεη-

2080 1036 2200 1090 tiam
2234 1036 2433 1089 habebit
2465 1039 2514 1088 in
2545 1037 2670 1090 illis.

2143 1129 2273 1184 Luc.
2320 1144 2437 1197 cap.
2492 1145 2581 1194 xx,
2614 1130 2701 1184 35.
2736 1129 3102 1185 \‘indobouen.
3150 1140 3202 1186 et
3237 1131 3521 1188 Corbeien.
3571 1149 3662 1188 ne-

2072 1235 2168 1290 que
2208 1223 2399 1274 ducunt
2443 1237 2661 1283 uxores,
2715 1220 2950 1275 Brixian.
3002 1238 3159 1292 neque
3206 1239 3388 1277 uxores
3441 1227 3659 1281 ducunt.

2074 1311 2295 1377 Quidam
2348 1312 2507 1366 etiam
2556 1327 2686 1366 mss.
2736 1311 2848 1377 div.
2891 1312 3033 1367 Bibl.
3078 1313 3134 1370 S.
3188 1313 3407 1369 Hieron.
3455 1316 3659 1372 habent

2067 1400 2222 1471 juxta
2253 1400 2495 1456 Graecum
2515 1444 2530 1465 ,
2559 1419 2716 1472 neque
2745 1403 2933 1457 ducunt
2958 1420 3164 1458 uxores.

2143 1490 2306 1546 Marc.
2352 1505 2466 1559 cap.
2524 1506 2600 1558 ll,
2658 1493 2744 1546 19.
2799 1491 3208 1560 Viudobonen.,
3255 1493 3558 1551 Vercellen.
3601 1505 3655 1551 et

2073 1581 2315 1636 Brixian.
2350 1581 2478 1635 Filii
2502 1583 2698 1651 sponsi.
2731 1582 2949 1639 Grtecus
2987 1593 3184 1650 textus,
3228 1592 3318 1639 τοῦ
3374 1596 3654 1660 νυμφῶνος.

2072 1673 2141 1728 Ει
2167 1675 2234 1728 ita
2269 1674 2494 1729 habetur
2523 1673 2709 1728 Matth.
2745 1690 2863 1744 cap.
2895 1691 2968 1740 tx,
2992 1691 3045 1729 v.
3080 1676 3168 1742 15,
3196 1685 3250 1730 et
3271 1676 3400 1732 Luc.
3431 1692 3551 1749 cap.
3601 1695 3654 1745 v,

2073 1779 2125 1818 v.
2151 1763 2242 1818 54.

379 1864 440 1935 ct
491 1858 887 1914 immortalitate
928 1861 1181 1930 dignum;
1226 1861 1316 1915 sed
1366 1861 1637 1915 hominum
1667 1861 1961 1926 dumtaxat,
1992 1843 2039 1902 Β
2142 1854 2301 1908 Marc.
2353 1869 2469 1925 cap.
2524 1871 2636 1920 vn,
2714 1857 2766 1911 5.
2827 1855 3202 1912 Vindoboneu.
3262 1866 3316 1913 et
3368 1855 3700 1935 Corbeien..

378 1947 472 2016 qui
505 1949 725 2002 multum
777 1953 1164 2021 progressionis
1195 1951 1418 2006 fecerint
1447 1952 1499 2006 in
1551 1951 1781 2006 lectione
1827 1950 1968 2004 Lati-

379 2052 576 2092 norum
598 2037 816 2094 Patrum
854 2042 1267 2109 primitivorum,
1302 2044 1408 2096 imo
1439 2050 1651 2097 mtatem
1678 2056 1967 2113 consump-

376 2132 574 2200 serint,
610 2133 861 2189 manibus
879 2135 1343 2190 contrectandum.
1365 2135 1441 2189 En
1473 2134 1665 2190 indolis
1700 2133 1967 2188 Viudobo-

375 2223 568 2277 nensis
596 2223 797 2278 codicis
825 2225 1126 2279 testimonia
1156 2226 1402 2279 clariora.

453 2312 614 2368 Marc.
660 2329 782 2382 cap.
817 2330 933 2378 vtu,
993 2314 1082 2369 10.
1145 2314 1543 2382 Vindobonen.,
1593 2314 1859 2369 Veronen.
1916 2323 1969 2368 et

373 2413 437 2461 et
463 2404 748 2482 Corbeien.
782 2407 1074 2478 Magedam.
1107 2407 1334 2477 Vulgata
1366 2407 1423 2464 S.
1455 2407 1616 2462 Marci
1649 2409 1735 2463 hic
1764 2415 1965 2474 narrat,

373 2493 656 2551 Christum
690 2512 782 2565 per
810 2513 955 2553 mare
995 2497 1291 2554 Tiberiadis
1345 2501 1624 2568 navigasse
1682 2498 1971 2553 Dalmanu-

373 2589 553 2641 “tam.
587 2584 645 2641 S.
671 2587 950 2660 Matthacus
975 2605 1104 2643 vero
1135 2603 1252 2659 cap.
1285 2605 1375 2655 xv,
1404 2589 1493 2655 59,
1529 2600 1582 2645 et
1608 2591 1760 2660 plura
1781 2590 1966 2644 Latina

374 2675 442 2734 S.
498 2676 661 2733 Marci
710 2694 839 2733 mss.
881 2679 1081 2736 habent
1124 2680 1338 2736 venisse
1382 2680 1660 2750 Magedan.
1708 2681 1966 2752 Syriacus

370 2780 619 2838 quoque,
644 2783 706 2823 ac
735 2770 1013 2836 Arabicus,
1047 2778 1100 2825 et
1129 2772 1312 2826 Graeca
1345 2771 1588 2842 qundam
1606 2770 1963 2827 vetustissima

371 2860 714 2930 exemplaria
743 2863 948 2933 legunt,
983 2863 1263 2935 Magedan.

453 2949 591 3008 Luc.
617 2967 735 3023 cap.
765 2970 859 3020 ιιι,
882 2955 971 3010 55.
999 2955 1201 3010 Desunt
1224 2956 1405 3021 verba,
1430 2957 1483 3008 in
1509 2955 1966 3023 manibus'vestris,

369 3039 431 3096 in
458 3042 864 3112 Vindobonen.,
895 3045 1220 3112 Vercellen.,
1249 3045 1370 3101 Gal.
1400 3054 1456 3102 et
1476 3046 1707 3101 Brixiau.
1732 3059 1784 3102 et
1815 3049 1884 3102 ita
1913 3049 1966 3102 in

365 3132 572 3189 Graeco
604 3146 770 3202 textu,
804 3137 858 3192 in
885 3139 1118 3208 antiquis
1146 3137 1565 3194 Corheiensibus
1597 3138 1806 3206 Bibliis,
1833 3147 1889 3194 et
1913 3140 1963 3194 in

2074 1946 2290 2011 habcut,
2315 1947 2412 2000 nisi
2438 1947 2634 2018 pugillo
2662 1948 2896 2001 laverint.
2940 1949 3158 2004 Graecus
3187 1963 3302 2020 pro,
3356 1949 3454 2004 nisi
3484 1951 3655 2005 crebra

2071 2041 2282 2093 laverint
2301 2057 2499 2106 manus,
2519 2040 2639 2104 fert,
2663 2041 2768 2096 Ἐὰν
2790 2048 2859 2114 μὴ
2877 2052 3054 2118 πυγμῇ
3069 2043 3315 2115 νίψωνται
3335 2047 3428 2105 τὰς
3446 2053 3653 2121 χεῖρας,

2071 2134 2157 2184 οὐκ
2207 2133 2457 2196 ἐσθίουσι,
2493 2133 2543 2186 id
2567 2143 2666 2193 est,
2699 2133 2797 2185 nisi
2820 2133 3071 2204 pugillum
3100 2134 3332 2188 laverint.

2141 2223 2304 2276 Marc.
2348 2238 2465 2291 cap.
2501 2240 2530 2276 x
2564 2264 2578 2290 ,
2617 2223 2707 2280 40.
2736 2223 2793 2278 In
2836 2224 3211 2280 Vindoboucn.
3245 2267 3260 2290 ,
3294 2224 3596 2281 Vercellen.
3632 2268 3648 2294 ,

2069 2312 2352 2368 Corbeien.
2380 2321 2434 2366 et
2461 2312 2728 2369 Veronen.
2758 2314 2945 2380 deest,
2967 2315 3024 2369 τὸ
3078 2314 3235 2368 vobis.
3286 2314 3350 2369 Et
3379 2315 3447 2369 ita
3478 2356 3492 2379 ,
3524 2316 3652 2371 illud

2069 2403 2223 2465 vobis,
2257 2402 2408 2457 abest
2432 2418 2460 2456 a
2493 2403 2650 2474 Syro,
2674 2413 2730 2458 et
2753 2420 2780 2457 a
2805 2404 3078 2459 codicibus
3105 2403 3324 2461 Graecis.

2142 2492 2270 2547 Luc.
2302 2507 2421 2564 cap.
2453 2507 2526 2549 xlt
2546 2535 2561 2560 ,
2591 2493 2680 2550 38.
2728 2494 3027 2550 Vindobon.
3059 2495 3120 2552 Si
3144 2497 3330 2551 venerit
3359 2497 3646 2568 veipertina

2071 2586 2198 2640 hora
2226 2588 2420 2657 vigilia,
2447 2588 2672 2652 Veram,
2706 2588 2988 2643 Corbeien.
3020 2597 3074 2643 et
3101 2589 3227 2644 Mm.
3261 2593 3305 2644 si
3327 2592 3516 2644 venerit
3539 2607 3647 2643 ves-

2068 2679 2266 2747 pertina
2291 2679 2501 2750 vigilia-
2518 2664 2724 2734 γεωδιί
2747 2677 2964 2733 codices
2998 2679 3239 2734 nonnulli
3264 2679 3402 2749 apud
3425 2678 3643 2751 Millium

2070 2769 2157 2823 hic
2189 2771 2363 2824 ierunt
2386 2810 2400 2834 ,
2431 2768 2694 2845 Ἐσπιρινῇ
2724 2771 2917 2846 φυλακῇ
2945 2811 2959 2835 ,
2990 2767 3096 2825 hoc
3123 2764 3203 2825 est
3227 2812 3242 2837 ,
3269 2773 3548 2840 vespertina
3576 2772 3652 2824 vi-

2067 2861 2224 2932 gilia,
2262 2848 2394 2932 pro,
2435 2862 2659 2941 secunda
2704 2856 2915 2934 vigilia;
2944 2862 3013 2917 Et
3034 2863 3109 2917 ita
3155 2863 3366 2934 legebat
3391 2863 3646 2929 Marcion,

2070 2962 2209 3008 teste
2238 2953 2555 3023 Epiphanio.

2139 3045 2269 3101 Luc.
2301 3061 2420 3115 cap.
2457 3063 2533 3113 xl,
2565 3046 2650 3101 l5.
2683 3046 3058 3103 Viudobonen.
3085 3088 3101 3114 ,
3138 3046 3408 3122 Yeronen.
3435 3057 3488 3102 et
3509 3047 3643 3103 Cor-

2071 3139 2481 3206 beien.,bonum
2514 3140 2709 3194 datum.
2757 3148 2812 3195 et
2854 3140 2928 3194 ita
2970 3139 3092 3195 cod.
3134 3138 3530 3211 Cantabrigien.
3583 3140 3642 3197 S.

365 3228 700 3298 quibusdam
765 3230 882 3284 aliis
926 3207 1128 3285 Latinis
1161 3244 1289 3285 mss.
1346 3231 1397 3283 in
1439 3230 1498 3286 s.
1548 3231 1736 3285 Irenzei
1777 3231 1868 3286 lib.
1913 3247 1964 3285 IV
1993 3207 2038 3270 C
2068 3232 2382 3288 Ambrosius
2430 3235 2486 3289 in
2515 3233 2607 3288 lib.
2654 3248 2673 3287 ι
2741 3232 2810 3287 de
2834 3232 2974 3302 Spir.
3034 3234 3216 3288 Sanct.
3258 3207 3475 3301 θυμὲ,
3521 3247 3642 3302 pag.

363 3328 570 3381 contra
601 3320 834 3376 haereses
861 3319 991 3376 tom.
1021 3338 1058 3388 I,
1096 3309 1214 3392 pag.
1247 3322 1373 3386 278;
1404 3323 1455 3376 in
1489 3322 1544 3379 S.
1577 3322 1830 3393 Cypriani
1871 3323 1960 3378 lib.

363 3409 445 3464 de
475 3409 687 3466 Unitate
718 3411 975 3467 Ecclesiae
996 3411 1306 3476 Catholicae,
1340 3427 1458 3482 pag.
1485 3412 1591 3467 260
1616 3423 1668 3468 et
1694 3411 1821 3468 266.
1950 3473 1955 3476 ,

448 3500 616 3556 Marc.
647 3517 765 3573 cap.
817 3519 934 3569 vm,
977 3504 1064 3559 15.
1095 3504 1526 3558 Vindobonensis
1555 3521 1671 3574 pro,
1716 3505 1963 3574 Herodis,

360 3590 569 3658 habet,
612 3591 1041 3648 Herodianorum.
1094 3595 1262 3650 Grzcci
1314 3595 1527 3650 codices
1576 3595 1842 3660 nonnulli,
1888 3596 1966 3652 vi-

358 3680 547 3736 dendi
591 3684 729 3748 apud
773 3684 992 3739 Millium
1034 3685 1119 3740 hic
1157 3700 1275 3754 pro,
1311 3673 1568 3756 fermento
1601 3684 1843 3751 Herodis,
1891 3685 1966 3740 fe-

358 3781 530 3836 runt,
581 3777 672 3829 Καὶ
697 3783 789 3835 τῆς
819 3774 980 3847 ζύμης
1021 3775 1353 3850 Ἦρωδιανῶν,
1393 3777 1492 3832 hoc
1520 3787 1623 3840 est,
1666 3781 1964 3846 fermentum

361 3861 827 3936 llergdianorum;
853 3881 1026 3935 neque
1057 3865 1440 3934 spernendum.

443 3955 612 4020 Lttc.,
656 3971 775 4026 cap.
818 3973 874 4023 x,
909 3958 996 4012 15.
1027 3956 1408 4038 ‘Vindoboneu.
1450 3966 1506 4013 et
1543 3958 1812 4015 Veroueu.
1842 3962 1965 4031 quid

353 4063 540 4116 usque
582 4047 636 4100 in
679 4048 880 4114 caelum,
922 4048 1158 4103 Britian.
1189 4066 1300 4118 qutz
1352 4066 1507 4119 usque
1556 4052 1609 4103 in
1660 4051 1859 4104 caelum.
1906 4052 1960 4106 In

351 4138 573 4216 Graeco
596 4137 782 4193 codice
811 4138 1070 4194 hodierno
1100 4140 1378 4212 Maritimus
1409 4152 1461 4194 et
1501 4141 1673 4194 Lucas
1728 4158 1830 4194 non
1864 4142 1964 4195 di!-

350 4231 562 4288 fcrttnt
593 4250 606 4284 ε
648 4233 806 4301 igitur
832 4232 1077 4301 \ulgatus
1111 4235 1373 4300 interpres
1421 4234 1472 4285 in
1506 4233 1691 4286 Graeca
1726 4233 1962 4287 Matthazi

347 4323 655 4391 versione.
679 4322 905 4391 legebat,
954 4328 1022 4392 μή
1052 4324 1145 4381 ἕως
1176 4325 1407 4396 οὐρανοῦ,
1435 4321 1683 4388 numquid
1725 4337 1881 4389 usque
1909 4323 1960 4374 in

347 4417 580 4477 caelum,
616 4414 884 4484 quomodo
929 4427 986 4467 se
1036 4415 1087 4466 iu
1146 4413 1373 4483 quodam
1420 4412 1714 4482 exemplari
1769 4413 1961 4484 legisse

347 4515 611 4566 testatur
641 4508 797 4561 Beza.
1011 4508 1021 4520 '

2065 3325 2191 3392 6M,
2224 3333 2279 3380 et
2297 3325 2538 3387 nonnulli
2562 3325 2775 3380 codices
2808 3324 3078 3396 Evangelii
3102 3327 3393 3380 secundum
3415 3326 3640 3393 Lucam,

2066 3427 2125 3474 ιιι
2145 3417 2311 3473 refert
2347 3418 2484 3473 idem
2509 3418 2565 3472 S.
2607 3416 2926 3472 Ambrosius
2957 3419 3008 3471 in
3048 3418 3191 3472 dicto
3231 3419 3350 3481 loco,
3382 3460 3396 3483 ,
3433 3429 3486 3472 et
3513 3419 3638 3472 Mm.

2068 3509 2320 3580 Spiritum
2338 3507 2526 3562 bonum
2554 3509 2750 3563 datum.
2804 3507 3040 3562 Brixian.
3071 3507 3322 3578 Spiritum
3367 3507 3636 3574 Sanctum,

2065 3609 2118 3654 et
2139 3600 2209 3652 ita
2244 3600 2419 3654 versio
2439 3598 2672 3654 Persica.
2731 3600 3030 3670 Didymus"
3063 3608 3119 3654 et
3160 3601 3333 3654 versio
3376 3599 3590 3670 Syriaca
3620 3640 3635 3664 ,

2065 3689 2319 3761 Spiritum
2362 3689 2662 3743 sanctitatis.
2693 3687 3000 3760 EthiOpica
3049 3703 3176 3744 vero
3201 3688 3357 3745 habet
3385 3730 3399 3755 ,
3456 3689 3640 3742 bonum

2065 3780 2245 3834 datum
2270 3779 2712 3851 Spiritus‘Sancti.

2032 3890 2036 3893 ·
2136 3874 2264 3929 Luc.
2291 3889 2408 3942 cap.
2432 3889 2506 3939 xl,
2537 3873 2632 3928 50.
2667 3871 3036 3926 Vindobonen.
3090 3881 3142 3924 et
3163 3871 3430 3924 Veronen.
3482 3884 3639 3937 usque

2064 3967 2132 4019 ad
2152 3967 2525 4036 generationem
2575 3967 2746 4017 istam.
2790 3973 2844 4017 et
2899 3964 2970 4016 ita
3016 3961 3227 4015 Lucifer
3279 3957 3634 4017 Calaritanus.

2065 4057 2366 4111 Vercellen.
2396 4071 2550 4124 usque
2575 4055 2626 4108 in
2653 4064 2799 4126 gente
2825 4054 2940 4105 hac.

2135 4146 2263 4200 Luc.
2290 4162 2406 4214 cap.
2438 4161 2586 4210 xvnt,
2629 4145 2714 4197 Μ.
2744 4143 3142 4207 Vindobonen.,
3176 4142 3446 4198 Veronen.
3473 4184 3488 4209 ,
3518 4143 3639 4197 Bri-

2064 4237 2230 4300 xian.,
2255 4235 2541 4290 Corbeien.
2582 4244 2636 4288 et
2658 4235 2777 4291 Gal.
2811 4235 2991 4305 magis,
3016 4251 3169 4300 quam
3195 4237 3280 4289 ille
3321 4235 3634 4300 Pharisazus;

2062 4337 2117 4380 et
2149 4327 2217 4379 ita
2248 4328 2424 4379 versio
2449 4325 2569 4393 Syr.
2605 4333 2661 4378 et
2707 4325 2765 4379 S.
2798 4325 3099 4394 Cyprianus
3152 4325 3203 4379 in
3232 4325 3323 4379 lib.
3376 4327 3444 4380 de
3487 4324 3634 4380 Orat.

2064 4417 2277 4472 Domin.
2311 4432 2431 4487 pag.
2465 4415 2570 4471 (ὶΘὸ
2594 4433 2607 4469 :
2633 4415 2689 4469 S.
2725 4415 2974 4470 Ambros.
3023 4431 3233 4486 quoque
3277 4417 3327 4470 in
3355 4416 3446 4470 lib.
3508 4433 3546 4472 ι,
3572 4415 3639 4469 de

2064 4507 2194 4562 Cain
2222 4519 2276 4563 et
2304 4506 2457 4570 Abel,
2492 4523 2610 4577 cap.
2635 4523 2709 4572 lx,
2739 4523 2859 4576 pag.
2893 4505 3019 4574 199,
3043 4509 3229 4577 magis,
3262 4523 3416 4577 quam
3446 4506 3636 4560 Phari-

438 4600 583 4653 Luc.
617 4614 735 4669 cap.
782 4614 875 4663 ιιι,
921 4599 973 4652 8.
1011 4597 1404 4662 Viudobonen.,
1436 4595 1719 4670 Corbeien.
1748 4605 1801 4652 et
1827 4596 1952 4652 Mm.
1982 4575 2038 4635 Ῑ)
2061 4615 2214 4654 saeua.
2245 4599 2371 4654 Mm.
2410 4575 2572 4671 magis
2598 4599 2659 4652 ab
2684 4575 2795 4653 illo.

343 4691 702 4760 conﬁtebitur
729 4693 780 4745 in
808 4693 920 4756 illo,
949 4702 1002 4746 et
1032 4692 1122 4758 ita,
1151 4692 1298 4761 juxta
1339 4691 1513 4746 Graec.
1538 4691 1596 4746 S.
1630 4693 1957 4761 Augustinus

344 4785 413 4839 in
450 4782 694 4849 Speculo
720 4782 787 4836 de
824 4781 1113 4852 Evangelio
1142 4782 1434 4836 secundum
1469 4781 1666 4836 Lucam
1715 4792 1842 4836 tom.
1877 4798 1954 4847 Ili,

342 4882 524 4947 part.
566 4890 605 4938 ι,
639 4891 756 4944 pag.
781 4876 904 4940 770,
934 4885 988 4929 et
1013 4876 1064 4928 in
1093 4875 1350 4930 Sermone
1375 4876 1462 4939 7i,
1491 4876 1557 4930 de
1586 4874 1761 4931 verbis
1785 4876 1960 4930 Evan-

340 4966 505 5036 gelii
532 4964 714 5019 Matth.
746 4967 833 5031 12,
869 4978 996 5022 tom.
1024 4983 1076 5030 ν,
1107 4979 1242 5034 part.
1278 4981 1318 5030 t,
1349 4965 1563 5041 p._401.

437 5058 588 5110 Luc.
629 5071 745 5125 cap.
797 5075 891 5124 xu,
921 5059 1010 5114 45.
1043 5057 1410 5112 Viudobonen.
1441 5068 1494 5112 et
1541 5058 1808 5113 Veronen.
1853 5057 1960 5112 Do-

340 5148 553 5202 minus
581 5149 710 5216 ejus.
737 5149 963 5218 Quidam
1013 5165 1142 5204 mss.
1182 5151 1300 5203 lihri
1341 5150 1457 5204 Div.
1501 5150 1638 5205 Bibl.
1673 5150 1730 5205 S.
1775 5150 1962 5204 Hiero-

345 5237 560 5311 nymi,
581 5236 729 5303 juxta
759 5239 1021 5304 Cra-cum,
1048 5243 1262 5304 habent,
1300 5241 1540 5294 Dominus
1568 5258 1708 5295 suus.

439 5329 590 5383 Luc.
633 5342 748 5396 cap.
787 5345 881 5391 xn,
931 5330 1022 5385 65.
1060 5329 1451 5392 Vindobonen..
1483 5332 1776 5400 Veronen.,
1831 5333 1961 5388 Cor-

337 5425 589 5485 beien.,
620 5418 754 5475 Gat.’
773 5429 827 5473 et
867 5419 989 5472 Mm.
1023 5438 1141 5489 pro,
1172 5440 1357 5485 servos,
1409 5424 1624 5487 habent,
1673 5440 1874 5493 pueros,
1907 5433 1962 5478 et

338 5519 468 5580 ita,
504 5509 725 5580 propius
758 5509 945 5566 Graeco
975 5512 1160 5582 verbo,
1190 5513 1383 5576 habent
1406 5513 1621 5582 quidam
1640 5529 1765 5567 mss.
1800 5513 1954 5568 codd.

342 5607 512 5664 Div.
545 5602 796 5656 Bibliotlt.
831 5601 888 5656 S.
924 5601 1250 5672 Hieronymi.
1320 5613 1322 5616 '

437 5695 596 5748 Luc.
643 5709 757 5764 cap.
795 5710 887 5754 xtt,
926 5693 1010 5746 55.
1045 5691 1342 5746 Vindobon.
1372 5705 1419 5746 et
1457 5697 1649 5750 Veron.
1694 5714 1865 5751 socrus
1910 5701 1961 5751 in

335 5791 658 5854 ipsumtum;
687 5793 791 5838 etc.
819 5782 974 5838 (iant.
997 5783 1166 5838 Graec.
1198 5779 1668 5855 διαμερισθήσονται
1707 5789 1808 5841 hic.
1839 5783 1960 5842 eod.

2134 4694 2294 4748 Marc.
2320 4687 2440 4763 cap.
2470 4709 2540 4759 vt,
2563 4693 2616 4746 5.
2646 4692 3014 4747 V'indobonen.
3035 4733 3049 4754 ,
3081 4690 3380 4746 Vercellen.
3415 4732 3429 4754 ,
3461 4689 3630 4745 Vero-

2061 4803 2208 4852 nen.,
2238 4786 2362 4842 Gal.
2390 4795 2438 4840 el
2482 4785 2603 4838 Mm.
2644 4783 2834 4861 Nonne.
2857 4787 2938 4846 hic
2969 4784 3136 4855 (Gat.,
3357 4791 3410 4837 et
3435 4782 3636 4838 Vindo-

2061 4878 2259 4932 bonen.
2292 4877 2406 4944 iste)
2434 4884 2508 4928 est
2539 4874 2672 4943 fabri
2702 4875 2839 4939 ﬁlius
2865 4875 2886 4925 ?
2916 4873 3086 4926 Graeci
3126 4872 3340 4927 codices
3389 4873 3631 4927 nonnulli

2066 4967 2284 5030 habent,
2317 4969 2430 5036 Οὐχ
2454 4962 2602 5024 οὗτός
2624 4967 2736 5020 ἔστι
2761 4972 2853 5019 τοῦ
2874 4967 3121 5026 τέκτονος.
3169 4966 3244 5018 Ita
3285 4967 3440 5018 codd.
3471 4967 3632 5032 aliqui

2064 5069 2293 5122 veteres,
2323 5066 2457 5111 teste
2489 5056 2732 5124 Erasmo,
2762 5055 2915 5111 Colb.
2950 5059 3002 5123 8,
3041 5058 3210 5112 Paris.
3244 5057 3295 5124 6,
3324 5059 3485 5112 Arab.
3531 5057 3630 5114 Αε-

2065 5149 2260 5216 thiop.,
2292 5157 2400 5201 etc.
2423 5162 2543 5217 qua:
2564 5148 2722 5205 verba
2756 5148 2905 5202 reddi
2936 5149 3374 5218 possuntlLaline
3397 5190 3412 5214 ,
3449 5148 3631 5202 Nonne

2063 5239 2145 5294 hic
2170 5249 2238 5294 est
2265 5240 2402 5314 ﬁlius
2426 5237 2578 5309 fabri,
2605 5240 2689 5293 vel
2727 5239 2983 5293 artificis?
3011 5238 3196 5294 Graeca
3239 5241 3378 5292 enim
3411 5253 3506 5291 vox
3539 5253 3631 5306 ge-

2065 5333 2243 5388 nerica
2268 5340 2384 5396 est,
2439 5340 2492 5385 et
2517 5331 2786 5400 quodlibet
2843 5331 3103 5383 artiﬁcum
3131 5345 3298 5399 genus
3349 5329 3630 5398 signiﬁcat.

2064 5424 2246 5479 Certat
2274 5423 2528 5492 Origenes
2558 5421 2649 5476 lib.
2678 5430 2938 5489 vtlcontra
2969 5419 3210 5482 Celsum,
3257 5420 3401 5471 nullo
3456 5417 3630 5471 Evan-

2041 5501 2324 5586 ‘geliorum
2357 5515 2473 5568 loco
2502 5508 2705 5577 doceri,
2736 5523 2899 5566 artem
2925 5514 3082 5566 ullam
3101 5510 3402 5565 exercuisse
3424 5509 3628 5578 Jesnm,

2069 5623 2386 5677 quamquam
2448 5605 2712 5675 Josephtts
2766 5606 2912 5659 faber
2951 5605 3073 5666 fuit;
3120 5603 3340 5666 dicens,
3397 5603 3631 5676 Οὐδαμοῦ

2073 5708 2169 5754 τῶν
2199 5701 2248 5751 έν
2278 5705 2393 5757 ταῖς
2445 5699 2732 5757 ἐκκλησίαις
2779 5698 3052 5769 φερομένων
3090 5694 3393 5764 Εὐαγγελίων
3450 5699 3634 5749 τέκτων

2068 5789 2225 5844 ἂύτὸς
2257 5786 2281 5842 ὁ
2309 5785 2493 5845 introii:
2516 5779 2913 5857 ἆῦμνέὴραπτὰι.
2948 5784 3193 5854 Plerique
3222 5797 3393 5840 lalttcn
3423 5786 3630 5840 (ϊωδὴ-Μ
