3902 6472
410 454 511 510 iis
553 418 589 479 ί

1769 453 2131 510 PROLEGOM
2141 452 2270 508 ENA
2283 491 2296 508 .

3548 453 3652 508 116

413 583 574 622 manu
603 565 827 632 exarati,
855 579 1145 637 omnesque
1193 567 1334 637 typis
1378 567 1579 636 vulgati
1607 606 1623 631 ,
1673 567 1858 624 Patres
1881 607 1896 630 ,
1923 575 1977 620 et
2002 568 2052 625 Α
2078 563 2511 619 circumstantibus
2559 578 2753 618 mecum
2781 602 2794 625 ,
2831 560 3116 617 Corbeien.
3171 571 3293 643 sunt
3322 561 3531 632 quiduis
3571 561 3655 617 hic

408 660 749 726 interpretes,
777 672 879 711 uno
903 671 1126 712 assensu
1155 697 1170 722 ,
1211 657 1394 712 Jesum
1428 657 1587 709 fuisse
1629 655 1831 709 fabrum
1875 655 1974 708 do—

412 757 555 804 cent.
596 747 871 802 Mattheus
896 762 1015 817 cap.
1039 761 1154 814 xm,
1189 747 1278 814 55,
1309 747 1439 801 fert:
1471 745 1655 800 Nonne
1683 748 1762 800 hic
1801 756 1872 800 est
1899 746 1978 811 fa-

419 839 492 894 bri
521 838 697 905 ﬁlius?

487 928 615 984 Luc.
646 943 763 996 cap.
794 944 888 994 xu,
919 929 1006 984 59.
1035 928 1361 994 Vindobon.,
1418 928 1563 994 Gat.,
1593 928 1716 982 Mm.
1756 937 1810 984 et
1865 928 1978 981 Bri-

413 1021 557 1074 xian.
591 1021 1262 1095 novissimumquadrantem
1290 1021 1500 1084 reddas,
1527 1022 1789 1077 Veronen.
1821 1021 1978 1074 donec

413 1103 563 1165 etiam
590 1111 774 1163 reddas
796 1112 1118 1165 novissimum
1165 1111 1495 1178 quadrantem
1522 1151 1550 1175 ,,
1568 1110 1848 1165 Corbeien.
1889 1128 1978 1163 no-

406 1201 671 1254 vissimum
688 1201 1044 1269 quadrantem.
1069 1200 1124 1253 S.
1148 1199 1381 1253 irenzeus
1411 1199 1462 1253 in
1497 1200 1586 1253 lib.
1608 1215 1622 1252 ι
1644 1199 1831 1253 contra
1869 1199 1978 1254 Har-

412 1306 560 1352 reses
582 1299 708 1345 tom.
737 1306 773 1354 I,
800 1305 918 1359 pag.
951 1291 1074 1357 104,
1106 1291 1265 1344 donec
1299 1290 1485 1344 reddas
1513 1292 1836 1344 novissimum
1855 1309 1980 1360 qua-

414 1383 505 1434 dra
513 1391 666 1434 ntem.

481 1469 612 1522 Luc.
643 1483 759 1537 cap.
786 1483 918 1534 xm,
951 1469 1003 1524 8.
1039 1469 1410 1526 Vindobonen.
1458 1473 1801 1540 permitte.....
1859 1472 1978 1525 mito

415 1577 518 1613 tam
549 1558 820 1626 cophinunt
841 1559 1094 1627 stercoris,
1135 1559 1432 1615 Vercellen.
1462 1571 1516 1616 et
1546 1561 1976 1619 Brixian.........

413 1661 462 1704 et
496 1652 687 1703 mittam
708 1648 986 1728 cophinuut
1013 1653 1250 1706 stercoris
1274 1695 1287 1717 ,
1323 1653 1584 1708 Veronen.
1617 1665 1669 1709 et
1692 1655 1974 1711 Corbeien.

412 1743 839 1796 remitte..........
882 1750 926 1792 et
954 1744 1148 1795 mittam
1167 1745 1439 1811 capitiuum
1473 1746 1727 1810 stercoris,
1753 1756 1803 1797 et
1827 1746 1895 1798 ila
1919 1745 1976 1800 S.

415 1830 688 1893 Paulinus,
721 1831 777 1884 S.
806 1830 1120 1884 Ambrosibs
1142 1831 1194 1882 in
1219 1832 1308 1884 lib.
1343 1846 1415 1896 ιι,
1445 1833 1511 1886 de
1541 1833 1733 1886 Ptnnit.
1758 1849 1875 1902 cap.
1910 1835 1933 1886 1
1961 1873 1977 1894 ,

2075 655 2505 709 circumstantium
2535 669 2634 707 me.
2676 652 2730 708 S.
2761 650 3011 706 Ambros.
3057 650 3112 704 in
3166 649 3260 704 lib.
3306 665 3366 705 ιιι
3401 650 3470 706 de
3522 650 3656 709 Fide

2078 754 2204 798 tom.
2234 759 2292 810 ιι,
2324 758 2445 814 cap.
2474 743 2560 807 12,
2587 758 2704 811 pag.
2733 742 2857 807 5M,
2889 725 3023 810 quod
3047 749 3165 794 sunt
3204 741 3413 810 quidam
3435 743 3652 796 circum-

2075 834 2332 888 stantium.

2148 925 2275 979 Luc.
2307 940 2422 994 cap.
2448 940 2525 991 χι,
2551 923 2605 976 2.
2636 922 3008 977 Vindobonen.
3050 930 3103 975 et
3133 920 3368 974 Brixisn.
3413 920 3534 975 Fiat
3560 939 3651 977 vo-

2084 1015 2252 1069 luntas
2281 1015 2608 1087 (Vindobon.
2643 1015 2948 1082 volumptas)
2976 1023 3082 1077 tua,
3109 1013 3238 1068 sicut
3273 1014 3326 1066 in
3355 1015 3502 1078 creto,
3526 1017 3654 1069 etin

2079 1113 2231 1167 terra,
2279 1106 2577 1160 Vercellen.
2610 1103 2730 1158 Fiat
2775 1103 3007 1158 voluntas
3044 1113 3128 1155 tua
3149 1107 3177 1169 ‘,-
3215 1103 3480 1158 Veronen.
3532 1105 3654 1159 Fiat

2084 1195 2314 1249 voluntas
2341 1207 2427 1249 tua
2451 1197 2503 1248 in
2540 1196 2698 1259 coelo,
2738 1205 2787 1248 et
2816 1196 2867 1246 in
2905 1205 3058 1260 terra.
3096 1193 3268 1248 Graeci
3309 1194 3654 1263 quamplures

2080 1297 2190 1341 tum
2219 1287 2367 1352 editi,
2395 1298 2502 1342 tum
2547 1301 2728 1340 manu
2754 1287 2957 1344 exarati
2983 1325 2998 1350 ,
3026 1286 3239 1354 legunt,
3275 1283 3395 1337 Fiat
3420 1286 3657 1340 voluntas

2083 1393 2188 1445 tua,
2219 1364 2347 1434 sicut
2374 1383 2425 1434 in
2451 1381 2576 1434 caelo
2601 1421 2615 1445 ,
2647 1390 2691 1433 et
2734 1381 2788 1450 in
2830 1387 2983 1433 terra.
3040 1377 3257 1448 Vulgata
3286 1419 3300 1443 ,
3333 1379 3659 1449 plurimique

2082 1471 2297 1524 codices
2318 1472 2533 1538 optima:
2581 1480 2718 1523 notae
2751 1470 2864 1522 haec
2893 1467 3051 1522 verba
3077 1467 3331 1541 omittunt
3358 1509 3374 1535 ,
3405 1469 3659 1539 quemad-

2083 1561 2299 1615 modum
2323 1563 2538 1630 Origen.
2575 1559 2670 1613 lib.
2701 1559 2767 1614 de
2818 1559 3006 1624 Pre'ce,
3031 1575 3133 1629 qua
3181 1559 3249 1614 de
3292 1575 3353 1615 re
3399 1559 3660 1614 videndus

2081 1650 2233 1716 Mill.,
2270 1650 2419 1715 Var.,
2453 1651 2622 1710 Lect..
2653 1649 2759 1715 hic,
2793 1659 2846 1703 et
2867 1650 2923 1703 S.
2971 1650 3317 1717 Augustinus.
3346 1647 3656 1705 Postremus

2085 1744 2138 1798 in
2167 1741 2509 1797 Encltiridion
2536 1742 2599 1794 ad
2631 1741 2883 1794 Laurent.
2914 1755 3032 1810 cap.
3059 1741 3182 1807 116,
3219 1741 3496 1806 advertit,
3521 1739 3656 1796 Ora-

2085 1835 2232 1889 tione
2254 1833 2526 1888 Dominica
2554 1832 2692 1901 apud
2721 1831 2915 1886 Lucam
2961 1821 3195 1902 quinque
3241 1834 3520 1887 dumtaxat
3571 1849 3663 1903 pe—

412 1922 689 1991 pag.,415,
721 1921 851 1974 etin
877 1921 966 1974 lib.
1001 1935 1017 1972 ι
1046 1919 1112 1973 de
1127 1919 1310 1985 Jacob,
1335 1931 1388 1975 et
1407 1921 1526 1975 Vita
1550 1923 1731 1988 Beata,
1765 1938 1882 1992 cap.
1923 1925 1974 1988 l,
2010 1927 2056 1985 B
2085 1925 2298 1978 titiones
2326 1924 2593 1977 contineri
2621 1940 2635 1984 ;
2668 1933 2872 1992 septem
2903 1939 3030 1978 vero
3060 1925 3197 1992 apud
3223 1925 3551 1980 Matthaeum.

411 2028 531 2082 pag.
557 2012 680 2076 445,
715 2026 918 2065 necnon
951 2010 1008 2065 S.
1037 2009 1386 2078 Augustinus.

483 2102 616 2156 Luc.
652 2117 769 2172 cap.
817 2117 925 2154 χνιι
949 2142 964 2166 ,
990 2099 1040 2154 9.
1075 2101 1444 2156 Vindobonen.
1475 2110 1529 2155 et
1556 2102 1826 2157 Veronen.
1869 2120 1981 2174 qua

417 2193 510 2244 sibi
538 2192 782 2261 imperata
803 2201 936 2254 sunt,
970 2189 1266 2244 Vercellen.
1313 2199 1366 2245 et
1405 2191 1642 2246 Brixian.
1697 2208 1982 2263 quasprae-

417 2295 558 2352 cepta
583 2293 697 2338 sunt
720 2285 783 2348 ei,
806 2283 1085 2337 Corbeien.
1121 2283 1236 2335 sibi.
1271 2291 1326 2336 et
1355 2285 1424 2336 ita
1460 2283 1676 2352 quidam
1706 2297 1834 2339 mss.
1868 2285 1976 2339 div.

414 2378 551 2432 Bibl.
589 2379 662 2445 ,S.
721 2376 1027 2446 Hieronymi
1061 2416 1073 2436 .
1125 2375 1184 2429 S.
1228 2375 1476 2428 Ambros.
1527 2377 1581 2429 in
1633 2376 1874 2444 Exposit.
1927 2378 1982 2430 in

413 2470 604 2539 psalm.
633 2483 812 2532 cxvm,
847 2478 974 2521 toni.
1000 2482 1038 2532 ι,
1065 2481 1182 2535 pag.
1221 2466 1355 2520 1179
1385 2508 1398 2531 ,
1433 2467 1626 2532 habet,
1666 2466 1799 2532 quod
1825 2469 1985 2536 impe-

416 2571 582 2614 ratum
603 2569 674 2613 est
699 2562 764 2613 ei.
1090 2617 1093 2621 ,

491 2655 620 2710 Luc.
651 2668 770 2723 cap.
798 2668 934 2717 xvn,
966 2651 1050 2707 18.
1089 2650 1462 2707 Vindobonen.
1525 2668 1625 2705 non
1653 2663 1726 2706 est
1750 2654 1801 2705 in
1838 2653 1940 2706 illis
1969 2693 1985 2718 ,

419 2751 505 2818 qui
535 2749 737 2811 rediret,
761 2757 809 2801 et
839 2747 1030 2818 gratias
1073 2755 1243 2818 ageret
1290 2742 1399 2798 Deo
1427 2786 1441 2810 ,
1477 2744 1773 2800 Vercellen.
1820 2761 1880 2799 ea:
1911 2745 1987 2799 liis

339 2903 343 2905 _
421 2856 521 2894 non
549 2848 620 2891 est
647 2839 906 2902 inventus,
940 2847 1044 2892 etc.
1081 2836 1345 2891 Veronen.
1389 2852 1450 2892 ex
1486 2834 1595 2889 illis
1640 2851 1738 2888 non
1768 2845 1871 2901 est,
1904 2837 1989 2904 qui

421 2932 628 2995 rediret,
650 2940 700 2996 et
723 2930 911 3001 gratias
933 2937 1099 2999 ageret
1128 2928 1231 2982 Deo
1257 2970 1272 2994 ,
1300 2926 1586 2981 Corbeien.
1636 2944 1696 2980 ex
1724 2928 1828 2980 illis
1887 2945 1987 2982 non

425 3035 555 3089 erat,
583 3024 668 3093 qui
689 3021 890 3087 rediret,
911 3029 956 3075 et
985 3021 1176 3090 gratias
1202 3029 1369 3088 ageret
1409 3016 1538 3071 Deo.
1571 3017 1627 3072 S.
1651 3017 1900 3073 Ambros.
1936 3021 1986 3073 in

422 3115 515 3169 lib.
567 3130 582 3166 ι
608 3114 671 3167 de
699 3112 824 3166 Cain
851 3125 904 3166 et
932 3111 1062 3166 Abel
1089 3126 1206 3180 cap.
1238 3111 1268 3166 9
1295 3150 1309 3176 ,
1351 3125 1472 3179 pag.
1525 3109 1646 3174 199,
1681 3125 1781 3162 non
1806 3111 1902 3179 fuit
1931 3127 1990 3162 ea:

422 3207 547 3267 illis,
580 3207 661 3274 qui
686 3205 887 3269 rediret,
917 3214 963 3256 et
993 3204 1182 3273 gratias
1203 3212 1370 3273 ageret
1390 3199 1521 3256 Deo.

2154 2017 2281 2070 Luc.
2315 2031 2431 2084 cap.
2464 2030 2538 2080 χι,
2566 2013 2618 2067 2.
2656 2015 2708 2067 In
2739 2013 3113 2068 Vindobonen.
3149 2025 3307 2083 post,
3345 2013 3501 2068 Pater
3524 2055 3540 2081 ,
3563 2009 3661 2070 ad-

2081 2109 2242 2172 ditur,
2267 2120 2436 2161 sancte
2465 2147 2480 2172 ,
2513 2109 2596 2177 qui
2624 2109 2676 2159 in
2705 2107 2842 2160 caelis
2871 2123 2921 2160 es
2950 2147 2964 2169 ,
2999 2108 3048 2160 in
3098 2107 3401 2162 Vercellen.
3427 2117 3481 2162 et
3527 2107 3661 2163 Cor-

2082 2199 2259 2253 beien.
2284 2206 2475 2262 sancte,
2495 2198 2581 2267 qui
2609 2211 2662 2249 es
2704 2197 2755 2249 in
2773 2197 2927 2260 catis,
2961 2197 3012 2248 in
3050 2196 3314 2250 Veronen.
3337 2205 3392 2251 et
3422 2197 3658 2254 llrixian.

2062 2299 2272 2354 noster,
2295 2289 2380 2359 qui
2402 2306 2453 2342 cs
2480 2289 2533 2342 in
2548 2288 2684 2342 cretis
2715 2287 2791 2359 (in
2811 2287 2933 2343 Gal.
2958 2286 3165 2358 noster),
3197 2297 3252 2342 et
3283 2290 3353 2343 ita
3385 2290 3438 2344 in
3466 2290 3661 2347 Sancto

2084 2380 2394 2435 Ambrosio.
2425 2378 2481 2433 In
2512 2379 2634 2433 Mm.
2667 2389 2859 2433 sancte.
2891 2378 3065 2435 Verba
3115 2379 3227 2443 illa,
3261 2389 3462 2451 noster,
3495 2382 3581 2452 qui
3609 2397 3660 2436 es

2086 2473 2140 2525 in
2161 2473 2316 2536 cretis,
2337 2473 2447 2539 jam
2473 2477 2599 2548 ante
2633 2467 2882 2541 Origcnis
2923 2480 3164 2540 tempora
3208 2475 3489 2544 irrepsisse
3513 2517 3529 2541 .
3569 2490 3660 2547 ap-

2086 2572 2238 2632 paret
2264 2577 2330 2615 ex
2360 2561 2601 2630 ejusdem
2632 2560 2786 2625 libro,
2816 2566 2934 2640 περὶ
2961 2565 3137 2637 silli:
3167 2580 3287 2636 pag.
3318 2567 3406 2622 57.

2160 2651 2291 2705 Luc.
2326 2665 2443 2720 cap.
2477 2667 2571 2716 xu,
2617 2651 2714 2706 11..
2747 2650 2804 2706 In
2827 2651 3205 2708 Vlmlobouen.
3239 2695 3254 2717 ,
3303 2655 3600 2712 Vercellen.
3642 2699 3658 2725 ,

2090 2744 2385 2808 Veronen.,
2410 2752 2463 2798 et
2490 2742 2772 2798 Corbeien.
2800 2743 3012 2816 additur
3033 2785 3046 2810 ,
3076 2754 3124 2799 et
3152 2743 3380 2800 Hierico.
3432 2757 3488 2803 et
3515 2748 3586 2803 ita
3611 2749 3658 2805 in

2090 2836 2244 2894 Coll).
2275 2837 2330 2901 2,
2361 2837 2499 2906 apud
2543 2836 2672 2890 Mill.
2695 2834 2788 2892 τιὸιί
2811 2835 3000 2907 ἱεραώ.

2163 2927 2291 2980 Luc.
2325 2941 2442 2994 cap.
2475 2942 2508 2977 χ
2531 2967 2544 2988 ,
2577 2924 2665 2977 20.
2697 2923 2994 2978 Vindobon.
3015 2965 3031 2992 ,
3063 2925 3200 2979 vobis
3245 2928 3452 3001 subjecti
3497 2942 3651 2999 sunt,

2097 3019 2387 3080 Veronen.,
2408 3018 2616 3086 spiritus
2633 3016 2841 3084 maligni
2856 3017 2990 3070 vobis
3011 3019 3223 3085 subiecti
3243 3033 3382 3087 sunt,
3402 3022 3661 3092 Brixian.,

2093 3111 2360 3164 Harmonia
2392 3109 2758 3162 vobis'sultdita
2785 3120 2920 3162 sunt.
2968 3109 3360 3167 Ambrosiasler
3405 3115 3455 3167 in
3489 3115 3660 3186 Epist.

2093 3199 2536 3255 adllorintbiosl
2587 3215 2704 3269 cap.
2749 3201 2834 3265 i2,
2869 3217 2986 3271 pag.
3024 3202 3149 3255 154.
3193 3201 3487 3260 .Dtemonia
3533 3208 3666 3264 vobis

495 3297 623 3350 Luc.
647 3311 764 3364 cap.
792 3309 900 3360 χιχ,
935 3294 986 3348 8.
1024 3293 1393 3347 Vindobonen.
1421 3294 1465 3345 si
1486 3293 1608 3361 quid
1632 3293 1784 3349 alicui
1813 3292 1992 3361 fraude
2020 3284 2066 3346 C
2097 3290 2325 3361 subjecta
2350 3300 2488 3344 sunt.

422 3388 647 3447 abstuli.
705 3386 982 3440 Corbeien.
1047 3394 1102 3438 et
1158 3383 1391 3440 Brixian.
1452 3384 1708 3453 fraudavi.
1766 3384 1990 3438 Sanctus

425 3475 656 3529 [renatus
681 3475 837 3528 liabet
866 3516 879 3537 ,
916 3483 960 3540 et
996 3476 1040 3527 si
1088 3477 1235 3544 cujus
1275 3473 1398 3540 quid
1450 3473 1703 3543 fraudavi.
1765 3473 1992 3529 Sanetus

427 3567 736 3621 Ambrosius
759 3568 808 3619 in
829 3567 923 3619 lib.
949 3581 984 3618 ιι
1006 3565 1072 3619 de
1095 3564 1224 3618 Cain
1248 3575 1300 3618 et
1329 3562 1463 3618 Abel
1488 3579 1606 3632 cap.
1643 3565 1701 3627 4,
1726 3580 1841 3632 pag.
1864 3566 1989 3631 2H,

426 3659 470 3710 si
493 3659 572 3710 cui
600 3657 789 3722 aliquid
816 3657 997 3726 fraude
1017 3655 1222 3722 abstuli;
1251 3663 1303 3711 et
1331 3656 1400 3708 ita
1427 3654 1810 3725 Chrysologus.

497 3747 627 3806 Luc.
660 3761 775 3814 cap.
801 3762 932 3810 χχιι,
961 3746 1049 3808 51,
1083 3745 1305 3799 Vindob.
1339 3745 1572 3810 expetivit
1599 3785 1612 3807 ,
1645 3755 1696 3797 ut
1730 3761 1814 3798 vos
1840 3748 1997 3802 venti-

432 3840 518 3906 let,
547 3837 828 3892 Corbeien.
861 3845 914 3889 et
943 3836 1177 3888 Brixian.
1209 3874 1223 3898 ,
1256 3836 1526 3902 expetivit,
1558 3844 1609 3886 ut
1637 3849 1722 3886 vos
1759 3835 1994 3898 ventilet,

432 3937 536 3984 etc.
565 3926 906 3982 Veron.......
939 3925 1045 3985 ivit,
1074 3933 1290 3977 ut.......
1325 3921 1408 3974 let.
1438 3922 1494 3974 S.
1525 3921 1750 3974 llilarius
1800 3921 1851 3973 in
1903 3921 1994 3977 lib.

434 4036 468 4074 χ
499 4021 566 4075 de
590 4020 870 4076 Trinitate.
918 4014 1046 4072 tam.
1078 4031 1112 4068 ιι
1142 4056 1155 4081 ,
1189 4029 1306 4084 pag.
1336 4013 1438 4067 518
1463 4054 1476 4078 ,
1507 4013 1741 4085 expetivit
1773 4054 1787 4079 ,
1816 4023 1868 4066 ut
1916 4031 2001 4068 vos

434 4122 680 4172 cerneret;
708 4111 942 4179 ejusdem
971 4123 1100 4162 vero
1123 4108 1179 4161 ὃ.
1205 4105 1394 4159 Hilarii
1433 4105 1600 4158 codex
1637 4103 1999 4170 Colbertinus,

436 4213 491 4257 et
517 4201 606 4254 alii
629 4215 731 4254 non
765 4200 1057 4255 deterioris
1081 4208 1242 4262 Ilotae,
1272 4196 1474 4250 ventilet
1504 4212 1522 4260 ;
1571 4204 1626 4250 et
1667 4197 1736 4250 ita
1761 4195 1818 4250 S.
1875 4194 2003 4250 Am-

437 4295 585 4350 bros.
628 4291 681 4344 in
709 4291 797 4343 lib.
847 4306 903 4344 ιιι
933 4292 998 4346 de
1028 4289 1296 4360 lnterpell.
1335 4286 1434 4342 Job
1464 4302 1579 4356 cap.
1615 4286 1669 4353 5,
1703 4301 1820 4360 pag.
1850 4287 1954 4343 659
1983 4328 2002 4352 ,

442 4397 544 4438 nec
570 4395 674 4434 non
701 4379 1090 4434 Ambrosiaster
1117 4381 1168 4432 in
1201 4380 1370 4447 Epist.
1399 4379 1464 4431 ad
1505 4378 1728 4432 Roman.
1762 4393 1878 4447 pag.
1912 4378 2002 4446 77,

439 4479 497 4532 δ,
525 4473 686 4545 Cypr.
716 4473 767 4525 in
793 4471 883 4525 lib.
915 4469 981 4530 de
1005 4455 1155 4522 Orat.
1199 4469 1406 4520 Domin.
1441 4483 1559 4535 pag.
1588 4468 1716 4532 2η,
1746 4468 2004 4535 altele

391 4596 396 4602 ’
438 4577 495 4623 ut
526 4583 609 4621 vos
640 4572 859 4628 vexaret,
889 4571 995 4618 etc.
1952 4556 1957 4560 '

2167 3383 2296 3438 Luc.
2346 3398 2464 3452 cap.
2520 3399 2650 3449 xm,
2692 3384 2781 3439 25.
2830 3383 3244 3449 Vindobonen.,
3295 3385 3563 3441 Veronen.
3615 3398 3668 3444 et

2097 3471 2333 3527 Brixian.
2366 3471 2597 3554 Domine,
2631 3474 2860 3528 Domine.
2905 3474 3244 3528 Geminattun
3271 3516 3286 3540 ,
3312 3474 3555 3543 Domine,
3588 3491 3667 3536 est

2100 3563 2352 3616 Maltltmi.

2170 3654 2299 3708 Luc.
2335 3669 2452 3721 cap.
2492 3669 2609 3717 χχι,
2637 3655 2722 3707 17.
2756 3653 3124 3706 Vindoboncn.
3150 3694 3165 3720 ,
3199 3654 3320 3708 Gat.
3349 3666 3404 3710 et
3428 3657 3665 3715 Brisian.

2103 3748 2333 3798 omnibus
2361 3746 2668 3797 hominibus.
2701 3755 2753 3798 et
2777 3747 2843 3797 ita
2875 3745 2929 3799 S.
2978 3745 3291 3802 Ambrosius
3317 3794 3329 3815 ,
3357 3757 3448 3805 seti
3476 3751 3674 3806 Beren-

2103 3835 2306 3904 gandus
2335 3835 2387 3887 in
2438 3834 2782 3902 Expositione
2829 3836 2880 3888 in
2911 3835 3266 3908 Apocalypsin
3298 3883 3311 3906 ,
3342 3840 3410 3896 de
3455 3841 3673 3898 Visinne

2104 3940 2175 3988 tv,
2209 3933 2335 3978 tom.
2371 3939 2428 3990 ιι,
2461 3940 2575 3993 pag.
2607 3925 2729 3979 557.
2795 3932 2798 3935 ’
3419 3989 3421 3991 ,

2176 4017 2302 4072 an.
2333 4030 2449 4084 cap.
2496 4032 2530 4069 χ
2561 4057 2575 4079 ,
2617 4017 2705 4070 Al.
2738 4017 2793 4069 In
2843 4017 3214 4073 Vindobonen.
3247 4060 3262 4084 ,
3323 4021 3621 4077 Vercellen.
3654 4065 3670 4088 ,

2106 4106 2374 4160 Veronen.
2418 4115 2472 4159 et
2508 4104 2793 4160 Corbeien.
2841 4107 3032 4161 desunt
3071 4108 3270 4175 verba,
3323 4112 3545 4166 sollicita
3592 4131 3670 4178 es,

2108 4206 2151 4250 et
2199 4196 2417 4249 turbaris
2463 4212 2581 4266 erga
2624 4196 2866 4266 plurima.
2925 4206 2978 4250 et
3032 4199 3100 4249 ita
3149 4197 3205 4253 ὃ.
3254 4198 3569 4256 Ambrosius
3608 4188 3671 4258 lin

2108 4288 2298 4342 Enarr.
2332 4288 2384 4341 in
2416 4288 2548 4357 psal.
2573 4303 2589 4340 ι
2615 4328 2630 4353 ,
2668 4302 2784 4356 pag.
2812 4286 2912 4341 757
2934 4329 2949 4353 ,
2977 4288 3027 4341 in
3060 4287 3301 4358 Exposit.
3329 4291 3459 4358 psal.
3492 4306 3671 4360 (ιιι-ιιι,

2109 4395 2227 4450 pag.
2255 4381 2428 4446 1107,
2457 4390 2508 4435 et
2536 4379 2588 4434 in
2630 4379 2722 4434 lib.
2755 4395 2792 4434 ι.
2845 4380 3088 4450 Exposit.
3143 4381 3344 4451 Evang.
3385 4398 3497 4449 sec.
3543 4384 3673 4441 an.

2108 4470 2347 4540 p.1268.

2179 4561 2310 4615 Luc.
2357 4575 2473 4628 cap.
2522 4577 2588 4626 χ,
2638 4561 2726 4613 42.
2783 4561 2879 4614 Hic
2932 4576 3121 4616 versus
3164 4561 3316 4617 deest
3377 4564 3428 4618 in
3473 4565 3678 4620 Vindo-

508 4656 637 4710 Luc.
671 4669 786 4722 cap.
819 4667 931 4714 xm,
956 4650 1046 4703 27.
1087 4646 1459 4702 Vindobonen.
1492 4647 1659 4700 nescio
1689 4645 1823 4699 unde
1847 4646 1959 4700 sitis
1988 4686 2004 4712 ,
2029 4637 2086 4697 Ῐ)
2109 4653 2307 4708 bonen.
2337 4692 2352 4718 ,
2394 4652 2694 4707 Vercellen.
2734 4661 2790 4708 et
2841 4654 3105 4709 verone".
3147 4665 3308 4725 atque
3350 4656 3401 4711 in
3440 4658 3495 4713 s,
3553 4660 3680 4715 Am-

442 4747 708 4800 Veronen.
738 4785 751 4809 ,
784 4742 950 4795 nescio
973 4739 1105 4792 unde
1132 4738 1265 4791 estis.
1318 4745 1371 4790 et
1397 4737 1466 4790 ita
1495 4737 1554 4790 S.
1585 4735 1901 4792 Ambrosius
1955 4737 2007 4791 in

446 4836 536 4888 lib.
566 4852 580 4887 ι
611 4835 675 4888 de
701 4832 828 4889 Cain
860 4841 914 4886 et
937 4829 1070 4884 Abel
1093 4842 1210 4896 cap.
1244 4827 1296 4891 5,
1347 4842 1464 4895 pag.
1493 4826 1618 4880 192.

516 4925 640 4976 Luc.
671 4938 786 4990 cap.
817 4937 905 4974 xtv
929 4963 941 4985 ,
968 4919 1053 4976 l2.
1086 4917 1455 4972 Vindobonen.
1506 4926 1558 4970 et
1584 4913 1867 4970 Corbeien.
1923 4933 2010 4970 ne-

445 5032 541 5086 que
586 5013 772 5063 vicinos
803 5052 818 5074 ,
858 5026 1009 5076 neque
1036 5010 1252 5074 divites;
1281 5009 1574 5073 Vercellen,
1619 4995 1781 5076 neque.
1822 5007 2006 5077 fratres

449 5117 581 5168 tuos,
612 5101 700 5155 sed
726 5115 814 5151 nec
841 5098 1048 5159 vicinos,
1071 5114 1160 5148 nec
1187 5100 1395 5161 divites;
1427 5115 1488 5150 ne
1517 5102 1644 5166 forte
1672 5108 1714 5151 et
1737 5098 1832 5165 ipsi
1852 5106 1898 5150 te
1929 5098 2008 5150 in-

445 5197 618 5256 vitent;
640 5191 906 5246 Veronen.
933 5201 1087 5254 neque
1117 5191 1296 5256 fratres
1319 5226 1332 5248 ,
1361 5203 1514 5254 neque
1555 5191 1822 5259 cognatos,
1856 5203 2010 5253 neque

444 5287 654 5349 vicinos,
686 5297 843 5350 neque
889 5280 1187 5342 divites;ne
1224 5281 1352 5346 forte
1397 5287 1444 5331 et
1493 5279 1592 5348 ipsi
1632 5289 1676 5330 te
1703 5282 1961 5334 reinvitent
1992 5322 2007 5347 ,

451 5378 686 5434 Brixian.
718 5369 776 5425 ne
801 5372 932 5439 forte
960 5379 1006 5423 ct
1037 5369 1132 5438 ipsi
1162 5369 1425 5422 reinvitent
1451 5379 1515 5422 te.
1561 5367 1617 5424 S.
1642 5369 1935 5438 Cyprianus
1960 5374 2011 5425 in

448 5467 540 5519 lib.
572 5481 627 5519 ιιι
658 5462 1105 5519 'l‘eStitnoniorum
1157 5459 1221 5512 ad
1277 5459 1553 5523 Quirinum
1767 5458 1840 5524 2,
1889 5475 2008 5528 pag.

450 5556 573 5616 572,
607 5569 762 5623 neque
787 5552 971 5621 fratres
1001 5591 1013 5616 ,
1044 5564 1202 5619 neque
1224 5548 1413 5602 vicinos
1447 5591 1460 5616 ,
1514 5566 1668 5621 neque
1714 5549 1924 5615 divites;
1952 5567 2013 5604 ne

457 5653 581 5714 forte
611 5655 653 5696 et
673 5646 766 5706 illi,
785 5643 1044 5698 reinvitent
1066 5653 1130 5695 te.

527 5733 685 5785 Marc.
710 5749 822 5802 cap.
854 5748 967 5799 νιιι,
1009 5733 1098 5788 59.
1143 5729 1514 5792 Vindobonen.
1565 5732 1700 5801 quod
1749 5737 1863 5784 sunt
1898 5730 2010 5798 qui-

420 5860 426 5861 .
475 5823 589 5878 dum
617 5822 1018 5889 circumstantes,
1057 5822 1325 5890 Veronen.
1371 5820 1506 5896 quod
1555 5829 1668 5874 sunt
1713 5819 1918 5891 quidam
1953 5817 2016 5872 de

2116 4743 2319 4797 brosio.

2189 4835 2314 4889 an.
2349 4849 2465 4904 cap.
2499 4851 2621 4900 χιιι,
2650 4836 2739 4889 55.
2772 4834 3149 4898 νίηάοδοιιθηη
3190 4837 3424 4905 omittit,
3458 4841 3678 4898 deserta.

2115 4925 2284 4979 Porro
2331 4925 2500 4980 Greei
2552 4925 2767 4980 codices
2817 4926 2966 4993 multi
3025 4941 3129 4978 non
3183 4925 3398 4994 lerunt,
3431 4931 3629 4984 deserta
3662 4973 3679 4996 ,

2109 5020 2331 5094 ἕρημος;
2364 5033 2535 5086 neque
2579 5016 2634 5072 S.
2685 5017 3028 5088 Cyprianus,
3081 5033 3254 5086 neque
3305 5019 3423 5074 libri
3473 5031 3682 5078 vett-res

2112 5109 2306 5172 Latini,
2331 5124 2500 5177 neque
2526 5109 2698 5162 versio
2742 5109 2956 5178 Coptica
2979 5149 2992 5172 ,
3025 5118 3076 5164 et
3104 5109 3353 5167 Armena.
3396 5111 3508 5180 Qua
3534 5113 3600 5167 de
3625 5129 3682 5168 re

2116 5199 2237 5260 vide
2261 5200 2409 5254 Grot.
2445 5199 2602 5267 Brug.
2633 5199 2763 5252 Mill.
2818 5200 3066 5254 Additum
3120 5199 3329 5255 videtur
3356 5217 3423 5256 ex
3459 5218 3513 5257 v.
3563 5205 3630 5260 53
3660 5243 3677 5268 .

2115 5287 2302 5356 Capitis
2329 5303 2454 5341 mn
2485 5288 2759 5357 Evangelii
2791 5289 2971 5366 Sancti
3002 5288 3257 5344 Mattlirei.

2190 5381 2316 5434 Luc.
2351 5394 2466 5446 cap.
2497 5394 2602 5442 xvt,
2631 5378 2718 5432 21.
2754 5379 2806 5431 In
2829 5379 3127 5433 Vindobon.
3151 5421 3164 5445 ,
3200 5381 3521 5448 Vercellen.,
3579 5381 3682 5434 γε-

2119 5490 2336 5538 ronen.,
2367 5473 2513 5538 Gat.,
2540 5473 2662 5526 Mm.
2693 5480 2744 5524 ct
2776 5473 3010 5527 Brixian.
3042 5474 3238 5529 desunt
3265 5477 3420 5542 verba
3452 5475 3538 5526 illa
3575 5513 3590 5536 ,
3632 5483 3678 5526 et

2119 5580 2262 5621 nemo
2285 5563 2361 5615 illi
2379 5562 2549 5615 dabat.
2581 5572 2634 5616 et
2660 5563 2730 5617 ita
2779 5563 2829 5617 in
2859 5565 3170 5634 quibusdam
3222 5579 3350 5618 mss.
3387 5562 3495 5617 div.
3540 5562 3676 5618 Bibl.

2119 5655 2175 5709 S.
2235 5654 2450 5708 Hieron.
2501 5665 2554 5708 et
2605 5655 2652 5708 in
2706 5654 2919 5710 Praelat.
2978 5659 3036 5712 S.
3106 5654 3370 5712 Gaudent.
3442 5653 3678 5724 episcop.

2127 5743 2358 5817 Brixian.
2389 5746 2452 5799 ad
2487 5746 2721 5801 Benivol.
2754 5730 2808 5803 ut
2834 5747 3202 5803 animadvertit
3249 5744 3330 5798 Cl.
3360 5743 3556 5801 Paulus
3576 5747 3682 5802 Ga-

2128 5835 2339 5890 leartlus
2379 5853 2491 5911 pag.
2527 5839 2592 5895 10
2619 5880 2634 5906 ,
2669 5855 2814 5897 ιιυιιι.
2843 5841 2877 5896 2
2909 5882 2923 5902 ,
2966 5853 3120 5908 quem
3175 5836 3425 5903 consule:
3472 5837 3679 5893 codices
