4288 6516
220 462 312 517 117

940 428 1273 515 ειῐιετοιι
1312 452 1676 511 nunerum
1717 453 1807 510 AD
1848 451 2232 510 EPISCOPUM
2269 450 2704 511 GURCENSEM.

3354 455 3459 511 118

216 591 419 649 quoque
442 575 611 630 Greci
640 589 747 643 non
766 575 920 645 pauci
950 573 1090 643 apud
1108 572 1339 627 .Milliunt
1365 611 1381 636 ,
1406 579 1461 626 et
1488 570 1771 625 Erasmnm
1800 571 1856 630 Α
1956 568 2119 623 Marc.
2167 583 2285 639 cap.
2340 569 2395 633 7,
2448 567 2818 624 Vindobonen.
2846 608 2861 633 ,
2914 566 3227 635 Corbeien.,
3254 570 3373 625 Gat.
3404 580 3459 626 ct

217 683 314 724 non
336 666 553 733 habent,
583 673 631 721 et
658 681 805 720 nemo
832 665 910 718 illi
953 663 1140 728 dabat,
1188 663 1422 731 itemque
1466 660 1777 716 Latinorum

216 759 603 831 quamplurimi.
653 757 849 812 Addita
895 755 1011 811 bam
1035 764 1291 825 putantur
1334 768 1397 808 ex
1444 753 1637 821 capitis
1685 767 1775 817 xv,

216 852 470 917 versiculo
499 851 588 917 16,
620 848 903 922 praesentis
946 847 1261 918 Evangelii,
1303 846 1395 901 ubi
1423 844 1492 901 de
1543 843 1774 913 Prodigo

222 942 325 997 lilio
349 954 529 998 sermo
552 950 657 1007 est,
689 937 917 995 saturari
941 938 1192 1007 cupiente
1223 949 1503 1006 porcorum
1530 933 1733 1004 siliquis
1766 973 1782 998 ,

214 1043 262 1088 et
282 1048 427 1087 nemo
450 1032 531 1086 illi
551 1031 724 1086 dabat.
1201 1064 1205 1067 -

280 1125 407 1181 Luc.
438 1139 556 1193 cap.
585 1139 727 1189 xvn,
756 1123 847 1179 29.
890 1121 948 1176 ln
998 1120 1365 1176 Vindobonen.
1412 1126 1468 1172 et
1494 1112 1782 1177 Corbeien.

213 1218 380 1284 deest,
407 1218 573 1288 ignem
592 1216 657 1271 de
681 1210 825 1293 caelo.
855 1224 909 1270 et
928 1215 1002 1270 ita
1028 1214 1081 1269 in
1104 1212 1163 1268 8.
1196 1212 1339 1267 lren.
1387 1209 1518 1265 Ibid.
1564 1206 1785 1262 Vercel-

213 1311 319 1368 len.
344 1321 391 1367 et
411 1310 633 1381 perdidit
660 1326 854 1368 omnes.
888 1318 942 1363 et
969 1308 1038 1361 ita
1068 1307 1207 1361 idem
1237 1304 1293 1360 8.
1321 1304 1570 1357 lreneeus.
1714 1294 1723 1302 ’

280 1378 548 1471 ιιιοξεερ.
572 1416 665 1465 xx,
691 1400 778 1455 56.
809 1398 1184 1453 Vindobouen.
1234 1404 1287 1449 et
1325 1391 1612 1447 Corbcien.
1638 1378 1809 1459 [nam'

210 1502 323 1546 sunt
346 1490 534 1544 similes
563 1489 757 1559 angelis
779 1485 896 1551 Dei,
924 1487 1044 1557 quia
1067 1526 1081 1551 ,
1114 1495 1220 1540 etc.
1251 1482 1307 1538 8.
1340 1480 1558 1536 Hieron.
1593 1479 1645 1532 in
1687 1478 1781 1532 lib.

212 1592 390 1638 contra
418 1580 572 1635 Joan.
613 1578 843 1633 Jerosol.
877 1586 1007 1631 tom.
1064 1591 1125 1642 ιι,
1158 1589 1277 1645 pag.
1306 1572 1412 1629 129
1443 1613 1459 1639 ,
1507 1570 1597 1625 sed
1636 1578 1784 1625 erunt

212 1673 335 1727 sicut
360 1670 527 1742 angeli
547 1668 665 1734 Dei,
692 1668 850 1736 quod,
878 1679 982 1722 etc.
1044 1730 1047 1735 ⁴

276 1760 403 1817 Luc.
430 1776 546 1831 cap.
579 1774 676 1816 ιιι
706 1800 720 1827 ,
747 1758 831 1815 15.
858 1757 915 1813 ln
955 1755 1326 1812 Vindobonen.
1381 1753 1683 1809 Vercellen.
1729 1759 1785 1806 et

212 1853 489 1909 Corbeien.
519 1852 715 1907 desunt
763 1850 923 1905 verba
952 1850 1043 1903 illa
1069 1889 1084 1914 ,
1132 1858 1179 1902 et
1207 1847 1552 1901 contradicere
1591 1860 1781 1898 omnes.

1886 661 2119 715 Brixian.
2152 659 2249 715 Dei
2278 662 2485 716 summi.
2515 672 2570 717 et
2594 662 2667 715 ita
2694 660 2907 731 quidam
2942 676 3074 720 mss.
3104 661 3213 717 div.
3236 662 3370 717 Bibl.
3395 663 3453 717 8.

1884 750 2216 821 Hieronymi.
2784 771 2789 778 ’

1960 842 2088 895 Luc.
2120 856 2239 912 cap.
2269 857 2323 896 xx
2347 884 2368 909 ,
2395 843 2482 897 51.
2515 842 2884 898 Vindobonen.
2918 851 2972 898 et
2996 841 3143 909 Gat.,
3168 846 3283 914 plus
3304 844 3457 900 Salo-

1887 950 2035 987 mone
2056 934 2159 999 ltic,
2194 935 2429 989 Brixian.
2482 937 2750 1005 plusquam
2785 936 3058 991 Salomone
3095 937 3199 997 hic.
3243 938 3298 993 [tt
3340 939 3455 1007 qui-

1886 1025 2109 1081 busdam
2136 1027 2409 1081 codicibus
2437 1027 2545 1083 div.
2596 1028 2731 1083 Bibl.
2755 1026 2813 1083 8.
2857 1028 3165 1100 Hieronymi
3192 1028 3416 1086 habetur
3436 1074 3449 1093 ,

1888 1116 2006 1186 plus
2033 1115 2307 1170 Salomone
2332 1115 2435 1170 hic.

1960 1208 2089 1266 Luc.
2116 1225 2234 1279 cap.
2261 1225 2371 1276 xu,
2402 1212 2489 1266 58.
2541 1211 2904 1267 Vindobonen.
2956 1220 3011 1268 et
3057 1212 3339 1269 Corbeien.
3388 1217 3457 1269 ad

1887 1301 2261 1371 mgistratum.
2314 1312 2370 1356 et
2419 1303 2487 1356 ita
2510 1302 2568 1357 8.
2592 1301 2906 1359 Ambrosius
2950 1304 3003 1358 in
3053 1303 3147 1358 lib.
3173 1304 3241 1360 de
3290 1304 3455 1360 Tobia

1886 1405 2005 1460 cap.
2030 1391 2083 1456 9,
2111 1408 2228 1462 pag.
2258 1393 2381 1447 601.
2408 1394 2641 1449 Brixian.
2672 1395 2739 1449 ad
2760 1396 3012 1451 Iudicem.

1958 1483 2089 1539 Luc.
2123 1500 2241 1562 cap.
2273 1502 2366 1541 xm
2392 1527 2406 1551 ,
2436 1489 2525 1542 51.
2569 1488 3017 1545 Vindobonen....
3056 1489 3251 1560 gallina
3294 1490 3457 1559 pullos

1887 1581 1979 1633 sub
2003 1580 2113 1631 alas
2144 1595 2284 1643 suas,
2321 1579 2644 1645 \'erccllen.,
2675 1582 3097 1650 quemadmodum
3126 1582 3457 1654 gallina......

1887 1668 1979 1721 sub
2028 1668 2140 1722 alas
2184 1685 2306 1723 suas
2337 1711 2350 1735 ,
2385 1668 2655 1724 Veronen.
2721 1672 2912 1739 gallina
2935 1712 2950 1737 ,
2982 1671 3220 1725 Brixian.
3270 1672 3458 1742 gallina

1890 1759 2056 1829 pullos
2104 1775 2245 1813 suos.
2282 1761 2340 1815 S.
2395 1760 2628 1815 [renatus
2658 1762 2711 1815 in
2760 1762 2852 1815 lib.
2894 1778 2944 1816 tv
2994 1770 3181 1817 contra
3220 1762 3460 1819 Hmrescs

1889 1858 2021 1905 tom.
2056 1863 2096 1912 t,
2124 1865 2242 1921 pag.
2270 1850 2493 1906 281.....
2523 1852 2717 1922 gallina
2744 1853 2910 1922 pullos
2932 1869 3050 1907 suos
3068 1854 3162 1907 sub
3191 1854 3321 1908 alas.
3366 1902 3373 1918 ,

210 1946 274 2002 Ει
302 1946 373 1999 ita
403 1947 455 2000 in
480 1944 539 2002 S.
568 1944 729 2017 Cypr.
759 1943 852 1999 lib.
881 1942 948 2009 ad
971 1941 1357 2013 Fortunatam,
1398 1938 1466 1994 de
1516 1937 1777 1992 Exltorta-
1805 1928 1857 1990 Β
1960 1942 2089 1996 Luc.
2149 1957 2268 2011 cap.
2332 1958 2462 1997 xvm
2497 1984 2511 2008 ,
2565 1942 2654 1997 50.
2717 1942 3089 2000 Vindobonen.
3123 1987 3139 2011 ,
3192 1944 3456 2000 Veronen.

211 2041 350 2092 tione
376 2032 613 2107 Martyril
638 2049 759 2103 cap.
792 2032 882 2101 10,
912 2047 1034 2103 pag.
1063 2032 1187 2087 555.

1878 2041 1931 2087 et
1962 2031 2123 2087 Corb.
2152 2074 2168 2099 ,
2195 2033 2407 2103 recipiat
2435 2035 2635 2105 septies.
2676 2018 2728 2089 et
2757 2035 2828 2089 ita
2857 2035 2913 2091 S.
2944 2033 3109 2107 Cypr.
3141 2046 3198 2093 et
3240 2036 3299 2092 S.
3329 2035 3457 2092 Am-

756 2080 959 2181 Dcsittit
983 2080 1169 2189 Iitei'ba,
1194 2124 1284 2177 sed
1303 2128 1351 2178 et
1369 2163 1386 2189 ,
1417 2123 1470 2175 in
1506 2094 1773 2175 Vindobo-
1877 2116 2024 2177 bros.

208 2234 330 2276 neu.
355 2226 412 2276 et
436 2218 506 2273 ita
533 2219 587 2273 in
618 2217 678 2275 S.
714 2216 997 2287 Augustini
1028 2215 1120 2269 lib.
1170 2214 1241 2268 22
1286 2213 1353 2269 de
1378 2211 1602 2267 Civitate
1634 2208 1728 2265 Dei
1756 2250 1770 2273 ,

211 2320 335 2366 tom.
363 2325 455 2379 vn,
488 2325 610 2380 pag.
636 2309 759 2367 681.
1642 2378 1648 2386 _

278 2402 408 2457 Luc.
436 2415 553 2470 cap.
581 2414 655 2453 xu
681 2441 694 2463 ,
726 2398 818 2453 12.
850 2396 1082 2452 Verbum
1110 2437 1126 2462 ,
1166 2403 1319 2465 putas
1354 2435 1369 2460 ,
1408 2390 1671 2448 omittitur
1721 2389 1775 2445 in

212 2586 280 2639 ita
307 2585 358 2637 in
389 2583 445 2637 8.
468 2579 735 2636 Ambrosii
758 2579 851 2633 lib.
881 2592 900 2631 ι
928 2578 994 2632 de
1030 2577 1223 2632 Ptnnit.
1259 2589 1379 2644 cap.
1406 2573 1439 2628 9
1463 2614 1478 2639 ,
1528 2587 1580 2641 p.
1612 2570 1738 2626 401.

277 2674 404 2728 Luc.
435 2686 553 2740 cap.
584 2684 714 2734 χιιι,
740 2668 825 2724 10.
856 2668 1035 2731 Deest,
1067 2665 1259 2730 omnia,
1289 2661 1776 2731 inﬂindobonen.,

212 2764 506 2819 Vercellen.
534 2770 590 2817 et
615 2760 885 2815 Veronen.
937 2767 993 2813 et
1022 2757 1089 2811 ita
1142 2755 1195 2809 in
1228 2754 1284 2810 8.
1316 2754 1475 2824 Cypr.
1532 2751 1625 2805 lib.
1671 2764 1730 2805 ιιι
1761 2791 1777 2816 ,

214 2853 434 2908 Testim.
471 2851 536 2906 ad
560 2852 711 2917 Quir.
740 2866 860 2919 cap.
886 2850 975 2914 51,
1000 2862 1121 2919 pag.
1151 2846 1275 2901 582.
1579 2850 1582 2855 ‘

170 2997 174 3001 .
284 2943 413 2998 Luc.
441 2958 561 3013 cap.
594 2958 711 3011 xix,
736 2941 831 2998 26.
857 2942 1055 3007 Verba,
1088 2951 1133 2995 et
1164 2936 1474 3003 abundabit,
1504 2935 1701 2991 desunt
1730 2932 1781 2988 in

219 3035 614 3114 \[indobonen.,
642 3034 969 3101 Vercellen.,
994 3033 1279 3088 Cnrbeien.
1311 3040 1368 3086 et
1397 3028 1631 3083 Brixian.
1662 3041 1786 3082 nec-

221 3144 325 3184 non
356 3129 409 3183 in
435 3129 622 3185 Graeco
670 3137 814 3183 textu
840 3169 857 3189 .
884 3136 941 3183 et
969 3130 1021 3182 in
1049 3128 1244 3197 reginae
1288 3126 1578 3182 Suecorum
1607 3135 1787 3180 vetus-

224 3222 344 3277 tiori
370 3236 471 3276 ms.
506 3220 706 3290 Evang.
736 3220 948 3276 Latino.

290 3315 418 3369 Luc.
454 3329 572 3384 cap.
604 3330 716 3381 ιιι,
746 3314 798 3369 8.
834 3314 1016 3378 Deest,
1047 3312 1279 3378 Domine,
1312 3311 1362 3365 in
1392 3308 1789 3376 Vindobonen.,
1817 3293 1868 3359 Ο
1897 3316 2131 3377 exsurget
2152 3306 2284 3360 enim
2308 3322 2428 3376 gens
2454 3324 2607 3377 super
2643 3318 2858 3380 gentem,
2881 3318 2929 3364 et
2958 3327 3169 3381 regnum
3212 3327 3361 3382 super
3389 3328 3467 3365 re-

176 3411 184 3418 '
219 3413 273 3461 et
311 3406 385 3459 ita
424 3406 473 3459 in
520 3391 578 3461 S.
615 3404 753 3460 lren.
784 3403 878 3459 lib.
908 3418 959 3456 tv
1006 3414 1193 3457 contra
1225 3402 1502 3467 Haereses,
1536 3411 1678 3457 tom.
1721 3415 1740 3455 ι
1771 3441 1787 3466 ,

220 3513 341 3568 pag.
371 3498 476 3553 212
498 3537 514 3564 ,
546 3507 600 3553 et
629 3499 683 3553 in
727 3497 785 3553 S.
818 3498 980 3569 Cypr.
1022 3497 1114 3551 lib.
1165 3495 1234 3550 de
1263 3495 1427 3566 Oper.
1480 3502 1539 3550 et
1582 3494 1787 3549 Eleem.

221 3603 341 3659 pag.
364 3589 453 3645 55.
1687 3634 1692 3638 .

290 3680 418 3735 Luc.
444 3692 562 3749 cap.
592 3694 724 3745 χιιι,
752 3680 839 3735 11.
866 3679 924 3734 In
957 3678 1336 3734 Vindobonen.
1372 3716 1387 3743 ,
1424 3674 1694 3731 Veronen.
1737 3682 1793 3729 et

221 3769 502 3829 Corbeien.
534 3770 710 3835 deest,
742 3773 947 3836 domus;
970 3780 1023 3827 et
1050 3772 1119 3826 ita
1153 3772 1205 3825 in
1239 3769 1297 3825 S.
1322 3768 1625 3824 Ambrosio.

301 3861 460 3915 Marc.
489 3874 608 3930 cap.
640 3876 673 3914 ν
697 3902 713 3925 ,
748 3862 799 3914 1.
838 3860 968 3915 Post
1003 3866 1189 3931 fretum
1211 3902 1226 3925 ,
1276 3860 1427 3915 deest
1455 3899 1471 3924 ,
1514 3861 1668 3914 maris
1690 3900 1704 3923 ,
1743 3860 1795 3913 in

227 3949 595 4006 Yindobonen.
640 3949 911 4005 Veronen.
941 3966 943 3969 '
971 3960 1026 4005 et
1065 3949 1300 4004 Brixian.
1346 3959 1397 4005 et
1451 3948 1521 4002 ita
1554 3949 1606 4002 itt
1659 3948 1791 4003 Cod.

222 4043 528 4114 Cantabrig.
560 4042 894 4100 Greece—Lat.

301 4137 464 4193 Marc.
494 4151 615 4207 cap.
641 4153 690 4202 v,
727 4136 814 4192 11.
842 4136 1020 4200 Deest,
1049 4150 1267 4205 magnus
1294 4174 1311 4200 ,
1338 4135 1392 4189 in
1424 4132 1793 4189 Vindobonen.

227 4238 285 4283 et
312 4226 576 4284 Veronen.
608 4228 737 4282 utin
766 4227 946 4281 VerSs.
976 4225 1163 4291 Gotb.,
1192 4226 1346 4294 Copt.
1377 4234 1433 4280 et
1459 4225 1606 4279 Pers.

312 4310 736 4386 Marc.~sap.xit,
768 4316 855 4370 50.
900 4314 957 4368 In
1003 4313 1373 4367 Vindobonen.
1409 4312 1605 4375 deest,
1656 4325 1799 4363 man-

229 4409 428 4493 datum.
457 4416 511 4464 et
533 4408 602 4462 ita
623 4406 678 4461 in
704 4404 974 4474 aliquibus
1011 4416 1139 4457 mss.
1177 4402 1235 4457 8.
1263 4402 1421 4471 Cypr.
1454 4401 1520 4455 de
1548 4400 1798 4455 Oratione

234 4498 529 4554 Dominica.

298 4589 437 4644 Luc.
484 4603 603 4657 cap.
660 4600 732 4640 xu
764 4623 778 4649 ,
847 4584 937 4645 59.
1019 4582 1422 4649 Vindoltonen.,
1477 4584 1745 4640 Vernncn.
1784 4628 1798 4653 ,

232 4786 289 4841 p.
320 4770 442 4825 610.

317 4861 477 4916 Marc.
506 4876 623 4931 cap.
660 4872 776 4927 χιιι,
810 4861 897 4917 19.
947 4862 1317 4918 Vindobonen.
1343 4871 1399 4919 et
1425 4862 1573 4930 Gat.,
1597 4862 1808 4918 tribula-

234 4954 399 5009 tiones
421 4954 565 5021 tales,
586 4962 641 5009 et
659 4954 729 5009 ita
750 4954 857 5009 duo
886 4954 1081 5025 regina:
1109 4955 1401 5010 Succorum
1430 4970 1555 5009 mss.
1587 4955 1691 5009 div.
1722 4955 1808 5009 Bi-

238 5044 436 5100 bliotb.
467 5044 525 5102 S.
562 5044 893 5117 Hieronymi.

312 5135 443 5191 an.
496 5150 611 5207 cap.
653 5152 763 5192 χιιι
795 5177 811 5203 ,
872 5137 959 5190 12.
1033 5134 1410 5191 Vindobonen.
1441 5177 1454 5201 ,
1499 5136 1760 5191 Veronen.
1796 5177 1811 5201 ,

238 5228 527 5285 Corbcien.
556 5237 612 5283 et
637 5225 895 5295 Brixianf,
947 5227 1086 5281 vobis
1107 5226 1354 5281 ostendet.
1396 5236 1451 5282 et
1504 5227 1577 5282 ita
1604 5227 1661 5282 8.
1690 5230 1818 5282 Am-

244 5318 395 5374 bros.

244 5499 485 5554 Brixian.
518 5497 668 5552 homo
688 5496 1057 5565 quidam.......
1093 5498 1253 5555 diues.
1296 5507 1352 5554 et
1378 5500 1448 5555 ita
1483 5497 1695 5555 Lucifer
1714 5497 1819 5554 Ca-

245 5589 403 5643 larit.
502 5595 508 5602 '

276 5863 628 5925 Fortunatum
649 5864 719 5924 de
746 5865 1128 5927 Exhortstlone
1142 5864 1410 5937 'Ilartyrli.

1949 2212 2083 2268 Luc.
2110 2229 2230 2285 cap.
2259 2230 2349 2269 nx
2380 2256 2393 2280 ,
2425 2216 2476 2271 9.
2506 2204 2881 2272 Vindobonen.
2932 2218 3076 2287 ﬁlius
3107 2230 3203 2275 est.
3236 2221 3464 2277 Sanctus

1880 2301 2040 2375 Cypr.
2077 2303 2258 2370 habet,
2284 2308 2593 2373 quoniam’et
2617 2306 2699 2360 hic
2721 2306 2862 2376 [ilius
2880 2318 2951 2369 est
2978 2308 3215 2365 Abrahae.
3328 2351 3334 2357 .

1952 2394 2083 2451 Luc.
2109 2409 2228 2467 cap.
2255 2411 2365 2460 xix,
2398 2396 2486 2449 22.
2530 2396 2901 2454 Vindoboneo.
2929 2441 2944 2464 ,
2982 2400 3283 2456 Vercellen.
3312 2442 3327 2467 ,
3354 2400 3458 2455 Ve-
3492 2458 3495 2459 ν

209 2493 575 2549 Yindobonen.
608 2530 623 2553 ,
655 2488 925 2543 Veronen.
958 2528 975 2553 ,
1014 2485 1301 2541 Corbeien.
1347 2493 1403 2540 et
1445 2481 1677 2537 Brixian.
1722 2489 1779 2535 et
1882 2499 2072 2541 rooen.
2101 2496 2155 2540 et
2184 2484 2471 2547 Corbcien.
2522 2488 2810 2543 tollo.......
2839 2500 2989 2544 melo.
3023 2500 3079 2546 et
3124 2491 3197 2545 ita
3224 2492 3285 2547 S.
3341 2491 3466 2547 Am-

1891 2576 2037 2631 bros.
2065 2576 2119 2631 in
2147 2577 2239 2632 lib.
2274 2579 2341 2633 de
2364 2578 2525 2633 Tobia
2552 2594 2671 2649 cap.
2701 2580 2790 2645 19,
2814 2595 2931 2650 pag.
2961 2582 3088 2637 615.

1953 2668 2081 2723 Luc.
2117 2684 2234 2738 cap.
2263 2685 2374 2735 χιιι,
2404 2670 2493 2725 25.
2525 2669 2897 2725 Vindoboncn.
2930 2712 2947 2738 ,
2979 2670 3280 2728 Vercellcn.
3304 2715 3319 2738 ,
3348 2673 3455 2729 Vc-

1886 2773 2077 2813 ronen.
2102 2770 2155 2813 et
2185 2760 2420 2813 Brixian.
2447 2770 2492 2813 et
2513 2778 2621 2831 ego.
2655 2762 2801 2815 eLita
2830 2762 2889 2819 8.
2918 2762 3171 2820 Ambros.
3202 2767 3253 2820 in
3278 2766 3369 2820 lib.
3393 2766 3460 2823 de

1885 2848 2017 2904 Fide
2044 2849 2354 2904 Ortliodnxa
2369 2862 2555 2905 contra
2579 2850 2829 2920 Arianos,
2864 2862 2996 2909 tom.
3019 2870 3078 2923 ιι,
3100 2840 3224 2927 pag.
3257 2858 3382 2923 557,
3406 2867 3459 2913 ct

1890 2941 1943 2996 in
1976 2942 2068 2996 lib.
2098 2940 2165 2997 de
2193 2941 2357 2997 Tobia
2386 2958 2503 3015 cap.
2541 2944 2626 3011 19,
2660 2961 2778 3016 pag.
2811 2947 2933 3003 615.

1962 3033 2096 3087 Luc.
2157 3048 2278 3104 cap.
2330 3051 2466 3101 xxi,
2537 3037 2623 3090 10.
2688 3036 3041 3107 Vindobon.,
3087 3055 3205 3093 nam
3270 3050 3459 3112 surget.

1892 3122 2167 3191 Brixian.,
2213 3136 2469 3192 exsurget.
2529 3125 2586 3181 S.
2640 3124 2802 3199 Cypr.
2857 3129 2909 3182 in
2959 3129 3051 3183 lib.
3092 3129 3160 3185 ad
3201 3129 3464 3186 Fortuna-

1896 3224 2028 3281 tum,
2058 3215 2125 3270 de
2156 3214 2548 3272 Exltortatione
2596 3217 2831 3291 Martyrii
2861 3234 2979 3290 cap.
3009 3221 3068 3275 11
3096 3261 3113 3288 ,
3161 3235 3280 3292 pag.
3336 3220 3460 3278 551.

1894 3413 2069 3468 gnum.
2144 3438 2149 3443 ι

1963 3488 2095 3543 Luc.
2126 3502 2245 3559 cap.
2274 3504 2405 3553 χιιι,
2436 3490 2489 3545 5.
2523 3490 2916 3560 Yindobonen.,
2968 3493 3262 3563 Veronen.,
3291 3493 3410 3553 Gal.
3446 3536 3464 3566 ,

1895 3578 2021 3633 Mm.
2047 3588 2103 3633 et
2129 3580 2390 3646 Brixian.,
2441 3581 2698 3637 Scarioth.
2731 3594 2786 3639 et
2833 3586 2904 3640 ita
2954 3586 3168 3656 quidam
3210 3602 3336 3653 mss.
3369 3588 3461 3644 lib.

1894 3669 2001 3724 div.
2027 3670 2161 3729 Bibl.
2186 3672 2243 3726 S.
2268 3671 2412 3727 Hier.

1866 3755 1874 3762 ’
1967 3760 2097 3817 Luc.
2148 3777 2266 3834 cap.
2296 3779 2405 3817 χιιι
2431 3804 2445 3830 ,
2486 3764 2540 3817 2.
2581 3763 2953 3821 \lindobonen.
2978 3807 2995 3834 ,
3043 3767 3311 3823 Veronen.
3340 3808 3355 3833 ,
3410 3775 3467 3821 et

1900 3855 2135 3909 Brixian.
2174 3871 2269 3923 pro
2315 3854 2515 3921 Jesum,
2544 3856 2772 3924 habent,
2796 3875 2926 3912 eunt.
2962 3870 3015 3914 et
3040 3860 3111 3911 ita
3138 3859 3359 3912 habetur
3408 3858 3462 3912 in

1899 3946 2211 4015 quibusdam
2236 3960 2363 3999 mss.
2394 3946 2594 4000 Latinis
2621 3948 2745 4001 bibl.
2779 3950 2973 4017 regina:
3001 3948 3314 4001 Succorum.

1970 4039 2130 4093 Marc.
2157 4054 2275 4108 cap.
2302 4054 2397 4103 xu,
2428 4039 2519 4094 29.
2550 4040 2938 4102 Viudobonen.,
2972 4039 3109 4090 Deus
3132 4049 3307 4104 vester,
3337 4038 3466 4095 Ver-

1899 4131 2117 4193 ccllcn.,
2154 4130 2417 4184 Veronen.
2446 4130 2825 4193 ctCorbeien.,
2858 4128 2989 4181 Deus
3016 4137 3203 4183 noster.
3236 4138 3290 4185 et
3311 4133 3376 4184 ita
3402 4132 3461 4187 8.

1902 4220 2131 4273 Hilarius
2175 4220 2225 4271 in
2256 4219 2347 4270 lib.
2384 4235 2438 4271 ιι
2462 4219 2528 4272 de
2558 4220 2815 4272 Trinitulc
2848 4228 2976 4272 tom.
3021 4234 3078 4285 ιι,
3113 4233 3234 4291 pag.
3266 4221 3389 4276 276.
3414 4232 3468 4277 ct

1902 4323 2038 4361 unus
2068 4311 2263 4377 regina:
2286 4308 2578 4363 Succorum
2610 4325 2713 4365 ms.
2747 4311 2839 4366 lib.
2890 4311 3087 4368 divina:
3124 4313 3465 4371 Bibliotheca:

1901 4399 1958 4453 S.
1992 4399 2320 4470 llierouymi.

1976 4490 2136 4546 Marc.
2167 4480 2285 4563 cap.
2313 4507 2407 4559 xu,
2444 4492 2530 4547 52.
2562 4492 2964 4563 Vindobonen.,
2995 4492 3118 4550 bene
3136 4496 3331 4558 dixisti,
3358 4493 3469 4549 lla-

1907 4587 2080 4655 gister,
2104 4586 2156 4638 in
2183 4586 2421 4653 veritate,
2448 4588 2581 4657 quod
2612 4589 2755 4641 unus‘
2771 4589 2835 4642 sit
2864 4586 3003 4642 Deus
3020 4629 3043 4654 ,,
3095 4604 3187 4642 nec
3223 4598 3291 4641 est
3336 4588 3468 4639 alius

229 4680 397 4736 Corb.
431 4720 446 4745 ,
475 4678 596 4734 Gat.
625 4686 680 4733 et
734 4678 966 4731 Brixian.
1012 4676 1281 4747 baptisma.
1321 4687 1375 4734 et
1399 4677 1471 4732 ita
1522 4678 1582 4733 8.
1632 4677 1793 4750 Cypr.
1823 4664 1881 4727 Ι)
1904 4688 2084 4750 prwter
2106 4677 2271 4731 illum.
2296 4686 2351 4732 et
2376 4676 2446 4731 ita
2477 4676 2533 4732 8.
2576 4677 2805 4732 Hilarius
2831 4678 2882 4731 in
2912 4678 3001 4734 lib.
3045 4693 3098 4732 ιιι
3118 4678 3183 4732 de
3217 4676 3473 4730 Trinitate

1909 4782 2036 4823 toni.
2069 4785 2127 4837 ιι,
2161 4785 2276 4839 pag.
2309 4770 2434 4824 276.

1981 4836 2142 4916 Marc.
2163 4836 2289 4930 cap.
2348 4877 2463 4927 χιιι,
2497 4862 2584 4915 52.
2643 4836 3011 4915 Vindobonen.
3044 4870 3097 4915 et
3148 4859 3473 4926 Vel-collem,

1910 4965 1956 5009 et
1975 4956 2117 5018 liora,
2148 4965 2199 5009 ct
2222 4957 2293 5008 ita
2321 4954 2376 5008 S.
2398 4954 2693 5007 Hilariusin
2718 4954 2811 5007 lib.
2846 4968 2862 5007 ι
2906 4953 2971 5009 de
2994 4954 3395 5011 Trinitaletont.
3420 4972 3477 5023 ιι,

1918 5061 2035 5117 pag.
2072 5047 2155 5101 19.

1988 5136 2091 5190 Sed
2118 5136 2227 5203 jam
2274 5137 2405 5189 satis
2448 5137 2606 5191 multa
2658 5138 2861 5205 profudi
2890 5181 2905 5204 ,
2957 5146 3015 5192 ιιι
3052 5139 3387 5194 ostenderem
3433 5139 3486 5193 in

1921 5227 2291 5295 Evangeliario
2314 5227 2710 5283 Viudoboncnsi
2741 5233 3008 5300 antiquam
3032 5232 3270 5285 Latinam
3299 5230 3485 5284 Italam

1921 5320 2209 5375 contineri.
2236 5320 2527 5376 Subtexatn
2560 5337 2698 5375 nunc
2724 5324 2981 5392 integram
3025 5323 3261 5391 ejusdem
3292 5320 3493 5376 codicis

319 5410 451 5474 Luc.
490 5421 610 5477 cap.
646 5422 736 5461 xix
760 5448 775 5469 .
834 5409 919 5463 12.
970 5408 1344 5465 Vindobonen.
1373 5449 1390 5475 ,
1446 5407 1712 5463 Veronen.
1743 5408 1822 5465 let
1923 5409 2360 5481 descriptionem,
2393 5425 2420 5463 a
2450 5410 2530 5464 Cl.
2560 5410 2798 5465 Forlosia
2822 5414 3213 5477 concinnatam,
3247 5425 3347 5464 una
3364 5422 3489 5475 cum

1924 5502 2141 5567 litteris,
2172 5516 2303 5570 quas
2353 5512 2404 5554 tu
2435 5516 2642 5555 mecum
2684 5504 2751 5556 ab
2786 5502 2876 5555 illo
2903 5512 3148 5571 acceptas
3200 5500 3496 5554 communi-

912 5646 921 5657 ,
1459 5624 1465 5630 -
1932 5594 2083 5647 casti.
2114 5594 2215 5646 Eas
2241 5591 2341 5644 edn
2375 5595 2426 5645 in
2454 5593 2645 5657 lucem,
2678 5601 2733 5646 ιιι
2755 5607 3043 5648 memorem
3074 5596 3159 5645 Ide
3179 5602 3388 5647 tuorum
3417 5590 3500 5648 of-

252 5720 259 5725 .
326 5685 457 5736 Luc.
488 5697 605 5751 cap.
659 5680 906 5747 “1,15.
940 5680 1308 5740 Vindobonen.
1357 5696 1411 5742 et
1448 5686 1682 5742 Brixian.
1728 5704 1831 5743 non
1938 5688 1945 5738 1

1808 5706 1831 5742 rt
1938 5685 2173 5738 liciorum
2202 5684 2346 5735 omni
2378 5692 2616 5752 tctnpnre
2646 5688 2873 5738 luturum
2904 5682 3091 5735 isthmc
3139 5680 3302 5737 editio
3344 5685 3501 5754 polli-

250 5772 473 5843 possint.
499 5781 553 5826 et
581 5774 654 5827 ita
680 5773 895 5843 quidam
923 5771 1092 5827 codex
1120 5788 1224 5829 ms.
1259 5774 1321 5830 8.
1354 5776 1517 5848 Cypr.
1564 5780 1617 5834 in
1644 5779 1736 5835 lib.
1764 5778 1832 5835 ad
1939 5783 2139 5829 ceatur.
2165 5760 2444 5829 Hominem
2470 5790 2534 5828 ex
2564 5776 2688 5842 ipsis
2715 5771 2903 5843 agnovi
2925 5772 2999 5827 tui
3028 5772 3499 5851 studiosissimum,

1850 5902 1855 5910 -
1952 5873 2111 5935 atque
2134 5865 2556 5920 amantissimum
2586 5862 2710 5918 mei.
