3902 6456
365 358 460 414 H9

1703 353 2225 413 PROLEGOMENA.

3490 358 3593 413 120

364 469 659 540 Descriptio
698 470 934 541 ejusdem
991 468 1193 524 codicis
1238 468 1664 526 \‘indobonensis
1716 472 1851 523 facta
1895 484 1922 521 τι
1954 472 2003 529 Α
2028 472 2125 539 fuit
2150 472 2405 541 appellata
2438 480 2623 542 :atque
2650 471 2703 524 id
2733 472 2799 525 tid
2827 488 2969 539 eum,
2999 471 3087 541 qui
3118 470 3340 539 sequitur
3367 470 3594 524 modum.

429 562 506 615 Cl.
548 562 669 617 \‘iro
706 562 920 617 Nicolao
965 560 1203 617 Foriosia
1236 562 1370 631 Aug.
1416 560 1750 615 bibliotheca:
1800 574 1921 614 cus-

431 652 551 708 tode
581 653 848 722 primario.

430 784 600 838 Codex
625 785 718 838 iste
754 802 847 838 ms.
881 784 1221 855 theologicus,
1247 782 1437 837 latinus
1484 794 1585 846 est,
1615 781 1927 837 membrana-

356 892 471 929 ccus
492 918 504 937 .
523 892 802 944 purpureus
818 918 833 940 ,
862 877 1041 930 litteris
1061 875 1321 944 quadratis
1341 891 1404 929 ex
1426 884 1635 945 argento
1656 916 1671 939 ,
1691 874 1924 930 in-l'olio.

361 964 566 1019 Constat
600 967 651 1017 in
678 967 947 1035 praesentia
979 965 1117 1032 foliis
1146 976 1347 1019 centum
1371 965 1711 1035 quadraginta
1728 974 1776 1018 et
1800 965 1930 1017 duo—

271 1054 278 1061 ’
358 1058 467 1109 bus.
524 1044 648 1127 Ejus
675 1055 957 1122 amplitudo
1004 1065 1079 1108 est
1106 1056 1266 1109 instar
1286 1058 1429 1127 ejus,
1481 1055 1616 1121 quod
1644 1056 1930 1107 curavimus

361 1163 451 1211 pro
516 1146 863 1198 characterum
903 1147 1207 1223 gecimine,
1259 1147 1577 1215 exetnplaris.
1620 1146 1931 1199 Membrana:

359 1238 509 1289 rubro
530 1238 731 1306 infectae
750 1247 873 1289 sunt
891 1238 1057 1289 colore
1088 1278 1101 1302 ,
1134 1252 1235 1289 non
1267 1245 1430 1290 tamen
1467 1254 1527 1289 ex
1550 1252 1927 1308 mquoqomnes,

358 1328 447 1380 sed
470 1344 559 1395 pro
581 1331 827 1401 cujusque
848 1329 1035 1381 duritie
1052 1368 1065 1392 ,
1090 1338 1179 1381 aut
1199 1328 1470 1383 tenuitate:
1494 1344 1665 1381 earum
1683 1329 1934 1397 pleraeque

358 1420 483 1471 adeo
513 1428 625 1472 sunt
654 1419 890 1483 subtiles,
914 1429 965 1471 ut
990 1434 1073 1472 eas
1102 1434 1203 1471 non
1224 1419 1433 1487 agninos
1463 1419 1617 1487 pelles
1636 1459 1651 1483 ,
1682 1418 1771 1472 sed
1807 1420 1935 1472 vesi-

361 1525 535 1561 carum
565 1525 669 1579 esse
716 1519 860 1576 putes
898 1510 1231 1563 membranas.
1255 1509 1405 1563 Folia
1435 1500 1495 1564 ex
1513 1521 1728 1579 utraque
1748 1511 1935 1579 scripta

361 1609 477 1652 sunt
535 1609 717 1667 parte:
748 1599 997 1667 r'qutelibet
1043 1601 1232 1670 pagina
1287 1600 1668 1667 quatuordecint
1719 1601 1937 1652 continet

362 1688 517 1741 lineas
550 1706 562 1740 :
613 1690 749 1741 linea
801 1704 917 1741 vero
944 1689 1137 1740 litteras
1163 1690 1231 1739 ad
1257 1688 1431 1755 viginti
1477 1697 1657 1755 prater
1708 1696 1934 1756 propter.

367 1776 556 1828 Forma
581 1776 867 1829 litterarum
912 1776 1199 1843 quadrata:
1231 1790 1397 1844 ea’que
1440 1791 1610 1828 omnes
1645 1790 1707 1828 ex
1735 1786 1938 1847 argento

368 1868 640 1935 liquefacto
659 1907 671 1927 ,
702 1868 925 1934 exceptis
960 1867 1042 1929 iis,
1066 1866 1247 1935 quibus
1275 1862 1373 1917 Dei
1391 1864 1625 1930 ,Dontini
1647 1908 1662 1931 ,
1678 1878 1767 1920 aut
1790 1868 1940 1923 Iesus

368 1971 549 2007 nomen
602 1956 845 2018 scriptum
872 1964 971 2020 est,
1000 1970 1111 2025 qua!
1136 1964 1340 2008 suntex
1361 1970 1485 2008 auro
1516 1971 1535 2008 .'
1588 1966 1737 2024 prout
1781 1971 1942 2010 mem-

371 2048 528 2099 brana
553 2047 776 2099 tenacior
794 2086 809 2111 ,
844 2055 931 2099 aut
956 2048 1183 2115 paratior
1200 2088 1212 2109 ,
1246 2048 1317 2099 ita
1336 2046 1560 2103 vividius.
1586 2047 1802 2100 colerem
1820 2089 1834 2112 ,
1858 2058 1945 2101 aut

370 2139 649 2190 litterarum
666 2137 988 2208 splendorem
1003 2148 1183 2191 servat.
1206 2136 1401 2191 Praeter
1413 2138 1560 2191 hosce
1569 2138 1943 2209 quatuordecim

366 2244 564 2294 versus,
588 2230 641 2281 in
686 2229 895 2282 sunima'
910 2231 1097 2300 pagina
1124 2228 1421 2303 (quadratis
1440 2231 1590 2283 etiam
1616 2270 1631 2295 ,
1652 2238 1708 2283 ut
1732 2230 1941 2298 dicitur,

374 2320 553 2370 litteris
570 2360 583 2381 ,
637 2319 726 2371 sed
752 2319 1032 2372 minoribus
1070 2318 1087 2389 )
1114 2336 1145 2372 a
1166 2330 1308 2389 parte
1337 2320 1543 2374 sinistra
1569 2321 1810 2393 scriptum
1833 2330 1939 2388 est,

369 2410 659 2463 scentulum
678 2452 691 2475 ,
716 2426 747 2460 a
762 2408 969 2462 dextera
988 2419 1185 2473 autem,
1214 2425 1241 2462 e
1260 2410 1463 2478 regione
1484 2407 1941 2479 Evangelistarum,

374 2519 549 2555 nomen
582 2505 892 2567 Lucanum,
944 2514 1031 2555 aut
1070 2502 1337 2567 Marcum,
1371 2502 1506 2555 circa
1556 2490 1691 2571 quod
1748 2502 1945 2555 lineola:

370 2596 560 2665 aliquot
582 2595 944 2648 inscribuntur.
982 2594 1131 2661 Quod
1159 2602 1327 2646 autem
1354 2591 1506 2646 Luca:
1531 2608 1708 2646 nomen
1729 2593 1797 2655 ad
1841 2591 1945 2646 La-

374 2686 465 2740 tini
492 2687 815 2756 patronimici
854 2690 1073 2755 formam
1100 2686 1150 2737 in
1184 2684 1452 2738 Lucanum
1483 2700 1746 2753 perperam
1784 2694 1945 2737 verte-

374 2780 485 2841 rit,
542 2778 596 2829 id
647 2778 964 2848 calligrapho
1017 2779 1424 2831 condonandum.
1477 2778 1544 2831 In
1591 2780 1943 2847 quaterniones

375 2870 627 2941 digestum
670 2871 829 2939 fuisse
881 2870 1102 2921 codicem
1130 2879 1341 2937 apparet
1386 2884 1449 2921 ex.
1475 2868 1769 2940 hujusmodi
1815 2870 1945 2923 nolis

376 2958 442 3026 Q.
464 2957 648 3023 XLIII,
673 2968 776 3011 etc.
811 2974 922 3027 qua’
948 2968 1081 3011 nota:
1095 2960 1161 3010 ad
1176 2958 1325 3025 ﬁnem
1343 2958 1585 3025 cujusque
1605 2957 1945 3024 quaternionis

371 3050 427 3106 its
448 3051 547 3103 ima
568 3050 755 3121 pagina
781 3050 1027 3103 visuntur.

2098 562 2139 613 A
2166 561 2294 630 folio
2316 562 2480 627 primo
2497 562 2564 613 ad
2590 562 3129 634 [al.7septuagesimum
3150 564 3399 630 quintum,
3428 558 3601 615 Eran—

2025 652 2213 721 gelium
2242 652 2536 707 secundum
2569 652 2761 706 Lucam
2803 693 2817 716 ,
2841 668 2986 720 quem
3014 668 3208 721 semper
3234 652 3287 706 in
3330 652 3599 707 Lucanum

2026 758 2221 797 versum
2234 743 2463 813 legimus.
2492 742 2603 797 Hoc
2613 753 2778 797 autem
2790 743 2968 812 incipit
2987 744 3039 797 in
3060 742 3230 797 codice
3247 742 3310 795 ab
3328 742 3431 797 illis
3442 744 3603 798 verbis

2016 840 2209 908 capitis
2236 838 2451 903 decimi,
2483 854 2612 891 vers.
2636 838 2872 906 septimi,
2907 838 2987 893 sin
3014 846 3187 890 autem
3210 837 3276 891 ad
3305 851 3399 891 vos
3418 851 3603 891 rever-

2031 938 2199 993 tetur,
2245 938 2349 983 etc.
2384 927 2534 992 Quod
2575 928 2776 980 initium
2800 970 2811 987 ,
2837 930 2966 995 forte
3010 926 3146 993 quod
3171 936 3296 981 esset
3336 926 3553 980 deletum
3586 965 3602 991 ,

2030 1020 2266 1089 mendose
2316 1019 2381 1071 ab
2434 1019 2668 1087 imperito
2718 1018 2898 1070 deinde
2946 1017 3230 1087 suppletum
3271 1018 3435 1069 estad
3471 1018 3608 1069 hunc

2032 1109 2266 1173 modum,
2292 1108 2700 1162 Siuautemavos
2719 1148 2733 1171 ,
2755 1117 2858 1161 ctc.
2882 1105 3079 1160 Desinit
3096 1107 3165 1159 ad
3187 1106 3369 1174 capitis
3381 1107 3608 1176 viqesinri

2034 1202 2187 1265 tertii,
2215 1215 2415 1254 versum
2463 1200 2711 1253 decimum
2741 1201 2793 1252 in
2822 1216 2879 1251 ea
2911 1198 3057 1251 verba
3076 1240 3089 1263 ,
3118 1207 3426 1252 constanter
3450 1187 3620 1253 acqu

2032 1304 2214 1348 sontes
2235 1308 2379 1348 eum.

2106 1405 2147 1457 A
2206 1406 2332 1475 folio
2375 1407 2742 1476 septuagesimo
2778 1415 2917 1459 sexto
2959 1405 3027 1458 ad
3055 1404 3290 1458 ultimum
3346 1403 3610 1473 sequitur,

2038 1496 2369 1567 Evangelium
2400 1498 2689 1551 secundum
2739 1498 2969 1553 Marcum
2990 1540 3004 1563 ,
3055 1515 3083 1548 a
3110 1497 3267 1551 verbis
3298 1496 3479 1567 capitis
3528 1511 3613 1550 se-

2038 1586 2191 1639 cundi
2210 1626 2225 1651 ,
2254 1602 2383 1640 vers.
2416 1588 2614 1657 septimi
2641 1588 2859 1651 decimi,
2892 1587 3015 1641 Sani
3048 1588 3307 1642 medicum
3328 1628 3342 1653 ,
3370 1585 3463 1640 sed
3521 1586 3617 1655 qui

2042 1676 2178 1730 male
2224 1676 2418 1741 habet,
2462 1687 2566 1732 etc.
2610 1675 2673 1729 In
2710 1686 2882 1730 nostra
2947 1676 3165 1745 Vulgata
3202 1675 3446 1741 habetur,
3497 1676 3614 1729 sani

2044 1763 2269 1819 medico.
2300 1763 2501 1817 Desinit
2539 1765 2590 1817 in
2619 1782 2677 1819 ea
2701 1766 2883 1834 capitis
2904 1765 3085 1819 decimi
3110 1766 3307 1833 quarti,
3340 1780 3472 1819 vers.
3520 1765 3617 1818 tri-

2042 1858 2219 1927 gesimi
2243 1858 2368 1911 scxti
2397 1856 2573 1921 rerba,
2618 1856 2764 1911 Abba
2794 1856 2978 1919 Pater,
3012 1856 3281 1927 possibilia
3310 1856 3484 1911 omnia
3519 1855 3616 1910 tilii

2042 1979 2184 2025 sunt.

2115 2061 2193 2114 Ad
2217 2060 2525 2114 educendum
2548 2062 2827 2133 litterarum
2853 2062 3071 2131 formam
3102 2076 3254 2112 unum
3282 2069 3431 2128 atque
3483 2059 3615 2112 alte-

2042 2167 2152 2205 runt
2179 2149 2388 2203 adhibui
2414 2151 2799 2215 delineatorem;
2838 2160 2890 2203 at
2910 2166 3022 2203 cum
3053 2150 3105 2202 id
3126 2165 3187 2201 ex
3237 2165 3348 2202 mea
3373 2151 3634 2203 sententia-

2042 2242 2247 2296 minime
2277 2251 2604 2311 prtestarent,
2650 2257 2707 2295 eo
2757 2241 2891 2307 quod
2917 2241 3184 2310 comptiori
3227 2255 3422 2307 semper
3447 2240 3614 2307 [arma

2043 2351 2127 2389 eas
2156 2334 2447 2399 redderent,
2471 2335 2578 2403 ipse
2604 2336 2846 2403 improba
2869 2332 2986 2386 huic
3008 2350 3175 2402 operte
3204 2349 3409 2386 manum
3431 2333 3614 2386 admo-

2044 2442 2155 2479 vere
2202 2440 2299 2478 non
2340 2425 2535 2494 refugi,
2573 2434 2619 2478 et
2654 2423 2906 2491 pellucida
2952 2427 3125 2477 charta
3177 2423 3251 2476 ita
3306 2422 3509 2491 excepi,
3559 2432 3613 2475 ut

2043 2517 2326 2587 exemplum
2374 2518 2537 2587 ipsum
2575 2508 3278 2588 propius'auigisse‘ttidear.
3328 2512 3613 2569 Crassiores

2044 2607 2221 2661 etenim
2243 2606 2520 2659 litterarum
2552 2605 2731 2659 ductus
2756 2616 2902 2667 sunt,
2952 2605 3039 2659 sed
3086 2605 3139 2657 id
3164 2604 3405 2658 accidisse
3428 2603 3613 2672 opinor

2044 2697 2104 2751 ob
2126 2698 2275 2751 soluti
2303 2697 2500 2766 argenti
2533 2696 2950 2759 crassitudinem,
2982 2710 3093 2763 quae
3118 2709 3217 2748 non
3243 2694 3430 2763 patitur
3470 2692 3609 2757 duci,

2018 2802 2019 2805 ‘
2044 2780 2464 2860 quemadmodum
2487 2787 2745 2857 scriptoris
2773 2788 2880 2841 vult
2898 2804 3073 2840 manus
3100 2796 3369 2841 autmens.

2116 2880 2333 2934 Exhibet
2380 2880 2634 2948 exemﬂar
2664 2878 2851 2932 codicis
2880 2878 3207 2946 manuscripti
3253 2878 3492 2946 paginam
3532 2879 3611 2932 al-

2045 2982 2201 3025 teram
2228 2972 2339 3040 [olii
2364 2971 2618 3025 centesimi
2644 2986 2707 3024 ex
2754 2968 3031 3039 Evangelia
3060 2966 3349 3023 secundum
3378 2968 3610 3024 Marcum

2044 3076 2156 3128 cap.
2186 3075 2255 3114 vu
2276 3102 2291 3125 ,
2329 3076 2457 3116 vers.
2482 3061 2536 3114 4.

740 3140 904 3241 “de:
923 3138 1262 3241 Neapoli/mc
1278 3147 1565 3239 αξρξπωηη
1588 3156 1605 3203 ἶ
1628 3154 1687 3241 εί
1701 3139 1940 3241 Ρῗνίίηαξτ
1970 3168 2014 3230 C
2120 3171 2269 3238 Quod
2298 3212 2313 3235 ,
2358 3172 2403 3226 si
2434 3172 2529 3226 hoc
2557 3180 2703 3241 pacto
2724 3170 2804 3225 Cl.
2836 3170 2959 3224 Viro
2982 3168 3287 3224 Blanchinio
3310 3168 3434 3223 satis
3457 3170 3612 3241 fuerit

372 3231 441 3282 ad
484 3228 835 3293 bibliothecam
863 3228 1074 3280 Patrum
1121 3227 1599 3298 Augustinianoruut
1626 3226 1685 3281 S.
1726 3226 1943 3281 Joannis

374 3322 442 3376 tle
469 3321 813 3375 Carbouaria.
846 3319 1155 3373 Monasterio
1178 3334 1234 3372 ea
1255 3320 1427 3372 relicta
1445 3321 1608 3388 fuerat
1646 3338 1675 3372 a
1697 3320 1944 3373 cardinali

378 3412 667 3481 Seripando
693 3453 706 3475 ,
729 3413 815 3481 qui
845 3410 897 3463 in
924 3412 1137 3464 concilio
1162 3410 1458 3464 Tridentino
1483 3421 1670 3485 sancta:
1697 3412 1944 3465 Romante

376 3504 622 3560 Ecclesia
647 3505 801 3574 legati
825 3520 1009 3556 munus
1034 3502 1205 3556 obivit.
1252 3500 1305 3556 Is
1326 3502 1511 3556 multos
1540 3504 1749 3556 maximi
1795 3505 1943 3571 pretii

373 3596 570 3649 codices
616 3610 679 3647 ex
703 3595 866 3663 legato
909 3594 1237 3660 acquisivcrat
1284 3610 1314 3645 a
1366 3591 1503 3645 lano
1538 3592 1834 3646 Parrhasio.
1877 3591 1943 3644 In

373 3688 541 3754 fronte
569 3687 767 3757 pagina:
794 3685 1004 3757 primte,
1039 3684 1345 3752 Scripandi,
1386 3684 1461 3737 vel
1494 3682 1763 3735 Parrhasii
1792 3700 1967 3736 manu'

373 3776 522 3847 (quae
560 3778 611 3829 in
635 3778 751 3830 aliis
789 3777 938 3829 etiam
963 3777 1215 3845 apparet)
1259 3775 1380 3827 olim
1432 3775 1675 3842 scriptum
1720 3774 1901 3843 legitur
1925 3815 1939 3839 ,

370 3882 633 3921 annorum
658 3867 876 3922 circiter
905 3867 1048 3919 millc
1068 3883 1086 3930 ;
1110 3865 1236 3918 adeo
1261 3874 1316 3917 ut
1343 3880 1402 3917 ea
1428 3864 1623 3917 ratione
1649 3864 1812 3932 quinti
1835 3904 1849 3928 ,
1868 3864 1944 3916 vel

372 3958 499 4011 sexti
521 3958 693 4009 strculi
719 3958 915 4011 habitus
930 3962 1043 4029 jam
1072 3966 1177 4009 tum
1205 3956 1374 4025 fuerit.

452 4045 605 4100 Initio
632 4049 876 4117 cujusque
903 4050 1103 4120 pagina:
1130 4048 1339 4117 majoris
1365 4049 1543 4116 forma:
1570 4045 1763 4107 littera,
1792 4061 1947 4112 eaque

376 4138 596 4191 exterius
620 4178 633 4197 .
671 4141 802 4206 picta
852 4150 961 4203 est;
998 4140 1223 4207 quamvis
1274 4156 1335 4191 cx
1367 4137 1678 4191 iutermediis
1716 4138 1948 4190 dictionis

372 4244 481 4283 esse
500 4229 782 4295 contigerit.
810 4229 898 4281 Sic
924 4232 1073 4281 etiam
1101 4231 1317 4283 initiales
1340 4231 1516 4283 littera:
1552 4230 1794 4299 cujusque
1831 4245 1945 4282 ver-

372 4322 523 4374 siculi
544 4319 859 4391 grandiores.

452 4432 512 4485 !n
542 4432 644 4501 [ine
681 4430 1051 4493 membrorum,
1080 4437 1168 4481 aut
1197 4428 1517 4496 periodorum
1553 4429 1693 4480 nulla
1740 4429 1947 4493 distinc-

375 4528 568 4578 tionum
593 4524 768 4594 signa,
807 4532 987 4591 prtvter
1009 4520 1381 4588 aliquantulum
1406 4519 1559 4587 spatii
1594 4519 1832 4587 majoris,
1886 4535 1946 4571 ac
1972 4518 2024 4577 D

375 4630 436 4666 ne
465 4615 517 4666 id
536 4614 735 4682 quidem
767 4628 981 4681 semper.
1008 4609 1211 4662 Littera:
1242 4626 1411 4661 onmes
1440 4624 1579 4677 tuque
1608 4610 1736 4662 inter
1762 4626 1814 4663 se
1840 4608 1944 4660 dis-

375 4713 484 4756 tant
502 4744 516 4768 ,
541 4704 679 4757 nulla
699 4704 870 4757 habita
898 4704 1048 4755 unius
1069 4701 1305 4753 dictionis
1331 4698 1392 4752 ab
1418 4700 1576 4752 altera
1605 4700 1942 4761 distinctione,

377 4793 475 4844 nisi
499 4808 635 4849 raro.
660 4793 737 4845 Ad
760 4795 907 4860 ﬁnem
938 4791 1161 4859 periodi,
1183 4799 1269 4843 aut
1292 4789 1523 4842 versiculi
1545 4830 1558 4853 ,
1578 4789 1771 4840 nullum
1787 4804 1948 4855 appo-

373 4885 523 4934 situm
564 4892 636 4934 est
670 4893 941 4948 punctum,
990 4883 1077 4933 sed
1128 4892 1318 4933 tantum
1352 4890 1461 4949 post
1504 4880 1946 4947 interrogationem

374 4973 576 5022 unicum
607 4970 930 5039 appingitur,
965 4986 1122 5037 neque
1150 4971 1201 5021 id
1228 4987 1419 5040 semper
1442 4988 1458 5023 :
1485 4987 1594 5038 qua:
1621 4986 1699 5023 res
1725 4971 1790 5023 ad
1814 4971 1946 5021 anti-

374 5061 610 5129 quitatem
651 5065 815 5130 fucere
845 5062 1092 5111 videntur.
1124 5058 1221 5112 Ubi
1243 5059 1427 5111 Divina
1457 5062 1660 5113 nomina
1680 5061 1867 5129 scriptu
1884 5076 1945 5113 ex

373 5168 500 5203 auro
529 5161 670 5214 sunt,
706 5153 773 5203 ad
812 5153 943 5204 latus
981 5160 1241 5215 postrema:
1269 5152 1444 5204 littera:
1472 5164 1711 5219 punctum
1738 5168 1797 5205 ex
1819 5168 1943 5204 auro

373 5243 715 5309 adscriptum,
769 5254 977 5295 ornatus
1022 5245 1209 5310 gratia.
1261 5226 1578 5307 Doleudum,
1608 5244 1741 5312 quod
1758 5243 1939 5305 initio,

377 5333 473 5396 line
492 5375 504 5393 ,
528 5345 571 5387 et
593 5335 899 5387 iutermediis
937 5349 1130 5402 quoque
1151 5335 1287 5402 foliis
1314 5336 1376 5386 sit
1404 5351 1596 5406 quoque
1624 5335 1782 5387 codex
1828 5350 1938 5385 mu-

376 5421 516 5471 lilus.

445 5530 668 5581 lioutinet
691 5541 854 5601 autem
883 5574 895 5595 ,
920 5534 1052 5599 quod
1078 5534 1185 5600 ejus
1226 5546 1478 5602 superest,
1513 5534 1785 5603 Evangelia
1811 5535 1935 5600 duo,

371 5630 486 5685 qua!
534 5621 993 5675 SaltClOI'llluLqu?
1044 5632 1088 5674 et
1135 5621 1298 5675 Marci
1351 5624 1622 5677 dicuntur:
1651 5634 1696 5677 et
1724 5626 1932 5693 quidem

368 5704 514 5754 inata
542 5720 646 5756 eum
689 5708 1112 5775 editionem,qute
1137 5711 1357 5779 Antiqua
1401 5711 1573 5767 Italico
1625 5730 1655 5769 a
1697 5713 1936 5766 Patribus

2046 3262 2236 3331 factum
2256 3303 2271 3328 ,
2295 3263 2387 3316 erit
2417 3262 2469 3315 id
2498 3263 2618 3315 mihi
2648 3272 2749 3315 tam
2777 3270 2975 3334 gratum
3007 3265 3026 3326 ,'
3051 3276 3202 3331 quam
3221 3261 3355 3329 quod
3379 3259 3609 3330 gratissi-

2046 3371 2201 3408 mum.

2042 3549 2186 3603 Cels.
2216 3550 2273 3604 s.
2303 3549 2367 3604 R.
2394 3550 2433 3604 I.
2467 3550 2689 3619 principi
2716 3549 2950 3619 .Iosepho
2968 3548 3159 3604 Comiti
3181 3548 3389 3606 Thunio
3401 3536 3611 3607 Sancta

2113 3642 2401 3697 Gut-censis
2455 3642 2703 3696 Ecclesia!
2749 3642 3030 3711 episcopo.
3086 3640 3329 3697 Nicoisus
3373 3641 3609 3697 Forlosis

2115 3733 2601 3802 obsequentissimi
2626 3748 2694 3790 ex
2725 3734 2904 3788 animo
2928 3734 2985 3789 S.
3019 3734 3080 3790 P.

2118 3907 2339 3985 Benigne
2386 3922 2440 3965 tu
2478 3913 2711 3979 quidem,
2764 3924 2818 3965 ut
2856 3914 3005 3977 soles,
3071 3913 3261 3965 celsiss.
3337 3912 3607 3981 princeps,

2014 4052 2017 4057 .
2045 4006 2180 4075 quod
2208 4002 2499 4072 Evangelici
2518 4001 2707 4055 codicis
2723 4000 3110 4069 descriptionem
3130 4016 3230 4053 non
3253 4000 3504 4070 ingratam
3527 4001 3606 4055 Cl.

2046 4098 2151 4149 viro
2198 4094 2500 4147 Blanchinia
2524 4093 2697 4162 fuisse,
2742 4092 2996 4161 signiﬁces
3024 4091 3299 4159 {apprime
3324 4106 3539 4159 namque
3557 4091 3611 4144 id

2048 4197 2286 4257 gratum,
2337 4195 2526 4254 etquas
2553 4200 2646 4255 par
2697 4193 2812 4247 est,
2856 4183 3011 4237 habeo
3056 4184 3283 4257 gratias;
3334 4184 3423 4236 sed
3457 4185 3631 4237 nolim'

2050 4256 2228 4347 gratia:
2279 4277 2332 4329 id
2366 4276 2554 4347 apponi
2597 4274 2757 4339 mihi,
2806 4274 2941 4343 quod
2986 4276 3162 4327 merito
3202 4256 3312 4327 'luis
3357 4276 3610 4344 paruerint

2038 4366 2238 4438 jussis.
2268 4376 2313 4419 et
2362 4353 2440 4418 illi
2478 4366 2669 4434 fuerim
2687 4366 2945 4418 commode
2973 4365 3253 4419 obsecutus.
3307 4364 3427 4418 Jam
3450 4406 3466 4431 ,
3522 4382 3613 4421 nec

2051 4456 2233 4508 minori
2251 4464 2379 4507 certe
2397 4456 2554 4507 animi
2584 4455 2843 4508 alacritate
2874 4456 3081 4509 studebo
3105 4499 3120 4521 ,
3167 4458 3220 4509 in
3244 4457 3609 4528 perquirendis,

2049 4546 2122 4597 uti
2181 4544 2391 4596 mandas
2424 4538 2459 4605 ,’
2485 4543 2700 4608 Latinis,
2736 4546 2779 4597 si
2825 4546 2911 4613 qui
2935 4556 3047 4600 sunt
3071 4587 3085 4611 ,
3129 4547 3305 4601 Sacra:
3331 4547 3612 4613 Scriptura

2046 4634 2329 4695 codicibus,
2358 4634 2655 4702 quicumque
2683 4634 2849 4687 decem
2874 4636 3126 4703 prioribus
3154 4636 3453 4691 Christiana!
3487 4640 3611 4693 reli-

2049 4723 2216 4791 gionis
2244 4724 2443 4774 saiculis
2472 4724 2645 4789 scripti
2680 4764 2694 4786 ,
2718 4724 2769 4774 in
2794 4724 2925 4792 Aug.
2975 4726 3070 4777 hac
3095 4726 3388 4781 bibliotheca
3417 4744 3613 4783 serven—

2048 4822 2147 4864 tur.
2204 4812 2365 4865 Unnm
2414 4813 2727 4865 solummodo
2765 4813 2887 4865 mihi
2936 4816 3127 4867 veniam
3168 4827 3366 4886 petere,
3413 4832 3613 4875 necesse

2050 4914 2161 4955 est:
2196 4920 2258 4956 ne
2284 4904 2473 4955 scilicet
2505 4944 2518 4965 ,
2553 4912 2649 4955 tam
2682 4920 2891 4973 propere
2934 4904 2990 4955 id
3031 4923 3060 4956 ιι
3081 4921 3158 4957 me
3190 4908 3420 4975 prtestari
3462 4924 3612 4978 posse

2049 5002 2185 5060 putet
2210 4990 2562 5044 Blanchinius.
2617 4990 2714 5043 Ille
2739 4992 2917 5043 etenim
2944 5008 3139 5045 amomo
3176 4994 3348 5048 Italia:
3375 4997 3498 5051 caelo
3523 5016 3610 5053 as-

2044 5094 2211 5137 suetus
2238 5125 2251 5147 ,
2280 5080 2485 5149 [rigoris
2507 5081 2722 5151 regionis
2746 5082 2897 5151 hujus
2919 5083 3144 5151 ignarus,
3186 5093 3233 5137 et
3262 5088 3395 5155 quod
3445 5090 3609 5156 polis-

2045 5176 2221 5228 simum
2252 5184 2354 5235 est,
2385 5170 2709 5225 cbibliothecx
2730 5184 2912 5226 nostra:
2936 5175 3124 5226 inscius
3148 5218 3162 5241 ,
3196 5178 3280 5230 vix
3323 5177 3605 5249 intelliget,

2044 5274 2146 5317 tam
2175 5280 2280 5316 esse
2306 5278 2393 5331 per
2408 5262 2620 5315 hiemem
2644 5264 2938 5317 adeuntibus
2968 5266 3215 5335 ingratam
3245 5309 3259 5329 ,
3290 5277 3336 5320 et
3377 5266 3609 5337 inhospi-

2044 5364 2146 5406 tam
2171 5394 2182 5414 ,
2214 5368 2361 5420 quam
2399 5362 2573 5405 testate
2603 5353 2902 5421 jucundam.
2927 5354 3052 5408 Cum
3100 5359 3319 5427 primum
3352 5357 3509 5425 igitur
3550 5358 3607 5411 id

2045 5446 2152 5503 ﬁeri
2181 5446 2359 5513 poterit
2389 5484 2402 5507 ,
2428 5445 2481 5496 id
2527 5461 2602 5497 me
2648 5456 2936 5500 curaturum
2960 5450 3145 5518 recipio
3174 5489 3188 5511 ,
3217 5463 3277 5499 ac
3304 5448 3349 5499 si
3395 5449 3516 5514 quid
3538 5451 3608 5503 ad

2042 5538 2150 5604 ejus
2176 5552 2279 5589 rem
2304 5536 2458 5603 ,quod
2474 5538 2648 5607 faciat,
2672 5554 2923 5605 reperero,
2937 5541 3027 5593 erit
3049 5539 3171 5590 mihi
3182 5536 3338 5601 vobis,
3353 5538 3605 5609 obtempe-

2042 5642 2178 5678 rasse
2201 5636 2301 5679 tam
2333 5637 2530 5695 gratum
2548 5644 2693 5696 quam
2716 5629 2849 5697 quod
2871 5628 3232 5699 gratissimum.
3262 5627 3350 5681 Sic
3380 5638 3446 5696 te,
3479 5628 3601 5684 σει.
3665 5645 3671 5652 ’

2040 5716 2155 5769 siss.
2193 5714 2437 5785 princeps,
2463 5735 2553 5773 ora
2587 5718 2822 5772 Ecclesia:
2868 5730 2968 5770 tum
2992 5704 3297 5772 incremento
3310 5717 3445 5773 Deus
3466 5712 3599 5789 optia
