4288 6466
1158 229 1193 256 λ

367 381 445 436 ﬁt
1087 381 1420 440 EPISTOIA
1455 379 1812 437 HLANCIIINI
1845 380 1934 436 AD
1974 377 2060 435 ΕΡ

1136 381 1420 440 ΡΙΒΤΟΙΛ
1455 379 1812 437 BLANCIIINI
1845 380 1934 436 AD
1974 377 2356 442 EPISCOPUM
2399 377 2829 435 GURCENSEM.

3497 377 3594 432 1‘31

361 515 463 550 inus
483 509 639 552 servet
661 541 673 563 ,
699 507 942 568 acaptata
964 502 1050 554 tua
1067 504 1318 554 secundet.
1356 500 1494 552 l'ale.
1531 498 1920 562 i’indobonaga.
1955 503 2000 556 Λ
2030 513 2376 570 numnam“;
2425 515 2642 570 membr.
2676 530 2797 570 ἓως,
2838 531 2928 580 χιι,
2973 515 3206 570 comma
3239 513 3354 569 \ch
3387 523 3438 568 οι
3463 513 3593 568 Nov.

361 594 409 644 d.
439 608 490 645 ι.
525 593 626 647 cal.
648 594 835 662 Aprilis
859 635 873 658 ,
903 594 1060 648 1746.

367 701 575 758 Celsiss.
611 705 666 760 S.
714 704 776 758 R.
810 703 851 758 1.
885 705 1106 774 principi
1156 705 1392 774 .loscpbo
1436 706 1642 773 Thunib
1691 707 1922 763 Gurcen.

395 794 643 866 episcopo
669 793 916 850 Nicolaus
946 796 1186 852 Forlosia
1212 798 1270 853 S.
1301 798 1359 851 Ι).
1387 797 1886 862 obsequentissime.

428 953 593 1008 Simul
633 970 693 1006 ac
729 955 860 1008 acris
903 955 1061 1009 hiems
1084 955 1432 1026 praecipitare,
1473 968 1519 1010 et
1565 973 1652 1009 ver
1691 967 1928 1028 appetere

365 1044 526 1114 coepit,
557 1043 685 1096 nihil
713 1043 837 1097 mihi
871 1045 975 1114 fuit
1005 1045 1167 1114 prius,
1213 1062 1364 1114 quam
1406 1056 1459 1098 ut
1499 1046 1752 1100 mandatis
1799 1048 1924 1113 tuis,

365 1129 561 1186 Celsiss.
612 1134 866 1201 princeps,
917 1150 1167 1204 parerem.
1210 1133 1422 1189 Latinos
1465 1136 1630 1204 itaque
1663 1132 1928 1190 sacrorum

363 1222 601 1276 librorum
629 1225 847 1289 codices,
891 1227 980 1296 qui
1009 1227 1062 1279 in
1102 1229 1236 1299 Aug.
1263 1226 1362 1281 hac
1386 1228 1685 1282 bibliotheca
1723 1245 1928 1284 servan-

365 1323 459 1377 tur,
488 1315 811 1384 perlustravi,
854 1332 1075 1385 quosque
1103 1317 1170 1369 ad
1197 1318 1274 1371 Cl.
1321 1317 1613 1372 Blancltinii
1641 1329 1814 1388 Optata
1841 1301 1925 1388 la-

365 1423 467 1460 cere
496 1409 681 1476 reperi,
713 1425 795 1461 eos
835 1408 1092 1472 adnotavi,
1124 1413 1175 1462 et'
1201 1411 1333 1474 .ltuic
1362 1413 1587 1480 epistolae
1616 1429 1706 1480 pro
1737 1414 1927 1468 indicio

363 1497 660 1569 adscriptas,
688 1499 755 1552 ad
784 1509 830 1553 te
857 1501 1022 1553 mitto.
1057 1500 1206 1566 Quod
1235 1502 1278 1554 si
1305 1503 1428 1571 quid
1451 1519 1514 1556 ex
1552 1507 1661 1575 ejus
1695 1521 1789 1557 usu
1820 1510 1929 1574 fue-

365 1587 448 1653 rit,
494 1591 587 1642 erit
634 1591 758 1642 mihi
775 1659 782 1665 ι
803 1592 1144 1661 gratissimum
1162 1609 1180 1657 ;
1212 1605 1286 1656 ut,
1316 1595 1360 1646 si
1384 1611 1496 1663 qua'
1525 1595 1635 1648 loca
1661 1612 1775 1648 cum
1815 1596 1929 1651 Cle-

365 1679 580 1744 mentina
611 1678 833 1733 editione
853 1681 1039 1735 collata
1063 1683 1293 1748 voluerit,
1322 1683 1375 1734 id
1397 1701 1486 1752 per
1509 1687 1664 1738 otium
1690 1697 1930 1756 priestare

365 1785 459 1824 non
487 1772 763 1841 defugiam.
795 1770 924 1843 Ejus
955 1773 1108 1842 igitur
1153 1775 1418 1845 explorare
1445 1777 1510 1829 sit
1554 1777 1737 1839 labora
1765 1794 1825 1830 ac
1853 1779 1928 1831 tui

2101 607 2224 661 Tcst
2235 599 2254 660 .’

2083 720 2246 791 Neap.
2273 720 2797 791 Membr.s:cc.x|).l
2834 724 3106 778 continent
3145 723 3305 778 Vetus
3366 733 3419 776 et
3462 721 3596 777 Nov.

2083 723 2246 791 Neap.
2273 723 2495 776 Membr.
2518 736 2642 776 stuc.
2661 723 2756 790 xl).
2834 724 2973 777 conti

2030 738 2058 884 ξ
2085 814 2482 885 Neap.Membr.
2499 723 2804 885 szcc.xrv).}
2833 814 2978 870 Test.

2030 929 2254 986 Codices
2282 931 2634 1000 posteriorum
2657 930 2998 994 seculorum,
3028 929 3116 998 qui
3150 938 3275 984 sunt
3306 929 3440 983 bene
3458 927 3601 983 mul-

2108 1023 2167 1087 ti,
2199 1022 2327 1076 nulli
2358 1022 2442 1077 bic
2469 1023 2813 1078 adnotantur.

2029 1181 2247 1237 Cclsiss.
2275 1184 2331 1238 S.
2382 1183 2444 1238 Β.
2481 1183 2518 1236 1.
2574 1182 2797 1252 principi
2843 1180 3075 1250 Josepbo
3115 1179 3324 1235 Tbunio
3344 1179 3600 1234 Gurconsi

2111 1275 2403 1344 cpisc0po,
2482 1274 2734 1328 Nicolaus
2809 1273 3044 1328 Forlosia
3127 1270 3605 1341 obsequentissime

2100 1366 2157 1421 S.
2193 1368 2251 1420 Ι).

2107 1503 2224 1558 Mea
2261 1503 2371 1568 tibi,
2403 1503 2607 1559 Celsiss.
2659 1505 2912 1573 princeps,
2956 1504 3170 1576 parendi
3215 1501 3405 1568 studia,
3429 1511 3477 1555 et
3523 1503 3606 1570 ge"-

2031 1597 2176 1648 nium
2235 1596 2288 1648 in
2338 1597 2652 1667 hujusmodi,
2703 1612 2828 1662 quos
2876 1597 2955 1650 Cl.
3004 1593 3339 1649 Blanchinius
3399 1595 3604 1661 expetit,

2031 1685 2305 1748 laboribus,
2341 1687 2437 1738 nisi
2469 1687 2592 1738 satis
2631 1687 2838 1755 probata
2868 1684 3112 1739 hactenus
3155 1685 3292 1738 vobis
3340 1699 3444 1736 esse
3485 1699 3606 1737 cono

2031 1776 2269 1845 ﬁderent.
2298 1791 2355 1827 ea
2385 1777 2536 1845 facile
2564 1775 2829 1828 suaderent
2859 1785 3125 1844 postrema!
3147 1775 3212 1827 ad
3233 1783 3298 1834 te,
3327 1789 3452 1843 quos
3469 1764 3607 1836 dedi,

357 1863 551 1934 jubere.
588 1861 673 1915 Sic
705 1873 751 1916 te
794 1862 930 1917 Deus
975 1881 1065 1934 pro
1113 1863 1356 1920 Ecclesia:
1396 1877 1496 1920 tua?
1538 1868 1686 1934 bono,
1733 1879 1778 1920 et
1824 1884 1932 1922 meo
1964 1872 2011 1931 B
2039 1867 2241 1920 litteram
2284 1864 2347 1918 In
2369 1867 2433 1920 iis
2474 1867 2654 1936 etenim
2698 1883 2798 1920 non
2827 1867 3016 1934 {rustra
3056 1866 3222 1929 innui,
3271 1865 3313 1917 si
3355 1879 3610 1934 qute‘ma-

368 1953 599 2022 prtesidio
624 1965 779 2009 servet
807 1955 1128 2009 incolumem.
1164 1955 1652 2023 i'ale.l’indobome,
1683 1975 1732 2010 (ι.
1769 1959 1822 2011 d.
1853 1975 1924 2013 ix.

367 2045 464 2098 kal.
489 2045 631 2112 maii,
664 2045 824 2100 mo.

371 2155 442 2208 Ex
488 2159 622 2225 Aug.
670 2154 986 2212 bibliOIbeca
1034 2158 1275 2212 Caesarea
1325 2159 1713 2213 Vindoboocnsi
1758 2175 1937 2214 sacro.

437 2259 551 2296 rum
590 2246 878 2300 Bibliorum
909 2246 1120 2301 codices
1143 2247 1293 2314 juxta
1322 2248 1562 2301 ordinem
1593 2249 1654 2302 ν.
1689 2249 1748 2302 C.
1784 2249 1929 2304 Gen-

439 2336 612 2389 tilotii.

369 2446 430 2501 L.
462 2447 939 2518 Quinquagesimus
963 2450 1129 2505 codex
1164 2451 1352 2506 Tbcol.
1388 2451 1604 2506 Latinus
1643 2463 1743 2516 est,
1770 2469 1938 2507 mem-

439 2541 762 2606 branaccus,
804 2543 1228 2612 antiquissimus,
1275 2546 1373 2598 sub
1419 2546 1574 2597 linem
1608 2547 1784 2600 sa'culi
1848 2562 1936 2602 vttt

439 2643 531 2687 aut
577 2635 781 2688 initium
830 2651 903 2697 Ix,
934 2635 1128 2690 litteris
1173 2635 1412 2690 rotundis
1445 2636 1672 2704 scriptus
1717 2637 1938 2705 sumpti-

441 2723 540 2778 bus
565 2724 797 2778 Radonis
837 2725 1057 2779 Abbatis
1087 2725 1144 2780 S.
1193 2726 1408 2779 Vedasti
1456 2727 1822 2781 Atrebatensis
1870 2727 1937 2780 ab

440 2815 504 2869 Α.
529 2812 653 2868 Cltr.
687 2815 811 2880 795,
847 2832 1014 2887 usque
1033 2817 1098 2871 ad
1122 2817 1187 2870 A.
1217 2817 1342 2873 8l5.
1367 2817 1461 2870 llic
1486 2834 1610 2871 vero
1639 2818 1937 2884 descriptus

440 2922 467 2961 a
500 2907 781 2963 Lambecio
813 2908 908 2964 lib.
941 2926 975 2964 ιι
1033 2909 1484 2965 Commentarior.
1515 2926 1542 2963 a
1573 2926 1690 2980 pag.
1721 2912 1839 2975 102,
1872 2927 1939 2968 ex

439 3013 547 3070 quo
574 3011 821 3073 excerpta
853 3001 1033 3056 retulit
1056 2999 1286 3056 Jacobus
1315 3001 1388 3056 Lc
1416 3001 1583 3071 Long,
1613 3002 1750 3056 Bibl.
1785 3003 1934 3058 Sacr.

438 3090 591 3148 'l‘om.
623 3109 659 3158 ι,
695 3107 813 3162 pag.
859 3094 984 3153 5'56.
1012 3093 1248 3156 continet
1277 3091 1443 3146 Biblia
1474 3092 1634 3146 Sacra
1667 3093 1940 3162 utriusque

432 3169 783 3238 .Testamenti.
827 3183 1075 3237 Codicem
1105 3194 1261 3235 totum
1291 3183 1554 3235 ruinosam
1582 3182 1716 3236 falso
1757 3185 1938 3252 appel-

439 3273 554 3339 lari,
586 3274 659 3328 ait
683 3274 1024 3339 Gentilotius,
1069 3289 1166 3327 nec
1202 3273 1336 3327 adeo
1383 3272 1432 3326 id
1465 3287 1649 3326 verum
1692 3287 1812 3326 csse
1844 3257 1935 3326 ne-

437 3373 526 3433 gat
554 3380 567 3417 :
609 3381 724 3417 nam
754 3366 1002 3437 fugientes
1032 3363 1215 3417 alicubi
1241 3364 1454 3429 litteras,
1488 3363 1530 3429 si
1565 3361 1738 3415 oculos
1775 3363 1937 3416 inten-

436 3455 561 3522 das,’
575 3457 870 3526 plerumque
894 3471 1181 3524 asscquare.
1781 3512 1784 3516 ί

380 3543 599 3668 intui.
623 3591 1056 3646 Membranaccus
1083 3589 1207 3643 anni
1241 3589 1395 3645 1541.
1419 3543 1736 3693 imminent
1768 3543 1932 3651 mwa

381 3672 398 3693 ι
1460 3639 1663 3693 Veteris
1708 3649 1759 3693 et
1801 3639 1932 3693 Novi

1503 3641 1663 3694 eteris
1708 3649 1759 3693 et
1801 3639 1935 3693 Novi

378 3672 597 3801 ἒχειν.
639 3705 1075 3759 Membranaccus
1103 3721 1230 3758 ειυς.
1265 3703 1393 3771 xw).
1418 3672 1436 3798 ς

363 3823 525 3878 XCV.
567 3822 1006 3878 Membranaceus
1056 3837 1182 3876 szcc.
1246 3840 1296 3876 ς.
1331 3824 1496 3878 codex
1547 3825 1764 3876 mutilus
1812 3836 1937 3876 eon-

438 3918 569 3972 tinet
595 3916 902 3986 prepbetas.

361 4029 470 4086 CL.
514 4029 943 4085 Mentbranaceus
975 4043 1101 4083 Sicc.
1137 4046 1189 4093 χ,
1223 4028 1456 4083 continet
1491 4038 1720 4098 quatuor
1767 4027 1938 4080 Evan-

435 4121 593 4192 gelia.

362 4233 586 4290 CCLIX.
630 4235 922 4290 Membra".
955 4251 1077 4288 sscc.
1110 4251 1164 4296 x,
1194 4234 1437 4286 continet
1467 4234 1596 4284 Acta
1646 4233 1943 4336 Aposlolg;

439 4342 576 4388 rum.
609 4326 894 4394 Epistulam
923 4323 1128 4386 Jacobi,
1159 4335 1211 4375 ct
1247 4325 1338 4389 Ep.
1374 4322 1514 4374 Petri
1548 4321 1789 4388 primam.

358 4415 667 4472 CCLXXX.
709 4415 930 4469 Membr.
966 4428 1090 4466 saec.
1123 4413 1445 4476 x1,mutilus
1510 4411 1745 4464 continet
1785 4410 1938 4466 Salo-

439 4509 614 4562 monis
649 4506 958 4566 Proverbia,
982 4516 1035 4558 et
1063 4505 1252 4558 librum
1285 4504 1590 4572 Sapientiae.

2039 1958 2413 2025 uuscriptor'um
2455 1960 2566 2010 loca
2609 1959 2826 2026 conferri
2868 1975 2982 2010 cum
3044 1956 3264 2026 Vulgata
3297 1956 3515 2009 editione
3557 1971 3611 2006 o-

2039 2060 2278 2122 porteret,
2331 2065 2409 2102 me
2454 2051 2507 2103 id
2557 2051 2919 2118 prtcstiturum.
2975 2044 3051 2103 E'a
3092 2065 3212 2102 sane
3252 2051 3466 2112 ratione,
3511 2063 3612 2116 qua

2041 2143 2268 2209 possum,
2312 2160 2390 2210 me
2419 2143 2507 2194 tibi
2550 2143 2727 2195 obtuli.
2766 2141 2937 2194 Talem
2968 2149 3130 2192 autem
3176 2140 3434 2208 inreptare
3473 2139 3612 2192 labo-

2039 2248 2165 2297 rem,
2211 2233 2500 2297 diutiusque
2562 2231 2862 2302 perdurare,
2908 2232 2960 2283 in
2989 2245 3088 2299 quo
3131 2230 3371 2282 incubare
3414 2229 3612 2290 oculos,

2039 2325 2248 2392 prapius
2295 2324 2614 2387 admovendi,
2661 2332 2707 2376 et
2736 2321 2926 2392 ﬁgendi
2973 2337 3146 2384 causa,
3190 2337 3318 2388 opus
3361 2321 3444 2383 sit,
3489 2317 3612 2371 milii

2041 2421 2147 2483 fere
2193 2419 2389 2488 μύωπι,
2424 2432 2523 2468 non
2555 2417 2687 2478 licet,
2720 2431 2808 2486 per
2847 2415 3080 2482 pectoris,
3114 2429 3263 2483 quant
3294 2413 3479 2482 patior,
3517 2412 3612 2463 im-

2041 2507 2386 2561 becillitatem.
2442 2508 2627 2560 Sacros
2676 2507 2846 2574 itaque
2891 2506 3088 2558 codices
3149 2504 3440 2573 conferendi
3488 2519 3612 2556 onus

2039 2599 2356 2667 suscipienti,
2389 2599 2569 2668 fallere
2599 2613 2797 2650 necesse
2843 2605 2991 2658 esset,
3039 2611 3191 2664 quam
3229 2596 3480 2648 exsolvere
3525 2610 3612 2647 ne-

2039 2705 2190 2758 queo,
2239 2690 2412 2756 ]idem.
2448 2689 2510 2740 At
2539 2690 2582 2740 si
2614 2691 2744 2756 forte
2773 2688 2880 2740 lieic
2923 2686 3240 2770 reperiantur
3284 2694 3382 2738 tua:
3431 2684 3612 2737 dicere-

2040 2798 2150 2835 seos
2181 2782 2509 2836 ecitlesiastici
2537 2782 2658 2842 duo.
2689 2797 2899 2862 quqrum
2931 2781 3210 2850 diligentia!
3237 2780 3290 2832 id
3310 2779 3612 2832 committere

2043 2874 2227 2942 possis,
2256 2875 2328 2927 eis
2350 2889 2430 2926 me
2452 2874 2692 2936 libenter,
2724 2874 2776 2926 in
2803 2874 3069 2944 captandis
3094 2873 3403 2942 fugientibus
3437 2873 3613 2926 litteris

2041 2974 2226 3035 praesto
2275 2965 2505 3034 futurum
2569 2965 2830 3034 promitto.
2883 2963 3146 3028 Pluribus,
3198 2963 3473 3016 excusandi
3517 2963 3614 3015 mei

2041 3059 2230 3125 gratia,
2283 3055 2528 3121 abstineo,
2575 3055 2734 3108 ne'de
2779 3067 2865 3108 tua
2889 3071 3007 3124 erga
3032 3071 3110 3108 me
3140 3056 3497 3118 benevolentia,
3527 3062 3614 3106 aut

2042 3145 2106 3197 de
2133 3160 2215 3209 ea,
2244 3162 2342 3214 qua
2373 3149 2511 3216 apud
2547 3144 2906 3198 Blancliinium
2952 3145 3108 3202 vales.
3160 3149 3225 3195 ad
3272 3145 3368 3213 ipsi
3411 3159 3616 3212 persua-

1964 3237 2008 3298 C
2042 3237 2263 3291 dendum
2291 3240 2612 3302 auctoritate,
2642 3238 2867 3307 diffidere
2895 3238 3082 3289 videar.
3126 3235 3372 3303 Equidem
3398 3243 3444 3286 te
3465 3234 3615 3286 etiam

2039 3345 2183 3400 rogo.
2212 3340 2264 3381 ut
2292 3330 2369 3382 illi
2416 3328 2721 3400 persuadeds
2747 3329 2820 3391 id,
2847 3328 2985 3395 quod
3010 3328 3228 3380 maxime
3253 3341 3314 3402 ea:
3337 3325 3495 3378 animi
3519 3325 3614 3378 mei

2039 3423 2283 3474 sententia
2310 3431 2558 3490 optarem,
2591 3430 2832 3490 praistare
2855 3435 2955 3471 non
2984 3434 3145 3486 posse.
3180 3427 3224 3470 et
3255 3416 3458 3469 dividite
3484 3431 3608 3469 esse.

2041 3512 2129 3566 Sic
2175 3522 2244 3589 te,
2292 3511 2496 3566 Celsiss.
2549 3515 2818 3581 princeps,
2871 3510 2938 3564 D.
2991 3511 3054 3564 ο.
3094 3510 3167 3563 Μ.
3201 3511 3288 3562 diu
3318 3510 3612 3562 incolumem

2038 3612 2216 3655 servet.
2246 3601 2391 3656 Vale.
2429 3602 2762 3666 Vindobona',
2810 3619 2860 3654 a.
2892 3603 2945 3654 d.
2977 3617 3027 3654 Vl
3047 3641 3062 3665 ,
3094 3619 3214 3653 non.
3244 3600 3413 3662 Junii,
3453 3599 3608 3654 1746.

2112 3714 2236 3767 Haec
2284 3723 2426 3774 sunt,
2475 3728 2592 3782 qua:
2633 3729 2696 3766 cx
2747 3713 2970 3780 optimo,
3001 3721 3052 3765 et
3087 3711 3245 3780 lut'go
3290 3726 3464 3763 rerum
3513 3723 3608 3761 usu

2039 3803 2490 3859 exercitatissimo
2521 3803 2924 3857 bibliotbeeario
2962 3817 3190 3864 mecum,
3234 3800 3610 3854 humanissime

2040 3895 2312 3964 princeps,
2356 3895 2783 3956 communicasti,
2829 3903 2881 3945 ut
2934 3892 3306 3959 intelligerent,
3355 3903 3442 3943 me
3479 3891 3608 3943 tanti

2041 3985 2141 4038 viri
2167 3986 2429 4039 amicitias
2458 3995 2548 4047 tuo
2579 3999 2798 4038 munere
2830 3983 2990 4036 fuisse
3037 3990 3372 4048 aucupatum.
3421 3979 3609 4034 Audivi

2039 4091 2068 4130 a
2102 4077 2347 4130 maximis
2380 4077 2526 4140 viris,
2561 4079 2755 4145 quique
2783 4076 2832 4128 id
2878 4075 3122 4128 facillime
3154 4089 3312 4127 nosse
3343 4082 3608 4141 poterant,

2041 4168 2094 4219 in
2131 4167 2529 4220 Vindoboncnsi
2577 4167 2827 4218 thesauro
2858 4163 3013 4217 codd.
3065 4179 3192 4216 is.
3236 4163 3436 4216 nullum
3466 4163 3609 4218 aliud

2038 4257 2338 4322 exemplum
2389 4269 2669 4323 superesse
2720 4255 2860 4308 illius
2916 4255 3175 4307 versionis
3223 4253 3439 4319 Italicae,
3492 4269 3609 4324 qum

2040 4352 2352 4412 propagata,
2382 4347 2638 4414 quasique
2671 4361 2762 4410 per
2790 4360 2975 4396 manus
3008 4345 3192 4397 tradita
3226 4345 3341 4410 iuit,
3370 4355 3422 4398 et
3465 4359 3610 4398 sum-

2041 4451 2128 4488 tno
2159 4436 2337 4488 studio
2367 4446 2566 4490 retenta
2614 4436 2664 4489 in
2700 4437 2962 4505 plerisque
2998 4435 3199 4488 Latinis
3230 4436 3489 4498 ecclesiis,
3522 4451 3610 4489 us-

2040 4542 2142 4596 que
2171 4529 2236 4581 ad
2269 4537 2506 4596 tempora
2536 4527 2592 4582 S.
2629 4527 2868 4596 Gregorii
2912 4527 3102 4594 Magni.
3137 4526 3472 4607 sacerrimus
3520 4526 3607 4579 ille

356 4596 683 4688 CCEXLmj
744 4596 1034 4650 Membra”
1087 4609 1211 4649 s‘m'
1272 4611 1356 4658 Ἦν
1402 4596 1641 4649 “mum”
1703 4605 1930 4664 (Ιυηωθτ
1954 4593 2008 4654 D
2039 4593 2208 4674 codex
2242 4622 2291 4673 in
2325 4593 2515 4688 pluteis
2546 4593 2802 4675 latitabat.
2833 4621 2910 4674 Tu
2943 4593 3068 4674 vero
3095 4600 3236 4673 inoeo
3283 4619 3606 4672 conferendo

436 4685 740 4754 Evangelia.

353 4797 706 4854 CCCLXXXI
752 4808 805 4854 et
854 4798 1119 4853 CDLVlll.
1164 4799 1549 4854 Membranacei
1619 4815 1744 4854 smc.
1805 4817 1928 4866 xiv,

435 4891 593 4943 ambo
620 4893 896 4944 continent
924 4890 1092 4943 Biblia
1122 4891 1396 4958 utriusque
1428 4891 1775 4946 Tcstamenti.

356 4980 716 5037 CDLXXXV.
761 4982 1056 5036 Membran.
1105 4997 1229 5038 εςιιο.
1279 4999 1390 5046 xu,
1446 4978 1685 5038 bontinet
1731 4983 1934 5038 Psalte-

435 5073 571 5125 rium
609 5072 920 5127 Davidicum
951 5088 1070 5126 cum
1103 5072 1337 5127 Cantieis
1368 5074 1536 5139 Isaire,
1561 5083 1614 5128 et
1638 5075 1867 5128 crcteris.

354 5163 522 5221 DXC.
567 5163 861 5217 Membran.
901 5178 1026 5217 ειπερ.
1074 5180 1152 5217 xtt
1189 5165 1426 5218 cominet
1478 5165 1678 5234 aliqum
1721 5163 1932 5218 Veteris

432 5256 580 5310 Test.
617 5255 798 5321 libros,
829 5265 882 5309 et
909 5266 1134 5323 quatuor
1165 5255 1474 5326 Evangelia.

348 5344 758 5404 DCLXXXV“.
795 5346 1016 5399 Membr.
1061 5347 1124 5400 A.
1178 5346 1337 5410 1247,
1382 5348 1620 5402 continet
1668 5346 1834 5400 Vetus
1878 5355 1933 5400 et

430 5437 570 5492 Nov.
599 5436 744 5491 Test.
1119 5503 1130 5520 .

348 5531 632 5590 DCCLIX.
675 5528 897 5586 Membr.
929 5541 1055 5583 saec.
1102 5544 1218 5591 xm,
1263 5531 1500 5586 continet
1533 5531 1651 5584 νει.
1698 5539 1752 5584 et
1796 5526 1928 5583 Nov.

429 5621 585 5676 Test.

351 5711 732 5794 DCCLXXVI.
775 5713 1064 5769 Membran.
1097 5727 1219 5767 s:cc.
1255 5723 1362 5779 xiv,
1389 5716 1625 5770 continet
1668 5714 1796 5770 Nov.
1832 5714 1932 5769 Teo

430 5812 596 5857 «tam.

2043 4715 2246 4782 primus
2298 4716 2532 4767 omnium
2579 4716 2778 4767 navasti
2827 4729 3076 4782 operam;
3127 4723 3180 4762 ut
3233 4727 3330 4778 ego
3387 4711 3608 4764 collatos

2042 4804 2191 4858 locos
2242 4805 2294 4857 in
2341 4805 2505 4857 bocce
2536 4803 2952 4871 Evangeliarittt“
2982 4800 3318 4868 Quadruplex
3353 4801 3606 4865 inferens,

2038 4907 2157 4946 cum
2217 4890 2514 4945 Christiana
2560 4907 2672 4958 rep.
2718 4891 3182 4943 communicarem.
3222 4890 3385 4943 \‘clim
3435 4899 3606 4940 tamen

2037 5001 2101 5039 cx
2137 4997 2186 5039 te
2237 4985 2413 5038 audiat
2440 4984 2521 5037 Cl.
2573 4982 2835 5048 Forlosia,
2882 4992 3134 5052 quantum
3181 4998 3278 5052 ego
3323 4982 3447 5034 mibi
3478 4997 3604 5032 con-

2040 5077 2180 5129 scius
2209 5075 2332 5134 sim.
2361 5084 2413 5128 et
2443 5076 2692 5144 prolitear
2717 5091 2800 5127 me
2829 5075 2925 5128 sibi
2949 5090 3161 5142 quoque
3176 5075 3371 5127 debere
3394 5090 3405 5132 ;
3428 5087 3607 5140 quam-

2035 5182 2144 5237 que
2172 5167 2384 5219 beatum
2419 5183 2504 5221 me
2537 5167 2768 5220 futurum
2803 5178 3002 5234 putem,
3045 5169 3087 5220 si
3141 5166 3266 5219 mihi
3319 5163 3606 5218 referenda:

2035 5258 2217 5326 gratim
2269 5265 2506 5326 potestas
2537 5259 2709 5310 detur.
2745 5258 2972 5311 Litteras
3009 5268 3125 5309 tuas
3169 5257 3319 5308 valde
3365 5265 3601 5321 expecto,

2036 5348 2118 5402 vir
2153 5349 2584 5418 sapientissime;
2618 5364 2715 5403 nec
2748 5351 2873 5402 mihi
2905 5350 3188 5415 quidquam
3234 5349 3434 5415 gratius
3465 5346 3608 5400 acci-

2036 5439 2166 5494 dere
2195 5440 2410 5508 poterit,
2442 5455 2598 5508 qnam
2646 5441 2687 5492 si
2733 5455 2818 5492 nte
2855 5440 2943 5491 libi
2987 5440 3183 5506 aliquid
3233 5450 3314 5489 tua
3349 5451 3504 5488 causa
3538 5437 3610 5488 la-

2038 5546 2160 5585 cere
2182 5530 2388 5600 jubeas.
2424 5530 2556 5585 NOVi
2590 5542 2661 5596 te,
2688 5533 2790 5585 mei
2823 5547 2943 5586 esse
2970 5531 3411 5582 amantissimum.
3463 5531 3608 5585 Nunc

2039 5639 2170 5681 vero
2197 5632 2252 5679 et
2276 5610 2365 5677 alii
2396 5640 2458 5678 ex
2500 5624 2712 5693 scriptis
2759 5624 2873 5678 istis
2905 5623 3212 5689 intelligent,
3246 5631 3440 5687 quanta
3471 5623 3612 5677 inter

2043 5729 2141 5771 nos
2167 5716 2520 5777 voluntatum,
2551 5730 2613 5768 ac
2656 5714 2951 5767 studiorum
3001 5711 3306 5777 conjunctio
3358 5713 3444 5765 sit.
3481 5713 3611 5767 Vive

2033 5798 2149 5864 illm
2190 5799 2385 5874 primi
2436 5799 2850 5859 unumunum»:
2893 5799 3031 5860 vive,
3085 5799 3137 5848 at
3185 5807 3511 5855 mommsen
3559 5801 3609 5850 ut
