3902 6454
433 421 537 479 iss
654 380 662 388 ’
1785 421 2312 481 PROLEGOMENA.
2992 490 2995 493 _
3562 426 3676 481 tes

432 532 625 589 Studiis
675 531 798 585 tuis.
829 529 1205 602 Contempsiin
1235 533 1406 589 adhuc
1443 528 1655 603 juvenis
1693 547 1755 588 ea
1792 535 1990 600 omnia,
2020 535 2316 605 Aprtestiti
2357 537 2408 590 in
2464 545 2611 605 parte
2665 551 2734 601 ιι,
2792 550 2943 593 versa
2995 534 3152 606 hujus
3202 537 3471 593 editionis.
3531 539 3673 593 Pos-

433 639 552 692 qua:
582 622 741 690 vulgo
763 619 922 675 etiam
962 636 991 675 a
1019 622 1235 676 senibus
1281 622 1493 676 maximi
1525 620 1672 675 ﬁunt.
1705 621 1890 687 Deum,
1941 632 1997 677 et

434 711 730 769 Ecclesiam
763 720 905 766 tuam
936 713 1087 767 unice
1112 715 1332 782 cogitas.
1375 711 1493 765 Alia
1536 713 1713 766 omnia
1754 716 1991 767 contem-

434 805 547 869 nis,
573 804 824 873 quoniam
853 803 1019 870 ﬂuxa,
1046 814 1099 859 et
1120 804 1317 858 caduca
1342 812 1484 857 sunt.
1512 800 1688 857 Nostri
1713 818 1897 859 omnes
1944 812 1996 859 te

432 894 685 949 salutant.
737 894 918 950 Saluta
964 896 1091 949 mihi
1141 904 1195 949 tu
1242 893 1395 948 isthic
1446 893 1508 949 Ι).
1554 891 1869 948 Forlosiam.
1914 893 1996 948 Ad

434 1002 557 1042 eum
587 987 826 1043 scribere
857 1002 1001 1041 nunc
1028 1004 1132 1040 non
1164 986 1287 1039 licet
1316 999 1408 1054 per
1427 982 1844 1054 occupationes:
1876 986 1998 1040 seri-

436 1078 557 1131 bain
598 1088 772 1132 autem
817 1077 1146 1147 propediem.
1188 1076 1336 1140 Vale,
1366 1085 1419 1130 et
1444 1076 1510 1131 de
1557 1076 1734 1131 Sacris
1781 1076 1996 1132 Litteris

436 1170 636 1239 Optime
662 1170 877 1235 mereri,
907 1167 1117 1237 quando
1148 1167 1307 1222 id‘vel
1337 1167 1428 1221 nui
1459 1168 1552 1221 tibi
1586 1167 1819 1222 maxime
1845 1168 1999 1232 licet,

435 1275 502 1314 nc
545 1260 791 1314 desistas.
840 1259 934 1313 His
962 1266 1213 1328 quantum
1258 1258 1436 1321 studii,
1470 1257 1861 1328 diligentizeque
1906 1259 1998 1313 ad-

436 1347 692 1411 hibueris,
727 1356 927 1401 tantum
960 1358 1010 1401 te
1035 1347 1293 1402 Gurcensi
1343 1347 1615 1423 Ecclesiae,
1668 1347 1999 1422 publicisque

437 1440 674 1504 utilitati,
717 1440 800 1494 cui
850 1455 1063 1509 semper
1092 1439 1373 1493 consulere
1412 1439 1681 1505 studuisti,
1714 1440 1997 1510 elargitnm

436 1545 553 1585 esse
606 1545 927 1599 cognovero.
998 1532 1075 1585 Ex
1122 1529 1345 1585 {Edibus
1398 1529 1787 1598 Vallicellanis,
1843 1533 1999 1588 nouis

434 1620 750 1691 Apr.tttt.

1054 1780 1377 1837 EPISTULA

795 1932 829 1945 “
856 1927 1129 1968 BLANCBINI
1167 1929 1233 1967 AD
1261 1927 1575 1969 ιισεειιιυιι.

434 2049 747 2103 Clarissimo
772 2057 827 2102 et
876 2048 1405 2103 benemerentissimo
1443 2048 1557 2102 viro
1597 2048 1787 2103 Joanui
1837 2047 2002 2101 Fran-

505 2141 648 2193 cisco
670 2137 911 2193 Musellio
956 2147 1155 2191 sanctis
1188 2138 1505 2193 Veronensis
1548 2139 1800 2193 Ecclesia:
1837 2154 2000 2195 cano-

508 2234 627 2283 nico
662 2228 1126 2299 archipresbytero
1155 2228 1354 2297 Joseph
1382 2230 1701 2283 Blanchinus
1734 2229 2004 2285 Veronen-

504 2324 580 2376 sis
636 2322 914 2391 presbyter
938 2324 1364 2390 congregationis
1402 2322 1632 2376 Oratorii
1682 2322 1741 2378 S.
1775 2324 2002 2394 Philippi

504 2414 647 2470 Nerii
674 2414 740 2468 de
767 2414 899 2468 urbe
924 2414 1152 2468 Salutem
1180 2427 1231 2468 et
1262 2416 1443 2469 vitam.
1532 2430 1533 2433 ‘

510 2532 692 2584 Annus
720 2532 823 2596 jam
852 2529 1025 2597 agitur
1048 2544 1132 2592 xv,
1163 2544 1229 2582 ex
1259 2544 1384 2597 quo,
1419 2544 1516 2597 pro
1545 2530 1796 2599 singulari
1829 2539 1918 2584 tuo
1940 2518 2007 2585 de

437 2622 617 2679 Sacris
668 2620 884 2675 Litteris
934 2620 1308 2675 benemerendi
1361 2619 1572 2684 studio,
1628 2632 1813 2673 auctor
1875 2620 2006 2673 mihi

434 2712 603 2776 fuisti,
637 2721 694 2766 ut
730 2710 969 2766 codicem
1013 2712 1160 2766 illum
1188 2724 1508 2779 purpureum
1538 2710 1900 2765 celeberrima:
1930 2710 2009 2764 bi-

440 2802 723 2857 bliotheca:
750 2801 860 2857 DD.
890 2802 1267 2857 cauonleorum
1316 2803 1625 2871 amplissimi
1666 2804 1881 2873 capituli
1906 2803 2010 2859 Ve—

438 2894 704 2957 ronensis,
733 2893 890 2963 cujus
930 2894 1041 2961 jam
1087 2908 1187 2963 ego
1216 2910 1336 2962 pars
1366 2895 1467 2949 ima
1496 2894 1592 2960 lui,
1638 2906 1691 2949 tu
1734 2910 1891 2960 vero,
1923 2910 2010 2947 ar-

438 2983 809 3054 chipresbyter
839 2985 1301 3052 prmstautissime,
1340 3000 1607 3040 summum
1652 3000 1710 3039 es
1751 2996 1930 3054 caput,
1958 2993 2012 3040 et

440 3075 624 3139 decus,
673 3074 810 3145 typis
856 3076 1092 3139 ederem,
1143 3086 1302 3147 atque
1350 3075 1707 3139 illustrarem;
1757 3076 2009 3145 quoniam

441 3163 659 3219 exhibet
689 3165 957 3231 antiquam
986 3165 1223 3219 Latinam
1249 3165 1429 3219 Italam
1459 3166 1879 3232 translationem,
1900 3166 2008 3235 jam

2100 627 2323 681 teritatis
2369 629 2543 698 potius
2613 628 2923 698 adjuvanda:
2998 628 3212 693 studio,
3271 639 3328 683 ut
3368 645 3454 684 me
3492 632 3668 684 vehe-

2096 725 2323 783 menter,
2356 728 2408 772 et
2428 718 2623 785 saepius
2644 734 2705 773 es
2734 720 3065 785 cohortatus,
3095 719 3343 786 efﬁciam,
3366 723 3500 775 utin
3530 736 3675 791 pra:-

2096 807 2278 876 cipnas
2291 807 2531 876 ejusdem
2556 807 3176 879 Evangellariilectiones
3198 811 3521 878 incumbam,
3545 828 3672 882 qute

2098 890 2295 953 abeu'nt
2324 915 2352 953 a
2381 910 2561 953 nostra
2588 900 2822 955 editione
2851 900 3117 972 Vulgata:
3147 903 3300 971 sique
3346 918 3408 957 ac
3454 905 3673 958 ratione

2101 988 2378 1043 catholicae
2421 989 2671 1062 Ecclesia:
2710 991 2881 1058 juvari
2922 1006 3081 1045 causa
3140 993 3365 1062 poterit,
3416 1002 3474 1046 ut
3518 1004 3673 1049 certe

2099 1089 2296 1150 potest,
2329 1085 2654 1152 magnopere
2682 1098 2838 1152 spero
2868 1082 3000 1146 fore,
3030 1093 3085 1136 ut
3115 1097 3286 1152 neque
3310 1092 3360 1136 te
3399 1082 3562 1138 ofﬁcii
3594 1083 3671 1136 tui

2099 1174 2151 1227 in
2180 1189 2264 1228 me
2292 1174 2637 1236 cohortando,
2664 1190 2835 1245 neque
2862 1175 3288 1243 incomparabilis
3331 1176 3674 1230 liberalitatis

2098 1265 2312 1322 Josnms
2343 1266 2383 1319 V
2408 1308 2423 1331 ,
2456 1265 2789 1336 Portugallite
2820 1277 2873 1321 et
2906 1268 3275 1337 Algarbiorum
3307 1268 3450 1338 regis
3489 1270 3543 1323 in
3575 1269 3675 1323 ad-

2096 1356 2332 1425 juvando
2364 1357 2637 1425 pcenitcat.
2700 1359 2776 1411 En
2820 1373 2946 1427 ergo
2990 1359 3382 1437 praecipuorum,
3427 1361 3670 1415 locorum

2100 1447 2464 1518 Florilegium,
2489 1448 2629 1517 quod
2652 1465 2720 1503 ex
2749 1448 2842 1504 SS.
2863 1449 3075 1503 Patrum
3100 1449 3677 1521 Antehieronymiauo—

2101 1552 2217 1591 rum
2247 1538 2492 1605 operibus
2514 1538 2794 1607 diligenter
2818 1552 3145 1609 excerptum,
3165 1556 3302 1595 nunc
3329 1542 3392 1595 ad
3421 1552 3470 1595 te
3493 1544 3671 1595 mitto.

2102 1627 2397 1695 Antequam
2425 1642 2552 1682 vero
2579 1629 2754 1681 ordiar
2777 1638 2958 1684 texere
2982 1632 3297 1685 eorumdem'
3312 1632 3673 1694 collationem,

2101 1718 2238 1770 scire
2265 1724 2316 1771 te
2343 1716 2483 1780 volo,
2513 1716 2677 1771 fuisse
2705 1718 3007 1783 nonnullos,
3040 1720 3151 1786 qui,
3182 1721 3233 1774 in
3265 1720 3554 1777 Veronensi
3583 1737 3680 1776 co-

2101 1806 2219 1860 dice
2241 1806 2455 1861 Joannis
2484 1808 2656 1875 capite
2681 1824 2716 1872 t,
2749 1824 2903 1863 versu
2935 1811 3020 1877 13,
3051 1811 3141 1864 ubi
3174 1812 3390 1880 legitur:
3430 1814 3532 1878 Qui
3572 1829 3675 1865 non

2029 1901 2075 1960 B
2103 1914 2164 1952 ea:
2183 1900 2448 1969 sanguine,
2473 1914 2630 1967 neque
2654 1915 2718 1953 ea:
2749 1900 3003 1953 voluntate
3021 1902 3210 1966 carnis,
3235 1916 3392 1971 neque
3407 1918 3471 1955 ex
3491 1902 3676 1955 nolim-

2105 1999 2206 2043 tate
2226 1992 2340 2054 viri,
2364 1990 2453 2044 sed
2478 2007 2539 2044 ea:
2562 1989 2666 2044 Deo
2696 2001 2843 2045 natus
2871 2001 2966 2053 est,
2991 2000 3212 2046 vetustte
3238 1990 3390 2059 hujus
3421 1989 3674 2045 lectionis

2104 2066 2454 2150 ignoratione,
2486 2091 2611 2135 sunt
2639 2081 2900 2145 arbitrati,
2930 2081 3166 2145 codicem
3200 2090 3438 2136 nostrum
3465 2080 3679 2148 aanc-

2102 2174 2283 2229 reticis
2308 2174 2467 2227 fuisse
2497 2184 2826 2241 corruptum.
2879 2171 3159 2227 Lubrii-am
3193 2173 3321 2227 mihi
3344 2172 3513 2229 fateor
3539 2176 3681 2229 hanc

2068 2312 2071 2315 .
2103 2280 2225 2321 esse
2254 2264 2643 2319 defensionem.
2676 2264 2803 2318 Nam
2832 2278 2927 2319 eos
2960 2279 3058 2334 ego
3093 2265 3274 2333 quanti
3320 2261 3527 2331 faciam,
3579 2280 3679 2318 no-

2104 2367 2249 2422 runt,
2272 2358 2591 2426 qnieumqtte
2621 2370 2706 2410 me
2728 2364 2943 2410 norunt.
2970 2356 3073 2410 Res
3104 2365 3279 2410 tamen
3325 2353 3435 2423 ipsa
3480 2355 3679 2423 subigit

2104 2462 2212 2511 me,
2238 2456 2295 2499 ut
2323 2447 2491 2500 dicam
2527 2460 2620 2499 eos
2666 2444 3083 2511 reprehendendi
3116 2444 3387 2498 sacerrimi
3451 2444 3673 2509 codicis,

2107 2538 2265 2607 paulo
2285 2552 2440 2605 quam
2466 2550 2560 2605 par
2584 2544 2720 2599 erat,
2746 2536 3051 2605 cupidiores
3075 2536 3255 2589 fuisse.
3284 2536 3339 2591 Si
3379 2536 3539 2597 enim,
3576 2550 3675 2587 na-

2110 2636 2188 2679 tus
2208 2636 2299 2688 est,
2331 2625 2428 2694 ipsi
2461 2640 2716 2694 nusquam
2755 2625 2889 2679 forte
2914 2626 3034 2678 alibi
3068 2626 3325 2693 legerant,
3359 2639 3462 2676 non
3495 2623 3674 2675 statim

2108 2700 2517 2788 confugiendum
2542 2719 2619 2771 eis
2646 2726 2759 2771 erat
2786 2717 2851 2769 ad
2878 2716 3005 2769 illud
3030 2724 3085 2767 ut
3111 2714 3351 2768 dicerent
3375 2754 3389 2777 ,
3419 2713 3471 2767 in
3504 2714 3679 2765 muni-

2110 2808 2207 2862 bus
2239 2807 2483 2861 Patrilms
2512 2806 2792 2874 scriptum,
2825 2805 2929 2857 nati
2956 2812 3095 2857 sunt.
3125 2802 3275 2873 Quod
3306 2803 3356 2855 si
3377 2801 3588 2863 Vtiltlttl,
3621 2810 3681 2854 ut

2109 2912 2208 2967 ego
2232 2896 2455 2964 alicujus
2478 2894 2669 2950 veteris
2690 2893 2967 2973 scriptoris
2998 2891 3259 2961 proferam
3286 2891 3673 2954 testimonium,

2110 3004 2138 3041 ιι
2168 3003 2272 3056 quo
2301 2988 2436 3039 illius
2468 2985 2712 3039 lectionis
2741 2986 2940 3039 mentio
2968 2984 3077 3050 ﬁat,
3105 2984 3226 3052 jure
3255 2984 3466 3053 quidem
3500 2983 3547 3035 id
3579 2997 3672 3050 po-

2110 3080 2327 3133 Slttlam.
2360 3078 2486 3129 Nam
2518 3074 2814 3130 Veronensi
2844 3075 3012 3129 codici
3038 3090 3137 3145 ego
3158 3074 3367 3144 quidem
3393 3075 3679 3141 plurimum

2112 3171 2307 3232 tribuo,
2341 3182 2442 3221 non
2471 3174 2671 3220 tantum
2695 3175 2890 3229 tamen,
2917 3174 2973 3219 ut
2998 3167 3125 3219 satis
3152 3165 3243 3229 sit,
3269 3164 3424 3223 αυτὸς
3449 3160 3560 3233 ἔφα.
3583 3160 3684 3213 Pa-

443 3259 566 3313 inde
593 3258 659 3311 ab
680 3259 1039 3328 apostolorum
1074 3260 1401 3327 temporibus
1448 3274 1543 3313 usu
1588 3249 1876 3327 receptam,
1906 3245 2007 3313 cae-
2035 3251 2081 3315 C
2114 3271 2218 3315 tres
2244 3261 2384 3328 illius
2406 3259 2652 3315 lectionis
2673 3268 2836 3313 testes
2864 3258 3034 3313 habeo
3060 3256 3370 3325 locupletes,
3399 3254 3679 3315 Irena-nm,

445 3348 680 3417 terisque
727 3348 1001 3416 prtelatam
1052 3349 1143 3418 (ob
1183 3350 1467 3404 verborum
1501 3350 1858 3419 tenacitatem,
1890 3341 2010 3402 cum
2114 3352 2532 3415 Tertullianum,
2605 3350 2688 3404 Jo.
2753 3349 3231 3419 Chrysostomum,
3299 3344 3681 3412 Augustinum,

447 3438 821 3506 perspicuitate
876 3438 1195 3507 sententiae)
1250 3439 1362 3493 lere
1425 3432 1591 3509 usque
1656 3438 1723 3492 ad
1800 3447 2012 3493 aetatem
2117 3441 2369 3511 Vigilium
2423 3440 2745 3508 Tapsensem
2780 3478 2795 3503 ,
2846 3450 2898 3491 et
2963 3437 3219 3491 Joannem
3274 3434 3679 3487 Dainascenum.

450 3526 628 3581 Sancti
678 3526 921 3593 Gregorii
966 3527 1161 3599 Magni.
1214 3529 1410 3594 Quare,
1461 3544 1581 3583 cum
1635 3540 1722 3583 tua
1774 3530 2016 3586 voluntas

452 3615 695 3669 maxima:
721 3618 851 3684 legis
875 3616 1001 3681 vim,
1029 3633 1125 3687 pro
1150 3634 1353 3673 summa
1386 3630 1469 3673 tua
1514 3635 1617 3674 non
1650 3620 1813 3676 modo
1838 3632 2018 3676 aucto-

452 3708 629 3770 ritate,
665 3720 844 3757 verum
877 3706 1035 3758 etiam
1065 3708 1345 3775 sapientia,
1376 3709 1617 3763 obtinere
1645 3710 1783 3777 apud
1807 3725 1893 3764 me
1922 3711 2021 3763 de-

452 3797 607 3861 beat;
635 3798 772 3850 scias
802 3797 979 3860 velim,
1003 3814 1084 3851 me
1107 3801 1175 3851 ita
1199 3801 1511 3865 animatum,
1538 3801 1607 3854 ita
1638 3809 1878 3869 paratum
1904 3817 2023 3857 esse

457 3889 546 3941 tibi
580 3887 680 3942 hac
708 3888 758 3941 in
790 3903 869 3953 re,
913 3897 969 3942 ut
997 3888 1050 3941 in
1074 3889 1319 3944 omnibus
1360 3892 1477 3944 aliis
1524 3891 1751 3947 libenter
1778 3893 2022 3964 obsequi,

454 3990 514 4033 ut
561 3997 666 4035 non
714 3982 1009 4036 detrectent
1062 3982 1350 4037 editionem
1397 3985 1704 4055 suscipere,
1753 4000 1933 4054 agere,
1966 3995 2029 4042 et

461 4081 734 4139 praestare,
788 4089 1001 4143 quoquo
1048 4074 1207 4127 modo
1254 4066 1490 4144 possunt.
1545 4076 1692 4130 Nosti
1740 4076 2029 4131 observan—

461 4166 584 4217 tiam
617 4179 812 4233 meam,
842 4177 1122 4238 postquam
1153 4169 1310 4222 etiam
1342 4168 1548 4223 Verona
1591 4168 1811 4224 discessi
1838 4209 1854 4235 ,
1889 4178 1944 4223 ut
1973 4170 2026 4223 iu

464 4254 601 4309 hanc
627 4253 1098 4326 Congregationetn
1132 4260 1313 4315 Sancti
1345 4261 1571 4333 Philippi
1612 4260 1758 4318 Nerii
1790 4276 1877 4317 me
1902 4276 2031 4317 con—

461 4344 659 4399 ferrem
691 4362 704 4401 :
748 4360 957 4414 semper
998 4352 1143 4403 enim
1172 4352 1269 4404 tibi
1298 4338 1661 4423 optempe'ravi
1686 4394 1701 4418 ,
1736 4364 1897 4423 atque
1928 4368 2030 4407 una

465 4435 567 4502 fui,
596 4437 784 4490 saltem
814 4440 1136 4493 commercio
1160 4442 1474 4505 litterarum;
1504 4443 1553 4494 in
1578 4442 1770 4511 quibus
1792 4458 1896 4496 non
1934 4458 2035 4512 ego

472 4528 685 4596 quidem
718 4538 859 4582 tuam
889 4544 1072 4585 vocem
1100 4531 1278 4595 audio,
1310 4546 1480 4601 neque
1508 4540 1562 4587 tu
1583 4548 1778 4601 meam,
1808 4534 1900 4587 sed
1919 4549 2038 4603 qua:

2119 3533 2618 3601 Libetsiugulorutn
2652 3531 2811 3585 verba
2840 3529 3097 3598 proferre.
3123 3526 3180 3583 S.
3212 3525 3475 3591 [rents-us,
3509 3524 3601 3578 lib.
3624 3538 3683 3579 ιιι

2121 3636 2303 3680 contra
2352 3628 2590 3677 lltereses
2635 3623 2928 3676 luculenter
2955 3619 3343 3684 demonstrans,
3413 3630 3574 3669 unum
3632 3622 3688 3669 et

2123 3718 2366 3771 eumdem
2380 3713 2687 3768 esselesum
2707 3712 2995 3777 Christum,
3012 3710 3347 3780 Unigenittim
3365 3708 3454 3763 Dei
3471 3706 3683 3772 Filium,

2124 3821 2309 3865 verum
2385 3806 2585 3867 Deum,
2640 3819 2701 3857 ac
2758 3819 2937 3859 verum
3004 3804 3303 3869 hominem,
3358 3802 3530 3871 capite
3603 3815 3690 3855 ινι

2126 3898 2309 3970 (Pag.
2382 3895 2517 3961 204,
2565 3896 2661 3950 col.
2719 3897 2787 3963 2,
2842 3913 2981 3967 nunt.
3026 3887 3104 3961 ἱ,
3173 3897 3249 3949 lit.
3305 3897 3410 3965 0),
3481 3896 3552 3948 ita
3604 3894 3685 3947 itt-

2127 3992 2239 4059 quit
2272 4007 2283 4041 :
2322 4006 2340 4039 ι
2378 3988 2628 4042 Potuerat
2648 3987 2827 4041 dicere
2849 3986 3144 4049 hlattltteus,
3174 3985 3300 4039 Iesu
3332 4002 3447 4040 vero
3486 4000 3691 4055 genera-

2135 4098 2153 4130 ‹
2200 4080 2270 4130 tio
2296 4079 2367 4130 sic
2396 4086 2540 4130 erat:
2582 4075 2673 4130 sed
2718 4077 3019 4144 praevidens
3065 4075 3295 4145 Spiritus
3332 4075 3561 4130 Sanctus
3599 4075 3695 4128 de-

2138 4188 2155 4220 i
2204 4182 2545 4238 pravatores,
2576 4173 2630 4219 et
2658 4165 3013 4233 prteniuniens
3054 4173 3239 4219 contra
3283 4163 3693 4217 fraudulentiam

2140 4279 2157 4311 ι
2204 4274 2421 4324 eorum,
2454 4272 2546 4326 per
2571 4253 2871 4308 Matthmum
2898 4254 2970 4309 ait
2994 4271 3008 4308 :
3040 4252 3230 4307 Christi
3248 4264 3416 4307 autent
3441 4252 3697 4321 generatio

2141 4369 2158 4401 ι
2206 4352 2277 4403 sic
2311 4361 2457 4416 erat;
2504 4360 2555 4405 et
2585 4350 2834 4421 Quoniam
2862 4346 2949 4401 hic
2965 4354 3047 4401 est
3071 4343 3372 4399 Emuunttel
3403 4358 3421 4396 :
3465 4357 3530 4395 ne
3561 4340 3699 4395 forte

2144 4458 2162 4490 ι
2211 4449 2409 4493 tantum
2462 4457 2581 4494 eum
2629 4439 2894 4491 hominem
2941 4445 3243 4504 putaremus
3267 4473 3282 4499 ,
3313 4434 3438 4505 (non
3466 4431 3608 4484 enim
3639 4446 3701 4483 ea:

2145 4548 2163 4579 ι
2213 4529 2467 4582 voluntate
2502 4530 2692 4590 carnis,
2722 4542 2881 4592 neque
2906 4541 2967 4578 ea;
2997 4526 3249 4577 voluntate
3274 4521 3387 4587 viri,
3422 4522 3589 4599 sedem
3614 4536 3701 4573 vo-

468 4620 585 4674 voci
613 4621 933 4695 subestres,
978 4635 1097 4674 eam
1149 4620 1492 4676 nihilominus
1555 4623 1811 4691 percipio,
1877 4639 2033 4691 quam
2060 4619 2113 4678 D
2145 4639 2164 4672 ι
2212 4622 2404 4674 luntate
2436 4618 2547 4682 Dei,
2591 4616 2806 4671 Verbum
2826 4632 2943 4667 caro
2965 4618 3152 4684 factum
3179 4614 3313 4683 est);
3348 4627 3518 4682 neque
3539 4613 3701 4668 alium

471 4726 591 4765 cum
642 4712 759 4767 istic
787 4713 1099 4768 eanouicum
1129 4727 1362 4781 agerem.
1393 4713 1493 4767 Tot
1521 4729 1779 4767 annorum
1832 4714 2033 4783 lapsus,

473 4810 722 4868 tantaque
753 4803 990 4857 locorum
1040 4803 1402 4873 intercapedo,
1450 4804 1762 4873 obsequium
1811 4818 1939 4873 erga
1986 4814 2038 4859 te

477 4904 653 4944 meum
686 4894 989 4949 nullatenus
1019 4896 1368 4950 immutarunt
1398 4913 1412 4948 :
1441 4897 1603 4951 immo
1625 4897 1795 4966 ipsum
1813 4902 2037 4963 augetur

477 4981 529 5034 in
562 4981 698 5045 dies,
748 4984 813 5035 ad
857 5000 1225 5055 summumque
1256 4987 1581 5056 perducitur,
1608 4984 2042 5056 arehipreSbyter

477 5080 559 5126 ter
586 5072 828 5127 colende.
861 5074 993 5127 Cum
1022 5075 1200 5143 itaque
1246 5079 1371 5129 nihil
1420 5077 1692 5131 habuerim
1751 5074 2041 5145 antiquius,

478 5164 719 5236 nihilque
748 5166 1169 5235 exspectaverim
1197 5167 1384 5234 magis,
1412 5178 1467 5220 et
1502 5167 1891 5222 observaverim
1917 5168 2044 5221 dili-

477 5244 710 5327 gentius,
738 5271 896 5325 quant
926 5262 982 5310 ut
1011 5255 1161 5309 ﬁrma
1208 5256 1273 5309 ad
1320 5264 1370 5309 te
1394 5255 1676 5309 colendum
1732 5257 1894 5310 animi
1940 5259 2045 5311 mei

482 5346 767 5415 proiiensio
791 5346 970 5416 aliquo
994 5345 1204 5417 publico
1235 5345 1327 5399 tibi
1354 5354 1557 5414 pateret
1581 5343 1785 5412 ofﬁcio,
1835 5360 1901 5399 en
1926 5356 2047 5401 tute

483 5440 656 5494 libens
680 5454 821 5493 nunc
859 5426 1127 5508 obsequor
1152 5437 1444 5501 voluntati;
1484 5452 1641 5507 quam
1690 5449 1791 5504 ego
1836 5449 2048 5505 semper

483 5534 613 5587 tanti
641 5532 815 5588 facere
838 5532 1007 5594 soleo,
1039 5542 1095 5583 ut
1120 5530 1306 5584 eadem
1346 5529 1473 5582 mihi
1518 5529 1638 5583 loco
1672 5527 1929 5597 jnssiouis
1957 5526 2051 5580 lia-

484 5621 687 5675 beatur.
757 5623 1177 5691 Descriptionem
1233 5628 1405 5672 tamen
1450 5618 1650 5688 codicis
1700 5617 2054 5687 Evangeliarii

508 5711 827 5768 Veronensis
864 5756 879 5781 ,
921 5730 954 5768 v
977 5714 1060 5768 vel
1088 5708 1143 5768 vi
1180 5710 1377 5766 saiculo
1427 5710 1631 5784 exarati
1656 5751 1671 5775 ,
1698 5708 1818 5764 heie
1846 5724 1950 5762 non
1981 5716 2061 5763 at-

503 5814 717 5872 teram,
749 5808 996 5895 quoniam
1021 5808 1156 5864 liber
1181 5819 1351 5881 penes
1380 5817 1477 5865 vos
1511 5812 1613 5871 est,
1656 5814 1813 5879 atque
1858 5805 1911 5861 id
1955 5802 2064 5874 jam

2151 4731 2170 4763 ι
2216 4711 2429 4782 quidem
2454 4710 2657 4773 Jcsum,
2690 4709 2911 4762 alterunt
2936 4715 3109 4758 autem
3149 4705 3414 4758 Christum
3462 4705 3703 4774 suspica-

2152 4826 2170 4859 ι
2218 4822 2397 4862 remur
2423 4806 2603 4872 fuisse,
2623 4804 2714 4859 sed
2744 4818 2907 4857 unum
2922 4809 2974 4855 et
2993 4799 3238 4855 eumdem
3257 4800 3513 4854 sciremus
3526 4817 3699 4855 csse.s

2149 4898 2214 4949 Et
2235 4913 2352 4967 cap.
2380 4913 2471 4952 ιιι
2495 4894 2584 4965 (P.
2612 4895 2739 4959 ‘2l2,
2770 4894 2867 4948 col.
2896 4893 2951 4956 2,
2984 4908 3123 4944 num.
3145 4890 3203 4956 2,
3229 4890 3308 4945 lit.
3338 4889 3435 4959 in),
3464 4890 3708 4961 ejusdem

2148 4988 2287 5053 libri,
2356 4996 2413 5041 ut
2480 4988 2666 5054 probet
2720 5002 2785 5041 ex
2853 4984 3158 5053 Scriptnris,
3233 4983 3477 5037 eumdem
3526 4982 3739 5037 .lesuin-

2146 5079 2416 5135 Christum
2471 5094 2650 5131 verum
2702 5093 2823 5132 esse
2876 5077 2969 5132 Dei
3026 5076 3216 5131 Filium
3267 5090 3331 5128 ex
3391 5075 3498 5129 Deo
3554 5075 3711 5129 Patre

2148 5170 2401 5241 genitum,
2462 5178 2514 5223 et
2586 5182 2767 5222 verum
2840 5166 3105 5219 hominem
3170 5163 3335 5218 ﬁlium
3383 5180 3447 5219 ex
3496 5166 3711 5235 Virgine

2151 5270 2350 5321 natum,
2382 5258 2554 5311 Esaia:
2582 5256 2719 5327 (cap.
2751 5270 2862 5320 ιιιι,
2884 5255 2963 5323 8),
2983 5268 3046 5313 ac
3067 5254 3197 5325 (cap.
3228 5271 3354 5322 xvu,
3384 5256 3443 5323 9)
3467 5255 3711 5311 Ieremia;

2152 5349 2391 5417 geminos
2423 5346 2621 5416 profert
2650 5346 2815 5407 locos,
2846 5352 2901 5399 et
2927 5346 2999 5398 ait
3023 5362 3037 5396 :
3071 5363 3089 5396 ι
3130 5346 3346 5414 Propter
3375 5346 3477 5399 ltoc
3504 5348 3713 5415 genera-

2161 5457 2180 5490 s
2228 5438 2414 5489 tionem
2444 5438 2552 5505 eius
2578 5437 2691 5503 quis
2719 5434 3006 5489 enarrabit?
3032 5435 3280 5505 quoniam
3328 5435 3478 5489 homo
3520 5442 3615 5496 est,
3666 5441 3713 5486 et

2165 5548 2182 5580 ι
2234 5528 2344 5597 quis
2368 5538 2603 5599 agnoscet
2633 5526 2787 5580 eum?
2817 5526 3099 5597 Cognoscit
3122 5539 3298 5583 autem
3327 5525 3475 5581 illum
3516 5522 3582 5589 is,
3628 5525 3712 5581 cui

2168 5637 2186 5669 ι
2234 5618 2407 5677 Pater,
2442 5621 2529 5687 qui
2561 5628 2641 5671 est
2672 5617 2721 5672 in
2752 5619 2920 5682 cadis,
2970 5618 3225 5673 revelavit
3269 5631 3282 5667 :
3327 5624 3386 5667 ut
3420 5612 3710 5685 ,lntelligat,

2170 5729 2189 5763 ι
2232 5712 2479 5780 quoniam
2511 5710 2573 5776 is,
2608 5712 2694 5781 qui
2724 5728 2822 5766 non
2850 5728 2913 5765 ea:
2944 5711 3197 5765 voluntate
3224 5704 3412 5773 carnis,
3455 5722 3614 5778 neque
3656 5724 3715 5763 ea:

2178 5820 2198 5859 ι
2248 5802 2501 5865 voluntate
2540 5803 2632 5858 viri
2680 5813 2826 5860 natus
2870 5812 2943 5858 est
2993 5798 3133 5861 ﬁlius
3194 5797 3452 5863 hominis,
3506 5797 3591 5855 hic
3637 5806 3717 5857 est
