  <div class='ocr_page' id='page_1' title='image "/cluster/home/n/w/nwhite01/storage/ocr_20150623/12-13/uc1.31175013632818/070.png"; bbox 0 0 4288 6474; ppageno 0'>
   <div class='ocr_carea' id='block_1_1' title="bbox 377 475 479 533">
    <p class='ocr_par' dir='ltr' id='par_1_1' title="bbox 377 475 479 533">
     <span class='ocr_line' id='line_1_1' title="bbox 377 475 479 533; baseline -0.02 0"><span class='ocrx_word' id='word_1_1' title='bbox 377 475 479 533; x_wconf 62' lang='grc' dir='ltr'><strong>Ιῖὕ</strong></span> 
     </span>
    </p>
   </div>
   <div class='ocr_carea' id='block_1_2' title="bbox 1103 471 2866 536">
    <p class='ocr_par' dir='ltr' id='par_1_2' title="bbox 1103 471 2866 536">
     <span class='ocr_line' id='line_1_2' title="bbox 1103 471 2866 536; baseline -0.001 -3"><span class='ocrx_word' id='word_1_2' title='bbox 1103 471 1431 535; x_wconf 72' lang='lat' dir='ltr'><strong>EHS&#39;I&#39;OLA</strong></span> <span class='ocrx_word' id='word_1_3' title='bbox 1467 472 1832 534; x_wconf 75' lang='lat' dir='ltr'><strong>DLANClllNl</strong></span> <span class='ocrx_word' id='word_1_4' title='bbox 1879 474 1969 532; x_wconf 76' lang='lat' dir='ltr'><strong>AD</strong></span> <span class='ocrx_word' id='word_1_5' title='bbox 2008 471 2390 536; x_wconf 70' lang='lat' dir='ltr'><strong>RPISCOPUM</strong></span> <span class='ocrx_word' id='word_1_6' title='bbox 2428 473 2866 535; x_wconf 66' lang='lat' dir='ltr'><strong>GURCENSEM.</strong></span> 
     </span>
    </p>
   </div>
   <div class='ocr_carea' id='block_1_3' title="bbox 3519 480 3612 535">
    <p class='ocr_par' dir='ltr' id='par_1_3' title="bbox 3519 480 3612 535">
     <span class='ocr_line' id='line_1_3' title="bbox 3519 480 3612 535; baseline -0.011 -1"><span class='ocrx_word' id='word_1_7' title='bbox 3519 480 3612 535; x_wconf 66' lang='grc' dir='ltr'><strong>Ιῗϐ</strong></span> 
     </span>
    </p>
   </div>
   <div class='ocr_carea' id='block_1_4' title="bbox 379 587 3613 666">
    <p class='ocr_par' dir='ltr' id='par_1_4' title="bbox 379 587 3613 666">
     <span class='ocr_line' id='line_1_4' title="bbox 379 587 3613 666; baseline 0.002 -25"><span class='ocrx_word' id='word_1_8' title='bbox 379 589 397 641; x_wconf 83' lang='lat' dir='ltr'><strong>i</strong></span> <span class='ocrx_word' id='word_1_9' title='bbox 442 587 684 646; x_wconf 80' lang='lat' dir='ltr'><strong>Christus</strong></span> <span class='ocrx_word' id='word_1_10' title='bbox 711 588 878 644; x_wconf 84' lang='lat' dir='ltr'><strong>Filius</strong></span> <span class='ocrx_word' id='word_1_11' title='bbox 904 589 996 650; x_wconf 88' lang='lat' dir='ltr'><strong>Dei</strong></span> <span class='ocrx_word' id='word_1_12' title='bbox 1016 588 1146 646; x_wconf 84' lang='lat' dir='ltr'><strong>vivi.</strong></span> <span class='ocrx_word' id='word_1_13' title='bbox 1177 587 1341 648; x_wconf 71' lang='lat' dir='ltr'><strong>altam</strong></span> <span class='ocrx_word' id='word_1_14' title='bbox 1359 602 1479 661; x_wconf 66' lang='lat' dir='ltr'><strong>mp.</strong></span> <span class='ocrx_word' id='word_1_15' title='bbox 1507 604 1597 645; x_wconf 76' lang='lat' dir='ltr'><strong>ut</strong></span> <span class='ocrx_word' id='word_1_16' title='bbox 1623 587 1781 660; x_wconf 87' lang='lat' dir='ltr'><strong>(Pag.</strong></span> <span class='ocrx_word' id='word_1_17' title='bbox 1803 588 1931 656; x_wconf 68' lang='grc'><strong>217,</strong></span> <span class='ocrx_word' id='word_1_18' title='bbox 1961 593 2012 652; x_wconf 82' lang='grc' dir='ltr'><strong>Α</strong></span> <span class='ocrx_word' id='word_1_19' title='bbox 2038 598 2141 645; x_wconf 83' lang='lat' dir='ltr'><strong>tam</strong></span> <span class='ocrx_word' id='word_1_20' title='bbox 2165 593 2517 660; x_wconf 71' lang='lat' dir='ltr'><strong>exegerunter</strong></span> <span class='ocrx_word' id='word_1_21' title='bbox 2555 591 2840 651; x_wconf 80' lang='lat' dir='ltr'><strong>inculcavit</strong></span> <span class='ocrx_word' id='word_1_22' title='bbox 2883 607 2988 647; x_wconf 73' lang='lat' dir='ltr'><strong>non</strong></span> <span class='ocrx_word' id='word_1_23' title='bbox 3031 607 3093 648; x_wconf 72' lang='lat' dir='ltr'><strong>et:</strong></span> <span class='ocrx_word' id='word_1_24' title='bbox 3128 594 3407 666; x_wconf 74' lang='lat' dir='ltr'><strong>sanguine,</strong></span> <span class='ocrx_word' id='word_1_25' title='bbox 3436 611 3524 648; x_wconf 75' lang='lat' dir='ltr'><strong>nec</strong></span> <span class='ocrx_word' id='word_1_26' title='bbox 3547 611 3613 648; x_wconf 75' lang='lat' dir='ltr'><strong>ea:</strong></span> 
     </span>
    </p>
   </div>
   <div class='ocr_carea' id='block_1_5' title="bbox 373 678 1938 751">
    <p class='ocr_par' dir='ltr' id='par_1_5' title="bbox 373 678 1938 751">
     <span class='ocr_line' id='line_1_5' title="bbox 373 678 1938 751; baseline 0.003 -21"><span class='ocrx_word' id='word_1_27' title='bbox 373 679 468 731; x_wconf 87' lang='lat' dir='ltr'><strong>col.</strong></span> <span class='ocrx_word' id='word_1_28' title='bbox 504 680 552 743; x_wconf 85' lang='grc'><strong>1,</strong></span> <span class='ocrx_word' id='word_1_29' title='bbox 583 695 636 732; x_wconf 91' lang='lat' dir='ltr'><strong>n.</strong></span> <span class='ocrx_word' id='word_1_30' title='bbox 670 678 747 749; x_wconf 83' lang='lat'><strong>5),</strong></span> <span class='ocrx_word' id='word_1_31' title='bbox 778 689 1118 746; x_wconf 76' lang='lat' dir='ltr'><strong>ostensurus,</strong></span> <span class='ocrx_word' id='word_1_32' title='bbox 1140 679 1394 751; x_wconf 82' lang='lat' dir='ltr'><strong>Spiritum</strong></span> <span class='ocrx_word' id='word_1_33' title='bbox 1421 680 1517 737; x_wconf 87' lang='lat' dir='ltr'><strong>Dei</strong></span> <span class='ocrx_word' id='word_1_34' title='bbox 1546 694 1641 749; x_wconf 86' lang='lat' dir='ltr'><strong>per</strong></span> <span class='ocrx_word' id='word_1_35' title='bbox 1668 681 1938 748; x_wconf 73' lang='lat' dir='ltr'><strong>apostolos</strong></span> 
     </span>
    </p>
   </div>
   <div class='ocr_carea' id='block_1_6' title="bbox 370 771 1938 842">
    <p class='ocr_par' dir='ltr' id='par_1_6' title="bbox 370 771 1938 842">
     <span class='ocr_line' id='line_1_6' title="bbox 370 771 1938 842; baseline 0.002 -19"><span class='ocrx_word' id='word_1_36' title='bbox 370 771 732 837; x_wconf 80' lang='lat' dir='ltr'><strong>snnuntiasse,</strong></span> <span class='ocrx_word' id='word_1_37' title='bbox 765 787 833 827; x_wconf 82' lang='lat' dir='ltr'><strong>ex</strong></span> <span class='ocrx_word' id='word_1_38' title='bbox 866 772 1081 842; x_wconf 91' lang='lat' dir='ltr'><strong>Virgine</strong></span> <span class='ocrx_word' id='word_1_39' title='bbox 1100 783 1282 828; x_wconf 83' lang='lat' dir='ltr'><strong>natum</strong></span> <span class='ocrx_word' id='word_1_40' title='bbox 1299 786 1419 828; x_wconf 83' lang='lat' dir='ltr'><strong>esse</strong></span> <span class='ocrx_word' id='word_1_41' title='bbox 1439 771 1773 838; x_wconf 80' lang='lat' dir='ltr'><strong>Emmanuel,</strong></span> <span class='ocrx_word' id='word_1_42' title='bbox 1805 773 1938 828; x_wconf 88' lang='lat' dir='ltr'><strong>iusi-</strong></span> 
     </span>
    </p>
   </div>
   <div class='ocr_carea' id='block_1_7' title="bbox 369 860 1936 934">
    <p class='ocr_par' dir='ltr' id='par_1_7' title="bbox 369 860 1936 934">
     <span class='ocr_line' id='line_1_7' title="bbox 369 860 1936 934; baseline 0.004 -21"><span class='ocrx_word' id='word_1_43' title='bbox 369 875 523 930; x_wconf 87' lang='lat' dir='ltr'><strong>gncm</strong></span> <span class='ocrx_word' id='word_1_44' title='bbox 551 860 720 920; x_wconf 70' lang='lat' dir='ltr'><strong>Esaia:</strong></span> <span class='ocrx_word' id='word_1_45' title='bbox 746 863 939 918; x_wconf 89' lang='lat' dir='ltr'><strong>recitat</strong></span> <span class='ocrx_word' id='word_1_46' title='bbox 971 864 1299 934; x_wconf 82' lang='lat' dir='ltr'><strong>prepbetiam</strong></span> <span class='ocrx_word' id='word_1_47' title='bbox 1326 905 1340 928; x_wconf 91' lang='lat'><strong>,</strong></span> <span class='ocrx_word' id='word_1_48' title='bbox 1373 878 1714 934; x_wconf 83' lang='lat' dir='ltr'><strong>pravamque,</strong></span> <span class='ocrx_word' id='word_1_49' title='bbox 1743 874 1796 919; x_wconf 88' lang='lat' dir='ltr'><strong>et</strong></span> <span class='ocrx_word' id='word_1_50' title='bbox 1825 864 1936 919; x_wconf 73' lang='lat' dir='ltr'><strong>ha:-</strong></span> 
     </span>
    </p>
   </div>
   <div class='ocr_carea' id='block_1_8' title="bbox 367 952 1934 1027">
    <p class='ocr_par' dir='ltr' id='par_1_8' title="bbox 367 952 1934 1027">
     <span class='ocr_line' id='line_1_8' title="bbox 367 952 1934 1027; baseline 0.001 -17"><span class='ocrx_word' id='word_1_51' title='bbox 367 952 589 1010; x_wconf 82' lang='lat' dir='ltr'><strong>reticam</strong></span> <span class='ocrx_word' id='word_1_52' title='bbox 633 953 1064 1012; x_wconf 79' lang='lat' dir='ltr'><strong>adversariorum</strong></span> <span class='ocrx_word' id='word_1_53' title='bbox 1112 957 1604 1027; x_wconf 89' lang='lat' dir='ltr'><strong>interpretationem</strong></span> <span class='ocrx_word' id='word_1_54' title='bbox 1661 955 1934 1023; x_wconf 89' lang='lat' dir='ltr'><strong>conl‘utat,</strong></span> 
     </span>
    </p>
   </div>
   <div class='ocr_carea' id='block_1_9' title="bbox 365 1037 1939 1127">
    <p class='ocr_par' dir='ltr' id='par_1_9' title="bbox 365 1037 1939 1127">
     <span class='ocr_line' id='line_1_9' title="bbox 365 1037 1939 1127; baseline 0.004 -29"><span class='ocrx_word' id='word_1_55' title='bbox 365 1042 550 1100; x_wconf 88' lang='lat' dir='ltr'><strong>dicens</strong></span> <span class='ocrx_word' id='word_1_56' title='bbox 581 1063 595 1100; x_wconf 91' lang='lat'><strong>:</strong></span> <span class='ocrx_word' id='word_1_57' title='bbox 634 1064 654 1098; x_wconf 71' lang='grc' dir='ltr'>ι</span> <span class='ocrx_word' id='word_1_58' title='bbox 684 1046 912 1116; x_wconf 80' lang='lat' dir='ltr'><strong>Propter</strong></span> <span class='ocrx_word' id='word_1_59' title='bbox 960 1049 1061 1103; x_wconf 90' lang='lat' dir='ltr'><strong>hoc</strong></span> <span class='ocrx_word' id='word_1_60' title='bbox 1112 1049 1252 1127; x_wconf 82' lang='lat' dir='ltr'><strong>enim</strong></span> <span class='ocrx_word' id='word_1_61' title='bbox 1274 1090 1286 1112; x_wconf 92' lang='lat'><strong>,</strong></span> <span class='ocrx_word' id='word_1_62' title='bbox 1318 1059 1369 1103; x_wconf 91' lang='lat' dir='ltr'><strong>et</strong></span> <span class='ocrx_word' id='word_1_63' title='bbox 1413 1037 1482 1103; x_wconf 87' lang='lat' dir='ltr'><strong>de</strong></span> <span class='ocrx_word' id='word_1_64' title='bbox 1527 1046 1703 1102; x_wconf 80' lang='lat' dir='ltr'><strong>fructu</strong></span> <span class='ocrx_word' id='word_1_65' title='bbox 1737 1050 1939 1105; x_wconf 89' lang='lat' dir='ltr'><strong>ventris</strong></span> 
     </span>
    </p>
   </div>
   <div class='ocr_carea' id='block_1_10' title="bbox 373 1139 1937 1211">
    <p class='ocr_par' dir='ltr' id='par_1_10' title="bbox 373 1139 1937 1211">
     <span class='ocr_line' id='line_1_10' title="bbox 373 1139 1937 1211; baseline 0.003 -19"><span class='ocrx_word' id='word_1_66' title='bbox 373 1156 392 1192; x_wconf 78' lang='grc' dir='ltr'>ί</span> <span class='ocrx_word' id='word_1_67' title='bbox 439 1139 554 1208; x_wconf 85' lang='lat' dir='ltr'><strong>ejus</strong></span> <span class='ocrx_word' id='word_1_68' title='bbox 585 1155 763 1210; x_wconf 82' lang='lat' dir='ltr'><strong>regem</strong></span> <span class='ocrx_word' id='word_1_69' title='bbox 811 1141 1078 1210; x_wconf 85' lang='lat' dir='ltr'><strong>promisit,</strong></span> <span class='ocrx_word' id='word_1_70' title='bbox 1101 1139 1238 1209; x_wconf 87' lang='lat' dir='ltr'><strong>quod</strong></span> <span class='ocrx_word' id='word_1_71' title='bbox 1269 1150 1383 1196; x_wconf 86' lang='lat' dir='ltr'><strong>erat</strong></span> <span class='ocrx_word' id='word_1_72' title='bbox 1413 1141 1684 1211; x_wconf 90' lang='lat' dir='ltr'><strong>proprium</strong></span> <span class='ocrx_word' id='word_1_73' title='bbox 1710 1140 1937 1211; x_wconf 84' lang='lat' dir='ltr'><strong>Virginis</strong></span> 
     </span>
    </p>
   </div>
   <div class='ocr_carea' id='block_1_11' title="bbox 370 1231 1936 1302">
    <p class='ocr_par' dir='ltr' id='par_1_11' title="bbox 370 1231 1936 1302">
     <span class='ocr_line' id='line_1_11' title="bbox 370 1231 1936 1302; baseline 0.002 -19"><span class='ocrx_word' id='word_1_74' title='bbox 370 1247 392 1283; x_wconf 70' lang='grc' dir='ltr'><em>ς</em></span> <span class='ocrx_word' id='word_1_75' title='bbox 435 1233 794 1300; x_wconf 70' lang='lat' dir='ltr'><strong>praegnantis;</strong></span> <span class='ocrx_word' id='word_1_76' title='bbox 824 1242 878 1286; x_wconf 88' lang='lat' dir='ltr'><strong>et</strong></span> <span class='ocrx_word' id='word_1_77' title='bbox 906 1249 1009 1287; x_wconf 90' lang='lat' dir='ltr'><strong>non</strong></span> <span class='ocrx_word' id='word_1_78' title='bbox 1041 1233 1107 1288; x_wconf 87' lang='lat' dir='ltr'><strong>de</strong></span> <span class='ocrx_word' id='word_1_79' title='bbox 1139 1233 1309 1286; x_wconf 78' lang='lat' dir='ltr'><strong>fructu</strong></span> <span class='ocrx_word' id='word_1_80' title='bbox 1341 1233 1642 1288; x_wconf 87' lang='lat' dir='ltr'><strong>lumborum</strong></span> <span class='ocrx_word' id='word_1_81' title='bbox 1667 1231 1802 1302; x_wconf 90' lang='lat' dir='ltr'><strong>ejus,</strong></span> <span class='ocrx_word' id='word_1_82' title='bbox 1835 1245 1936 1286; x_wconf 88' lang='lat' dir='ltr'><strong>nec</strong></span> 
     </span>
    </p>
   </div>
   <div class='ocr_carea' id='block_1_12' title="bbox 369 1322 1933 1398">
    <p class='ocr_par' dir='ltr' id='par_1_12' title="bbox 369 1322 1933 1398">
     <span class='ocr_line' id='line_1_12' title="bbox 369 1322 1933 1398; baseline 0.003 -25"><span class='ocrx_word' id='word_1_83' title='bbox 369 1336 390 1373; x_wconf 79' lang='grc' dir='ltr'>ι</span> <span class='ocrx_word' id='word_1_84' title='bbox 435 1323 503 1376; x_wconf 90' lang='lat' dir='ltr'><strong>de</strong></span> <span class='ocrx_word' id='word_1_85' title='bbox 525 1323 695 1398; x_wconf 80' lang='lat' dir='ltr'><strong>fructu</strong></span> <span class='ocrx_word' id='word_1_86' title='bbox 721 1339 913 1380; x_wconf 90' lang='lat' dir='ltr'><strong>renum</strong></span> <span class='ocrx_word' id='word_1_87' title='bbox 941 1326 1078 1393; x_wconf 83' lang='lat' dir='ltr'><strong>ejus,</strong></span> <span class='ocrx_word' id='word_1_88' title='bbox 1109 1324 1248 1393; x_wconf 90' lang='lat' dir='ltr'><strong>quod</strong></span> <span class='ocrx_word' id='word_1_89' title='bbox 1273 1333 1354 1379; x_wconf 85' lang='lat' dir='ltr'><strong>est</strong></span> <span class='ocrx_word' id='word_1_90' title='bbox 1375 1324 1649 1394; x_wconf 82' lang='lat' dir='ltr'><strong>proprium</strong></span> <span class='ocrx_word' id='word_1_91' title='bbox 1688 1322 1790 1376; x_wconf 91' lang='lat' dir='ltr'><strong>viri</strong></span> <span class='ocrx_word' id='word_1_92' title='bbox 1838 1338 1933 1393; x_wconf 88' lang='lat' dir='ltr'><strong>ge-</strong></span> 
     </span>
    </p>
   </div>
   <div class='ocr_carea' id='block_1_13' title="bbox 367 1413 1932 1484">
    <p class='ocr_par' dir='ltr' id='par_1_13' title="bbox 367 1413 1932 1484">
     <span class='ocr_line' id='line_1_13' title="bbox 367 1413 1932 1484; baseline 0.005 -21"><span class='ocrx_word' id='word_1_93' title='bbox 367 1429 386 1463; x_wconf 76' lang='grc' dir='ltr'>ι</span> <span class='ocrx_word' id='word_1_94' title='bbox 434 1415 692 1479; x_wconf 87' lang='lat' dir='ltr'><strong>nerantis,</strong></span> <span class='ocrx_word' id='word_1_95' title='bbox 722 1423 776 1468; x_wconf 90' lang='lat' dir='ltr'><strong>et</strong></span> <span class='ocrx_word' id='word_1_96' title='bbox 801 1416 1040 1470; x_wconf 89' lang='lat' dir='ltr'><strong>mulieris</strong></span> <span class='ocrx_word' id='word_1_97' title='bbox 1063 1431 1126 1469; x_wconf 84' lang='lat' dir='ltr'><strong>ex</strong></span> <span class='ocrx_word' id='word_1_98' title='bbox 1158 1417 1273 1468; x_wconf 89' lang='lat' dir='ltr'><strong>viro</strong></span> <span class='ocrx_word' id='word_1_99' title='bbox 1296 1414 1698 1484; x_wconf 82' lang='lat' dir='ltr'><strong>conceptionem</strong></span> <span class='ocrx_word' id='word_1_100' title='bbox 1727 1413 1932 1471; x_wconf 79' lang='lat' dir='ltr'><strong>facien-</strong></span> 
     </span>
    </p>
   </div>
   <div class='ocr_carea' id='block_1_14' title="bbox 366 1505 1934 1577">
    <p class='ocr_par' dir='ltr' id='par_1_14' title="bbox 366 1505 1934 1577">
     <span class='ocr_line' id='line_1_14' title="bbox 366 1505 1934 1577; baseline 0.002 -17"><span class='ocrx_word' id='word_1_101' title='bbox 366 1522 388 1560; x_wconf 82' lang='lat' dir='ltr'><strong>s</strong></span> <span class='ocrx_word' id='word_1_102' title='bbox 436 1505 522 1559; x_wconf 88' lang='lat' dir='ltr'><strong>tis.</strong></span> <span class='ocrx_word' id='word_1_103' title='bbox 548 1505 984 1576; x_wconf 88' lang='lat' dir='ltr'><strong>Cireuntscripsit</strong></span> <span class='ocrx_word' id='word_1_104' title='bbox 1011 1508 1186 1577; x_wconf 79' lang='lat' dir='ltr'><strong>igitur</strong></span> <span class='ocrx_word' id='word_1_105' title='bbox 1218 1507 1463 1577; x_wconf 90' lang='lat' dir='ltr'><strong>genitalia</strong></span> <span class='ocrx_word' id='word_1_106' title='bbox 1491 1507 1590 1562; x_wconf 88' lang='lat' dir='ltr'><strong>viri</strong></span> <span class='ocrx_word' id='word_1_107' title='bbox 1623 1505 1676 1562; x_wconf 90' lang='lat' dir='ltr'><strong>in</strong></span> <span class='ocrx_word' id='word_1_108' title='bbox 1707 1508 1934 1576; x_wconf 84' lang='lat' dir='ltr'><strong>promis-</strong></span> 
     </span>
    </p>
   </div>
   <div class='ocr_carea' id='block_1_15' title="bbox 364 1596 1932 1667">
    <p class='ocr_par' dir='ltr' id='par_1_15' title="bbox 364 1596 1932 1667">
     <span class='ocr_line' id='line_1_15' title="bbox 364 1596 1932 1667; baseline 0.003 -19"><span class='ocrx_word' id='word_1_109' title='bbox 364 1613 387 1648; x_wconf 82' lang='lat' dir='ltr'><strong>s</strong></span> <span class='ocrx_word' id='word_1_110' title='bbox 433 1598 584 1652; x_wconf 89' lang='lat' dir='ltr'><strong>sione</strong></span> <span class='ocrx_word' id='word_1_111' title='bbox 612 1596 884 1666; x_wconf 83' lang='lat' dir='ltr'><strong>Scriptura</strong></span> <span class='ocrx_word' id='word_1_112' title='bbox 915 1615 928 1650; x_wconf 93' lang='lat'><strong>:</strong></span> <span class='ocrx_word' id='word_1_113' title='bbox 964 1600 1125 1653; x_wconf 90' lang='lat' dir='ltr'><strong>immo</strong></span> <span class='ocrx_word' id='word_1_114' title='bbox 1149 1614 1274 1652; x_wconf 89' lang='lat' dir='ltr'><strong>vero</strong></span> <span class='ocrx_word' id='word_1_115' title='bbox 1309 1612 1404 1653; x_wconf 90' lang='lat' dir='ltr'><strong>nec</strong></span> <span class='ocrx_word' id='word_1_116' title='bbox 1445 1610 1932 1667; x_wconf 81' lang='lat' dir='ltr'><strong>commemoratur;</strong></span> 
     </span>
    </p>
   </div>
   <div class='ocr_carea' id='block_1_16' title="bbox 365 1689 1932 1761">
    <p class='ocr_par' dir='ltr' id='par_1_16' title="bbox 365 1689 1932 1761">
     <span class='ocr_line' id='line_1_16' title="bbox 365 1689 1932 1761; baseline 0.004 -21"><span class='ocrx_word' id='word_1_117' title='bbox 365 1707 387 1740; x_wconf 85' lang='grc'><em>‹</em></span> <span class='ocrx_word' id='word_1_118' title='bbox 433 1689 684 1759; x_wconf 88' lang='lat' dir='ltr'><strong>quoniam</strong></span> <span class='ocrx_word' id='word_1_119' title='bbox 723 1705 826 1744; x_wconf 92' lang='lat' dir='ltr'><strong>non</strong></span> <span class='ocrx_word' id='word_1_120' title='bbox 859 1707 924 1744; x_wconf 80' lang='lat' dir='ltr'><strong>ex</strong></span> <span class='ocrx_word' id='word_1_121' title='bbox 953 1691 1349 1750; x_wconf 75' lang='lat' dir='ltr'><strong>V0lllltl3|e_\iri</strong></span> <span class='ocrx_word' id='word_1_122' title='bbox 1380 1703 1513 1757; x_wconf 89' lang='lat' dir='ltr'><strong>erat,</strong></span> <span class='ocrx_word' id='word_1_123' title='bbox 1544 1692 1633 1761; x_wconf 89' lang='lat' dir='ltr'><strong>qui</strong></span> <span class='ocrx_word' id='word_1_124' title='bbox 1674 1692 1932 1748; x_wconf 53' lang='lat' dir='ltr'><strong>nascebah</strong></span> 
     </span>
    </p>
   </div>
   <div class='ocr_carea' id='block_1_17' title="bbox 362 1779 1929 1851">
    <p class='ocr_par' dir='ltr' id='par_1_17' title="bbox 362 1779 1929 1851">
     <span class='ocr_line' id='line_1_17' title="bbox 362 1779 1929 1851; baseline 0.003 -20"><span class='ocrx_word' id='word_1_125' title='bbox 362 1796 385 1831; x_wconf 71' lang='grc' dir='ltr'>ι</span> <span class='ocrx_word' id='word_1_126' title='bbox 433 1788 537 1832; x_wconf 92' lang='lat' dir='ltr'><strong>tur.</strong></span> <span class='ocrx_word' id='word_1_127' title='bbox 577 1797 597 1831; x_wconf 75' lang='grc' dir='ltr'><strong><em>ι</em></strong></span> <span class='ocrx_word' id='word_1_128' title='bbox 637 1779 764 1834; x_wconf 89' lang='lat' dir='ltr'><strong>Dein</strong></span> <span class='ocrx_word' id='word_1_129' title='bbox 793 1796 975 1835; x_wconf 83' lang='lat' dir='ltr'><strong>veram</strong></span> <span class='ocrx_word' id='word_1_130' title='bbox 1014 1782 1252 1850; x_wconf 87' lang='lat' dir='ltr'><strong>ejusdem</strong></span> <span class='ocrx_word' id='word_1_131' title='bbox 1301 1785 1572 1851; x_wconf 70' lang='lat' dir='ltr'><strong>propheta:</strong></span> <span class='ocrx_word' id='word_1_132' title='bbox 1611 1782 1929 1836; x_wconf 84' lang='lat' dir='ltr'><strong>sententiam</strong></span> 
     </span>
    </p>
   </div>
   <div class='ocr_carea' id='block_1_18' title="bbox 355 1870 1931 1940">
    <p class='ocr_par' dir='ltr' id='par_1_18' title="bbox 355 1870 1931 1940">
     <span class='ocr_line' id='line_1_18' title="bbox 355 1870 1931 1940; baseline 0 -14"><span class='ocrx_word' id='word_1_133' title='bbox 355 1870 611 1940; x_wconf 79' lang='lat' dir='ltr'><strong>explicat,</strong></span> <span class='ocrx_word' id='word_1_134' title='bbox 638 1879 693 1925; x_wconf 92' lang='lat' dir='ltr'><strong>et</strong></span> <span class='ocrx_word' id='word_1_135' title='bbox 711 1870 997 1925; x_wconf 82' lang='lat' dir='ltr'><strong>conﬁrmat</strong></span> <span class='ocrx_word' id='word_1_136' title='bbox 1021 1873 1140 1926; x_wconf 89' lang='lat' dir='ltr'><strong>aliis</strong></span> <span class='ocrx_word' id='word_1_137' title='bbox 1180 1883 1286 1926; x_wconf 91' lang='lat' dir='ltr'><strong>tum</strong></span> <span class='ocrx_word' id='word_1_138' title='bbox 1320 1871 1572 1936; x_wconf 83' lang='lat' dir='ltr'><strong>l):mielis,</strong></span> <span class='ocrx_word' id='word_1_139' title='bbox 1619 1885 1728 1926; x_wconf 92' lang='lat' dir='ltr'><strong>tum</strong></span> <span class='ocrx_word' id='word_1_140' title='bbox 1764 1871 1931 1926; x_wconf 70' lang='lat' dir='ltr'><strong>Esairc</strong></span> 
     </span>
    </p>
   </div>
   <div class='ocr_carea' id='block_1_19' title="bbox 2040 683 3617 756">
    <p class='ocr_par' dir='ltr' id='par_1_19' title="bbox 2040 683 3617 756">
     <span class='ocr_line' id='line_1_19' title="bbox 2040 683 3617 756; baseline 0.003 -21"><span class='ocrx_word' id='word_1_141' title='bbox 2040 683 2210 736; x_wconf 87' lang='lat' dir='ltr'><strong>carnis</strong></span> <span class='ocrx_word' id='word_1_142' title='bbox 2239 683 2517 746; x_wconf 80' lang='lat' dir='ltr'><strong>uoluntate.</strong></span> <span class='ocrx_word' id='word_1_143' title='bbox 2537 690 2626 737; x_wconf 77' lang='lat' dir='ltr'><strong>aut</strong></span> <span class='ocrx_word' id='word_1_144' title='bbox 2645 683 2744 737; x_wconf 70' lang='lat' dir='ltr'><strong>uiri</strong></span> <span class='ocrx_word' id='word_1_145' title='bbox 2773 692 2988 747; x_wconf 81' lang='lat' dir='ltr'><strong>natum;</strong></span> <span class='ocrx_word' id='word_1_146' title='bbox 3021 684 3117 739; x_wconf 87' lang='lat' dir='ltr'><strong>nisi</strong></span> <span class='ocrx_word' id='word_1_147' title='bbox 3143 686 3269 756; x_wconf 90' lang='lat' dir='ltr'><strong>quia</strong></span> <span class='ocrx_word' id='word_1_148' title='bbox 3292 701 3356 740; x_wconf 80' lang='lat' dir='ltr'><strong>cx</strong></span> <span class='ocrx_word' id='word_1_149' title='bbox 3398 702 3459 740; x_wconf 87' lang='lat' dir='ltr'><strong>ea</strong></span> <span class='ocrx_word' id='word_1_150' title='bbox 3501 694 3617 740; x_wconf 84' lang='lat' dir='ltr'><strong>erat</strong></span> 
     </span>
    </p>
   </div>
   <div class='ocr_carea' id='block_1_20' title="bbox 2039 772 3698 842">
    <p class='ocr_par' dir='ltr' id='par_1_20' title="bbox 2039 772 3698 842">
     <span class='ocr_line' id='line_1_20' title="bbox 2039 772 3698 842; baseline 0.001 -16"><span class='ocrx_word' id='word_1_151' title='bbox 2039 786 2164 826; x_wconf 90' lang='lat' dir='ltr'><strong>caro</strong></span> <span class='ocrx_word' id='word_1_152' title='bbox 2187 788 2343 842; x_wconf 76' lang='lat' dir='ltr'><strong>quam</strong></span> <span class='ocrx_word' id='word_1_153' title='bbox 2365 787 2428 827; x_wconf 78' lang='lat' dir='ltr'><strong>es</strong></span> <span class='ocrx_word' id='word_1_154' title='bbox 2453 772 2939 831; x_wconf 79' lang='lat' dir='ltr'><strong>concubitunalam</strong></span> <span class='ocrx_word' id='word_1_155' title='bbox 2968 789 3123 828; x_wconf 90' lang='lat' dir='ltr'><strong>nemo</strong></span> <span class='ocrx_word' id='word_1_156' title='bbox 3141 774 3445 830; x_wconf 73' lang='lat' dir='ltr'><strong>dubitaret?</strong></span> <span class='ocrx_word' id='word_1_157' title='bbox 3469 785 3573 829; x_wconf 85' lang='lat' dir='ltr'><strong>etc.</strong></span> <span class='ocrx_word' id='word_1_158' title='bbox 3589 794 3609 827; x_wconf 73' lang='grc' dir='ltr'>ι</span> <span class='ocrx_word' id='word_1_159' title='bbox 3694 783 3698 787; x_wconf 74' lang='grc'><em>’</em></span> 
     </span>
    </p>
   </div>
   <div class='ocr_carea' id='block_1_21' title="bbox 2039 865 3611 934">
    <p class='ocr_par' dir='ltr' id='par_1_21' title="bbox 2039 865 3611 934">
     <span class='ocr_line' id='line_1_21' title="bbox 2039 865 3611 934; baseline 0.001 -13"><span class='ocrx_word' id='word_1_160' title='bbox 2039 865 2193 934; x_wconf 84' lang='lat' dir='ltr'><strong>Paria</strong></span> <span class='ocrx_word' id='word_1_161' title='bbox 2247 867 2404 921; x_wconf 81' lang='lat' dir='ltr'><strong>habet</strong></span> <span class='ocrx_word' id='word_1_162' title='bbox 2451 866 2590 920; x_wconf 88' lang='lat' dir='ltr'><strong>idem</strong></span> <span class='ocrx_word' id='word_1_163' title='bbox 2637 866 2992 920; x_wconf 87' lang='lat' dir='ltr'><strong>Tertullianus</strong></span> <span class='ocrx_word' id='word_1_164' title='bbox 3044 868 3095 922; x_wconf 93' lang='lat' dir='ltr'><strong>in</strong></span> <span class='ocrx_word' id='word_1_165' title='bbox 3142 867 3331 923; x_wconf 88' lang='lat' dir='ltr'><strong>eodem</strong></span> <span class='ocrx_word' id='word_1_166' title='bbox 3379 867 3515 922; x_wconf 87' lang='lat' dir='ltr'><strong>libro</strong></span> <span class='ocrx_word' id='word_1_167' title='bbox 3543 868 3611 922; x_wconf 86' lang='lat' dir='ltr'><strong>de</strong></span> 
     </span>
    </p>
   </div>
   <div class='ocr_carea' id='block_1_22' title="bbox 2038 957 3616 1028">
    <p class='ocr_par' dir='ltr' id='par_1_22' title="bbox 2038 957 3616 1028">
     <span class='ocr_line' id='line_1_22' title="bbox 2038 957 3616 1028; baseline -0.001 -14"><span class='ocrx_word' id='word_1_168' title='bbox 2038 957 2212 1014; x_wconf 84' lang='lat' dir='ltr'><strong>Carne</strong></span> <span class='ocrx_word' id='word_1_169' title='bbox 2231 958 2427 1013; x_wconf 86' lang='lat' dir='ltr'><strong>Christi</strong></span> <span class='ocrx_word' id='word_1_170' title='bbox 2456 973 2574 1028; x_wconf 87' lang='lat' dir='ltr'><strong>cap.</strong></span> <span class='ocrx_word' id='word_1_171' title='bbox 2603 957 2696 1024; x_wconf 73' lang='grc'><strong>24,</strong></span> <span class='ocrx_word' id='word_1_172' title='bbox 2730 958 2815 1013; x_wconf 79' lang='lat' dir='ltr'><strong>tibi</strong></span> <span class='ocrx_word' id='word_1_173' title='bbox 2851 959 3045 1023; x_wconf 91' lang='lat' dir='ltr'><strong>locum,</strong></span> <span class='ocrx_word' id='word_1_174' title='bbox 3076 959 3145 1013; x_wconf 88' lang='lat' dir='ltr'><strong>de</strong></span> <span class='ocrx_word' id='word_1_175' title='bbox 3167 974 3272 1027; x_wconf 92' lang='lat' dir='ltr'><strong>quo</strong></span> <span class='ocrx_word' id='word_1_176' title='bbox 3291 959 3491 1026; x_wconf 84' lang='lat' dir='ltr'><strong>scribo,</strong></span> <span class='ocrx_word' id='word_1_177' title='bbox 3521 957 3616 1013; x_wconf 73' lang='lat' dir='ltr'><strong>ad~</strong></span> 
     </span>
    </p>
   </div>
   <div class='ocr_carea' id='block_1_23' title="bbox 2037 1038 3612 1119">
    <p class='ocr_par' dir='ltr' id='par_1_23' title="bbox 2037 1038 3612 1119">
     <span class='ocr_line' id='line_1_23' title="bbox 2037 1038 3612 1119; baseline 0 -15"><span class='ocrx_word' id='word_1_178' title='bbox 2037 1065 2224 1106; x_wconf 82' lang='lat' dir='ltr'><strong>versus</strong></span> <span class='ocrx_word' id='word_1_179' title='bbox 2260 1050 2518 1105; x_wconf 86' lang='lat' dir='ltr'><strong>Ebionem</strong></span> <span class='ocrx_word' id='word_1_180' title='bbox 2556 1051 2713 1104; x_wconf 74' lang='lat' dir='ltr'><strong>affert</strong></span> <span class='ocrx_word' id='word_1_181' title='bbox 2749 1069 2761 1104; x_wconf 92' lang='lat'>:</span> <span class='ocrx_word' id='word_1_182' title='bbox 2793 1070 2812 1103; x_wconf 68' lang='grc' dir='ltr'>ι</span> <span class='ocrx_word' id='word_1_183' title='bbox 2843 1050 2966 1104; x_wconf 88' lang='lat' dir='ltr'><strong>Ideo</strong></span> <span class='ocrx_word' id='word_1_184' title='bbox 2997 1069 3015 1102; x_wconf 73' lang='grc' dir='ltr'><strong><em>ι</em></strong></span> <span class='ocrx_word' id='word_1_185' title='bbox 3044 1050 3213 1119; x_wconf 84' lang='lat' dir='ltr'><strong>inquit</strong></span> <span class='ocrx_word' id='word_1_186' title='bbox 3237 1069 3256 1101; x_wconf 76' lang='grc' dir='ltr'><strong><em>ι</em></strong></span> <span class='ocrx_word' id='word_1_187' title='bbox 3285 1038 3447 1104; x_wconf 79' lang='lat' dir='ltr'><strong>etiam</strong></span> <span class='ocrx_word' id='word_1_188' title='bbox 3475 1051 3612 1104; x_wconf 74' lang='lat' dir='ltr'><strong>Mar-</strong></span> 
     </span>
    </p>
   </div>
   <div class='ocr_carea' id='block_1_24' title="bbox 2036 1141 3611 1214">
    <p class='ocr_par' dir='ltr' id='par_1_24' title="bbox 2036 1141 3611 1214">
     <span class='ocr_line' id='line_1_24' title="bbox 2036 1141 3611 1214; baseline -0.004 -12"><span class='ocrx_word' id='word_1_189' title='bbox 2036 1145 2242 1202; x_wconf 87' lang='lat' dir='ltr'><strong>cionem</strong></span> <span class='ocrx_word' id='word_1_190' title='bbox 2275 1146 2602 1213; x_wconf 74' lang='lat' dir='ltr'><strong>prospiciens</strong></span> <span class='ocrx_word' id='word_1_191' title='bbox 2629 1143 2878 1214; x_wconf 80' lang='lat' dir='ltr'><strong>(Spiritus</strong></span> <span class='ocrx_word' id='word_1_192' title='bbox 2903 1143 3174 1212; x_wconf 86' lang='lat' dir='ltr'><strong>Sanctus):</strong></span> <span class='ocrx_word' id='word_1_193' title='bbox 3209 1141 3322 1212; x_wconf 86' lang='lat' dir='ltr'><strong>Ego</strong></span> <span class='ocrx_word' id='word_1_194' title='bbox 3353 1157 3495 1207; x_wconf 90' lang='lat' dir='ltr'><strong>sum,</strong></span> <span class='ocrx_word' id='word_1_195' title='bbox 3531 1145 3611 1196; x_wconf 82' lang='lat' dir='ltr'><strong>iu-</strong></span> 
     </span>
    </p>
   </div>
   <div class='ocr_carea' id='block_1_25' title="bbox 2035 1235 3612 1306">
    <p class='ocr_par' dir='ltr' id='par_1_25' title="bbox 2035 1235 3612 1306">
     <span class='ocr_line' id='line_1_25' title="bbox 2035 1235 3612 1306; baseline 0.001 -17"><span class='ocrx_word' id='word_1_196' title='bbox 2035 1237 2169 1306; x_wconf 87' lang='lat' dir='ltr'><strong>quit,</strong></span> <span class='ocrx_word' id='word_1_197' title='bbox 2203 1237 2364 1304; x_wconf 72' lang='lat' dir='ltr'><strong>Deus,</strong></span> <span class='ocrx_word' id='word_1_198' title='bbox 2388 1246 2442 1291; x_wconf 87' lang='lat' dir='ltr'><strong>et</strong></span> <span class='ocrx_word' id='word_1_199' title='bbox 2467 1238 2604 1290; x_wconf 86' lang='lat' dir='ltr'><strong>alius</strong></span> <span class='ocrx_word' id='word_1_200' title='bbox 2635 1237 2838 1303; x_wconf 72' lang='lat' dir='ltr'><strong>absque</strong></span> <span class='ocrx_word' id='word_1_201' title='bbox 2868 1251 2952 1290; x_wconf 89' lang='lat' dir='ltr'><strong>me</strong></span> <span class='ocrx_word' id='word_1_202' title='bbox 2982 1252 3086 1289; x_wconf 88' lang='lat' dir='ltr'><strong>nun</strong></span> <span class='ocrx_word' id='word_1_203' title='bbox 3111 1244 3210 1289; x_wconf 76' lang='lat' dir='ltr'><strong>est.</strong></span> <span class='ocrx_word' id='word_1_204' title='bbox 3247 1235 3312 1288; x_wconf 87' lang='lat' dir='ltr'><strong>Et</strong></span> <span class='ocrx_word' id='word_1_205' title='bbox 3338 1249 3457 1289; x_wconf 92' lang='lat' dir='ltr'><strong>cum</strong></span> <span class='ocrx_word' id='word_1_206' title='bbox 3480 1235 3612 1290; x_wconf 87' lang='lat' dir='ltr'><strong>alias</strong></span> 
     </span>
    </p>
   </div>
   <div class='ocr_carea' id='block_1_26' title="bbox 2035 1325 3612 1398">
    <p class='ocr_par' dir='ltr' id='par_1_26' title="bbox 2035 1325 3612 1398">
     <span class='ocr_line' id='line_1_26' title="bbox 2035 1325 3612 1398; baseline -0.004 -13"><span class='ocrx_word' id='word_1_207' title='bbox 2035 1328 2263 1398; x_wconf 88' lang='lat' dir='ltr'><strong>idipsnm</strong></span> <span class='ocrx_word' id='word_1_208' title='bbox 2293 1329 2484 1384; x_wconf 88' lang='lat' dir='ltr'><strong>eodem</strong></span> <span class='ocrx_word' id='word_1_209' title='bbox 2516 1328 2673 1385; x_wconf 92' lang='lat' dir='ltr'><strong>modo</strong></span> <span class='ocrx_word' id='word_1_210' title='bbox 2704 1328 2860 1392; x_wconf 83' lang='lat' dir='ltr'><strong>dicit,</strong></span> <span class='ocrx_word' id='word_1_211' title='bbox 2891 1327 3071 1381; x_wconf 75' lang='lat' dir='ltr'><strong>nescio</strong></span> <span class='ocrx_word' id='word_1_212' title='bbox 3108 1340 3240 1396; x_wconf 88' lang='lat' dir='ltr'><strong>quas</strong></span> <span class='ocrx_word' id='word_1_213' title='bbox 3270 1327 3385 1380; x_wconf 89' lang='lat' dir='ltr'><strong>illas</strong></span> <span class='ocrx_word' id='word_1_214' title='bbox 3411 1325 3612 1380; x_wconf 84' lang='lat' dir='ltr'><strong>Valen-</strong></span> 
     </span>
    </p>
   </div>
   <div class='ocr_carea' id='block_1_27' title="bbox 2035 1416 3612 1487">
    <p class='ocr_par' dir='ltr' id='par_1_27' title="bbox 2035 1416 3612 1487">
     <span class='ocr_line' id='line_1_27' title="bbox 2035 1416 3612 1487; baseline -0.003 -12"><span class='ocrx_word' id='word_1_215' title='bbox 2035 1419 2356 1475; x_wconf 89' lang='lat' dir='ltr'><strong>tinianorum</strong></span> <span class='ocrx_word' id='word_1_216' title='bbox 2415 1433 2624 1473; x_wconf 73' lang='lat' dir='ltr'><strong>:conum</strong></span> <span class='ocrx_word' id='word_1_217' title='bbox 2674 1416 3014 1487; x_wconf 84' lang='lat' dir='ltr'><strong>genealogias</strong></span> <span class='ocrx_word' id='word_1_218' title='bbox 3058 1417 3254 1485; x_wconf 83' lang='lat' dir='ltr'><strong>pulsat.</strong></span> <span class='ocrx_word' id='word_1_219' title='bbox 3283 1417 3372 1478; x_wconf 86' lang='lat' dir='ltr'><strong>Et,</strong></span> <span class='ocrx_word' id='word_1_220' title='bbox 3407 1432 3510 1470; x_wconf 92' lang='lat' dir='ltr'><strong>non</strong></span> <span class='ocrx_word' id='word_1_221' title='bbox 3548 1432 3612 1470; x_wconf 75' lang='lat' dir='ltr'><strong>ex</strong></span> 
     </span>
    </p>
   </div>
   <div class='ocr_carea' id='block_1_28' title="bbox 2034 1505 3612 1579">
    <p class='ocr_par' dir='ltr' id='par_1_28' title="bbox 2034 1505 3612 1579">
     <span class='ocr_line' id='line_1_28' title="bbox 2034 1505 3612 1579; baseline -0.004 -13"><span class='ocrx_word' id='word_1_222' title='bbox 2034 1511 2310 1579; x_wconf 81' lang='lat' dir='ltr'><strong>sanguine,</strong></span> <span class='ocrx_word' id='word_1_223' title='bbox 2347 1523 2519 1578; x_wconf 89' lang='lat' dir='ltr'><strong>neque</strong></span> <span class='ocrx_word' id='word_1_224' title='bbox 2544 1524 2609 1562; x_wconf 78' lang='lat' dir='ltr'><strong>ex</strong></span> <span class='ocrx_word' id='word_1_225' title='bbox 2637 1509 2838 1574; x_wconf 86' lang='lat' dir='ltr'><strong>carnis,</strong></span> <span class='ocrx_word' id='word_1_226' title='bbox 2871 1517 2925 1562; x_wconf 91' lang='lat' dir='ltr'><strong>et</strong></span> <span class='ocrx_word' id='word_1_227' title='bbox 2954 1507 3052 1560; x_wconf 90' lang='lat' dir='ltr'><strong>viri</strong></span> <span class='ocrx_word' id='word_1_228' title='bbox 3085 1507 3378 1569; x_wconf 75' lang='lat' dir='ltr'><strong>voluntate,</strong></span> <span class='ocrx_word' id='word_1_229' title='bbox 3416 1505 3508 1560; x_wconf 86' lang='lat' dir='ltr'><strong>sed</strong></span> <span class='ocrx_word' id='word_1_230' title='bbox 3549 1521 3612 1560; x_wconf 82' lang='lat' dir='ltr'><strong>ex</strong></span> 
     </span>
    </p>
   </div>
   <div class='ocr_carea' id='block_1_29' title="bbox 2037 1595 3612 1670">
    <p class='ocr_par' dir='ltr' id='par_1_29' title="bbox 2037 1595 3612 1670">
     <span class='ocr_line' id='line_1_29' title="bbox 2037 1595 3612 1670; baseline -0.005 -14"><span class='ocrx_word' id='word_1_231' title='bbox 2037 1602 2146 1656; x_wconf 89' lang='lat' dir='ltr'><strong>Deo</strong></span> <span class='ocrx_word' id='word_1_232' title='bbox 2173 1612 2326 1656; x_wconf 75' lang='lat' dir='ltr'><strong>natus</strong></span> <span class='ocrx_word' id='word_1_233' title='bbox 2357 1609 2457 1654; x_wconf 85' lang='lat' dir='ltr'><strong>est.</strong></span> <span class='ocrx_word' id='word_1_234' title='bbox 2495 1617 2513 1651; x_wconf 71' lang='grc' dir='ltr'><strong>ι</strong></span> <span class='ocrx_word' id='word_1_235' title='bbox 2549 1599 2776 1656; x_wconf 77' lang='lat' dir='ltr'><strong>Sanctus</strong></span> <span class='ocrx_word' id='word_1_236' title='bbox 2797 1613 3010 1667; x_wconf 84' lang='lat' dir='ltr'><strong>quoque</strong></span> <span class='ocrx_word' id='word_1_237' title='bbox 3031 1597 3267 1651; x_wconf 82' lang='lat' dir='ltr'><strong>Joannes</strong></span> <span class='ocrx_word' id='word_1_238' title='bbox 3292 1595 3612 1670; x_wconf 81' lang='lat' dir='ltr'><strong>Cbrysosto-</strong></span> 
     </span>
    </p>
   </div>
   <div class='ocr_carea' id='block_1_30' title="bbox 2034 1678 3610 1755">
    <p class='ocr_par' dir='ltr' id='par_1_30' title="bbox 2034 1678 3610 1755">
     <span class='ocr_line' id='line_1_30' title="bbox 2034 1678 3610 1755; baseline -0.005 -6"><span class='ocrx_word' id='word_1_239' title='bbox 2034 1709 2151 1749; x_wconf 91' lang='lat' dir='ltr'><strong>mus</strong></span> <span class='ocrx_word' id='word_1_240' title='bbox 2176 1693 2240 1748; x_wconf 87' lang='lat' dir='ltr'><strong>ad</strong></span> <span class='ocrx_word' id='word_1_241' title='bbox 2277 1691 2520 1747; x_wconf 89' lang='lat' dir='ltr'><strong>eamdem</strong></span> <span class='ocrx_word' id='word_1_242' title='bbox 2566 1691 2846 1745; x_wconf 87' lang='lat' dir='ltr'><strong>lectionem</strong></span> <span class='ocrx_word' id='word_1_243' title='bbox 2896 1689 3064 1742; x_wconf 88' lang='lat' dir='ltr'><strong>nostri</strong></span> <span class='ocrx_word' id='word_1_244' title='bbox 3111 1685 3466 1755; x_wconf 78' lang='lat' dir='ltr'><strong>Evangeliarii</strong></span> <span class='ocrx_word' id='word_1_245' title='bbox 3505 1678 3610 1741; x_wconf 65' lang='lat' dir='ltr'><strong>ve-</strong></span> 
     </span>
    </p>
   </div>
   <div class='ocr_carea' id='block_1_31' title="bbox 2032 1778 3613 1855">
    <p class='ocr_par' dir='ltr' id='par_1_31' title="bbox 2032 1778 3613 1855">
     <span class='ocr_line' id='line_1_31' title="bbox 2032 1778 3613 1855; baseline -0.005 -15"><span class='ocrx_word' id='word_1_246' title='bbox 2032 1784 2278 1840; x_wconf 84' lang='lat' dir='ltr'><strong>ronensis</strong></span> <span class='ocrx_word' id='word_1_247' title='bbox 2319 1784 2396 1855; x_wconf 91' lang='lat' dir='ltr'><strong>(in</strong></span> <span class='ocrx_word' id='word_1_248' title='bbox 2439 1783 2618 1851; x_wconf 89' lang='lat' dir='ltr'><strong>aliquo</strong></span> <span class='ocrx_word' id='word_1_249' title='bbox 2662 1779 2888 1851; x_wconf 86' lang='lat' dir='ltr'><strong>proinde</strong></span> <span class='ocrx_word' id='word_1_250' title='bbox 2928 1778 3117 1835; x_wconf 74' lang='lat' dir='ltr'><strong>Grtcco</strong></span> <span class='ocrx_word' id='word_1_251' title='bbox 3157 1778 3451 1847; x_wconf 79' lang='lat' dir='ltr'><strong>exemplari</strong></span> <span class='ocrx_word' id='word_1_252' title='bbox 3492 1793 3522 1831; x_wconf 86' lang='lat' dir='ltr'><strong>a</strong></span> <span class='ocrx_word' id='word_1_253' title='bbox 3553 1792 3613 1832; x_wconf 89' lang='lat' dir='ltr'><strong>se</strong></span> 
     </span>
    </p>
   </div>
   <div class='ocr_carea' id='block_1_32' title="bbox 2033 1868 3612 1946">
    <p class='ocr_par' dir='ltr' id='par_1_32' title="bbox 2033 1868 3612 1946">
     <span class='ocr_line' id='line_1_32' title="bbox 2033 1868 3612 1946; baseline -0.006 -14"><span class='ocrx_word' id='word_1_254' title='bbox 2033 1885 2320 1946; x_wconf 89' lang='lat' dir='ltr'><strong>repertam,</strong></span> <span class='ocrx_word' id='word_1_255' title='bbox 2372 1871 2696 1944; x_wconf 83' lang='lat' dir='ltr'><strong>lectamque)</strong></span> <span class='ocrx_word' id='word_1_256' title='bbox 2739 1869 2948 1926; x_wconf 90' lang='lat' dir='ltr'><strong>videtur</strong></span> <span class='ocrx_word' id='word_1_257' title='bbox 2999 1871 3320 1940; x_wconf 75' lang='lat' dir='ltr'><strong>respexisse,</strong></span> <span class='ocrx_word' id='word_1_258' title='bbox 3366 1883 3486 1922; x_wconf 91' lang='lat' dir='ltr'><strong>cum</strong></span> <span class='ocrx_word' id='word_1_259' title='bbox 3531 1868 3612 1922; x_wconf 80' lang='grc' dir='ltr'><strong>ἰη-</strong></span> 
     </span>
    </p>
   </div>
   <div class='ocr_carea' id='block_1_33' title="bbox 356 1960 2391 2040">
    <p class='ocr_par' dir='ltr' id='par_1_33' title="bbox 356 1961 2391 2040">
     <span class='ocr_line' id='line_1_33' title="bbox 356 1961 2391 2040; baseline 0.004 -28"><span class='ocrx_word' id='word_1_260' title='bbox 356 1961 675 2029; x_wconf 86' lang='lat' dir='ltr'><strong>prophetiis,</strong></span> <span class='ocrx_word' id='word_1_261' title='bbox 706 1970 864 2030; x_wconf 83' lang='lat' dir='ltr'><strong>atque</strong></span> <span class='ocrx_word' id='word_1_262' title='bbox 896 1963 964 2016; x_wconf 77' lang='lat' dir='ltr'><strong>ita</strong></span> <span class='ocrx_word' id='word_1_263' title='bbox 988 1963 1256 2018; x_wconf 86' lang='lat' dir='ltr'><strong>concludit</strong></span> <span class='ocrx_word' id='word_1_264' title='bbox 1285 1961 1378 2032; x_wconf 88' lang='lat' dir='ltr'><strong>(P.</strong></span> <span class='ocrx_word' id='word_1_265' title='bbox 1420 1962 1547 2027; x_wconf 73' lang='lat' dir='ltr'><strong>2l7,</strong></span> <span class='ocrx_word' id='word_1_266' title='bbox 1576 1979 1621 2015; x_wconf 90' lang='lat' dir='ltr'><strong>c.</strong></span> <span class='ocrx_word' id='word_1_267' title='bbox 1653 1961 1706 2027; x_wconf 75' lang='grc'><strong>2,</strong></span> <span class='ocrx_word' id='word_1_268' title='bbox 1739 1979 1792 2016; x_wconf 91' lang='lat' dir='ltr'><strong>n.</strong></span> <span class='ocrx_word' id='word_1_269' title='bbox 1824 1962 1879 2032; x_wconf 84' lang='lat'><strong>7)</strong></span> <span class='ocrx_word' id='word_1_270' title='bbox 1906 1981 1918 2016; x_wconf 91' lang='lat'><strong>:</strong></span> <span class='ocrx_word' id='word_1_271' title='bbox 1953 1965 2003 2026; x_wconf 86' lang='lat' dir='ltr'><strong>B</strong></span> <span class='ocrx_word' id='word_1_272' title='bbox 2027 1970 2144 2040; x_wconf 87' lang='lat' dir='ltr'><strong>quit-</strong></span> <span class='ocrx_word' id='word_1_273' title='bbox 2173 1984 2186 2021; x_wconf 89' lang='lat'><strong>:</strong></span> <span class='ocrx_word' id='word_1_274' title='bbox 2215 1969 2303 2024; x_wconf 77' lang='grc' dir='ltr'><strong>Διά</strong></span> <span class='ocrx_word' id='word_1_275' title='bbox 2337 1988 2391 2022; x_wconf 83' lang='grc' dir='ltr'><strong>το</strong></span> 
     </span>
    </p>
   </div>
   <div class='ocr_carea' id='block_1_34' title="bbox 2027 1960 3610 2040">
    <p class='ocr_par' dir='ltr' id='par_1_34' title="bbox 2027 1960 3610 2040">
     <span class='ocr_line' id='line_1_34' title="bbox 2027 1960 3610 2040; baseline -0.006 -17"><span class='ocrx_word' id='word_1_276' title='bbox 2027 1970 2144 2040; x_wconf 91' lang='lat' dir='ltr'><strong>quit-</strong></span> <span class='ocrx_word' id='word_1_277' title='bbox 2173 1984 2186 2021; x_wconf 86' lang='lat'><strong>:</strong></span> <span class='ocrx_word' id='word_1_278' title='bbox 2215 1969 2303 2024; x_wconf 79' lang='grc' dir='ltr'><strong>Διά</strong></span> <span class='ocrx_word' id='word_1_279' title='bbox 2337 1974 2488 2022; x_wconf 78' lang='grc' dir='ltr'>τοῦτο</span> <span class='ocrx_word' id='word_1_280' title='bbox 2509 1963 2661 2022; x_wconf 83' lang='grc' dir='ltr'><strong>διπλῆ</strong></span> <span class='ocrx_word' id='word_1_281' title='bbox 2701 1966 2896 2038; x_wconf 69' lang='grc' dir='ltr'><strong>γέγονεν</strong></span> <span class='ocrx_word' id='word_1_282' title='bbox 2939 1965 2969 2020; x_wconf 75' lang='grc' dir='ltr'>ἡ</span> <span class='ocrx_word' id='word_1_283' title='bbox 3012 1963 3276 2036; x_wconf 72' lang='grc' dir='ltr'><strong>γέννησις,</strong></span> <span class='ocrx_word' id='word_1_284' title='bbox 3313 1963 3398 2014; x_wconf 77' lang='grc' dir='ltr'><strong>καὶ</strong></span> <span class='ocrx_word' id='word_1_285' title='bbox 3427 1960 3610 2014; x_wconf 74' lang='grc' dir='ltr'><strong>ἐοικυῖα</strong></span> 
     </span>
    </p>
   </div>
   <div class='ocr_carea' id='block_1_35' title="bbox 364 2050 1930 2125">
    <p class='ocr_par' dir='ltr' id='par_1_35' title="bbox 364 2050 1930 2125">
     <span class='ocr_line' id='line_1_35' title="bbox 364 2050 1930 2125; baseline -0.001 -19"><span class='ocrx_word' id='word_1_286' title='bbox 364 2069 386 2106; x_wconf 71' lang='grc' dir='ltr'>ι</span> <span class='ocrx_word' id='word_1_287' title='bbox 418 2050 646 2122; x_wconf 81' lang='lat' dir='ltr'><strong>Pr-Opter</strong></span> <span class='ocrx_word' id='word_1_288' title='bbox 672 2052 773 2108; x_wconf 89' lang='lat' dir='ltr'><strong>hoc</strong></span> <span class='ocrx_word' id='word_1_289' title='bbox 800 2064 976 2108; x_wconf 86' lang='lat' dir='ltr'><strong>autem</strong></span> <span class='ocrx_word' id='word_1_290' title='bbox 999 2063 1049 2109; x_wconf 91' lang='lat' dir='ltr'><strong>et</strong></span> <span class='ocrx_word' id='word_1_291' title='bbox 1077 2054 1258 2108; x_wconf 83' lang='lat' dir='ltr'><strong>Daniel</strong></span> <span class='ocrx_word' id='word_1_292' title='bbox 1280 2053 1574 2125; x_wconf 72' lang='lat' dir='ltr'><strong>prmvideus</strong></span> <span class='ocrx_word' id='word_1_293' title='bbox 1596 2053 1710 2119; x_wconf 81' lang='lat' dir='ltr'><strong>ejus</strong></span> <span class='ocrx_word' id='word_1_294' title='bbox 1731 2052 1930 2107; x_wconf 84' lang='lat' dir='ltr'><strong>adven-</strong></span> 
     </span>
    </p>
   </div>
   <div class='ocr_carea' id='block_1_36' title="bbox 367 2137 1930 2205">
    <p class='ocr_par' dir='ltr' id='par_1_36' title="bbox 367 2137 1930 2205">
     <span class='ocr_line' id='line_1_36' title="bbox 367 2137 1930 2205; baseline 0.001 -17"><span class='ocrx_word' id='word_1_295' title='bbox 367 2154 389 2188; x_wconf 69' lang='grc' dir='ltr'><em>α</em></span> <span class='ocrx_word' id='word_1_296' title='bbox 437 2146 571 2202; x_wconf 67' lang='lat' dir='ltr'><strong>tum;</strong></span> <span class='ocrx_word' id='word_1_297' title='bbox 616 2138 844 2205; x_wconf 88' lang='lat' dir='ltr'><strong>lapidem</strong></span> <span class='ocrx_word' id='word_1_298' title='bbox 875 2137 991 2193; x_wconf 89' lang='lat' dir='ltr'><strong>sine</strong></span> <span class='ocrx_word' id='word_1_299' title='bbox 1021 2138 1260 2193; x_wconf 89' lang='lat' dir='ltr'><strong>manibus</strong></span> <span class='ocrx_word' id='word_1_300' title='bbox 1309 2138 1601 2192; x_wconf 84' lang='lat' dir='ltr'><strong>abscissum</strong></span> <span class='ocrx_word' id='word_1_301' title='bbox 1647 2138 1930 2192; x_wconf 80' lang='lat' dir='ltr'><strong>advenisse</strong></span> 
     </span>
    </p>
   </div>
   <div class='ocr_carea' id='block_1_37' title="bbox 364 2228 1929 2300">
    <p class='ocr_par' dir='ltr' id='par_1_37' title="bbox 364 2228 1929 2300">
     <span class='ocr_line' id='line_1_37' title="bbox 364 2228 1929 2300; baseline 0.003 -22"><span class='ocrx_word' id='word_1_302' title='bbox 364 2244 385 2278; x_wconf 83' lang='lat' dir='ltr'><strong>s</strong></span> <span class='ocrx_word' id='word_1_303' title='bbox 434 2228 485 2281; x_wconf 92' lang='lat' dir='ltr'><strong>in</strong></span> <span class='ocrx_word' id='word_1_304' title='bbox 516 2228 653 2282; x_wconf 88' lang='lat' dir='ltr'><strong>hunc</strong></span> <span class='ocrx_word' id='word_1_305' title='bbox 683 2229 937 2284; x_wconf 90' lang='lat' dir='ltr'><strong>mundum</strong></span> <span class='ocrx_word' id='word_1_306' title='bbox 981 2232 1108 2300; x_wconf 90' lang='lat' dir='ltr'><strong>(hoc</strong></span> <span class='ocrx_word' id='word_1_307' title='bbox 1140 2241 1226 2295; x_wconf 76' lang='lat' dir='ltr'><strong>est</strong></span> <span class='ocrx_word' id='word_1_308' title='bbox 1266 2232 1428 2295; x_wconf 90' lang='lat' dir='ltr'><strong>enim,</strong></span> <span class='ocrx_word' id='word_1_309' title='bbox 1461 2231 1598 2298; x_wconf 91' lang='lat' dir='ltr'><strong>quod</strong></span> <span class='ocrx_word' id='word_1_310' title='bbox 1630 2231 1736 2282; x_wconf 85' lang='lat' dir='ltr'><strong>sine</strong></span> <span class='ocrx_word' id='word_1_311' title='bbox 1760 2230 1929 2282; x_wconf 79' lang='lat' dir='ltr'><strong>mani-</strong></span> 
     </span>
    </p>
   </div>
   <div class='ocr_carea' id='block_1_38' title="bbox 362 2319 1923 2391">
    <p class='ocr_par' dir='ltr' id='par_1_38' title="bbox 362 2319 1923 2391">
     <span class='ocr_line' id='line_1_38' title="bbox 362 2319 1923 2391; baseline 0 -20"><span class='ocrx_word' id='word_1_312' title='bbox 362 2336 383 2371; x_wconf 82' lang='lat' dir='ltr'><strong>s</strong></span> <span class='ocrx_word' id='word_1_313' title='bbox 432 2321 545 2390; x_wconf 83' lang='lat' dir='ltr'><strong>bus)</strong></span> <span class='ocrx_word' id='word_1_314' title='bbox 577 2321 908 2390; x_wconf 81' lang='lat' dir='ltr'><strong>signiﬁcabat</strong></span> <span class='ocrx_word' id='word_1_315' title='bbox 933 2321 1080 2391; x_wconf 86' lang='lat' dir='ltr'><strong>(cap.</strong></span> <span class='ocrx_word' id='word_1_316' title='bbox 1113 2337 1292 2383; x_wconf 75' lang='lat' dir='ltr'><strong>nvm,</strong></span> <span class='ocrx_word' id='word_1_317' title='bbox 1341 2321 1476 2374; x_wconf 85' lang='lat' dir='ltr'><strong>Dan.</strong></span> <span class='ocrx_word' id='word_1_318' title='bbox 1519 2336 1575 2381; x_wconf 93' lang='lat' dir='ltr'><strong>Il,</strong></span> <span class='ocrx_word' id='word_1_319' title='bbox 1608 2319 1730 2390; x_wconf 64' lang='lat'><strong>54);</strong></span> <span class='ocrx_word' id='word_1_320' title='bbox 1760 2320 1923 2390; x_wconf 83' lang='lat' dir='ltr'><strong>quod,</strong></span> 
     </span>
    </p>
   </div>
   <div class='ocr_carea' id='block_1_39' title="bbox 361 2410 1928 2478">
    <p class='ocr_par' dir='ltr' id='par_1_39' title="bbox 361 2410 1928 2478">
     <span class='ocr_line' id='line_1_39' title="bbox 361 2410 1928 2478; baseline -0.001 -16"><span class='ocrx_word' id='word_1_321' title='bbox 361 2427 382 2462; x_wconf 71' lang='grc' dir='ltr'>ι</span> <span class='ocrx_word' id='word_1_322' title='bbox 430 2424 537 2463; x_wconf 91' lang='lat' dir='ltr'><strong>non</strong></span> <span class='ocrx_word' id='word_1_323' title='bbox 567 2411 914 2478; x_wconf 89' lang='lat' dir='ltr'><strong>operantibus</strong></span> <span class='ocrx_word' id='word_1_324' title='bbox 939 2411 1179 2464; x_wconf 85' lang='lat' dir='ltr'><strong>humanis</strong></span> <span class='ocrx_word' id='word_1_325' title='bbox 1205 2410 1468 2474; x_wconf 91' lang='lat' dir='ltr'><strong>manibus,</strong></span> <span class='ocrx_word' id='word_1_326' title='bbox 1520 2411 1631 2464; x_wconf 68' lang='lat' dir='ltr'><strong>boe-</strong></span> <span class='ocrx_word' id='word_1_327' title='bbox 1657 2421 1756 2472; x_wconf 88' lang='lat' dir='ltr'><strong>est,</strong></span> <span class='ocrx_word' id='word_1_328' title='bbox 1787 2411 1928 2462; x_wconf 83' lang='lat' dir='ltr'><strong>viru-</strong></span> 
     </span>
    </p>
   </div>
   <div class='ocr_carea' id='block_1_40' title="bbox 361 2499 1926 2570">
    <p class='ocr_par' dir='ltr' id='par_1_40' title="bbox 361 2499 1926 2570">
     <span class='ocr_line' id='line_1_40' title="bbox 361 2499 1926 2570; baseline 0.002 -18"><span class='ocrx_word' id='word_1_329' title='bbox 361 2518 381 2552; x_wconf 76' lang='lat' dir='ltr'><strong>r</strong></span> <span class='ocrx_word' id='word_1_330' title='bbox 431 2515 547 2554; x_wconf 91' lang='lat' dir='ltr'><strong>rum</strong></span> <span class='ocrx_word' id='word_1_331' title='bbox 577 2499 811 2564; x_wconf 85' lang='lat' dir='ltr'><strong>illorum,</strong></span> <span class='ocrx_word' id='word_1_332' title='bbox 845 2500 931 2568; x_wconf 91' lang='lat' dir='ltr'><strong>qui</strong></span> <span class='ocrx_word' id='word_1_333' title='bbox 973 2503 1146 2555; x_wconf 89' lang='lat' dir='ltr'><strong>solent</strong></span> <span class='ocrx_word' id='word_1_334' title='bbox 1177 2501 1376 2570; x_wconf 74' lang='lat' dir='ltr'><strong>lapides</strong></span> <span class='ocrx_word' id='word_1_335' title='bbox 1402 2500 1632 2566; x_wconf 74' lang='lat' dir='ltr'><strong>cmdere,</strong></span> <span class='ocrx_word' id='word_1_336' title='bbox 1686 2502 1735 2554; x_wconf 92' lang='lat' dir='ltr'><strong>in</strong></span> <span class='ocrx_word' id='word_1_337' title='bbox 1785 2500 1926 2555; x_wconf 90' lang='lat' dir='ltr'><strong>hunc</strong></span> 
     </span>
    </p>
   </div>
   <div class='ocr_carea' id='block_1_41' title="bbox 363 2584 1927 2660">
    <p class='ocr_par' dir='ltr' id='par_1_41' title="bbox 363 2584 1927 2660">
     <span class='ocr_line' id='line_1_41' title="bbox 363 2584 1927 2660; baseline -0.001 -16"><span class='ocrx_word' id='word_1_338' title='bbox 363 2609 384 2644; x_wconf 72' lang='grc' dir='ltr'>ι</span> <span class='ocrx_word' id='word_1_339' title='bbox 431 2591 686 2644; x_wconf 90' lang='lat' dir='ltr'><strong>mundum</strong></span> <span class='ocrx_word' id='word_1_340' title='bbox 713 2589 830 2660; x_wconf 83' lang='lat' dir='ltr'><strong>ejus</strong></span> <span class='ocrx_word' id='word_1_341' title='bbox 855 2584 1294 2656; x_wconf 25' lang='lat' dir='ltr'><strong>adventus‘erat;</strong></span> <span class='ocrx_word' id='word_1_342' title='bbox 1323 2591 1371 2644; x_wconf 88' lang='lat' dir='ltr'><strong>id</strong></span> <span class='ocrx_word' id='word_1_343' title='bbox 1399 2602 1500 2656; x_wconf 88' lang='lat' dir='ltr'><strong>est,</strong></span> <span class='ocrx_word' id='word_1_344' title='bbox 1533 2607 1636 2644; x_wconf 88' lang='lat' dir='ltr'><strong>non</strong></span> <span class='ocrx_word' id='word_1_345' title='bbox 1671 2601 1927 2660; x_wconf 88' lang='lat' dir='ltr'><strong>operante</strong></span> 
     </span>
    </p>
   </div>
   <div class='ocr_carea' id='block_1_42' title="bbox 360 2681 1927 2752">
    <p class='ocr_par' dir='ltr' id='par_1_42' title="bbox 360 2681 1927 2752">
     <span class='ocr_line' id='line_1_42' title="bbox 360 2681 1927 2752; baseline 0 -16"><span class='ocrx_word' id='word_1_346' title='bbox 360 2700 382 2736; x_wconf 79' lang='lat' dir='ltr'><strong>s</strong></span> <span class='ocrx_word' id='word_1_347' title='bbox 431 2683 484 2736; x_wconf 93' lang='lat' dir='ltr'><strong>in</strong></span> <span class='ocrx_word' id='word_1_348' title='bbox 507 2698 627 2737; x_wconf 91' lang='lat' dir='ltr'><strong>eum</strong></span> <span class='ocrx_word' id='word_1_349' title='bbox 657 2681 876 2751; x_wconf 85' lang='lat' dir='ltr'><strong>Josepb,</strong></span> <span class='ocrx_word' id='word_1_350' title='bbox 905 2682 999 2737; x_wconf 89' lang='lat' dir='ltr'><strong>sed</strong></span> <span class='ocrx_word' id='word_1_351' title='bbox 1026 2682 1140 2736; x_wconf 90' lang='lat' dir='ltr'><strong>sola</strong></span> <span class='ocrx_word' id='word_1_352' title='bbox 1167 2682 1328 2736; x_wconf 70' lang='lat' dir='ltr'><strong>Maria</strong></span> <span class='ocrx_word' id='word_1_353' title='bbox 1351 2691 1673 2751; x_wconf 86' lang='lat' dir='ltr'><strong>cooperante</strong></span> <span class='ocrx_word' id='word_1_354' title='bbox 1699 2684 1927 2752; x_wconf 79' lang='lat' dir='ltr'><strong>disposi-</strong></span> 
     </span>
    </p>
   </div>
   <div class='ocr_carea' id='block_1_43' title="bbox 359 2773 1926 2842">
    <p class='ocr_par' dir='ltr' id='par_1_43' title="bbox 359 2773 1926 2842">
     <span class='ocr_line' id='line_1_43' title="bbox 359 2773 1926 2842; baseline -0.001 -14"><span class='ocrx_word' id='word_1_355' title='bbox 359 2793 383 2828; x_wconf 70' lang='grc' dir='ltr'><em>α</em></span> <span class='ocrx_word' id='word_1_356' title='bbox 432 2775 584 2830; x_wconf 90' lang='lat' dir='ltr'><strong>tioni.</strong></span> <span class='ocrx_word' id='word_1_357' title='bbox 609 2773 705 2828; x_wconf 83' lang='lat' dir='ltr'><strong>Hic</strong></span> <span class='ocrx_word' id='word_1_358' title='bbox 733 2774 873 2828; x_wconf 90' lang='lat' dir='ltr'><strong>enim</strong></span> <span class='ocrx_word' id='word_1_359' title='bbox 908 2773 1038 2842; x_wconf 88' lang='lat' dir='ltr'><strong>lapis</strong></span> <span class='ocrx_word' id='word_1_360' title='bbox 1067 2789 1094 2825; x_wconf 89' lang='lat' dir='ltr'><strong>a</strong></span> <span class='ocrx_word' id='word_1_361' title='bbox 1121 2782 1259 2828; x_wconf 89' lang='lat' dir='ltr'><strong>terra</strong></span> <span class='ocrx_word' id='word_1_362' title='bbox 1286 2789 1347 2828; x_wconf 75' lang='lat' dir='ltr'><strong>ex</strong></span> <span class='ocrx_word' id='word_1_363' title='bbox 1378 2775 1569 2829; x_wconf 89' lang='lat' dir='ltr'><strong>virtute</strong></span> <span class='ocrx_word' id='word_1_364' title='bbox 1589 2785 1641 2828; x_wconf 93' lang='lat' dir='ltr'><strong>ct</strong></span> <span class='ocrx_word' id='word_1_365' title='bbox 1665 2783 1778 2827; x_wconf 89' lang='lat' dir='ltr'><strong>arte</strong></span> <span class='ocrx_word' id='word_1_366' title='bbox 1799 2789 1926 2828; x_wconf 80' lang='lat' dir='ltr'><strong>con-</strong></span> 
     </span>
    </p>
   </div>
   <div class='ocr_carea' id='block_1_44' title="bbox 361 2864 1923 2936">
    <p class='ocr_par' dir='ltr' id='par_1_44' title="bbox 361 2864 1923 2936">
     <span class='ocr_line' id='line_1_44' title="bbox 361 2864 1923 2936; baseline -0.001 -16"><span class='ocrx_word' id='word_1_367' title='bbox 361 2886 382 2920; x_wconf 79' lang='lat' dir='ltr'><strong>s</strong></span> <span class='ocrx_word' id='word_1_368' title='bbox 429 2874 535 2923; x_wconf 85' lang='lat' dir='ltr'><strong>stat</strong></span> <span class='ocrx_word' id='word_1_369' title='bbox 567 2866 679 2920; x_wconf 88' lang='lat' dir='ltr'><strong>Dei.</strong></span> <span class='ocrx_word' id='word_1_370' title='bbox 713 2865 937 2936; x_wconf 86' lang='lat' dir='ltr'><strong>Propter</strong></span> <span class='ocrx_word' id='word_1_371' title='bbox 968 2865 1066 2920; x_wconf 89' lang='lat' dir='ltr'><strong>hoc</strong></span> <span class='ocrx_word' id='word_1_372' title='bbox 1093 2877 1265 2920; x_wconf 89' lang='lat' dir='ltr'><strong>autem</strong></span> <span class='ocrx_word' id='word_1_373' title='bbox 1299 2874 1353 2921; x_wconf 90' lang='lat' dir='ltr'><strong>et</strong></span> <span class='ocrx_word' id='word_1_374' title='bbox 1378 2864 1562 2921; x_wconf 82' lang='lat' dir='ltr'><strong>Esaias</strong></span> <span class='ocrx_word' id='word_1_375' title='bbox 1589 2865 1659 2921; x_wconf 90' lang='lat' dir='ltr'><strong>ait</strong></span> <span class='ocrx_word' id='word_1_376' title='bbox 1687 2882 1699 2919; x_wconf 86' lang='lat'>:</span> <span class='ocrx_word' id='word_1_377' title='bbox 1731 2865 1818 2921; x_wconf 85' lang='lat' dir='ltr'><strong>Sic</strong></span> <span class='ocrx_word' id='word_1_378' title='bbox 1841 2867 1923 2919; x_wconf 79' lang='lat' dir='ltr'><strong>di-</strong></span> 
     </span>
    </p>
   </div>
   <div class='ocr_carea' id='block_1_45' title="bbox 359 2955 1926 3027">
    <p class='ocr_par' dir='ltr' id='par_1_45' title="bbox 359 2955 1926 3027">
     <span class='ocr_line' id='line_1_45' title="bbox 359 2955 1926 3027; baseline -0.001 -14"><span class='ocrx_word' id='word_1_379' title='bbox 359 2974 384 3012; x_wconf 82' lang='lat' dir='ltr'><strong>s</strong></span> <span class='ocrx_word' id='word_1_380' title='bbox 429 2958 500 3013; x_wconf 78' lang='lat' dir='ltr'><strong>cit</strong></span> <span class='ocrx_word' id='word_1_381' title='bbox 544 2955 830 3012; x_wconf 87' lang='lat' dir='ltr'><strong>Dominus:</strong></span> <span class='ocrx_word' id='word_1_382' title='bbox 864 2957 995 3012; x_wconf 77' lang='lat' dir='ltr'><strong>Ecce</strong></span> <span class='ocrx_word' id='word_1_383' title='bbox 1035 2974 1125 3027; x_wconf 87' lang='lat' dir='ltr'><strong>ego</strong></span> <span class='ocrx_word' id='word_1_384' title='bbox 1161 2958 1303 3012; x_wconf 84' lang='lat' dir='ltr'><strong>mitto</strong></span> <span class='ocrx_word' id='word_1_385' title='bbox 1336 2957 1389 3011; x_wconf 89' lang='lat' dir='ltr'><strong>in</strong></span> <span class='ocrx_word' id='word_1_386' title='bbox 1434 2957 1764 3026; x_wconf 77' lang='lat' dir='ltr'><strong>fundamenta</strong></span> <span class='ocrx_word' id='word_1_387' title='bbox 1799 2957 1926 3012; x_wconf 86' lang='lat' dir='ltr'><strong>Siou</strong></span> 
     </span>
    </p>
   </div>
   <div class='ocr_carea' id='block_1_46' title="bbox 359 3048 1923 3124">
    <p class='ocr_par' dir='ltr' id='par_1_46' title="bbox 359 3048 1923 3124">
     <span class='ocr_line' id='line_1_46' title="bbox 359 3048 1923 3124; baseline -0.002 -19"><span class='ocrx_word' id='word_1_388' title='bbox 359 3069 383 3105; x_wconf 83' lang='lat' dir='ltr'><strong>s</strong></span> <span class='ocrx_word' id='word_1_389' title='bbox 433 3048 653 3120; x_wconf 81' lang='lat' dir='ltr'><strong>lapidem</strong></span> <span class='ocrx_word' id='word_1_390' title='bbox 677 3051 974 3124; x_wconf 85' lang='lat' dir='ltr'><strong>pretiosum.</strong></span> <span class='ocrx_word' id='word_1_391' title='bbox 1008 3051 1240 3115; x_wconf 85' lang='lat' dir='ltr'><strong>electum,</strong></span> <span class='ocrx_word' id='word_1_392' title='bbox 1291 3066 1561 3115; x_wconf 83' lang='lat' dir='ltr'><strong>summum,</strong></span> <span class='ocrx_word' id='word_1_393' title='bbox 1612 3050 1923 3123; x_wconf 84' lang='lat' dir='ltr'><strong>angularem,</strong></span> 
     </span>
    </p>
   </div>
   <div class='ocr_carea' id='block_1_47' title="bbox 359 3141 1926 3213">
    <p class='ocr_par' dir='ltr' id='par_1_47' title="bbox 359 3141 1926 3213">
     <span class='ocr_line' id='line_1_47' title="bbox 359 3141 1926 3213; baseline -0.002 -16"><span class='ocrx_word' id='word_1_394' title='bbox 359 3161 380 3197; x_wconf 74' lang='grc' dir='ltr'><strong>ε</strong></span> <span class='ocrx_word' id='word_1_395' title='bbox 431 3142 802 3213; x_wconf 74' lang='lat' dir='ltr'><strong>honoriﬁcum;</strong></span> <span class='ocrx_word' id='word_1_396' title='bbox 830 3144 906 3198; x_wconf 91' lang='lat' dir='ltr'><strong>uti</strong></span> <span class='ocrx_word' id='word_1_397' title='bbox 937 3157 1042 3197; x_wconf 91' lang='lat' dir='ltr'><strong>non</strong></span> <span class='ocrx_word' id='word_1_398' title='bbox 1085 3157 1147 3198; x_wconf 76' lang='lat' dir='ltr'><strong>ex</strong></span> <span class='ocrx_word' id='word_1_399' title='bbox 1177 3142 1446 3198; x_wconf 79' lang='lat' dir='ltr'><strong>voluntate</strong></span> <span class='ocrx_word' id='word_1_400' title='bbox 1477 3142 1598 3205; x_wconf 87' lang='lat' dir='ltr'><strong>viri,</strong></span> <span class='ocrx_word' id='word_1_401' title='bbox 1625 3141 1716 3196; x_wconf 88' lang='lat' dir='ltr'><strong>sed</strong></span> <span class='ocrx_word' id='word_1_402' title='bbox 1747 3157 1810 3196; x_wconf 78' lang='lat' dir='ltr'><strong>ex</strong></span> <span class='ocrx_word' id='word_1_403' title='bbox 1835 3157 1926 3194; x_wconf 87' lang='lat' dir='ltr'><strong>vo-</strong></span> 
     </span>
    </p>
   </div>
   <div class='ocr_carea' id='block_1_48' title="bbox 359 3233 1927 3303">
    <p class='ocr_par' dir='ltr' id='par_1_48' title="bbox 359 3233 1927 3303">
     <span class='ocr_line' id='line_1_48' title="bbox 359 3233 1927 3303; baseline -0.003 -13"><span class='ocrx_word' id='word_1_404' title='bbox 359 3255 382 3290; x_wconf 73' lang='lat' dir='ltr'><strong>c</strong></span> <span class='ocrx_word' id='word_1_405' title='bbox 431 3236 638 3294; x_wconf 86' lang='lat' dir='ltr'><strong>luntate</strong></span> <span class='ocrx_word' id='word_1_406' title='bbox 666 3237 782 3301; x_wconf 88' lang='lat' dir='ltr'><strong>Dei,</strong></span> <span class='ocrx_word' id='word_1_407' title='bbox 808 3236 1090 3292; x_wconf 88' lang='lat' dir='ltr'><strong>adventum</strong></span> <span class='ocrx_word' id='word_1_408' title='bbox 1115 3235 1253 3300; x_wconf 81' lang='lat' dir='ltr'><strong>ejus,</strong></span> <span class='ocrx_word' id='word_1_409' title='bbox 1284 3233 1372 3303; x_wconf 91' lang='lat' dir='ltr'><strong>qni</strong></span> <span class='ocrx_word' id='word_1_410' title='bbox 1415 3233 1705 3290; x_wconf 87' lang='lat' dir='ltr'><strong>secundum</strong></span> <span class='ocrx_word' id='word_1_411' title='bbox 1755 3233 1927 3288; x_wconf 86' lang='lat' dir='ltr'><strong>homi-</strong></span> 
     </span>
    </p>
   </div>
   <div class='ocr_carea' id='block_1_49' title="bbox 2030 2052 3610 2134">
    <p class='ocr_par' dir='ltr' id='par_1_49' title="bbox 2030 2052 3610 2134">
     <span class='ocr_line' id='line_1_49' title="bbox 2030 2052 3610 2134; baseline -0.006 -20"><span class='ocrx_word' id='word_1_412' title='bbox 2030 2062 2163 2131; x_wconf 69' lang='grc' dir='ltr'><strong>ἡμῖν,</strong></span> <span class='ocrx_word' id='word_1_413' title='bbox 2187 2061 2270 2114; x_wconf 74' lang='grc' dir='ltr'><strong>καὶ</strong></span> <span class='ocrx_word' id='word_1_414' title='bbox 2285 2058 2661 2134; x_wconf 73' lang='grc' dir='ltr'><strong>ὑπερϐαίνουσα</strong></span> <span class='ocrx_word' id='word_1_415' title='bbox 2687 2059 2776 2114; x_wconf 73' lang='grc' dir='ltr'><strong>τήν</strong></span> <span class='ocrx_word' id='word_1_416' title='bbox 2796 2055 3064 2129; x_wconf 60' lang='grc' dir='ltr'><strong>ἡμετέραν</strong></span> <span class='ocrx_word' id='word_1_417' title='bbox 3099 2054 3158 2108; x_wconf 84' lang='grc' dir='ltr'><strong>τὸ</strong></span> <span class='ocrx_word' id='word_1_418' title='bbox 3192 2055 3280 2124; x_wconf 80' lang='grc' dir='ltr'><strong>μὲν</strong></span> <span class='ocrx_word' id='word_1_419' title='bbox 3311 2053 3363 2105; x_wconf 78' lang='grc' dir='ltr'><strong>ἐκ</strong></span> <span class='ocrx_word' id='word_1_420' title='bbox 3381 2052 3610 2124; x_wconf 67' lang='grc' dir='ltr'><strong>γυναικὸς</strong></span> 
     </span>
    </p>
   </div>
   <div class='ocr_carea' id='block_1_50' title="bbox 2026 2142 3612 2223">
    <p class='ocr_par' dir='ltr' id='par_1_50' title="bbox 2026 2142 3612 2223">
     <span class='ocr_line' id='line_1_50' title="bbox 2026 2142 3612 2223; baseline -0.006 -16"><span class='ocrx_word' id='word_1_421' title='bbox 2026 2151 2336 2223; x_wconf 70' lang='grc' dir='ltr'><strong>γεννηθῆναι.</strong></span> <span class='ocrx_word' id='word_1_422' title='bbox 2370 2152 2486 2219; x_wconf 70' lang='grc' dir='ltr'><strong>ἧμῖν</strong></span> <span class='ocrx_word' id='word_1_423' title='bbox 2521 2147 2813 2202; x_wconf 73' lang='grc' dir='ltr'><strong>συνέϐαινε’</strong></span> <span class='ocrx_word' id='word_1_424' title='bbox 2868 2147 2920 2200; x_wconf 81' lang='grc' dir='ltr'><strong>τὸ</strong></span> <span class='ocrx_word' id='word_1_425' title='bbox 2963 2144 3014 2200; x_wconf 78' lang='grc' dir='ltr'><strong>δί</strong></span> <span class='ocrx_word' id='word_1_426' title='bbox 3060 2151 3129 2216; x_wconf 78' lang='grc' dir='ltr'><strong>μὴ</strong></span> <span class='ocrx_word' id='word_1_427' title='bbox 3166 2147 3189 2197; x_wconf 73' lang='lat' dir='ltr'><strong>&#39;s</strong></span> <span class='ocrx_word' id='word_1_428' title='bbox 3219 2145 3454 2213; x_wconf 78' lang='grc' dir='ltr'><strong>αἳματος,</strong></span> <span class='ocrx_word' id='word_1_429' title='bbox 3485 2142 3612 2215; x_wconf 77' lang='grc' dir='ltr'><strong>μηδέ</strong></span> 
     </span>
    </p>
   </div>
   <div class='ocr_carea' id='block_1_51' title="bbox 2027 2233 3604 2313">
    <p class='ocr_par' dir='ltr' id='par_1_51' title="bbox 2027 2233 3604 2313">
     <span class='ocr_line' id='line_1_51' title="bbox 2027 2233 3604 2313; baseline -0.007 -15"><span class='ocrx_word' id='word_1_430' title='bbox 2027 2243 2081 2298; x_wconf 67' lang='grc' dir='ltr'><strong><em>ἐκ</em></strong></span> <span class='ocrx_word' id='word_1_431' title='bbox 2101 2241 2376 2313; x_wconf 71' lang='grc' dir='ltr'><strong>θελήματος</strong></span> <span class='ocrx_word' id='word_1_432' title='bbox 2395 2236 2575 2310; x_wconf 71' lang='grc' dir='ltr'><strong>ἀνδρὸς</strong></span> <span class='ocrx_word' id='word_1_433' title='bbox 2598 2237 2628 2296; x_wconf 76' lang='grc' dir='ltr'><strong>ἧ</strong></span> <span class='ocrx_word' id='word_1_434' title='bbox 2657 2239 2870 2313; x_wconf 77' lang='grc' dir='ltr'><strong>σαρκὸς,</strong></span> <span class='ocrx_word' id='word_1_435' title='bbox 2905 2235 3004 2290; x_wconf 80' lang='grc' dir='ltr'>ἀλλ’</span> <span class='ocrx_word' id='word_1_436' title='bbox 3026 2237 3076 2287; x_wconf 77' lang='grc' dir='ltr'><strong>ἐκ</strong></span> <span class='ocrx_word' id='word_1_437' title='bbox 3105 2237 3386 2304; x_wconf 78' lang='grc' dir='ltr'><strong>Πνεύματος</strong></span> <span class='ocrx_word' id='word_1_438' title='bbox 3413 2233 3604 2307; x_wconf 70' lang='lat' dir='ltr'><strong>&#39;A&#39;yiou,</strong></span> 
     </span>
    </p>
   </div>
   <div class='ocr_carea' id='block_1_52' title="bbox 2025 2326 3652 2407">
    <p class='ocr_par' dir='ltr' id='par_1_52' title="bbox 2025 2326 3652 2407">
     <span class='ocr_line' id='line_1_52' title="bbox 2025 2326 3652 2407; baseline -0.005 -21"><span class='ocrx_word' id='word_1_439' title='bbox 2025 2339 2115 2393; x_wconf 70' lang='grc' dir='ltr'><strong>τὴν</strong></span> <span class='ocrx_word' id='word_1_440' title='bbox 2142 2331 2558 2407; x_wconf 71' lang='grc' dir='ltr'><strong>ὖπιρϐαίνουσαν</strong></span> <span class='ocrx_word' id='word_1_441' title='bbox 2583 2330 2717 2399; x_wconf 69' lang='grc' dir='ltr'><strong>ἡμᾶς</strong></span> <span class='ocrx_word' id='word_1_442' title='bbox 2744 2329 2830 2382; x_wconf 72' lang='grc' dir='ltr'><strong>καὶ</strong></span> <span class='ocrx_word' id='word_1_443' title='bbox 2857 2333 2947 2384; x_wconf 73' lang='grc' dir='ltr'><strong>τήν</strong></span> <span class='ocrx_word' id='word_1_444' title='bbox 2975 2326 3251 2397; x_wconf 73' lang='grc' dir='ltr'><strong>μέλλουσαν</strong></span> <span class='ocrx_word' id='word_1_445' title='bbox 3263 2332 3607 2399; x_wconf 79' lang='grc' dir='ltr'><strong>προαναφανεῐ</strong></span> <span class='ocrx_word' id='word_1_446' title='bbox 3647 2333 3652 2338; x_wconf 83' lang='grc'><em>’</em></span> 
     </span>
    </p>
   </div>
   <div class='ocr_carea' id='block_1_53' title="bbox 2008 2413 3604 2498">
    <p class='ocr_par' dir='ltr' id='par_1_53' title="bbox 2008 2413 3604 2498">
     <span class='ocr_line' id='line_1_53' title="bbox 2008 2413 3604 2498; baseline -0.007 -20"><span class='ocrx_word' id='word_1_447' title='bbox 2008 2419 2268 2498; x_wconf 37' lang='lat' dir='ltr'><strong>viminum,</strong></span> <span class='ocrx_word' id='word_1_448' title='bbox 2295 2423 2351 2480; x_wconf 76' lang='grc' dir='ltr'><strong>ἣν</strong></span> <span class='ocrx_word' id='word_1_449' title='bbox 2371 2424 2486 2494; x_wconf 75' lang='grc' dir='ltr'><strong>ἡμῖν</strong></span> <span class='ocrx_word' id='word_1_450' title='bbox 2510 2419 2709 2492; x_wconf 70' lang='grc' dir='ltr'><strong>ἔμελλεν</strong></span> <span class='ocrx_word' id='word_1_451' title='bbox 2726 2420 2778 2479; x_wconf 65' lang='grc' dir='ltr'><strong>ιι</strong></span> <span class='ocrx_word' id='word_1_452' title='bbox 2796 2420 3076 2490; x_wconf 55' lang='lat' dir='ltr'><strong>[Iustitia-ro;</strong></span> <span class='ocrx_word' id='word_1_453' title='bbox 3099 2418 3418 2494; x_wconf 79' lang='grc' dir='ltr'><strong>χαρίζεσθαι.</strong></span> <span class='ocrx_word' id='word_1_454' title='bbox 3449 2413 3604 2469; x_wconf 81' lang='lat' dir='ltr'><strong>Ideo-</strong></span> 
     </span>
    </p>
   </div>
   <div class='ocr_carea' id='block_1_54' title="bbox 2025 2504 3607 2583">
    <p class='ocr_par' dir='ltr' id='par_1_54' title="bbox 2025 2504 3607 2583">
     <span class='ocr_line' id='line_1_54' title="bbox 2025 2504 3607 2583; baseline -0.004 -17"><span class='ocrx_word' id='word_1_455' title='bbox 2025 2530 2122 2582; x_wconf 87' lang='lat' dir='ltr'><strong>que</strong></span> <span class='ocrx_word' id='word_1_456' title='bbox 2163 2513 2354 2579; x_wconf 77' lang='lat' dir='ltr'><strong>duplex</strong></span> <span class='ocrx_word' id='word_1_457' title='bbox 2401 2509 2647 2583; x_wconf 75' lang='lat' dir='ltr'><strong>(Clitisti)</strong></span> <span class='ocrx_word' id='word_1_458' title='bbox 2697 2511 2951 2580; x_wconf 84' lang='lat' dir='ltr'><strong>generatio</strong></span> <span class='ocrx_word' id='word_1_459' title='bbox 2999 2509 3130 2580; x_wconf 74' lang='lat' dir='ltr'><strong>fuit;</strong></span> <span class='ocrx_word' id='word_1_460' title='bbox 3177 2518 3223 2563; x_wconf 91' lang='lat' dir='ltr'><strong>et</strong></span> <span class='ocrx_word' id='word_1_461' title='bbox 3271 2521 3383 2578; x_wconf 75' lang='lat' dir='ltr'><strong>qua:</strong></span> <span class='ocrx_word' id='word_1_462' title='bbox 3425 2504 3607 2560; x_wconf 86' lang='lat' dir='ltr'><strong>similis</strong></span> 
     </span>
    </p>
   </div>
   <div class='ocr_carea' id='block_1_55' title="bbox 2027 2595 3599 2669">
    <p class='ocr_par' dir='ltr' id='par_1_55' title="bbox 2027 2595 3599 2669">
     <span class='ocr_line' id='line_1_55' title="bbox 2027 2595 3599 2669; baseline -0.003 -14"><span class='ocrx_word' id='word_1_463' title='bbox 2027 2614 2210 2657; x_wconf 67' lang='lat' dir='ltr'><strong>nostra?</strong></span> <span class='ocrx_word' id='word_1_464' title='bbox 2239 2611 2382 2667; x_wconf 88' lang='lat' dir='ltr'><strong>esset,</strong></span> <span class='ocrx_word' id='word_1_465' title='bbox 2434 2614 2477 2656; x_wconf 88' lang='lat' dir='ltr'><strong>et</strong></span> <span class='ocrx_word' id='word_1_466' title='bbox 2523 2617 2637 2669; x_wconf 66' lang='lat' dir='ltr'><strong>quin</strong></span> <span class='ocrx_word' id='word_1_467' title='bbox 2680 2611 2902 2655; x_wconf 87' lang='lat' dir='ltr'><strong>nostram</strong></span> <span class='ocrx_word' id='word_1_468' title='bbox 2933 2608 3278 2667; x_wconf 70' lang='lat' dir='ltr'><strong>exsuperat-et.</strong></span> <span class='ocrx_word' id='word_1_469' title='bbox 3313 2595 3510 2650; x_wconf 78' lang='lat' dir='ltr'><strong>Etenim</strong></span> <span class='ocrx_word' id='word_1_470' title='bbox 3537 2611 3599 2650; x_wconf 76' lang='lat' dir='ltr'><strong>ea:</strong></span> 
     </span>
    </p>
   </div>
   <div class='ocr_carea' id='block_1_56' title="bbox 2030 2690 3605 2760">
    <p class='ocr_par' dir='ltr' id='par_1_56' title="bbox 2030 2690 3605 2760">
     <span class='ocr_line' id='line_1_56' title="bbox 2030 2690 3605 2760; baseline -0.004 -15"><span class='ocrx_word' id='word_1_471' title='bbox 2030 2695 2242 2747; x_wconf 83' lang='lat' dir='ltr'><strong>muliere</strong></span> <span class='ocrx_word' id='word_1_472' title='bbox 2266 2694 2405 2746; x_wconf 81' lang='lat' dir='ltr'><strong>nasci</strong></span> <span class='ocrx_word' id='word_1_473' title='bbox 2431 2693 2571 2746; x_wconf 85' lang='lat' dir='ltr'><strong>nobis</strong></span> <span class='ocrx_word' id='word_1_474' title='bbox 2592 2692 2860 2760; x_wconf 79' lang='lat' dir='ltr'><strong>competit;</strong></span> <span class='ocrx_word' id='word_1_475' title='bbox 2883 2690 3022 2742; x_wconf 83' lang='lat' dir='ltr'><strong>nasci</strong></span> <span class='ocrx_word' id='word_1_476' title='bbox 3050 2699 3215 2743; x_wconf 88' lang='lat' dir='ltr'><strong>autem</strong></span> <span class='ocrx_word' id='word_1_477' title='bbox 3248 2705 3348 2741; x_wconf 90' lang='lat' dir='ltr'><strong>non</strong></span> <span class='ocrx_word' id='word_1_478' title='bbox 3388 2703 3450 2742; x_wconf 70' lang='lat' dir='ltr'><strong>ex</strong></span> <span class='ocrx_word' id='word_1_479' title='bbox 3485 2703 3605 2741; x_wconf 86' lang='lat' dir='ltr'><strong>san-</strong></span> 
     </span>
    </p>
   </div>
   <div class='ocr_carea' id='block_1_57' title="bbox 2026 2778 3605 2854">
    <p class='ocr_par' dir='ltr' id='par_1_57' title="bbox 2026 2778 3605 2854">
     <span class='ocr_line' id='line_1_57' title="bbox 2026 2778 3605 2854; baseline -0.004 -18"><span class='ocrx_word' id='word_1_480' title='bbox 2026 2786 2198 2854; x_wconf 86' lang='lat' dir='ltr'><strong>guine,</strong></span> <span class='ocrx_word' id='word_1_481' title='bbox 2232 2801 2330 2837; x_wconf 88' lang='lat' dir='ltr'><strong>non</strong></span> <span class='ocrx_word' id='word_1_482' title='bbox 2357 2801 2420 2838; x_wconf 79' lang='lat' dir='ltr'><strong>ea:</strong></span> <span class='ocrx_word' id='word_1_483' title='bbox 2445 2785 2700 2838; x_wconf 79' lang='lat' dir='ltr'><strong>voluntate</strong></span> <span class='ocrx_word' id='word_1_484' title='bbox 2745 2783 2868 2848; x_wconf 75' lang='lat' dir='ltr'><strong>uiri,</strong></span> <span class='ocrx_word' id='word_1_485' title='bbox 2901 2791 2946 2836; x_wconf 83' lang='lat' dir='ltr'><strong>ct</strong></span> <span class='ocrx_word' id='word_1_486' title='bbox 2975 2782 3143 2835; x_wconf 88' lang='lat' dir='ltr'><strong>carnis</strong></span> <span class='ocrx_word' id='word_1_487' title='bbox 3163 2822 3177 2845; x_wconf 95' lang='lat'><strong>,</strong></span> <span class='ocrx_word' id='word_1_488' title='bbox 3210 2780 3298 2832; x_wconf 85' lang='lat' dir='ltr'><strong>sed</strong></span> <span class='ocrx_word' id='word_1_489' title='bbox 3318 2778 3605 2850; x_wconf 69' lang='lat' dir='ltr'><strong>eat’Spiritu</strong></span> 
     </span>
    </p>
   </div>
   <div class='ocr_carea' id='block_1_58' title="bbox 2028 2875 3604 2945">
    <p class='ocr_par' dir='ltr' id='par_1_58' title="bbox 2028 2875 3604 2945">
     <span class='ocr_line' id='line_1_58' title="bbox 2028 2875 3604 2945; baseline -0.003 -15"><span class='ocrx_word' id='word_1_490' title='bbox 2028 2875 2236 2940; x_wconf 88' lang='lat' dir='ltr'><strong>Sancto,</strong></span> <span class='ocrx_word' id='word_1_491' title='bbox 2281 2877 2655 2945; x_wconf 80' lang='lat' dir='ltr'><strong>generationem</strong></span> <span class='ocrx_word' id='word_1_492' title='bbox 2703 2891 2793 2930; x_wconf 85' lang='lat' dir='ltr'><strong>nos</strong></span> <span class='ocrx_word' id='word_1_493' title='bbox 2830 2884 3232 2942; x_wconf 80' lang='lat' dir='ltr'><strong>exsuperantem,</strong></span> <span class='ocrx_word' id='word_1_494' title='bbox 3283 2883 3330 2927; x_wconf 81' lang='lat' dir='ltr'><strong>et</strong></span> <span class='ocrx_word' id='word_1_495' title='bbox 3379 2877 3604 2944; x_wconf 78' lang='lat' dir='ltr'><strong>futuram</strong></span> 
     </span>
    </p>
   </div>
   <div class='ocr_carea' id='block_1_59' title="bbox 2026 2963 3605 3038">
    <p class='ocr_par' dir='ltr' id='par_1_59' title="bbox 2026 2963 3605 3038">
     <span class='ocr_line' id='line_1_59' title="bbox 2026 2963 3605 3038; baseline -0.003 -17"><span class='ocrx_word' id='word_1_496' title='bbox 2026 2969 2355 3038; x_wconf 77' lang='lat' dir='ltr'><strong>‘prtenmttiat,</strong></span> <span class='ocrx_word' id='word_1_497' title='bbox 2387 2984 2498 3035; x_wconf 62' lang='lat' dir='ltr'><strong>quia</strong></span> <span class='ocrx_word' id='word_1_498' title='bbox 2525 2983 2590 3022; x_wconf 79' lang='lat' dir='ltr'><strong>ea:</strong></span> <span class='ocrx_word' id='word_1_499' title='bbox 2617 2969 2802 3036; x_wconf 86' lang='lat' dir='ltr'><strong>spiritu</strong></span> <span class='ocrx_word' id='word_1_500' title='bbox 2846 2967 2988 3021; x_wconf 87' lang='lat' dir='ltr'><strong>nobis</strong></span> <span class='ocrx_word' id='word_1_501' title='bbox 3016 2966 3337 3030; x_wconf 80' lang='lat' dir='ltr'><strong>concedenda</strong></span> <span class='ocrx_word' id='word_1_502' title='bbox 3382 2974 3507 3019; x_wconf 84' lang='lat' dir='ltr'><strong>erat.</strong></span> <span class='ocrx_word' id='word_1_503' title='bbox 3542 2963 3605 3018; x_wconf 86' lang='lat' dir='ltr'><strong>Et</strong></span> 
     </span>
    </p>
   </div>
   <div class='ocr_carea' id='block_1_60' title="bbox 2027 3057 3604 3128">
    <p class='ocr_par' dir='ltr' id='par_1_60' title="bbox 2027 3057 3604 3128">
     <span class='ocr_line' id='line_1_60' title="bbox 2027 3057 3604 3128; baseline -0.002 -14"><span class='ocrx_word' id='word_1_504' title='bbox 2027 3070 2084 3114; x_wconf 92' lang='lat' dir='ltr'><strong>ut</strong></span> <span class='ocrx_word' id='word_1_505' title='bbox 2115 3060 2228 3118; x_wconf 74' lang='lat' dir='ltr'><strong>lucc</strong></span> <span class='ocrx_word' id='word_1_506' title='bbox 2250 3061 2446 3115; x_wconf 74' lang='lat' dir='ltr'><strong>leviora</strong></span> <span class='ocrx_word' id='word_1_507' title='bbox 2476 3061 2606 3125; x_wconf 91' lang='lat' dir='ltr'><strong>sint,</strong></span> <span class='ocrx_word' id='word_1_508' title='bbox 2637 3060 2888 3128; x_wconf 87' lang='lat' dir='ltr'><strong>quoniam</strong></span> <span class='ocrx_word' id='word_1_509' title='bbox 2936 3075 3038 3112; x_wconf 91' lang='lat' dir='ltr'><strong>non</strong></span> <span class='ocrx_word' id='word_1_510' title='bbox 3080 3057 3381 3122; x_wconf 79' lang='lat' dir='ltr'><strong>manifesta,</strong></span> <span class='ocrx_word' id='word_1_511' title='bbox 3430 3057 3604 3111; x_wconf 85' lang='lat' dir='ltr'><strong>locum</strong></span> 
     </span>
    </p>
   </div>
   <div class='ocr_carea' id='block_1_61' title="bbox 2025 3148 3609 3222">
    <p class='ocr_par' dir='ltr' id='par_1_61' title="bbox 2025 3148 3609 3222">
     <span class='ocr_line' id='line_1_61' title="bbox 2025 3148 3609 3222; baseline -0.006 -14"><span class='ocrx_word' id='word_1_512' title='bbox 2025 3163 2191 3218; x_wconf 88' lang='lat' dir='ltr'><strong>certe,</strong></span> <span class='ocrx_word' id='word_1_513' title='bbox 2221 3168 2379 3221; x_wconf 89' lang='lat' dir='ltr'><strong>quem</strong></span> <span class='ocrx_word' id='word_1_514' title='bbox 2402 3152 2707 3222; x_wconf 74' lang='lat' dir='ltr'><strong>subjiciam,</strong></span> <span class='ocrx_word' id='word_1_515' title='bbox 2735 3150 3026 3206; x_wconf 86' lang='lat' dir='ltr'><strong>eom-iliare</strong></span> <span class='ocrx_word' id='word_1_516' title='bbox 3062 3149 3294 3218; x_wconf 87' lang='lat' dir='ltr'><strong>aliquam</strong></span> <span class='ocrx_word' id='word_1_517' title='bbox 3337 3149 3462 3203; x_wconf 87' lang='lat' dir='ltr'><strong>huic</strong></span> <span class='ocrx_word' id='word_1_518' title='bbox 3497 3148 3609 3218; x_wconf 82' lang='lat' dir='ltr'><strong>cpi-</strong></span> 
     </span>
    </p>
   </div>
   <div class='ocr_carea' id='block_1_62' title="bbox 2026 3237 3662 3314">
    <p class='ocr_par' dir='ltr' id='par_1_62' title="bbox 2026 3237 3662 3314">
     <span class='ocr_line' id='line_1_62' title="bbox 2026 3237 3662 3314; baseline -0.003 -15"><span class='ocrx_word' id='word_1_519' title='bbox 2026 3245 2176 3302; x_wconf 73' lang='lat' dir='ltr'><strong>stolzc</strong></span> <span class='ocrx_word' id='word_1_520' title='bbox 2212 3246 2463 3314; x_wconf 86' lang='lat' dir='ltr'><strong>gratiam,</strong></span> <span class='ocrx_word' id='word_1_521' title='bbox 2492 3257 2555 3298; x_wconf 90' lang='lat' dir='ltr'><strong>ac</strong></span> <span class='ocrx_word' id='word_1_522' title='bbox 2586 3242 2790 3313; x_wconf 84' lang='lat' dir='ltr'><strong>pondus</strong></span> <span class='ocrx_word' id='word_1_523' title='bbox 2834 3251 3196 3296; x_wconf 62' lang='lat' dir='ltr'><strong>controversa:</strong></span> <span class='ocrx_word' id='word_1_524' title='bbox 3240 3240 3475 3305; x_wconf 87' lang='lat' dir='ltr'><strong>lectioni,</strong></span> <span class='ocrx_word' id='word_1_525' title='bbox 3523 3237 3608 3294; x_wconf 88' lang='lat' dir='ltr'><strong>vel</strong></span> <span class='ocrx_word' id='word_1_526' title='bbox 3658 3268 3662 3274; x_wconf 59' lang='grc'><strong><em>&gt;</em></strong></span> 
     </span>
    </p>
   </div>
   <div class='ocr_carea' id='block_1_63' title="bbox 357 3325 2391 3407">
    <p class='ocr_par' dir='ltr' id='par_1_63' title="bbox 357 3325 2391 3407">
     <span class='ocr_line' id='line_1_63' title="bbox 357 3325 2391 3407; baseline -0 -25"><span class='ocrx_word' id='word_1_527' title='bbox 357 3345 381 3381; x_wconf 83' lang='grc'><strong><em>‹</em></strong></span> <span class='ocrx_word' id='word_1_528' title='bbox 431 3342 554 3382; x_wconf 89' lang='lat' dir='ltr'><strong>nem</strong></span> <span class='ocrx_word' id='word_1_529' title='bbox 594 3339 699 3394; x_wconf 86' lang='lat' dir='ltr'><strong>est,</strong></span> <span class='ocrx_word' id='word_1_530' title='bbox 739 3326 1116 3402; x_wconf 76' lang='lat' dir='ltr'><strong>intelligamus.</strong></span> <span class='ocrx_word' id='word_1_531' title='bbox 1153 3343 1171 3381; x_wconf 72' lang='grc' dir='ltr'><strong><em>ι</em></strong></span> <span class='ocrx_word' id='word_1_532' title='bbox 1210 3327 1427 3384; x_wconf 84' lang='lat' dir='ltr'><strong>Dentum</strong></span> <span class='ocrx_word' id='word_1_533' title='bbox 1459 3325 1548 3379; x_wconf 86' lang='lat' dir='ltr'><strong>lib.</strong></span> <span class='ocrx_word' id='word_1_534' title='bbox 1600 3341 1652 3394; x_wconf 79' lang='grc' dir='ltr'><strong>ν,</strong></span> <span class='ocrx_word' id='word_1_535' title='bbox 1699 3339 1814 3393; x_wconf 90' lang='lat' dir='ltr'><strong>cap.</strong></span> <span class='ocrx_word' id='word_1_536' title='bbox 1869 3325 1920 3392; x_wconf 78' lang='grc'><strong>1,</strong></span> <span class='ocrx_word' id='word_1_537' title='bbox 1950 3336 1996 3403; x_wconf 80' lang='lat' dir='ltr'>c</span> <span class='ocrx_word' id='word_1_538' title='bbox 2026 3339 2162 3407; x_wconf 73' lang='lat' dir='ltr'><strong>apud</strong></span> <span class='ocrx_word' id='word_1_539' title='bbox 2206 3338 2391 3391; x_wconf 68' lang='lat' dir='ltr'><strong>fastidi.</strong></span> 
     </span>
    </p>
   </div>
   <div class='ocr_carea' id='block_1_64' title="bbox 2027 3325 3603 3407">
    <p class='ocr_par' dir='ltr' id='par_1_64' title="bbox 2027 3331 3603 3407">
     <span class='ocr_line' id='line_1_64' title="bbox 2027 3331 3603 3407; baseline -0.005 -17"><span class='ocrx_word' id='word_1_540' title='bbox 2027 3339 2162 3407; x_wconf 88' lang='lat' dir='ltr'><strong>apud</strong></span> <span class='ocrx_word' id='word_1_541' title='bbox 2206 3338 2512 3393; x_wconf 77' lang='lat' dir='ltr'><strong>fastidiosos</strong></span> <span class='ocrx_word' id='word_1_542' title='bbox 2559 3337 2933 3399; x_wconf 62' lang='lat' dir='ltr'><strong>aestimatores,</strong></span> <span class='ocrx_word' id='word_1_543' title='bbox 2968 3343 3162 3404; x_wconf 88' lang='lat' dir='ltr'><strong>potest.</strong></span> <span class='ocrx_word' id='word_1_544' title='bbox 3196 3332 3383 3401; x_wconf 81' lang='lat' dir='ltr'><strong>Itaque</strong></span> <span class='ocrx_word' id='word_1_545' title='bbox 3411 3332 3464 3383; x_wconf 89' lang='lat' dir='ltr'><strong>S.</strong></span> <span class='ocrx_word' id='word_1_546' title='bbox 3490 3331 3603 3384; x_wconf 85' lang='lat' dir='ltr'><strong>Au-</strong></span> 
     </span>
    </p>
   </div>
   <div class='ocr_carea' id='block_1_65' title="bbox 349 3416 1926 3495">
    <p class='ocr_par' dir='ltr' id='par_1_65' title="bbox 349 3416 1926 3495">
     <span class='ocr_line' id='line_1_65' title="bbox 349 3416 1926 3495; baseline 0 -21"><span class='ocrx_word' id='word_1_547' title='bbox 349 3419 654 3484; x_wconf 83' lang='lat' dir='ltr'><strong>luculenter</strong></span> <span class='ocrx_word' id='word_1_548' title='bbox 672 3418 926 3495; x_wconf 87' lang='lat' dir='ltr'><strong>ostendit,</strong></span> <span class='ocrx_word' id='word_1_549' title='bbox 958 3417 1310 3482; x_wconf 84' lang='lat' dir='ltr'><strong>Valentinum,</strong></span> <span class='ocrx_word' id='word_1_550' title='bbox 1334 3433 1395 3471; x_wconf 89' lang='lat' dir='ltr'><strong>ac</strong></span> <span class='ocrx_word' id='word_1_551' title='bbox 1415 3417 1694 3481; x_wconf 85' lang='lat' dir='ltr'><strong>Ebionem,</strong></span> <span class='ocrx_word' id='word_1_552' title='bbox 1725 3418 1814 3485; x_wconf 87' lang='lat' dir='ltr'><strong>qui</strong></span> <span class='ocrx_word' id='word_1_553' title='bbox 1843 3416 1926 3474; x_wconf 80' lang='lat' dir='ltr'><strong>ln-</strong></span> 
     </span>
    </p>
   </div>
   <div class='ocr_carea' id='block_1_66' title="bbox 349 3507 1924 3579">
    <p class='ocr_par' dir='ltr' id='par_1_66' title="bbox 349 3507 1924 3579">
     <span class='ocr_line' id='line_1_66' title="bbox 349 3507 1924 3579; baseline 0 -15"><span class='ocrx_word' id='word_1_554' title='bbox 349 3511 723 3564; x_wconf 78' lang='lat' dir='ltr'><strong>Carnationem</strong></span> <span class='ocrx_word' id='word_1_555' title='bbox 774 3508 891 3564; x_wconf 85' lang='lat' dir='ltr'><strong>Filii</strong></span> <span class='ocrx_word' id='word_1_556' title='bbox 943 3509 1036 3563; x_wconf 90' lang='lat' dir='ltr'><strong>Dei</strong></span> <span class='ocrx_word' id='word_1_557' title='bbox 1088 3524 1150 3563; x_wconf 78' lang='lat' dir='ltr'><strong>es</strong></span> <span class='ocrx_word' id='word_1_558' title='bbox 1199 3509 1360 3565; x_wconf 80' lang='lat' dir='ltr'><strong>Maria</strong></span> <span class='ocrx_word' id='word_1_559' title='bbox 1415 3507 1675 3579; x_wconf 75' lang='lat' dir='ltr'><strong>Virgine,</strong></span> <span class='ocrx_word' id='word_1_560' title='bbox 1724 3508 1924 3576; x_wconf 87' lang='lat' dir='ltr'><strong>Spiritu</strong></span> 
     </span>
    </p>
   </div>
   <div class='ocr_carea' id='block_1_67' title="bbox 351 3597 1922 3668">
    <p class='ocr_par' dir='ltr' id='par_1_67' title="bbox 351 3597 1922 3668">
     <span class='ocr_line' id='line_1_67' title="bbox 351 3597 1922 3668; baseline -0.002 -14"><span class='ocrx_word' id='word_1_561' title='bbox 351 3599 554 3655; x_wconf 87' lang='lat' dir='ltr'><strong>Sancto</strong></span> <span class='ocrx_word' id='word_1_562' title='bbox 579 3608 836 3668; x_wconf 90' lang='lat' dir='ltr'><strong>operante</strong></span> <span class='ocrx_word' id='word_1_563' title='bbox 861 3599 1050 3659; x_wconf 80' lang='lat' dir='ltr'><strong>factam</strong></span> <span class='ocrx_word' id='word_1_564' title='bbox 1075 3600 1414 3668; x_wconf 81' lang='lat' dir='ltr'><strong>respuebant,</strong></span> <span class='ocrx_word' id='word_1_565' title='bbox 1443 3613 1657 3652; x_wconf 83' lang='lat' dir='ltr'><strong>manere</strong></span> <span class='ocrx_word' id='word_1_566' title='bbox 1679 3597 1731 3651; x_wconf 92' lang='lat' dir='ltr'><strong>in</strong></span> <span class='ocrx_word' id='word_1_567' title='bbox 1758 3599 1922 3651; x_wconf 84' lang='lat' dir='ltr'><strong>veteri</strong></span> 
     </span>
    </p>
   </div>
   <div class='ocr_carea' id='block_1_68' title="bbox 346 3688 1922 3760">
    <p class='ocr_par' dir='ltr' id='par_1_68' title="bbox 346 3688 1922 3760">
     <span class='ocr_line' id='line_1_68' title="bbox 346 3688 1922 3760; baseline -0.001 -14"><span class='ocrx_word' id='word_1_568' title='bbox 346 3692 484 3746; x_wconf 75' lang='lat' dir='ltr'><strong>Adrc</strong></span> <span class='ocrx_word' id='word_1_569' title='bbox 506 3691 868 3755; x_wconf 89' lang='lat' dir='ltr'><strong>damnatione,</strong></span> <span class='ocrx_word' id='word_1_570' title='bbox 899 3699 1070 3760; x_wconf 17' lang='lat' dir='ltr'><strong>atque,</strong></span> <span class='ocrx_word' id='word_1_571' title='bbox 1105 3692 1183 3744; x_wconf 88' lang='lat' dir='ltr'><strong>ita</strong></span> <span class='ocrx_word' id='word_1_572' title='bbox 1212 3688 1483 3744; x_wconf 82' lang='lat' dir='ltr'><strong>concludit</strong></span> <span class='ocrx_word' id='word_1_573' title='bbox 1516 3705 1529 3741; x_wconf 86' lang='lat'><strong>:</strong></span> <span class='ocrx_word' id='word_1_574' title='bbox 1567 3707 1586 3745; x_wconf 72' lang='grc' dir='ltr'>ι</span> <span class='ocrx_word' id='word_1_575' title='bbox 1620 3688 1735 3744; x_wconf 70' lang='lat' dir='ltr'><strong>Non</strong></span> <span class='ocrx_word' id='word_1_576' title='bbox 1777 3690 1922 3748; x_wconf 69' lang='lat' dir='ltr'><strong>enim</strong></span> 
     </span>
    </p>
   </div>
   <div class='ocr_carea' id='block_1_69' title="bbox 354 3781 1926 3853">
    <p class='ocr_par' dir='ltr' id='par_1_69' title="bbox 354 3781 1926 3853">
     <span class='ocr_line' id='line_1_69' title="bbox 354 3781 1926 3853; baseline 0.003 -21"><span class='ocrx_word' id='word_1_577' title='bbox 354 3801 374 3832; x_wconf 85' lang='grc'>‹</span> <span class='ocrx_word' id='word_1_578' title='bbox 429 3781 609 3850; x_wconf 78' lang='lat' dir='ltr'><strong>eﬂ‘ugit</strong></span> <span class='ocrx_word' id='word_1_579' title='bbox 633 3781 918 3851; x_wconf 84' lang='lat' dir='ltr'><strong>aliquando</strong></span> <span class='ocrx_word' id='word_1_580' title='bbox 947 3781 1114 3840; x_wconf 83' lang='lat' dir='ltr'><strong>Adam</strong></span> <span class='ocrx_word' id='word_1_581' title='bbox 1147 3795 1333 3836; x_wconf 87' lang='lat' dir='ltr'><strong>manus</strong></span> <span class='ocrx_word' id='word_1_582' title='bbox 1359 3781 1474 3847; x_wconf 85' lang='lat' dir='ltr'><strong>Dei,</strong></span> <span class='ocrx_word' id='word_1_583' title='bbox 1506 3781 1569 3836; x_wconf 82' lang='lat' dir='ltr'><strong>atl</strong></span> <span class='ocrx_word' id='word_1_584' title='bbox 1595 3797 1727 3853; x_wconf 87' lang='lat' dir='ltr'><strong>quas</strong></span> <span class='ocrx_word' id='word_1_585' title='bbox 1769 3781 1926 3838; x_wconf 81' lang='lat' dir='ltr'><strong>Pater</strong></span> 
     </span>
    </p>
   </div>
   <div class='ocr_carea' id='block_1_70' title="bbox 354 3871 1924 3944">
    <p class='ocr_par' dir='ltr' id='par_1_70' title="bbox 354 3871 1924 3944">
     <span class='ocr_line' id='line_1_70' title="bbox 354 3871 1924 3944; baseline 0.006 -22"><span class='ocrx_word' id='word_1_586' title='bbox 354 3892 373 3922; x_wconf 76' lang='grc' dir='ltr'>ι</span> <span class='ocrx_word' id='word_1_587' title='bbox 427 3871 862 3940; x_wconf 72' lang='grc' dir='ltr'><strong>Ιοψῑθηε,’όίοἰι;</strong></span> <span class='ocrx_word' id='word_1_588' title='bbox 897 3871 1172 3944; x_wconf 53' lang='lat' dir='ltr'><strong>Faciamus</strong></span> <span class='ocrx_word' id='word_1_589' title='bbox 1221 3875 1470 3926; x_wconf 85' lang='lat' dir='ltr'><strong>hominem</strong></span> <span class='ocrx_word' id='word_1_590' title='bbox 1519 3876 1585 3927; x_wconf 86' lang='lat' dir='ltr'><strong>ad</strong></span> <span class='ocrx_word' id='word_1_591' title='bbox 1631 3877 1924 3944; x_wconf 85' lang='lat' dir='ltr'><strong>imaginem,</strong></span> 
     </span>
    </p>
   </div>
   <div class='ocr_carea' id='block_1_71' title="bbox 357 3890 1927 4034">
    <p class='ocr_par' dir='ltr' id='par_1_71' title="bbox 357 3890 1927 4034">
     <span class='ocr_line' id='line_1_71' title="bbox 357 3890 1924 3944; baseline 0.006 -22"><span class='ocrx_word' id='word_1_592' title='bbox 357 3892 373 3922; x_wconf 85' lang='grc' dir='ltr'>ι</span> <span class='ocrx_word' id='word_1_593' title='bbox 427 3890 667 3940; x_wconf 76' lang='lat' dir='ltr'><strong>loquens,</strong></span> <span class='ocrx_word' id='word_1_594' title='bbox 697 3890 862 3925; x_wconf 81' lang='lat' dir='ltr'><strong>dicit:</strong></span> <span class='ocrx_word' id='word_1_595' title='bbox 897 3890 1014 3940; x_wconf 51' lang='lat' dir='ltr'><strong>ra,</strong></span> <span class='ocrx_word' id='word_1_596' title='bbox 1063 3890 1172 3925; x_wconf 86' lang='lat' dir='ltr'><strong>mus</strong></span> <span class='ocrx_word' id='word_1_597' title='bbox 1221 3890 1470 3926; x_wconf 77' lang='lat' dir='ltr'><strong>nominem</strong></span> <span class='ocrx_word' id='word_1_598' title='bbox 1519 3890 1585 3927; x_wconf 85' lang='lat' dir='ltr'><strong>aa</strong></span> <span class='ocrx_word' id='word_1_599' title='bbox 1631 3891 1924 3944; x_wconf 83' lang='lat' dir='ltr'><strong>nnagmem,</strong></span> 
     </span>
     <span class='ocr_line' id='line_1_72' title="bbox 357 3890 1927 4034; baseline 0.006 -20"><span class='ocrx_word' id='word_1_600' title='bbox 357 3981 377 4014; x_wconf 83' lang='lat' dir='ltr'><strong>s</strong></span> <span class='ocrx_word' id='word_1_601' title='bbox 431 3973 475 4014; x_wconf 86' lang='lat' dir='ltr'><strong>et</strong></span> <span class='ocrx_word' id='word_1_602' title='bbox 505 3962 883 4015; x_wconf 79' lang='lat' dir='ltr'><strong>similitudinem</strong></span> <span class='ocrx_word' id='word_1_603' title='bbox 915 3890 1159 4018; x_wconf 55' lang='lat' dir='ltr'><strong>noxam.</strong></span> <span class='ocrx_word' id='word_1_604' title='bbox 1219 3963 1286 4018; x_wconf 85' lang='lat' dir='ltr'><strong>Et</strong></span> <span class='ocrx_word' id='word_1_605' title='bbox 1325 3975 1540 4034; x_wconf 86' lang='lat' dir='ltr'><strong>propter</strong></span> <span class='ocrx_word' id='word_1_606' title='bbox 1587 3969 1688 4020; x_wconf 90' lang='lat' dir='ltr'><strong>hoc</strong></span> <span class='ocrx_word' id='word_1_607' title='bbox 1731 3968 1782 4021; x_wconf 92' lang='lat' dir='ltr'><strong>in</strong></span> <span class='ocrx_word' id='word_1_608' title='bbox 1822 3969 1927 4024; x_wconf 83' lang='lat' dir='ltr'><strong>line</strong></span> 
     </span>
    </p>
   </div>
   <div class='ocr_carea' id='block_1_72' title="bbox 353 4053 1922 4130">
    <p class='ocr_par' dir='ltr' id='par_1_72' title="bbox 353 4053 1922 4130">
     <span class='ocr_line' id='line_1_73' title="bbox 353 4053 1922 4130; baseline 0.005 -24"><span class='ocrx_word' id='word_1_609' title='bbox 353 4071 374 4106; x_wconf 74' lang='lat' dir='ltr'><strong>r</strong></span> <span class='ocrx_word' id='word_1_610' title='bbox 428 4069 531 4106; x_wconf 92' lang='lat' dir='ltr'><strong>non</strong></span> <span class='ocrx_word' id='word_1_611' title='bbox 563 4068 627 4108; x_wconf 83' lang='lat' dir='ltr'><strong>ex</strong></span> <span class='ocrx_word' id='word_1_612' title='bbox 660 4053 934 4109; x_wconf 90' lang='lat' dir='ltr'><strong>voluntate</strong></span> <span class='ocrx_word' id='word_1_613' title='bbox 963 4055 1160 4122; x_wconf 85' lang='lat' dir='ltr'><strong>carnis,</strong></span> <span class='ocrx_word' id='word_1_614' title='bbox 1190 4071 1359 4126; x_wconf 90' lang='lat' dir='ltr'><strong>neque</strong></span> <span class='ocrx_word' id='word_1_615' title='bbox 1405 4072 1467 4111; x_wconf 84' lang='lat' dir='ltr'><strong>ex</strong></span> <span class='ocrx_word' id='word_1_616' title='bbox 1495 4057 1764 4114; x_wconf 88' lang='lat' dir='ltr'><strong>voluntate</strong></span> <span class='ocrx_word' id='word_1_617' title='bbox 1802 4060 1922 4130; x_wconf 90' lang='lat' dir='ltr'><strong>viri,</strong></span> 
     </span>
    </p>
   </div>
   <div class='ocr_carea' id='block_1_73' title="bbox 351 4143 1922 4217">
    <p class='ocr_par' dir='ltr' id='par_1_73' title="bbox 351 4143 1922 4217">
     <span class='ocr_line' id='line_1_74' title="bbox 351 4143 1922 4217; baseline 0.006 -21"><span class='ocrx_word' id='word_1_618' title='bbox 351 4162 372 4195; x_wconf 85' lang='grc'><strong><em>‹</em></strong></span> <span class='ocrx_word' id='word_1_619' title='bbox 426 4143 518 4198; x_wconf 87' lang='lat' dir='ltr'><strong>sed</strong></span> <span class='ocrx_word' id='word_1_620' title='bbox 549 4159 612 4198; x_wconf 79' lang='lat' dir='ltr'><strong>ex</strong></span> <span class='ocrx_word' id='word_1_621' title='bbox 642 4145 837 4215; x_wconf 92' lang='lat' dir='ltr'><strong>placito</strong></span> <span class='ocrx_word' id='word_1_622' title='bbox 867 4146 1040 4208; x_wconf 82' lang='lat' dir='ltr'><strong>Patris</strong></span> <span class='ocrx_word' id='word_1_623' title='bbox 1085 4161 1272 4204; x_wconf 84' lang='lat' dir='ltr'><strong>manus</strong></span> <span class='ocrx_word' id='word_1_624' title='bbox 1320 4147 1434 4217; x_wconf 89' lang='lat' dir='ltr'><strong>ejus</strong></span> <span class='ocrx_word' id='word_1_625' title='bbox 1465 4143 1653 4203; x_wconf 79' lang='lat' dir='ltr'><strong>vivum</strong></span> <span class='ocrx_word' id='word_1_626' title='bbox 1685 4149 1922 4217; x_wconf 78' lang='lat' dir='ltr'><strong>perfece-</strong></span> 
     </span>
    </p>
   </div>
   <div class='ocr_carea' id='block_1_74' title="bbox 351 4235 1925 4308">
    <p class='ocr_par' dir='ltr' id='par_1_74' title="bbox 351 4235 1925 4308">
     <span class='ocr_line' id='line_1_75' title="bbox 351 4235 1925 4308; baseline 0.006 -20"><span class='ocrx_word' id='word_1_627' title='bbox 351 4255 372 4288; x_wconf 82' lang='lat' dir='ltr'><strong>s</strong></span> <span class='ocrx_word' id='word_1_628' title='bbox 427 4243 552 4288; x_wconf 90' lang='lat' dir='ltr'><strong>runt</strong></span> <span class='ocrx_word' id='word_1_629' title='bbox 581 4235 872 4301; x_wconf 85' lang='lat' dir='ltr'><strong>hominem,</strong></span> <span class='ocrx_word' id='word_1_630' title='bbox 906 4238 980 4290; x_wconf 91' lang='lat' dir='ltr'><strong>uti</strong></span> <span class='ocrx_word' id='word_1_631' title='bbox 1009 4235 1103 4292; x_wconf 81' lang='lat' dir='ltr'><strong>ﬁat</strong></span> <span class='ocrx_word' id='word_1_632' title='bbox 1128 4237 1293 4292; x_wconf 80' lang='lat' dir='ltr'><strong>Adam</strong></span> <span class='ocrx_word' id='word_1_633' title='bbox 1321 4239 1608 4293; x_wconf 79' lang='lat' dir='ltr'><strong>secundum</strong></span> <span class='ocrx_word' id='word_1_634' title='bbox 1641 4240 1925 4308; x_wconf 87' lang='lat' dir='ltr'><strong>imaginem</strong></span> 
     </span>
    </p>
   </div>
   <div class='ocr_carea' id='block_1_75' title="bbox 350 4325 1942 4395">
    <p class='ocr_par' dir='ltr' id='par_1_75' title="bbox 350 4325 1942 4395">
     <span class='ocr_line' id='line_1_76' title="bbox 350 4325 1942 4395; baseline 0.003 -18"><span class='ocrx_word' id='word_1_635' title='bbox 350 4343 372 4377; x_wconf 81' lang='grc'><em>‹</em></span> <span class='ocrx_word' id='word_1_636' title='bbox 426 4337 477 4380; x_wconf 92' lang='lat' dir='ltr'><strong>et</strong></span> <span class='ocrx_word' id='word_1_637' title='bbox 501 4325 902 4381; x_wconf 90' lang='lat' dir='ltr'><strong>similitudinem</strong></span> <span class='ocrx_word' id='word_1_638' title='bbox 951 4327 1065 4381; x_wconf 85' lang='lat' dir='ltr'><strong>Dei.</strong></span> <span class='ocrx_word' id='word_1_639' title='bbox 1100 4346 1121 4380; x_wconf 69' lang='grc' dir='ltr'><strong><em>ο</em></strong></span> <span class='ocrx_word' id='word_1_640' title='bbox 1156 4327 1288 4382; x_wconf 89' lang='lat' dir='ltr'><strong>Vide</strong></span> <span class='ocrx_word' id='word_1_641' title='bbox 1315 4342 1465 4395; x_wconf 87' lang='lat' dir='ltr'><strong>ergo,</strong></span> <span class='ocrx_word' id='word_1_642' title='bbox 1499 4329 1580 4390; x_wconf 82' lang='lat' dir='ltr'><strong>vir</strong></span> <span class='ocrx_word' id='word_1_643' title='bbox 1601 4326 1707 4389; x_wconf 90' lang='lat' dir='ltr'><strong>Cl.,</strong></span> <span class='ocrx_word' id='word_1_644' title='bbox 1753 4344 1818 4380; x_wconf 89' lang='lat' dir='ltr'><strong>an</strong></span> <span class='ocrx_word' id='word_1_645' title='bbox 1864 4325 1942 4393; x_wconf 36' lang='lat' dir='ltr'><strong>ii,‘</strong></span> 
     </span>
    </p>
   </div>
   <div class='ocr_carea' id='block_1_76' title="bbox 343 4415 1924 4496">
    <p class='ocr_par' dir='ltr' id='par_1_76' title="bbox 343 4415 1924 4496">
     <span class='ocr_line' id='line_1_77' title="bbox 343 4415 1924 4496; baseline 0.001 -24"><span class='ocrx_word' id='word_1_646' title='bbox 343 4419 444 4488; x_wconf 87' lang='lat' dir='ltr'><strong>qui</strong></span> <span class='ocrx_word' id='word_1_647' title='bbox 472 4427 651 4496; x_wconf 79' lang='lat' dir='ltr'><strong>putant</strong></span> <span class='ocrx_word' id='word_1_648' title='bbox 688 4417 970 4471; x_wconf 87' lang='lat' dir='ltr'><strong>lectionem</strong></span> <span class='ocrx_word' id='word_1_649' title='bbox 1016 4417 1340 4480; x_wconf 82' lang='lat' dir='ltr'><strong>Veronensis</strong></span> <span class='ocrx_word' id='word_1_650' title='bbox 1390 4415 1743 4485; x_wconf 84' lang='lat' dir='ltr'><strong>Evangeliarii</strong></span> <span class='ocrx_word' id='word_1_651' title='bbox 1776 4417 1924 4480; x_wconf 82' lang='lat' dir='ltr'><strong>pullo</strong></span> 
     </span>
    </p>
   </div>
   <div class='ocr_carea' id='block_1_77' title="bbox 340 4507 1924 4572">
    <p class='ocr_par' dir='ltr' id='par_1_77' title="bbox 340 4507 1924 4572">
     <span class='ocr_line' id='line_1_78' title="bbox 340 4507 1924 4572; baseline 0.003 -10"><span class='ocrx_word' id='word_1_652' title='bbox 340 4510 520 4564; x_wconf 79' lang='lat' dir='ltr'><strong>veteri</strong></span> <span class='ocrx_word' id='word_1_653' title='bbox 565 4509 869 4563; x_wconf 89' lang='lat' dir='ltr'><strong>testimonio</strong></span> <span class='ocrx_word' id='word_1_654' title='bbox 918 4509 1098 4560; x_wconf 79' lang='lat' dir='ltr'><strong>fultam</strong></span> <span class='ocrx_word' id='word_1_655' title='bbox 1143 4521 1283 4572; x_wconf 67' lang='lat' dir='ltr'><strong>esse,</strong></span> <span class='ocrx_word' id='word_1_656' title='bbox 1333 4507 1536 4561; x_wconf 88' lang='lat' dir='ltr'><strong>veritati</strong></span> <span class='ocrx_word' id='word_1_657' title='bbox 1593 4508 1766 4562; x_wconf 89' lang='lat' dir='ltr'><strong>litent.</strong></span> <span class='ocrx_word' id='word_1_658' title='bbox 1817 4508 1924 4572; x_wconf 83' lang='lat' dir='ltr'><strong>Sed</strong></span> 
     </span>
    </p>
   </div>
   <div class='ocr_carea' id='block_1_78' title="bbox 341 4599 1922 4672">
    <p class='ocr_par' dir='ltr' id='par_1_78' title="bbox 341 4599 1922 4672">
     <span class='ocr_line' id='line_1_79' title="bbox 341 4599 1922 4672; baseline 0.002 -18"><span class='ocrx_word' id='word_1_659' title='bbox 341 4601 527 4670; x_wconf 83' lang='lat' dir='ltr'><strong>placet</strong></span> <span class='ocrx_word' id='word_1_660' title='bbox 555 4600 653 4653; x_wconf 88' lang='lat' dir='ltr'><strong>alia</strong></span> <span class='ocrx_word' id='word_1_661' title='bbox 680 4613 890 4667; x_wconf 90' lang='lat' dir='ltr'><strong>quoque</strong></span> <span class='ocrx_word' id='word_1_662' title='bbox 913 4599 1208 4654; x_wconf 90' lang='lat' dir='ltr'><strong>testimonia</strong></span> <span class='ocrx_word' id='word_1_663' title='bbox 1234 4608 1548 4669; x_wconf 81' lang='lat' dir='ltr'><strong>proponere,</strong></span> <span class='ocrx_word' id='word_1_664' title='bbox 1574 4615 1634 4656; x_wconf 92' lang='lat' dir='ltr'><strong>ac</strong></span> <span class='ocrx_word' id='word_1_665' title='bbox 1655 4601 1706 4664; x_wconf 85' lang='lat' dir='ltr'><strong>in</strong></span> <span class='ocrx_word' id='word_1_666' title='bbox 1733 4601 1922 4672; x_wconf 72' lang='lat' dir='ltr'><strong>primis</strong></span> 
     </span>
    </p>
   </div>
   <div class='ocr_carea' id='block_1_79' title="bbox 2025 3421 3604 3499">
    <p class='ocr_par' dir='ltr' id='par_1_79' title="bbox 2025 3421 3604 3499">
     <span class='ocr_line' id='line_1_80' title="bbox 2025 3421 3604 3499; baseline -0.002 -19"><span class='ocrx_word' id='word_1_667' title='bbox 2025 3431 2268 3499; x_wconf 82' lang='lat' dir='ltr'><strong>gustinus</strong></span> <span class='ocrx_word' id='word_1_668' title='bbox 2307 3431 2356 3483; x_wconf 88' lang='lat' dir='ltr'><strong>in</strong></span> <span class='ocrx_word' id='word_1_669' title='bbox 2389 3430 2524 3483; x_wconf 90' lang='lat' dir='ltr'><strong>libro</strong></span> <span class='ocrx_word' id='word_1_670' title='bbox 2547 3426 2955 3482; x_wconf 82' lang='lat' dir='ltr'><strong>ConfessiOnttm</strong></span> <span class='ocrx_word' id='word_1_671' title='bbox 2982 3441 3080 3492; x_wconf 84' lang='lat' dir='ltr'><strong>vn,</strong></span> <span class='ocrx_word' id='word_1_672' title='bbox 3107 3439 3224 3493; x_wconf 86' lang='lat' dir='ltr'><strong>cap.</strong></span> <span class='ocrx_word' id='word_1_673' title='bbox 3251 3425 3304 3485; x_wconf 89' lang='grc'><strong>9,</strong></span> <span class='ocrx_word' id='word_1_674' title='bbox 3337 3423 3410 3477; x_wconf 86' lang='lat' dir='ltr'><strong>ait</strong></span> <span class='ocrx_word' id='word_1_675' title='bbox 3439 3440 3450 3474; x_wconf 92' lang='lat'>:</span> <span class='ocrx_word' id='word_1_676' title='bbox 3481 3439 3499 3473; x_wconf 75' lang='grc' dir='ltr'>ι</span> <span class='ocrx_word' id='word_1_677' title='bbox 3537 3421 3604 3477; x_wconf 80' lang='lat' dir='ltr'><strong>Et</strong></span> 
     </span>
    </p>
   </div>
   <div class='ocr_carea' id='block_1_80' title="bbox 2028 3515 3603 3591">
    <p class='ocr_par' dir='ltr' id='par_1_80' title="bbox 2028 3515 3603 3591">
     <span class='ocr_line' id='line_1_81' title="bbox 2028 3515 3603 3591; baseline -0.008 -15"><span class='ocrx_word' id='word_1_678' title='bbox 2028 3521 2201 3591; x_wconf 87' lang='lat' dir='ltr'><strong>primo</strong></span> <span class='ocrx_word' id='word_1_679' title='bbox 2229 3521 2419 3575; x_wconf 86' lang='lat' dir='ltr'><strong>volens</strong></span> <span class='ocrx_word' id='word_1_680' title='bbox 2450 3519 2739 3574; x_wconf 88' lang='lat' dir='ltr'><strong>ostendere</strong></span> <span class='ocrx_word' id='word_1_681' title='bbox 2779 3517 2930 3581; x_wconf 90' lang='lat' dir='ltr'><strong>mihi,</strong></span> <span class='ocrx_word' id='word_1_682' title='bbox 2973 3531 3132 3587; x_wconf 89' lang='lat' dir='ltr'><strong>quam</strong></span> <span class='ocrx_word' id='word_1_683' title='bbox 3167 3515 3386 3571; x_wconf 84' lang='lat' dir='ltr'><strong>resistas</strong></span> <span class='ocrx_word' id='word_1_684' title='bbox 3416 3528 3603 3581; x_wconf 84' lang='lat' dir='ltr'><strong>super-</strong></span> 
     </span>
    </p>
   </div>
   <div class='ocr_carea' id='block_1_81' title="bbox 2026 3605 3684 3679">
    <p class='ocr_par' dir='ltr' id='par_1_81' title="bbox 2026 3605 3684 3679">
     <span class='ocr_line' id='line_1_82' title="bbox 2026 3605 3684 3679; baseline -0.003 -13"><span class='ocrx_word' id='word_1_685' title='bbox 2026 3613 2130 3676; x_wconf 85' lang='lat' dir='ltr'><strong>bis,</strong></span> <span class='ocrx_word' id='word_1_686' title='bbox 2157 3613 2443 3665; x_wconf 78' lang='lat' dir='ltr'><strong>humilibus</strong></span> <span class='ocrx_word' id='word_1_687' title='bbox 2469 3620 2646 3668; x_wconf 88' lang='lat' dir='ltr'><strong>autem</strong></span> <span class='ocrx_word' id='word_1_688' title='bbox 2677 3611 2770 3664; x_wconf 85' lang='lat' dir='ltr'><strong>des</strong></span> <span class='ocrx_word' id='word_1_689' title='bbox 2794 3609 3039 3679; x_wconf 84' lang='lat' dir='ltr'><strong>gratiam.</strong></span> <span class='ocrx_word' id='word_1_690' title='bbox 3069 3618 3124 3663; x_wconf 90' lang='lat' dir='ltr'><strong>et</strong></span> <span class='ocrx_word' id='word_1_691' title='bbox 3148 3618 3340 3678; x_wconf 81' lang='lat' dir='ltr'><strong>quanta</strong></span> <span class='ocrx_word' id='word_1_692' title='bbox 3393 3605 3603 3659; x_wconf 78' lang='lat' dir='ltr'><strong>tttiscri-</strong></span> <span class='ocrx_word' id='word_1_693' title='bbox 3679 3633 3684 3635; x_wconf 91' lang='lat'><strong><em>-</em></strong></span> 
     </span>
    </p>
   </div>
   <div class='ocr_carea' id='block_1_82' title="bbox 2026 3697 3587 3758">
    <p class='ocr_par' dir='ltr' id='par_1_82' title="bbox 2026 3697 3587 3758">
     <span class='ocr_line' id='line_1_83' title="bbox 2026 3697 3587 3758; baseline -0.006 0"><span class='ocrx_word' id='word_1_694' title='bbox 2026 3703 2206 3758; x_wconf 88' lang='lat' dir='ltr'><strong>cordia</strong></span> <span class='ocrx_word' id='word_1_695' title='bbox 2232 3715 2316 3756; x_wconf 88' lang='lat' dir='ltr'><strong>tua</strong></span> <span class='ocrx_word' id='word_1_696' title='bbox 2339 3703 2705 3756; x_wconf 86' lang='lat' dir='ltr'><strong>demonstrata</strong></span> <span class='ocrx_word' id='word_1_697' title='bbox 2733 3701 2802 3754; x_wconf 89' lang='lat' dir='ltr'><strong>sit</strong></span> <span class='ocrx_word' id='word_1_698' title='bbox 2823 3699 3124 3755; x_wconf 86' lang='lat' dir='ltr'><strong>hominibus</strong></span> <span class='ocrx_word' id='word_1_699' title='bbox 3146 3700 3226 3752; x_wconf 85' lang='lat' dir='ltr'><strong>via</strong></span> <span class='ocrx_word' id='word_1_700' title='bbox 3256 3697 3587 3758; x_wconf 87' lang='lat' dir='ltr'><strong>humilitatis,</strong></span> 
     </span>
    </p>
   </div>
   <div class='ocr_carea' id='block_1_83' title="bbox 2027 3785 3602 3865">
    <p class='ocr_par' dir='ltr' id='par_1_83' title="bbox 2027 3785 3602 3865">
     <span class='ocr_line' id='line_1_84' title="bbox 2027 3785 3602 3865; baseline -0.009 -15"><span class='ocrx_word' id='word_1_701' title='bbox 2027 3795 2167 3865; x_wconf 90' lang='lat' dir='ltr'><strong>quod</strong></span> <span class='ocrx_word' id='word_1_702' title='bbox 2202 3793 2432 3850; x_wconf 89' lang='lat' dir='ltr'><strong>Verbum</strong></span> <span class='ocrx_word' id='word_1_703' title='bbox 2489 3804 2636 3848; x_wconf 91' lang='lat' dir='ltr'><strong>tuum</strong></span> <span class='ocrx_word' id='word_1_704' title='bbox 2664 3806 2790 3847; x_wconf 90' lang='lat' dir='ltr'><strong>caro</strong></span> <span class='ocrx_word' id='word_1_705' title='bbox 2838 3791 3033 3845; x_wconf 81' lang='lat' dir='ltr'><strong>factum</strong></span> <span class='ocrx_word' id='word_1_706' title='bbox 3091 3798 3194 3853; x_wconf 85' lang='lat' dir='ltr'><strong>est,</strong></span> <span class='ocrx_word' id='word_1_707' title='bbox 3245 3798 3299 3844; x_wconf 91' lang='lat' dir='ltr'><strong>et</strong></span> <span class='ocrx_word' id='word_1_708' title='bbox 3352 3785 3602 3841; x_wconf 76' lang='lat' dir='ltr'><strong>habitavit</strong></span> 
     </span>
    </p>
   </div>
   <div class='ocr_carea' id='block_1_84' title="bbox 2027 3877 3602 3955">
    <p class='ocr_par' dir='ltr' id='par_1_84' title="bbox 2027 3877 3602 3955">
     <span class='ocr_line' id='line_1_85' title="bbox 2027 3877 3602 3955; baseline -0.008 -15"><span class='ocrx_word' id='word_1_709' title='bbox 2027 3886 2167 3942; x_wconf 79' lang='lat' dir='ltr'><strong>inter</strong></span> <span class='ocrx_word' id='word_1_710' title='bbox 2191 3886 2468 3951; x_wconf 86' lang='lat' dir='ltr'><strong>homines;</strong></span> <span class='ocrx_word' id='word_1_711' title='bbox 2531 3883 2825 3955; x_wconf 79' lang='lat' dir='ltr'><strong>procurasti</strong></span> <span class='ocrx_word' id='word_1_712' title='bbox 2859 3882 2986 3940; x_wconf 86' lang='lat' dir='ltr'><strong>mihi</strong></span> <span class='ocrx_word' id='word_1_713' title='bbox 3036 3896 3134 3953; x_wconf 86' lang='lat' dir='ltr'><strong>per</strong></span> <span class='ocrx_word' id='word_1_714' title='bbox 3179 3879 3462 3950; x_wconf 87' lang='lat' dir='ltr'><strong>quemdam</strong></span> <span class='ocrx_word' id='word_1_715' title='bbox 3507 3877 3602 3928; x_wconf 87' lang='lat' dir='ltr'><strong>Ito-</strong></span> 
     </span>
    </p>
   </div>
   <div class='ocr_carea' id='block_1_85' title="bbox 2025 3965 3594 4043">
    <p class='ocr_par' dir='ltr' id='par_1_85' title="bbox 2025 3965 3594 4043">
     <span class='ocr_line' id='line_1_86' title="bbox 2025 3965 3594 4043; baseline -0.01 -11"><span class='ocrx_word' id='word_1_716' title='bbox 2025 3971 2246 4038; x_wconf 86' lang='lat' dir='ltr'><strong>minem.</strong></span> <span class='ocrx_word' id='word_1_717' title='bbox 2277 3976 2659 4030; x_wconf 80' lang='lat' dir='ltr'><strong>humanissimo</strong></span> <span class='ocrx_word' id='word_1_718' title='bbox 2686 3975 2848 4043; x_wconf 81' lang='lat' dir='ltr'><strong>typho</strong></span> <span class='ocrx_word' id='word_1_719' title='bbox 2879 3973 3162 4039; x_wconf 82' lang='lat' dir='ltr'><strong>turgidum,</strong></span> <span class='ocrx_word' id='word_1_720' title='bbox 3185 3967 3443 4036; x_wconf 88' lang='lat' dir='ltr'><strong>quosdam</strong></span> <span class='ocrx_word' id='word_1_721' title='bbox 3474 3965 3594 4017; x_wconf 83' lang='lat' dir='ltr'><strong>Pla-</strong></span> 
     </span>
    </p>
   </div>
   <div class='ocr_carea' id='block_1_86' title="bbox 2026 4055 3594 4130">
    <p class='ocr_par' dir='ltr' id='par_1_86' title="bbox 2026 4055 3594 4130">
     <span class='ocr_line' id='line_1_87' title="bbox 2026 4055 3594 4130; baseline -0.008 -9"><span class='ocrx_word' id='word_1_722' title='bbox 2026 4067 2319 4123; x_wconf 85' lang='lat' dir='ltr'><strong>tonicorum</strong></span> <span class='ocrx_word' id='word_1_723' title='bbox 2374 4066 2538 4123; x_wconf 85' lang='lat' dir='ltr'><strong>libros</strong></span> <span class='ocrx_word' id='word_1_724' title='bbox 2582 4080 2646 4120; x_wconf 81' lang='lat' dir='ltr'><strong>ex</strong></span> <span class='ocrx_word' id='word_1_725' title='bbox 2699 4063 2881 4119; x_wconf 71' lang='lat' dir='ltr'><strong>Graeca</strong></span> <span class='ocrx_word' id='word_1_726' title='bbox 2917 4064 3087 4130; x_wconf 79' lang='lat' dir='ltr'><strong>lingua</strong></span> <span class='ocrx_word' id='word_1_727' title='bbox 3118 4061 3166 4111; x_wconf 89' lang='lat' dir='ltr'><strong>in</strong></span> <span class='ocrx_word' id='word_1_728' title='bbox 3199 4055 3442 4110; x_wconf 82' lang='lat' dir='ltr'><strong>Latinam</strong></span> <span class='ocrx_word' id='word_1_729' title='bbox 3482 4071 3594 4109; x_wconf 83' lang='lat' dir='ltr'><strong>vcr-</strong></span> 
     </span>
    </p>
   </div>
   <div class='ocr_carea' id='block_1_87' title="bbox 2025 4147 3596 4229">
    <p class='ocr_par' dir='ltr' id='par_1_87' title="bbox 2025 4147 3596 4229">
     <span class='ocr_line' id='line_1_88' title="bbox 2025 4147 3596 4229; baseline -0.009 -15"><span class='ocrx_word' id='word_1_730' title='bbox 2025 4174 2153 4225; x_wconf 81' lang='lat' dir='ltr'><strong>sos;</strong></span> <span class='ocrx_word' id='word_1_731' title='bbox 2180 4169 2234 4215; x_wconf 89' lang='lat' dir='ltr'><strong>et</strong></span> <span class='ocrx_word' id='word_1_732' title='bbox 2263 4159 2331 4213; x_wconf 92' lang='lat' dir='ltr'><strong>ibi</strong></span> <span class='ocrx_word' id='word_1_733' title='bbox 2359 4160 2481 4229; x_wconf 84' lang='lat' dir='ltr'><strong>legi,</strong></span> <span class='ocrx_word' id='word_1_734' title='bbox 2514 4173 2617 4214; x_wconf 93' lang='lat' dir='ltr'><strong>non</strong></span> <span class='ocrx_word' id='word_1_735' title='bbox 2641 4156 2855 4226; x_wconf 88' lang='lat' dir='ltr'><strong>quidem</strong></span> <span class='ocrx_word' id='word_1_736' title='bbox 2882 4155 2962 4207; x_wconf 82' lang='lat' dir='ltr'><strong>Itis</strong></span> <span class='ocrx_word' id='word_1_737' title='bbox 2983 4151 3179 4212; x_wconf 74' lang='lat' dir='ltr'><strong>verbis,</strong></span> <span class='ocrx_word' id='word_1_738' title='bbox 3204 4147 3296 4201; x_wconf 89' lang='lat' dir='ltr'><strong>sed</strong></span> <span class='ocrx_word' id='word_1_739' title='bbox 3327 4147 3426 4201; x_wconf 88' lang='lat' dir='ltr'><strong>hoc</strong></span> <span class='ocrx_word' id='word_1_740' title='bbox 3458 4148 3596 4201; x_wconf 88' lang='lat' dir='ltr'><strong>idem</strong></span> 
     </span>
    </p>
   </div>
   <div class='ocr_carea' id='block_1_88' title="bbox 2025 4239 3597 4311">
    <p class='ocr_par' dir='ltr' id='par_1_88' title="bbox 2025 4239 3597 4311">
     <span class='ocr_line' id='line_1_89' title="bbox 2025 4239 3597 4311; baseline -0.009 -8"><span class='ocrx_word' id='word_1_741' title='bbox 2025 4250 2242 4303; x_wconf 90' lang='lat' dir='ltr'><strong>omnino</strong></span> <span class='ocrx_word' id='word_1_742' title='bbox 2275 4247 2474 4309; x_wconf 90' lang='lat' dir='ltr'><strong>multis,</strong></span> <span class='ocrx_word' id='word_1_743' title='bbox 2497 4258 2548 4301; x_wconf 89' lang='lat' dir='ltr'><strong>et</strong></span> <span class='ocrx_word' id='word_1_744' title='bbox 2577 4245 2958 4311; x_wconf 77' lang='lat' dir='ltr'><strong>multiplicibus</strong></span> <span class='ocrx_word' id='word_1_745' title='bbox 3011 4239 3223 4295; x_wconf 91' lang='lat' dir='ltr'><strong>suaderi</strong></span> <span class='ocrx_word' id='word_1_746' title='bbox 3280 4239 3597 4302; x_wconf 88' lang='lat' dir='ltr'><strong>rationibus,</strong></span> 
     </span>
    </p>
   </div>
   <div class='ocr_carea' id='block_1_89' title="bbox 2023 4326 3602 4407">
    <p class='ocr_par' dir='ltr' id='par_1_89' title="bbox 2023 4326 3602 4407">
     <span class='ocr_line' id='line_1_90' title="bbox 2023 4326 3602 4407; baseline -0.006 -16"><span class='ocrx_word' id='word_1_747' title='bbox 2023 4337 2242 4407; x_wconf 79' lang='lat' dir='ltr'><strong>quodin</strong></span> <span class='ocrx_word' id='word_1_748' title='bbox 2264 4326 2515 4405; x_wconf 78' lang='lat' dir='ltr'><strong>principio</strong></span> <span class='ocrx_word' id='word_1_749' title='bbox 2548 4345 2653 4389; x_wconf 84' lang='lat' dir='ltr'><strong>erat</strong></span> <span class='ocrx_word' id='word_1_750' title='bbox 2687 4333 2920 4398; x_wconf 79' lang='lat' dir='ltr'><strong>Verbum,</strong></span> <span class='ocrx_word' id='word_1_751' title='bbox 2953 4341 2999 4386; x_wconf 84' lang='lat' dir='ltr'><strong>et</strong></span> <span class='ocrx_word' id='word_1_752' title='bbox 3053 4330 3264 4385; x_wconf 78' lang='lat' dir='ltr'><strong>Verbum</strong></span> <span class='ocrx_word' id='word_1_753' title='bbox 3309 4341 3418 4385; x_wconf 84' lang='lat' dir='ltr'><strong>erat</strong></span> <span class='ocrx_word' id='word_1_754' title='bbox 3462 4330 3602 4400; x_wconf 82' lang='lat' dir='ltr'><strong>apud</strong></span> 
     </span>
    </p>
   </div>
   <div class='ocr_carea' id='block_1_90' title="bbox 2023 4421 3601 4495">
    <p class='ocr_par' dir='ltr' id='par_1_90' title="bbox 2023 4421 3601 4495">
     <span class='ocr_line' id='line_1_91' title="bbox 2023 4421 3601 4495; baseline -0.005 -15"><span class='ocrx_word' id='word_1_755' title='bbox 2023 4425 2206 4493; x_wconf 79' lang='lat' dir='ltr'><strong>Deum,</strong></span> <span class='ocrx_word' id='word_1_756' title='bbox 2239 4435 2286 4480; x_wconf 81' lang='lat' dir='ltr'><strong>et</strong></span> <span class='ocrx_word' id='word_1_757' title='bbox 2333 4424 2474 4480; x_wconf 85' lang='lat' dir='ltr'><strong>Deus</strong></span> <span class='ocrx_word' id='word_1_758' title='bbox 2515 4435 2622 4480; x_wconf 86' lang='lat' dir='ltr'><strong>erat</strong></span> <span class='ocrx_word' id='word_1_759' title='bbox 2673 4423 2910 4479; x_wconf 83' lang='lat' dir='ltr'><strong>Verbum.</strong></span> <span class='ocrx_word' id='word_1_760' title='bbox 2949 4421 3058 4482; x_wconf 80' lang='lat' dir='ltr'><strong>Hoc</strong></span> <span class='ocrx_word' id='word_1_761' title='bbox 3109 4434 3214 4479; x_wconf 85' lang='lat' dir='ltr'><strong>erat</strong></span> <span class='ocrx_word' id='word_1_762' title='bbox 3263 4425 3313 4483; x_wconf 85' lang='lat' dir='ltr'><strong>in</strong></span> <span class='ocrx_word' id='word_1_763' title='bbox 3350 4421 3601 4495; x_wconf 85' lang='lat' dir='ltr'><strong>principio</strong></span> 
     </span>
    </p>
   </div>
   <div class='ocr_carea' id='block_1_91' title="bbox 2022 4513 3598 4589">
    <p class='ocr_par' dir='ltr' id='par_1_91' title="bbox 2022 4513 3598 4589">
     <span class='ocr_line' id='line_1_92' title="bbox 2022 4513 3598 4589; baseline -0.006 -17"><span class='ocrx_word' id='word_1_764' title='bbox 2022 4519 2162 4589; x_wconf 79' lang='lat' dir='ltr'><strong>apud</strong></span> <span class='ocrx_word' id='word_1_765' title='bbox 2193 4517 2584 4581; x_wconf 64' lang='lat' dir='ltr'><strong>Dsumwntnia</strong></span> <span class='ocrx_word' id='word_1_766' title='bbox 2612 4533 2702 4587; x_wconf 84' lang='lat' dir='ltr'><strong>per</strong></span> <span class='ocrx_word' id='word_1_767' title='bbox 2730 4517 2896 4586; x_wconf 83' lang='lat' dir='ltr'><strong>ipsum</strong></span> <span class='ocrx_word' id='word_1_768' title='bbox 2925 4519 3059 4586; x_wconf 80' lang='lat' dir='ltr'><strong>facta</strong></span> <span class='ocrx_word' id='word_1_769' title='bbox 3097 4523 3229 4577; x_wconf 88' lang='lat' dir='ltr'><strong>sunt,</strong></span> <span class='ocrx_word' id='word_1_770' title='bbox 3263 4523 3308 4568; x_wconf 86' lang='lat' dir='ltr'><strong>et</strong></span> <span class='ocrx_word' id='word_1_771' title='bbox 3349 4514 3460 4567; x_wconf 85' lang='lat' dir='ltr'><strong>sine</strong></span> <span class='ocrx_word' id='word_1_772' title='bbox 3487 4513 3598 4580; x_wconf 81' lang='lat' dir='ltr'><strong>ipso</strong></span> 
     </span>
    </p>
   </div>
   <div class='ocr_carea' id='block_1_92' title="bbox 2025 4602 3598 4682">
    <p class='ocr_par' dir='ltr' id='par_1_92' title="bbox 2025 4602 3598 4682">
     <span class='ocr_line' id='line_1_93' title="bbox 2025 4602 3598 4682; baseline -0.009 -16"><span class='ocrx_word' id='word_1_773' title='bbox 2025 4614 2216 4682; x_wconf 77' lang='lat' dir='ltr'><strong>factum</strong></span> <span class='ocrx_word' id='word_1_774' title='bbox 2235 4620 2306 4666; x_wconf 85' lang='lat' dir='ltr'><strong>est</strong></span> <span class='ocrx_word' id='word_1_775' title='bbox 2332 4610 2481 4675; x_wconf 72' lang='lat' dir='ltr'><strong>nihil,</strong></span> <span class='ocrx_word' id='word_1_776' title='bbox 2512 4602 2661 4678; x_wconf 68' lang='lat' dir='ltr'><strong>Quod</strong></span> <span class='ocrx_word' id='word_1_777' title='bbox 2691 4610 2882 4681; x_wconf 74' lang='lat' dir='ltr'><strong>factum</strong></span> <span class='ocrx_word' id='word_1_778' title='bbox 2903 4618 2973 4664; x_wconf 80' lang='lat' dir='ltr'><strong>est</strong></span> <span class='ocrx_word' id='word_1_779' title='bbox 2999 4609 3051 4660; x_wconf 88' lang='lat' dir='ltr'><strong>in</strong></span> <span class='ocrx_word' id='word_1_780' title='bbox 3074 4623 3154 4672; x_wconf 89' lang='lat' dir='ltr'><strong>eo,</strong></span> <span class='ocrx_word' id='word_1_781' title='bbox 3183 4607 3283 4659; x_wconf 81' lang='lat' dir='ltr'><strong>vita</strong></span> <span class='ocrx_word' id='word_1_782' title='bbox 3301 4613 3401 4668; x_wconf 86' lang='lat' dir='ltr'><strong>est,</strong></span> <span class='ocrx_word' id='word_1_783' title='bbox 3427 4615 3474 4656; x_wconf 85' lang='lat' dir='ltr'><strong>et</strong></span> <span class='ocrx_word' id='word_1_784' title='bbox 3497 4604 3598 4662; x_wconf 80' lang='lat' dir='ltr'><strong>vita</strong></span> 
     </span>
    </p>
   </div>
   <div class='ocr_carea' id='block_1_93' title="bbox 338 4688 2391 4772">
    <p class='ocr_par' dir='ltr' id='par_1_93' title="bbox 338 4688 2391 4772">
     <span class='ocr_line' id='line_1_94' title="bbox 338 4688 2391 4772; baseline 0.001 -29"><span class='ocrx_word' id='word_1_785' title='bbox 338 4690 611 4759; x_wconf 84' lang='lat' dir='ltr'><strong>insignem</strong></span> <span class='ocrx_word' id='word_1_786' title='bbox 633 4688 915 4759; x_wconf 73' lang='lat' dir='ltr'><strong>quemdam</strong></span> <span class='ocrx_word' id='word_1_787' title='bbox 941 4688 1254 4744; x_wconf 88' lang='lat' dir='ltr'><strong>Tertulliani</strong></span> <span class='ocrx_word' id='word_1_788' title='bbox 1283 4690 1474 4756; x_wconf 88' lang='lat' dir='ltr'><strong>locum,</strong></span> <span class='ocrx_word' id='word_1_789' title='bbox 1507 4691 1558 4746; x_wconf 90' lang='lat' dir='ltr'><strong>in</strong></span> <span class='ocrx_word' id='word_1_790' title='bbox 1581 4708 1687 4762; x_wconf 92' lang='lat' dir='ltr'><strong>quo</strong></span> <span class='ocrx_word' id='word_1_791' title='bbox 1712 4701 1908 4772; x_wconf 73' lang='lat' dir='ltr'><strong>tamen,</strong></span> <span class='ocrx_word' id='word_1_792' title='bbox 1941 4699 1994 4759; x_wconf 79' lang='grc' dir='ltr'><strong>Ι)</strong></span> <span class='ocrx_word' id='word_1_793' title='bbox 2017 4715 2126 4759; x_wconf 73' lang='grc' dir='ltr'><strong>ενοι</strong></span> <span class='ocrx_word' id='word_1_794' title='bbox 2154 4703 2244 4758; x_wconf 66' lang='grc' dir='ltr'><strong>ιη</strong></span> <span class='ocrx_word' id='word_1_795' title='bbox 2265 4704 2391 4757; x_wconf 65' lang='lat' dir='ltr'><strong>hami</strong></span> 
     </span>
    </p>
   </div>
   <div class='ocr_carea' id='block_1_94' title="bbox 2027 4688 3595 4772">
    <p class='ocr_par' dir='ltr' id='par_1_94' title="bbox 2027 4693 3595 4765">
     <span class='ocr_line' id='line_1_95' title="bbox 2027 4693 3595 4765; baseline -0.008 -8"><span class='ocrx_word' id='word_1_796' title='bbox 2027 4715 2126 4759; x_wconf 82' lang='lat' dir='ltr'><strong>erat</strong></span> <span class='ocrx_word' id='word_1_797' title='bbox 2154 4703 2244 4758; x_wconf 74' lang='lat' dir='ltr'><strong>tua:</strong></span> <span class='ocrx_word' id='word_1_798' title='bbox 2265 4704 2543 4765; x_wconf 85' lang='lat' dir='ltr'><strong>hominum,</strong></span> <span class='ocrx_word' id='word_1_799' title='bbox 2576 4711 2622 4756; x_wconf 87' lang='lat' dir='ltr'><strong>et</strong></span> <span class='ocrx_word' id='word_1_800' title='bbox 2651 4703 2742 4756; x_wconf 74' lang='lat' dir='ltr'><strong>lux</strong></span> <span class='ocrx_word' id='word_1_801' title='bbox 2775 4703 2827 4755; x_wconf 88' lang='lat' dir='ltr'><strong>in</strong></span> <span class='ocrx_word' id='word_1_802' title='bbox 2876 4701 3086 4756; x_wconf 73' lang='lat' dir='ltr'><strong>tenebris</strong></span> <span class='ocrx_word' id='word_1_803' title='bbox 3124 4701 3273 4765; x_wconf 86' lang='lat' dir='ltr'><strong>lucet,</strong></span> <span class='ocrx_word' id='word_1_804' title='bbox 3302 4706 3346 4750; x_wconf 84' lang='lat' dir='ltr'><strong>et</strong></span> <span class='ocrx_word' id='word_1_805' title='bbox 3380 4693 3595 4747; x_wconf 71' lang='lat' dir='ltr'><strong>tenebrat</strong></span> 
     </span>
    </p>
   </div>
   <div class='ocr_carea' id='block_1_95' title="bbox 338 4779 1911 4856">
    <p class='ocr_par' dir='ltr' id='par_1_95' title="bbox 338 4779 1911 4856">
     <span class='ocr_line' id='line_1_96' title="bbox 338 4779 1911 4856; baseline 0.005 -24"><span class='ocrx_word' id='word_1_806' title='bbox 338 4779 440 4848; x_wconf 90' lang='lat' dir='ltr'><strong>qui</strong></span> <span class='ocrx_word' id='word_1_807' title='bbox 467 4793 523 4832; x_wconf 88' lang='lat' dir='ltr'><strong>se</strong></span> <span class='ocrx_word' id='word_1_808' title='bbox 555 4790 790 4833; x_wconf 78' lang='lat' dir='ltr'><strong>veterum</strong></span> <span class='ocrx_word' id='word_1_809' title='bbox 821 4780 1144 4854; x_wconf 86' lang='lat' dir='ltr'><strong>scriptorum</strong></span> <span class='ocrx_word' id='word_1_810' title='bbox 1185 4782 1334 4854; x_wconf 85' lang='lat' dir='ltr'><strong>quasi</strong></span> <span class='ocrx_word' id='word_1_811' title='bbox 1383 4783 1623 4849; x_wconf 83' lang='lat' dir='ltr'><strong>medicos</strong></span> <span class='ocrx_word' id='word_1_812' title='bbox 1651 4785 1911 4856; x_wconf 81' lang='lat' dir='ltr'><strong>esse‘glo-</strong></span> 
     </span>
    </p>
   </div>
   <div class='ocr_carea' id='block_1_96' title="bbox 298 4870 1916 4950">
    <p class='ocr_par' dir='ltr' id='par_1_96' title="bbox 298 4870 1916 4950">
     <span class='ocr_line' id='line_1_97' title="bbox 298 4870 1916 4950; baseline 0.004 -23"><span class='ocrx_word' id='word_1_813' title='bbox 298 4905 301 4908; x_wconf 55' lang='grc' dir='ltr'><strong><em>ι</em></strong></span> <span class='ocrx_word' id='word_1_814' title='bbox 338 4870 805 4933; x_wconf 81' lang='lat' dir='ltr'><strong>riantur,latentia</strong></span> <span class='ocrx_word' id='word_1_815' title='bbox 829 4873 1008 4934; x_wconf 79' lang='lat' dir='ltr'><strong>ulcera</strong></span> <span class='ocrx_word' id='word_1_816' title='bbox 1029 4874 1317 4948; x_wconf 65' lang='lat' dir='ltr'><strong>(inoptimis</strong></span> <span class='ocrx_word' id='word_1_817' title='bbox 1338 4876 1632 4950; x_wconf 88' lang='lat' dir='ltr'><strong>quibusque</strong></span> <span class='ocrx_word' id='word_1_818' title='bbox 1645 4877 1916 4933; x_wconf 88' lang='lat' dir='ltr'><strong>codicibus</strong></span> 
     </span>
    </p>
   </div>
   <div class='ocr_carea' id='block_1_97' title="bbox 338 4964 1917 5049">
    <p class='ocr_par' dir='ltr' id='par_1_97' title="bbox 338 4964 1917 5049">
     <span class='ocr_line' id='line_1_98' title="bbox 338 4964 1917 5049; baseline 0.004 -32"><span class='ocrx_word' id='word_1_819' title='bbox 338 4978 457 5017; x_wconf 87' lang='lat' dir='ltr'><strong>non</strong></span> <span class='ocrx_word' id='word_1_820' title='bbox 481 4964 807 5043; x_wconf 80' lang='lat' dir='ltr'><strong>apparentia)</strong></span> <span class='ocrx_word' id='word_1_821' title='bbox 823 4965 1246 5049; x_wconf 88' lang='lat' dir='ltr'><strong>deprehendunt.</strong></span> <span class='ocrx_word' id='word_1_822' title='bbox 1261 4967 1476 5040; x_wconf 83' lang='lat' dir='ltr'><strong>Legitur</strong></span> <span class='ocrx_word' id='word_1_823' title='bbox 1497 4970 1669 5039; x_wconf 85' lang='lat' dir='ltr'><strong>itaque</strong></span> <span class='ocrx_word' id='word_1_824' title='bbox 1692 4971 1755 5027; x_wconf 85' lang='lat' dir='ltr'><strong>ad</strong></span> <span class='ocrx_word' id='word_1_825' title='bbox 1778 4971 1917 5042; x_wconf 75' lang='lat' dir='ltr'><strong>hunc</strong></span> 
     </span>
    </p>
   </div>
   <div class='ocr_carea' id='block_1_98' title="bbox 339 5054 1919 5138">
    <p class='ocr_par' dir='ltr' id='par_1_98' title="bbox 339 5054 1919 5138">
     <span class='ocr_line' id='line_1_99' title="bbox 339 5054 1919 5138; baseline 0.008 -30"><span class='ocrx_word' id='word_1_826' title='bbox 339 5055 568 5108; x_wconf 89' lang='lat' dir='ltr'><strong>modum</strong></span> <span class='ocrx_word' id='word_1_827' title='bbox 593 5055 650 5126; x_wconf 87' lang='lat' dir='ltr'><strong>in</strong></span> <span class='ocrx_word' id='word_1_828' title='bbox 672 5054 900 5114; x_wconf 86' lang='lat' dir='ltr'><strong>librode</strong></span> <span class='ocrx_word' id='word_1_829' title='bbox 925 5055 1095 5112; x_wconf 84' lang='lat' dir='ltr'><strong>Carne</strong></span> <span class='ocrx_word' id='word_1_830' title='bbox 1123 5056 1320 5112; x_wconf 88' lang='lat' dir='ltr'><strong>Christi</strong></span> <span class='ocrx_word' id='word_1_831' title='bbox 1362 5071 1476 5138; x_wconf 83' lang='lat' dir='ltr'><strong>cap.</strong></span> <span class='ocrx_word' id='word_1_832' title='bbox 1496 5058 1583 5122; x_wconf 81' lang='lat' dir='ltr'><strong>l9,</strong></span> <span class='ocrx_word' id='word_1_833' title='bbox 1607 5059 1692 5114; x_wconf 91' lang='lat' dir='ltr'><strong>ubi</strong></span> <span class='ocrx_word' id='word_1_834' title='bbox 1707 5060 1919 5121; x_wconf 85' lang='lat' dir='ltr'><strong>disserit</strong></span> 
     </span>
    </p>
   </div>
   <div class='ocr_carea' id='block_1_99' title="bbox 338 5145 1918 5223">
    <p class='ocr_par' dir='ltr' id='par_1_99' title="bbox 338 5145 1918 5223">
     <span class='ocr_line' id='line_1_100' title="bbox 338 5145 1918 5223; baseline 0.007 -23"><span class='ocrx_word' id='word_1_835' title='bbox 338 5145 609 5203; x_wconf 84' lang='lat' dir='ltr'><strong>adversus</strong></span> <span class='ocrx_word' id='word_1_836' title='bbox 637 5147 1036 5204; x_wconf 88' lang='lat' dir='ltr'><strong>Valentinianos</strong></span> <span class='ocrx_word' id='word_1_837' title='bbox 1070 5168 1082 5202; x_wconf 93' lang='lat'>:</span> <span class='ocrx_word' id='word_1_838' title='bbox 1121 5168 1140 5201; x_wconf 75' lang='grc' dir='ltr'>ι</span> <span class='ocrx_word' id='word_1_839' title='bbox 1185 5149 1320 5217; x_wconf 84' lang='lat' dir='ltr'><strong>Quid</strong></span> <span class='ocrx_word' id='word_1_840' title='bbox 1359 5159 1443 5207; x_wconf 89' lang='lat' dir='ltr'><strong>est</strong></span> <span class='ocrx_word' id='word_1_841' title='bbox 1483 5167 1613 5223; x_wconf 86' lang='lat' dir='ltr'><strong>ergo</strong></span> <span class='ocrx_word' id='word_1_842' title='bbox 1644 5169 1659 5208; x_wconf 73' lang='grc' dir='ltr'><strong>ι</strong></span> <span class='ocrx_word' id='word_1_843' title='bbox 1689 5153 1804 5210; x_wconf 86' lang='lat' dir='ltr'><strong>Non</strong></span> <span class='ocrx_word' id='word_1_844' title='bbox 1851 5170 1918 5211; x_wconf 80' lang='lat' dir='ltr'><strong>ex</strong></span> 
     </span>
    </p>
   </div>
   <div class='ocr_carea' id='block_1_100' title="bbox 339 5240 1916 5316">
    <p class='ocr_par' dir='ltr' id='par_1_100' title="bbox 339 5240 1916 5316">
     <span class='ocr_line' id='line_1_101' title="bbox 339 5240 1916 5316; baseline 0.01 -24"><span class='ocrx_word' id='word_1_845' title='bbox 339 5240 630 5309; x_wconf 80' lang='lat' dir='ltr'><strong>sanguine,</strong></span> <span class='ocrx_word' id='word_1_846' title='bbox 665 5256 838 5314; x_wconf 78' lang='lat' dir='ltr'><strong>neque</strong></span> <span class='ocrx_word' id='word_1_847' title='bbox 897 5257 962 5296; x_wconf 79' lang='lat' dir='ltr'><strong>ex</strong></span> <span class='ocrx_word' id='word_1_848' title='bbox 1002 5242 1268 5296; x_wconf 83' lang='lat' dir='ltr'><strong>voluntate</strong></span> <span class='ocrx_word' id='word_1_849' title='bbox 1307 5245 1504 5310; x_wconf 80' lang='lat' dir='ltr'><strong>carnis,</strong></span> <span class='ocrx_word' id='word_1_850' title='bbox 1527 5261 1700 5315; x_wconf 83' lang='lat' dir='ltr'><strong>neque</strong></span> <span class='ocrx_word' id='word_1_851' title='bbox 1727 5263 1790 5316; x_wconf 69' lang='lat' dir='ltr'><strong>ex</strong></span> <span class='ocrx_word' id='word_1_852' title='bbox 1820 5265 1916 5307; x_wconf 54' lang='lat' dir='ltr'><strong>v02</strong></span> 
     </span>
    </p>
   </div>
   <div class='ocr_carea' id='block_1_101' title="bbox 340 5325 1911 5415">
    <p class='ocr_par' dir='ltr' id='par_1_101' title="bbox 340 5325 1911 5415">
     <span class='ocr_line' id='line_1_102' title="bbox 340 5325 1911 5415; baseline 0.003 -30"><span class='ocrx_word' id='word_1_853' title='bbox 340 5329 554 5385; x_wconf 87' lang='lat' dir='ltr'><strong>lnntate</strong></span> <span class='ocrx_word' id='word_1_854' title='bbox 576 5325 693 5399; x_wconf 83' lang='lat' dir='ltr'><strong>viri,</strong></span> <span class='ocrx_word' id='word_1_855' title='bbox 719 5330 811 5392; x_wconf 86' lang='lat' dir='ltr'><strong>sed</strong></span> <span class='ocrx_word' id='word_1_856' title='bbox 839 5347 903 5384; x_wconf 80' lang='lat' dir='ltr'><strong>ex</strong></span> <span class='ocrx_word' id='word_1_857' title='bbox 931 5333 1038 5386; x_wconf 89' lang='lat' dir='ltr'><strong>Deo</strong></span> <span class='ocrx_word' id='word_1_858' title='bbox 1067 5338 1218 5385; x_wconf 84' lang='lat' dir='ltr'><strong>natus</strong></span> <span class='ocrx_word' id='word_1_859' title='bbox 1243 5332 1363 5390; x_wconf 83' lang='lat' dir='ltr'><strong>est?</strong></span> <span class='ocrx_word' id='word_1_860' title='bbox 1393 5334 1500 5403; x_wconf 73' lang='lat' dir='ltr'><strong>Hoc</strong></span> <span class='ocrx_word' id='word_1_861' title='bbox 1531 5338 1746 5406; x_wconf 89' lang='lat' dir='ltr'><strong>quidem</strong></span> <span class='ocrx_word' id='word_1_862' title='bbox 1771 5342 1911 5415; x_wconf 84' lang='lat' dir='ltr'><strong>capi-</strong></span> 
     </span>
    </p>
   </div>
   <div class='ocr_carea' id='block_1_102' title="bbox 343 5418 1916 5499">
    <p class='ocr_par' dir='ltr' id='par_1_102' title="bbox 343 5418 1916 5499">
     <span class='ocr_line' id='line_1_103' title="bbox 343 5418 1916 5499; baseline 0.01 -29"><span class='ocrx_word' id='word_1_863' title='bbox 343 5420 465 5475; x_wconf 86' lang='lat' dir='ltr'><strong>tulo</strong></span> <span class='ocrx_word' id='word_1_864' title='bbox 478 5418 764 5488; x_wconf 63' lang='grc' dir='ltr'><strong>θευμοιίιις</strong></span> <span class='ocrx_word' id='word_1_865' title='bbox 777 5427 916 5484; x_wconf 89' lang='lat' dir='ltr'><strong>utar,</strong></span> <span class='ocrx_word' id='word_1_866' title='bbox 939 5435 1100 5489; x_wconf 87' lang='lat' dir='ltr'><strong>quum</strong></span> <span class='ocrx_word' id='word_1_867' title='bbox 1127 5420 1512 5485; x_wconf 81' lang='lat' dir='ltr'><strong>adulteratores</strong></span> <span class='ocrx_word' id='word_1_868' title='bbox 1533 5428 1648 5499; x_wconf 86' lang='lat' dir='ltr'><strong>ejus</strong></span> <span class='ocrx_word' id='word_1_869' title='bbox 1679 5430 1916 5498; x_wconf 81' lang='lat' dir='ltr'><strong>obduxe-</strong></span> 
     </span>
    </p>
   </div>
   <div class='ocr_carea' id='block_1_103' title="bbox 342 5508 1920 5588">
    <p class='ocr_par' dir='ltr' id='par_1_103' title="bbox 342 5508 1920 5588">
     <span class='ocr_line' id='line_1_104' title="bbox 342 5508 1920 5588; baseline 0.008 -23"><span class='ocrx_word' id='word_1_870' title='bbox 342 5526 437 5565; x_wconf 88' lang='lat' dir='ltr'><strong>ro.</strong></span> <span class='ocrx_word' id='word_1_871' title='bbox 461 5509 548 5565; x_wconf 90' lang='lat' dir='ltr'><strong>Sic</strong></span> <span class='ocrx_word' id='word_1_872' title='bbox 577 5509 717 5564; x_wconf 88' lang='lat' dir='ltr'><strong>enim</strong></span> <span class='ocrx_word' id='word_1_873' title='bbox 739 5508 995 5577; x_wconf 90' lang='lat' dir='ltr'><strong>scriptum</strong></span> <span class='ocrx_word' id='word_1_874' title='bbox 1025 5525 1143 5565; x_wconf 86' lang='lat' dir='ltr'><strong>esse</strong></span> <span class='ocrx_word' id='word_1_875' title='bbox 1167 5517 1487 5570; x_wconf 86' lang='lat' dir='ltr'><strong>contendunt</strong></span> <span class='ocrx_word' id='word_1_876' title='bbox 1523 5538 1536 5571; x_wconf 76' lang='grc' dir='ltr'>ε</span> <span class='ocrx_word' id='word_1_877' title='bbox 1571 5517 1692 5588; x_wconf 79' lang='lat' dir='ltr'><strong>Non</strong></span> <span class='ocrx_word' id='word_1_878' title='bbox 1716 5537 1778 5574; x_wconf 74' lang='lat' dir='ltr'><strong>ea;</strong></span> <span class='ocrx_word' id='word_1_879' title='bbox 1799 5538 1920 5577; x_wconf 49' lang='grc' dir='ltr'><strong><em>δοριξ</em></strong></span> 
     </span>
    </p>
   </div>
   <div class='ocr_carea' id='block_1_104' title="bbox 338 5597 1918 5671">
    <p class='ocr_par' dir='ltr' id='par_1_104' title="bbox 338 5597 1918 5671">
     <span class='ocr_line' id='line_1_105' title="bbox 338 5597 1918 5671; baseline 0.008 -21"><span class='ocrx_word' id='word_1_880' title='bbox 338 5601 524 5668; x_wconf 79' lang='lat' dir='ltr'><strong>guine,</strong></span> <span class='ocrx_word' id='word_1_881' title='bbox 554 5614 645 5651; x_wconf 84' lang='lat' dir='ltr'><strong>nec</strong></span> <span class='ocrx_word' id='word_1_882' title='bbox 665 5613 726 5651; x_wconf 75' lang='lat' dir='ltr'><strong>ea:</strong></span> <span class='ocrx_word' id='word_1_883' title='bbox 745 5597 913 5650; x_wconf 86' lang='lat' dir='ltr'><strong>carnis</strong></span> <span class='ocrx_word' id='word_1_884' title='bbox 932 5598 1206 5658; x_wconf 82' lang='lat' dir='ltr'><strong>voluntate.</strong></span> <span class='ocrx_word' id='word_1_885' title='bbox 1232 5618 1321 5655; x_wconf 87' lang='lat' dir='ltr'><strong>nec</strong></span> <span class='ocrx_word' id='word_1_886' title='bbox 1360 5619 1422 5656; x_wconf 78' lang='lat' dir='ltr'><strong>ea:</strong></span> <span class='ocrx_word' id='word_1_887' title='bbox 1460 5606 1574 5671; x_wconf 79' lang='lat' dir='ltr'><strong>viri,</strong></span> <span class='ocrx_word' id='word_1_888' title='bbox 1605 5607 1696 5660; x_wconf 85' lang='lat' dir='ltr'><strong>sed</strong></span> <span class='ocrx_word' id='word_1_889' title='bbox 1723 5624 1784 5662; x_wconf 80' lang='lat' dir='ltr'><strong>ea:</strong></span> <span class='ocrx_word' id='word_1_890' title='bbox 1809 5607 1918 5662; x_wconf 86' lang='lat' dir='ltr'><strong>Deo</strong></span> 
     </span>
    </p>
   </div>
   <div class='ocr_carea' id='block_1_105' title="bbox 340 5686 1914 5768">
    <p class='ocr_par' dir='ltr' id='par_1_105' title="bbox 340 5686 1914 5768">
     <span class='ocr_line' id='line_1_106' title="bbox 340 5686 1914 5768; baseline 0.007 -27"><span class='ocrx_word' id='word_1_891' title='bbox 340 5696 504 5741; x_wconf 84' lang='lat' dir='ltr'><strong>natus</strong></span> <span class='ocrx_word' id='word_1_892' title='bbox 525 5687 639 5741; x_wconf 75' lang='lat' dir='ltr'><strong>est?</strong></span> <span class='ocrx_word' id='word_1_893' title='bbox 677 5686 1133 5756; x_wconf 83' lang='lat' dir='ltr'><strong>.....lntelligimus</strong></span> <span class='ocrx_word' id='word_1_894' title='bbox 1159 5703 1286 5760; x_wconf 87' lang='lat' dir='ltr'><strong>ergo</strong></span> <span class='ocrx_word' id='word_1_895' title='bbox 1312 5707 1380 5758; x_wconf 81' lang='lat' dir='ltr'><strong>ex</strong></span> <span class='ocrx_word' id='word_1_896' title='bbox 1410 5696 1692 5750; x_wconf 89' lang='lat' dir='ltr'><strong>concubitu</strong></span> <span class='ocrx_word' id='word_1_897' title='bbox 1721 5701 1914 5768; x_wconf 51' lang='lat' dir='ltr'><strong>nativie</strong></span> 
     </span>
    </p>
   </div>
   <div class='ocr_carea' id='block_1_106' title="bbox 350 5778 1922 5858">
    <p class='ocr_par' dir='ltr' id='par_1_106' title="bbox 350 5778 1922 5858">
     <span class='ocr_line' id='line_1_107' title="bbox 350 5778 1922 5858; baseline 0.01 -27"><span class='ocrx_word' id='word_1_898' title='bbox 350 5788 527 5835; x_wconf 85' lang='lat' dir='ltr'><strong>tatem</strong></span> <span class='ocrx_word' id='word_1_899' title='bbox 561 5778 768 5834; x_wconf 91' lang='lat' dir='ltr'><strong>Domini</strong></span> <span class='ocrx_word' id='word_1_900' title='bbox 797 5788 1060 5852; x_wconf 84' lang='lat' dir='ltr'><strong>negatam,</strong></span> <span class='ocrx_word' id='word_1_901' title='bbox 1105 5782 1246 5851; x_wconf 76' lang='lat' dir='ltr'><strong>quod</strong></span> <span class='ocrx_word' id='word_1_902' title='bbox 1285 5785 1424 5854; x_wconf 71' lang='lat' dir='ltr'><strong>sapit</strong></span> <span class='ocrx_word' id='word_1_903' title='bbox 1447 5787 1689 5854; x_wconf 74' lang='lat' dir='ltr'><strong>voluntas</strong></span> <span class='ocrx_word' id='word_1_904' title='bbox 1721 5791 1838 5858; x_wconf 81' lang='lat' dir='ltr'><strong>viri,</strong></span> <span class='ocrx_word' id='word_1_905' title='bbox 1867 5799 1922 5853; x_wconf 83' lang='lat' dir='ltr'><strong>et</strong></span> 
     </span>
    </p>
   </div>
   <div class='ocr_carea' id='block_1_107' title="bbox 360 5874 1923 5958">
    <p class='ocr_par' dir='ltr' id='par_1_107' title="bbox 360 5874 1923 5958">
     <span class='ocr_line' id='line_1_108' title="bbox 360 5874 1923 5958; baseline 0.008 -27"><span class='ocrx_word' id='word_1_906' title='bbox 360 5874 572 5939; x_wconf 85' lang='lat' dir='ltr'><strong>carnis,</strong></span> <span class='ocrx_word' id='word_1_907' title='bbox 610 5887 714 5932; x_wconf 87' lang='lat' dir='ltr'><strong>non</strong></span> <span class='ocrx_word' id='word_1_908' title='bbox 742 5890 806 5929; x_wconf 80' lang='lat' dir='ltr'><strong>ex</strong></span> <span class='ocrx_word' id='word_1_909' title='bbox 833 5875 1007 5942; x_wconf 59' lang='lat' dir='ltr'><strong>vulva</strong></span> <span class='ocrx_word' id='word_1_910' title='bbox 1033 5876 1447 5954; x_wconf 71' lang='lat' dir='ltr'><strong>participatione.</strong></span> <span class='ocrx_word' id='word_1_911' title='bbox 1482 5877 1563 5950; x_wconf 74' lang='lat' dir='ltr'><strong>Et</strong></span> <span class='ocrx_word' id='word_1_912' title='bbox 1591 5881 1716 5958; x_wconf 86' lang='lat' dir='ltr'><strong>quid</strong></span> <span class='ocrx_word' id='word_1_913' title='bbox 1743 5885 1923 5958; x_wconf 69' lang='lat' dir='ltr'><strong>utique</strong></span> 
     </span>
    </p>
   </div>
   <div class='ocr_carea' id='block_1_108' title="bbox 2022 4783 3591 4864">
    <p class='ocr_par' dir='ltr' id='par_1_108' title="bbox 2022 4783 3591 4864">
     <span class='ocr_line' id='line_1_109' title="bbox 2022 4783 3591 4864; baseline -0.01 -14"><span class='ocrx_word' id='word_1_914' title='bbox 2022 4811 2134 4850; x_wconf 83' lang='lat' dir='ltr'><strong>eam</strong></span> <span class='ocrx_word' id='word_1_915' title='bbox 2177 4812 2278 4850; x_wconf 87' lang='lat' dir='ltr'><strong>non</strong></span> <span class='ocrx_word' id='word_1_916' title='bbox 2321 4793 2832 4864; x_wconf 75' lang='lat' dir='ltr'><strong>comprehenderunt.</strong></span> <span class='ocrx_word' id='word_1_917' title='bbox 2879 4792 2945 4846; x_wconf 85' lang='lat' dir='ltr'><strong>Et</strong></span> <span class='ocrx_word' id='word_1_918' title='bbox 2971 4791 3091 4860; x_wconf 88' lang='lat' dir='ltr'><strong>quia</strong></span> <span class='ocrx_word' id='word_1_919' title='bbox 3133 4787 3361 4843; x_wconf 87' lang='lat' dir='ltr'><strong>hominis</strong></span> <span class='ocrx_word' id='word_1_920' title='bbox 3391 4783 3591 4846; x_wconf 89' lang='lat' dir='ltr'><strong>anima,</strong></span> 
     </span>
    </p>
   </div>
   <div class='ocr_carea' id='block_1_109' title="bbox 2023 4878 3597 4957">
    <p class='ocr_par' dir='ltr' id='par_1_109' title="bbox 2023 4878 3597 4957">
     <span class='ocr_line' id='line_1_110' title="bbox 2023 4878 3597 4957; baseline -0.008 -16"><span class='ocrx_word' id='word_1_921' title='bbox 2023 4887 2268 4957; x_wconf 81' lang='lat' dir='ltr'><strong>quamvis</strong></span> <span class='ocrx_word' id='word_1_922' title='bbox 2295 4887 2656 4941; x_wconf 87' lang='lat' dir='ltr'><strong>testimonium</strong></span> <span class='ocrx_word' id='word_1_923' title='bbox 2699 4883 2973 4952; x_wconf 88' lang='lat' dir='ltr'><strong>perhibeat</strong></span> <span class='ocrx_word' id='word_1_924' title='bbox 3013 4881 3078 4932; x_wconf 87' lang='lat' dir='ltr'><strong>de</strong></span> <span class='ocrx_word' id='word_1_925' title='bbox 3129 4878 3346 4938; x_wconf 88' lang='lat' dir='ltr'><strong>lumine,</strong></span> <span class='ocrx_word' id='word_1_926' title='bbox 3379 4890 3482 4928; x_wconf 93' lang='lat' dir='ltr'><strong>non</strong></span> <span class='ocrx_word' id='word_1_927' title='bbox 3513 4884 3597 4929; x_wconf 81' lang='lat' dir='ltr'><strong>est</strong></span> 
     </span>
    </p>
   </div>
   <div class='ocr_carea' id='block_1_110' title="bbox 2027 4968 3597 5048">
    <p class='ocr_par' dir='ltr' id='par_1_110' title="bbox 2027 4968 3597 5048">
     <span class='ocr_line' id='line_1_111' title="bbox 2027 4968 3597 5048; baseline -0.009 -14"><span class='ocrx_word' id='word_1_928' title='bbox 2027 4991 2201 5038; x_wconf 88' lang='lat' dir='ltr'><strong>tamen</strong></span> <span class='ocrx_word' id='word_1_929' title='bbox 2256 4982 2365 5048; x_wconf 87' lang='lat' dir='ltr'><strong>ipsa</strong></span> <span class='ocrx_word' id='word_1_930' title='bbox 2417 4979 2616 5043; x_wconf 87' lang='lat' dir='ltr'><strong>lunten,</strong></span> <span class='ocrx_word' id='word_1_931' title='bbox 2669 4976 2763 5030; x_wconf 90' lang='lat' dir='ltr'><strong>sed</strong></span> <span class='ocrx_word' id='word_1_932' title='bbox 2811 4974 3039 5028; x_wconf 88' lang='lat' dir='ltr'><strong>Verhntn</strong></span> <span class='ocrx_word' id='word_1_933' title='bbox 3064 4970 3181 5036; x_wconf 88' lang='lat' dir='ltr'><strong>Dei,</strong></span> <span class='ocrx_word' id='word_1_934' title='bbox 3212 4969 3369 5035; x_wconf 86' lang='lat' dir='ltr'><strong>Deus,</strong></span> <span class='ocrx_word' id='word_1_935' title='bbox 3402 4980 3482 5023; x_wconf 90' lang='lat' dir='ltr'><strong>est</strong></span> <span class='ocrx_word' id='word_1_936' title='bbox 3516 4968 3597 5023; x_wconf 89' lang='lat' dir='ltr'><strong>lu-</strong></span> 
     </span>
    </p>
   </div>
   <div class='ocr_carea' id='block_1_111' title="bbox 2024 5061 3598 5138">
    <p class='ocr_par' dir='ltr' id='par_1_111' title="bbox 2024 5061 3598 5138">
     <span class='ocr_line' id='line_1_112' title="bbox 2024 5061 3598 5138; baseline -0.008 -12"><span class='ocrx_word' id='word_1_937' title='bbox 2024 5088 2145 5126; x_wconf 87' lang='lat' dir='ltr'><strong>men</strong></span> <span class='ocrx_word' id='word_1_938' title='bbox 2171 5085 2375 5134; x_wconf 83' lang='lat' dir='ltr'><strong>verum,</strong></span> <span class='ocrx_word' id='word_1_939' title='bbox 2399 5068 2537 5138; x_wconf 83' lang='lat' dir='ltr'><strong>quod</strong></span> <span class='ocrx_word' id='word_1_940' title='bbox 2571 5066 2837 5121; x_wconf 90' lang='lat' dir='ltr'><strong>illuminat</strong></span> <span class='ocrx_word' id='word_1_941' title='bbox 2853 5077 3065 5118; x_wconf 90' lang='lat' dir='ltr'><strong>omnem</strong></span> <span class='ocrx_word' id='word_1_942' title='bbox 3089 5061 3356 5116; x_wconf 86' lang='lat' dir='ltr'><strong>hominem</strong></span> <span class='ocrx_word' id='word_1_943' title='bbox 3380 5061 3598 5124; x_wconf 81' lang='lat' dir='ltr'><strong>venien-</strong></span> 
     </span>
    </p>
   </div>
   <div class='ocr_carea' id='block_1_112' title="bbox 2023 5145 3692 5226">
    <p class='ocr_par' dir='ltr' id='par_1_112' title="bbox 2023 5145 3692 5226">
     <span class='ocr_line' id='line_1_113' title="bbox 2023 5145 3692 5226; baseline -0.008 -9"><span class='ocrx_word' id='word_1_944' title='bbox 2023 5172 2128 5217; x_wconf 78' lang='lat' dir='ltr'><strong>tem</strong></span> <span class='ocrx_word' id='word_1_945' title='bbox 2178 5163 2227 5214; x_wconf 92' lang='lat' dir='ltr'><strong>in</strong></span> <span class='ocrx_word' id='word_1_946' title='bbox 2278 5160 2418 5213; x_wconf 92' lang='lat' dir='ltr'><strong>hunc</strong></span> <span class='ocrx_word' id='word_1_947' title='bbox 2459 5157 2737 5225; x_wconf 83' lang='lat' dir='ltr'><strong>mundum.</strong></span> <span class='ocrx_word' id='word_1_948' title='bbox 2771 5157 2834 5212; x_wconf 76' lang='lat' dir='ltr'><strong>Et</strong></span> <span class='ocrx_word' id='word_1_949' title='bbox 2860 5157 2979 5226; x_wconf 89' lang='lat' dir='ltr'><strong>quia</strong></span> <span class='ocrx_word' id='word_1_950' title='bbox 3013 5157 3062 5208; x_wconf 94' lang='lat' dir='ltr'><strong>in</strong></span> <span class='ocrx_word' id='word_1_951' title='bbox 3096 5155 3194 5208; x_wconf 85' lang='lat' dir='ltr'><strong>hoc</strong></span> <span class='ocrx_word' id='word_1_952' title='bbox 3226 5154 3424 5211; x_wconf 88' lang='lat' dir='ltr'><strong>mundo</strong></span> <span class='ocrx_word' id='word_1_953' title='bbox 3453 5145 3591 5215; x_wconf 83' lang='lat' dir='ltr'><strong>erat,</strong></span> <span class='ocrx_word' id='word_1_954' title='bbox 3688 5193 3692 5196; x_wconf 92' lang='lat'><strong>.</strong></span> 
     </span>
    </p>
   </div>
   <div class='ocr_carea' id='block_1_113' title="bbox 2020 5245 3592 5319">
    <p class='ocr_par' dir='ltr' id='par_1_113' title="bbox 2020 5245 3592 5319">
     <span class='ocr_line' id='line_1_114' title="bbox 2020 5245 3592 5319; baseline -0.008 -13"><span class='ocrx_word' id='word_1_955' title='bbox 2020 5262 2074 5306; x_wconf 88' lang='lat' dir='ltr'><strong>et</strong></span> <span class='ocrx_word' id='word_1_956' title='bbox 2107 5250 2336 5306; x_wconf 87' lang='lat' dir='ltr'><strong>mundus</strong></span> <span class='ocrx_word' id='word_1_957' title='bbox 2358 5264 2450 5319; x_wconf 85' lang='lat' dir='ltr'><strong>per</strong></span> <span class='ocrx_word' id='word_1_958' title='bbox 2475 5249 2648 5318; x_wconf 86' lang='lat' dir='ltr'><strong>ipsum</strong></span> <span class='ocrx_word' id='word_1_959' title='bbox 2679 5247 2850 5308; x_wconf 77' lang='lat' dir='ltr'><strong>factus</strong></span> <span class='ocrx_word' id='word_1_960' title='bbox 2872 5258 2974 5311; x_wconf 91' lang='lat' dir='ltr'><strong>est,</strong></span> <span class='ocrx_word' id='word_1_961' title='bbox 3005 5253 3059 5300; x_wconf 90' lang='lat' dir='ltr'><strong>et</strong></span> <span class='ocrx_word' id='word_1_962' title='bbox 3083 5245 3312 5300; x_wconf 87' lang='lat' dir='ltr'><strong>mundus</strong></span> <span class='ocrx_word' id='word_1_963' title='bbox 3339 5257 3458 5298; x_wconf 88' lang='lat' dir='ltr'><strong>eum</strong></span> <span class='ocrx_word' id='word_1_964' title='bbox 3489 5255 3592 5294; x_wconf 91' lang='lat' dir='ltr'><strong>non</strong></span> 
     </span>
    </p>
   </div>
   <div class='ocr_carea' id='block_1_114' title="bbox 2018 5332 3594 5412">
    <p class='ocr_par' dir='ltr' id='par_1_114' title="bbox 2018 5332 3594 5412">
     <span class='ocr_line' id='line_1_115' title="bbox 2018 5332 3594 5412; baseline -0.007 -15"><span class='ocrx_word' id='word_1_965' title='bbox 2018 5341 2284 5412; x_wconf 83' lang='lat' dir='ltr'><strong>cognovit.</strong></span> <span class='ocrx_word' id='word_1_966' title='bbox 2339 5341 2468 5407; x_wconf 82' lang='lat' dir='ltr'><strong>Quia</strong></span> <span class='ocrx_word' id='word_1_967' title='bbox 2524 5355 2651 5396; x_wconf 86' lang='lat' dir='ltr'><strong>vero</strong></span> <span class='ocrx_word' id='word_1_968' title='bbox 2695 5343 2746 5395; x_wconf 93' lang='lat' dir='ltr'><strong>in</strong></span> <span class='ocrx_word' id='word_1_969' title='bbox 2786 5355 2879 5406; x_wconf 80' lang='lat' dir='ltr'><strong>sua</strong></span> <span class='ocrx_word' id='word_1_970' title='bbox 2929 5340 3138 5408; x_wconf 87' lang='lat' dir='ltr'><strong>prepria</strong></span> <span class='ocrx_word' id='word_1_971' title='bbox 3189 5337 3354 5400; x_wconf 85' lang='lat' dir='ltr'><strong>venit,</strong></span> <span class='ocrx_word' id='word_1_972' title='bbox 3408 5344 3461 5388; x_wconf 93' lang='lat' dir='ltr'><strong>et</strong></span> <span class='ocrx_word' id='word_1_973' title='bbox 3512 5332 3594 5386; x_wconf 88' lang='lat' dir='ltr'><strong>sui</strong></span> 
     </span>
    </p>
   </div>
   <div class='ocr_carea' id='block_1_115' title="bbox 2019 5429 3596 5502">
    <p class='ocr_par' dir='ltr' id='par_1_115' title="bbox 2019 5429 3596 5502">
     <span class='ocr_line' id='line_1_116' title="bbox 2019 5429 3596 5502; baseline -0.01 -12"><span class='ocrx_word' id='word_1_974' title='bbox 2019 5451 2139 5490; x_wconf 90' lang='lat' dir='ltr'><strong>eum</strong></span> <span class='ocrx_word' id='word_1_975' title='bbox 2181 5450 2288 5489; x_wconf 90' lang='lat' dir='ltr'><strong>non</strong></span> <span class='ocrx_word' id='word_1_976' title='bbox 2333 5441 2687 5502; x_wconf 84' lang='lat' dir='ltr'><strong>receperunt,</strong></span> <span class='ocrx_word' id='word_1_977' title='bbox 2737 5438 2998 5502; x_wconf 79' lang='lat' dir='ltr'><strong>qu0tquot</strong></span> <span class='ocrx_word' id='word_1_978' title='bbox 3049 5437 3226 5482; x_wconf 83' lang='lat' dir='ltr'><strong>autem</strong></span> <span class='ocrx_word' id='word_1_979' title='bbox 3277 5429 3596 5491; x_wconf 85' lang='lat' dir='ltr'><strong>receperunt</strong></span> 
     </span>
    </p>
   </div>
   <div class='ocr_carea' id='block_1_116' title="bbox 2021 5513 3594 5594">
    <p class='ocr_par' dir='ltr' id='par_1_116' title="bbox 2021 5513 3594 5594">
     <span class='ocr_line' id='line_1_117' title="bbox 2021 5513 3594 5594; baseline -0.011 -10"><span class='ocrx_word' id='word_1_980' title='bbox 2021 5544 2165 5594; x_wconf 78' lang='lat' dir='ltr'><strong>eum,</strong></span> <span class='ocrx_word' id='word_1_981' title='bbox 2196 5525 2342 5582; x_wconf 88' lang='lat' dir='ltr'><strong>dedit</strong></span> <span class='ocrx_word' id='word_1_982' title='bbox 2365 5525 2443 5582; x_wconf 87' lang='lat' dir='ltr'><strong>eis</strong></span> <span class='ocrx_word' id='word_1_983' title='bbox 2464 5531 2780 5594; x_wconf 80' lang='lat' dir='ltr'><strong>petestatem</strong></span> <span class='ocrx_word' id='word_1_984' title='bbox 2809 5521 2947 5578; x_wconf 78' lang='lat' dir='ltr'><strong>ﬁlios</strong></span> <span class='ocrx_word' id='word_1_985' title='bbox 2968 5519 3060 5574; x_wconf 86' lang='lat' dir='ltr'><strong>Dei</strong></span> <span class='ocrx_word' id='word_1_986' title='bbox 3088 5517 3226 5580; x_wconf 78' lang='lat' dir='ltr'><strong>fieri,</strong></span> <span class='ocrx_word' id='word_1_987' title='bbox 3257 5513 3594 5571; x_wconf 84' lang='lat' dir='ltr'><strong>credentibus</strong></span> 
     </span>
    </p>
   </div>
   <div class='ocr_carea' id='block_1_117' title="bbox 2023 5600 3590 5682">
    <p class='ocr_par' dir='ltr' id='par_1_117' title="bbox 2023 5600 3590 5682">
     <span class='ocr_line' id='line_1_118' title="bbox 2023 5600 3590 5682; baseline -0.011 -10"><span class='ocrx_word' id='word_1_988' title='bbox 2023 5619 2076 5672; x_wconf 92' lang='lat' dir='ltr'><strong>in</strong></span> <span class='ocrx_word' id='word_1_989' title='bbox 2124 5616 2338 5674; x_wconf 87' lang='lat' dir='ltr'><strong>n0tnine</strong></span> <span class='ocrx_word' id='word_1_990' title='bbox 2380 5613 2517 5682; x_wconf 81' lang='lat' dir='ltr'><strong>ejus,</strong></span> <span class='ocrx_word' id='word_1_991' title='bbox 2569 5627 2674 5680; x_wconf 81' lang='lat' dir='ltr'><strong>non</strong></span> <span class='ocrx_word' id='word_1_992' title='bbox 2727 5611 2796 5666; x_wconf 90' lang='lat' dir='ltr'><strong>ibi</strong></span> <span class='ocrx_word' id='word_1_993' title='bbox 2843 5608 2966 5679; x_wconf 86' lang='lat' dir='ltr'><strong>legi.</strong></span> <span class='ocrx_word' id='word_1_994' title='bbox 3000 5606 3129 5673; x_wconf 84' lang='lat' dir='ltr'><strong>item</strong></span> <span class='ocrx_word' id='word_1_995' title='bbox 3170 5605 3238 5658; x_wconf 79' lang='lat' dir='ltr'><strong>ibi</strong></span> <span class='ocrx_word' id='word_1_996' title='bbox 3309 5603 3410 5670; x_wconf 73' lang='lat' dir='ltr'><strong>egi,</strong></span> <span class='ocrx_word' id='word_1_997' title='bbox 3467 5600 3590 5669; x_wconf 85' lang='lat' dir='ltr'><strong>quia</strong></span> 
     </span>
    </p>
   </div>
   <div class='ocr_carea' id='block_1_118' title="bbox 2026 5693 3594 5771">
    <p class='ocr_par' dir='ltr' id='par_1_118' title="bbox 2026 5693 3594 5771">
     <span class='ocr_line' id='line_1_119' title="bbox 2026 5693 3594 5771; baseline -0.011 -10"><span class='ocrx_word' id='word_1_998' title='bbox 2026 5708 2164 5771; x_wconf 84' lang='lat' dir='ltr'><strong>Deus</strong></span> <span class='ocrx_word' id='word_1_999' title='bbox 2195 5705 2447 5768; x_wconf 90' lang='lat' dir='ltr'><strong>Verbum,</strong></span> <span class='ocrx_word' id='word_1_1000' title='bbox 2483 5717 2587 5765; x_wconf 86' lang='lat' dir='ltr'><strong>non</strong></span> <span class='ocrx_word' id='word_1_1001' title='bbox 2632 5717 2699 5757; x_wconf 79' lang='lat' dir='ltr'><strong>ex</strong></span> <span class='ocrx_word' id='word_1_1002' title='bbox 2742 5715 2923 5765; x_wconf 84' lang='lat' dir='ltr'><strong>carne,</strong></span> <span class='ocrx_word' id='word_1_1003' title='bbox 2955 5712 3059 5759; x_wconf 88' lang='lat' dir='ltr'><strong>non</strong></span> <span class='ocrx_word' id='word_1_1004' title='bbox 3088 5710 3149 5753; x_wconf 82' lang='lat' dir='ltr'><strong>es</strong></span> <span class='ocrx_word' id='word_1_1005' title='bbox 3178 5693 3455 5761; x_wconf 85' lang='lat' dir='ltr'><strong>sanguine,</strong></span> <span class='ocrx_word' id='word_1_1006' title='bbox 3489 5707 3594 5760; x_wconf 83' lang='lat' dir='ltr'><strong>non</strong></span> 
     </span>
    </p>
   </div>
   <div class='ocr_carea' id='block_1_119' title="bbox 2027 5782 3598 5862">
    <p class='ocr_par' dir='ltr' id='par_1_119' title="bbox 2027 5782 3598 5862">
     <span class='ocr_line' id='line_1_120' title="bbox 2027 5782 3598 5862; baseline -0.01 -8"><span class='ocrx_word' id='word_1_1007' title='bbox 2027 5816 2092 5858; x_wconf 82' lang='lat' dir='ltr'><strong>ex</strong></span> <span class='ocrx_word' id='word_1_1008' title='bbox 2122 5797 2394 5860; x_wconf 85' lang='lat' dir='ltr'><strong>voluntate</strong></span> <span class='ocrx_word' id='word_1_1009' title='bbox 2423 5794 2540 5854; x_wconf 86' lang='lat' dir='ltr'><strong>viri.</strong></span> <span class='ocrx_word' id='word_1_1010' title='bbox 2573 5808 2746 5862; x_wconf 88' lang='lat' dir='ltr'><strong>neque</strong></span> <span class='ocrx_word' id='word_1_1011' title='bbox 2771 5806 2837 5853; x_wconf 68' lang='lat' dir='ltr'><strong>ex</strong></span> <span class='ocrx_word' id='word_1_1012' title='bbox 2862 5788 3126 5841; x_wconf 82' lang='lat' dir='ltr'><strong>voluntate</strong></span> <span class='ocrx_word' id='word_1_1013' title='bbox 3163 5782 3341 5846; x_wconf 82' lang='lat' dir='ltr'><strong>carnis</strong></span> <span class='ocrx_word' id='word_1_1014' title='bbox 3367 5822 3380 5846; x_wconf 96' lang='lat'><strong>,</strong></span> <span class='ocrx_word' id='word_1_1015' title='bbox 3409 5783 3504 5837; x_wconf 88' lang='lat' dir='ltr'><strong>sed</strong></span> <span class='ocrx_word' id='word_1_1016' title='bbox 3531 5799 3598 5838; x_wconf 81' lang='lat' dir='ltr'><strong>ex</strong></span> 
     </span>
    </p>
   </div>
   <div class='ocr_carea' id='block_1_120' title="bbox 2055 5869 3606 5962">
    <p class='ocr_par' dir='ltr' id='par_1_120' title="bbox 2055 5869 3606 5962">
     <span class='ocr_line' id='line_1_121' title="bbox 2055 5869 3606 5962; baseline -0.011 -18"><span class='ocrx_word' id='word_1_1017' title='bbox 2055 5893 2164 5952; x_wconf 72' lang='lat' dir='ltr'><strong>[leo</strong></span> <span class='ocrx_word' id='word_1_1018' title='bbox 2191 5898 2340 5944; x_wconf 80' lang='lat' dir='ltr'><strong>natus</strong></span> <span class='ocrx_word' id='word_1_1019' title='bbox 2364 5893 2448 5943; x_wconf 83' lang='lat' dir='ltr'><strong>est</strong></span> <span class='ocrx_word' id='word_1_1020' title='bbox 2483 5903 2498 5939; x_wconf 89' lang='lat'><strong>:</strong></span> <span class='ocrx_word' id='word_1_1021' title='bbox 2535 5869 2632 5949; x_wconf 77' lang='lat' dir='ltr'><strong>sed</strong></span> <span class='ocrx_word' id='word_1_1022' title='bbox 2659 5885 2780 5961; x_wconf 75' lang='lat' dir='ltr'><strong>quis</strong></span> <span class='ocrx_word' id='word_1_1023' title='bbox 2810 5871 3037 5959; x_wconf 81' lang='lat' dir='ltr'><strong>Verbum</strong></span> <span class='ocrx_word' id='word_1_1024' title='bbox 3087 5887 3213 5962; x_wconf 66' lang='lat' dir='ltr'><strong>Caro</strong></span> <span class='ocrx_word' id='word_1_1025' title='bbox 3255 5870 3452 5928; x_wconf 77' lang='lat' dir='ltr'><strong>factum</strong></span> <span class='ocrx_word' id='word_1_1026' title='bbox 3499 5886 3606 5944; x_wconf 75' lang='lat' dir='ltr'><strong>est,</strong></span> 
     </span>
    </p>
   </div>
  </div>
