  <div class='ocr_page' id='page_1' title='image "/cluster/home/n/w/nwhite01/storage/ocr_20150623/12-13/uc1.31175013632818/071.png"; bbox 0 0 3902 6454; ppageno 0'>
   <div class='ocr_carea' id='block_1_1' title="bbox 403 384 505 440">
    <p class='ocr_par' dir='ltr' id='par_1_1' title="bbox 403 384 505 440">
     <span class='ocr_line' id='line_1_1' title="bbox 403 384 505 440; baseline -0.039 -1"><span class='ocrx_word' id='word_1_1' title='bbox 403 384 505 440; x_wconf 62' lang='grc'><strong>127</strong></span> 
     </span>
    </p>
   </div>
   <div class='ocr_carea' id='block_1_2' title="bbox 1743 385 2272 451">
    <p class='ocr_par' dir='ltr' id='par_1_2' title="bbox 1743 385 2272 451">
     <span class='ocr_line' id='line_1_2' title="bbox 1743 385 2272 451; baseline 0.008 -9"><span class='ocrx_word' id='word_1_2' title='bbox 1743 385 2246 451; x_wconf 74' lang='lat' dir='ltr'><strong>PROLEGOMENA</strong></span> <span class='ocrx_word' id='word_1_3' title='bbox 2259 432 2272 446; x_wconf 92' lang='lat'><strong>.</strong></span> 
     </span>
    </p>
   </div>
   <div class='ocr_carea' id='block_1_3' title="bbox 3539 391 3643 447">
    <p class='ocr_par' dir='ltr' id='par_1_3' title="bbox 3539 391 3643 447">
     <span class='ocr_line' id='line_1_3' title="bbox 3539 391 3643 447; baseline -0.01 0"><span class='ocrx_word' id='word_1_4' title='bbox 3539 391 3643 447; x_wconf 52' lang='lat'><strong>+9.8</strong></span> 
     </span>
    </p>
   </div>
   <div class='ocr_carea' id='block_1_4' title="bbox 398 496 3652 575">
    <p class='ocr_par' dir='ltr' id='par_1_4' title="bbox 398 496 3652 575">
     <span class='ocr_line' id='line_1_4' title="bbox 398 496 3652 575; baseline 0.003 -23"><span class='ocrx_word' id='word_1_5' title='bbox 398 509 454 552; x_wconf 89' lang='lat' dir='ltr'><strong>et</strong></span> <span class='ocrx_word' id='word_1_6' title='bbox 490 496 743 551; x_wconf 74' lang='lat' dir='ltr'><strong>habitavit</strong></span> <span class='ocrx_word' id='word_1_7' title='bbox 770 498 821 552; x_wconf 90' lang='lat' dir='ltr'><strong>in</strong></span> <span class='ocrx_word' id='word_1_8' title='bbox 850 497 1021 561; x_wconf 86' lang='lat' dir='ltr'><strong>nobis,</strong></span> <span class='ocrx_word' id='word_1_9' title='bbox 1053 513 1156 554; x_wconf 94' lang='lat' dir='ltr'><strong>non</strong></span> <span class='ocrx_word' id='word_1_10' title='bbox 1187 499 1260 555; x_wconf 90' lang='lat' dir='ltr'><strong>ibi</strong></span> <span class='ocrx_word' id='word_1_11' title='bbox 1283 499 1404 570; x_wconf 91' lang='lat' dir='ltr'><strong>legi.</strong></span> <span class='ocrx_word' id='word_1_12' title='bbox 1457 519 1476 553; x_wconf 72' lang='grc' dir='ltr'>ι</span> <span class='ocrx_word' id='word_1_13' title='bbox 1521 502 1717 557; x_wconf 80' lang='lat' dir='ltr'><strong>Auctor</strong></span> <span class='ocrx_word' id='word_1_14' title='bbox 1757 517 1970 572; x_wconf 88' lang='lat' dir='ltr'><strong>quoque</strong></span> <span class='ocrx_word' id='word_1_15' title='bbox 1995 506 2046 565; x_wconf 80' lang='grc' dir='ltr'><strong>Α</strong></span> <span class='ocrx_word' id='word_1_16' title='bbox 2073 510 2160 573; x_wconf 86' lang='lat' dir='ltr'><strong>pta</strong></span> <span class='ocrx_word' id='word_1_17' title='bbox 2203 511 2343 557; x_wconf 84' lang='lat' dir='ltr'><strong>sunt.</strong></span> <span class='ocrx_word' id='word_1_18' title='bbox 2379 503 2546 557; x_wconf 86' lang='lat' dir='ltr'><strong>Porro</strong></span> <span class='ocrx_word' id='word_1_19' title='bbox 2589 517 2780 575; x_wconf 87' lang='lat' dir='ltr'><strong>magno</strong></span> <span class='ocrx_word' id='word_1_20' title='bbox 2815 519 3036 560; x_wconf 86' lang='lat' dir='ltr'><strong>numero</strong></span> <span class='ocrx_word' id='word_1_21' title='bbox 3065 505 3279 564; x_wconf 88' lang='lat' dir='ltr'><strong>codices</strong></span> <span class='ocrx_word' id='word_1_22' title='bbox 3325 505 3465 563; x_wconf 84' lang='lat' dir='ltr'><strong>hanc</strong></span> <span class='ocrx_word' id='word_1_23' title='bbox 3497 506 3652 562; x_wconf 88' lang='lat' dir='ltr'><strong>addi-</strong></span> 
     </span>
    </p>
   </div>
   <div class='ocr_carea' id='block_1_5' title="bbox 403 587 1974 661">
    <p class='ocr_par' dir='ltr' id='par_1_5' title="bbox 403 587 1974 661">
     <span class='ocr_line' id='line_1_5' title="bbox 403 587 1974 661; baseline 0.003 -19"><span class='ocrx_word' id='word_1_24' title='bbox 403 588 742 658; x_wconf 87' lang='lat' dir='ltr'><strong>Dialogorum</strong></span> <span class='ocrx_word' id='word_1_25' title='bbox 770 587 837 644; x_wconf 83' lang='lat' dir='ltr'><strong>&#39;de</strong></span> <span class='ocrx_word' id='word_1_26' title='bbox 865 587 965 644; x_wconf 86' lang='lat' dir='ltr'><strong>SS.</strong></span> <span class='ocrx_word' id='word_1_27' title='bbox 995 588 1274 656; x_wconf 86' lang='lat' dir='ltr'><strong>Trinitate,</strong></span> <span class='ocrx_word' id='word_1_28' title='bbox 1305 592 1395 659; x_wconf 88' lang='lat' dir='ltr'><strong>qui</strong></span> <span class='ocrx_word' id='word_1_29' title='bbox 1426 591 1647 661; x_wconf 87' lang='lat' dir='ltr'><strong>Vigilius</strong></span> <span class='ocrx_word' id='word_1_30' title='bbox 1688 592 1974 661; x_wconf 86' lang='lat' dir='ltr'><strong>Tapsensis</strong></span> 
     </span>
    </p>
   </div>
   <div class='ocr_carea' id='block_1_6' title="bbox 400 678 1975 750">
    <p class='ocr_par' dir='ltr' id='par_1_6' title="bbox 400 678 1975 750">
     <span class='ocr_line' id='line_1_6' title="bbox 400 678 1975 750; baseline 0.002 -19"><span class='ocrx_word' id='word_1_31' title='bbox 400 678 637 733; x_wconf 79' lang='lat' dir='ltr'><strong>creditur</strong></span> <span class='ocrx_word' id='word_1_32' title='bbox 660 679 742 746; x_wconf 87' lang='lat' dir='ltr'><strong>(ut</strong></span> <span class='ocrx_word' id='word_1_33' title='bbox 756 679 963 733; x_wconf 77' lang='lat' dir='ltr'><strong>ostendi</strong></span> <span class='ocrx_word' id='word_1_34' title='bbox 984 680 1034 750; x_wconf 72' lang='lat' dir='ltr'><strong>in</strong></span> <span class='ocrx_word' id='word_1_35' title='bbox 1047 679 1386 735; x_wconf 83' lang='lat' dir='ltr'><strong>Enarratione</strong></span> <span class='ocrx_word' id='word_1_36' title='bbox 1397 680 1975 736; x_wconf 69' lang='lat' dir='ltr'><strong>Peada-Athanasium</strong></span> 
     </span>
    </p>
   </div>
   <div class='ocr_carea' id='block_1_7' title="bbox 399 769 1971 843">
    <p class='ocr_par' dir='ltr' id='par_1_7' title="bbox 399 769 1971 843">
     <span class='ocr_line' id='line_1_7' title="bbox 399 769 1971 843; baseline 0.005 -20"><span class='ocrx_word' id='word_1_37' title='bbox 399 771 454 824; x_wconf 91' lang='lat' dir='ltr'><strong>in</strong></span> <span class='ocrx_word' id='word_1_38' title='bbox 484 769 812 839; x_wconf 81' lang='lat' dir='ltr'><strong>Symbolum,</strong></span> <span class='ocrx_word' id='word_1_39' title='bbox 843 785 998 839; x_wconf 87' lang='lat' dir='ltr'><strong>quam</strong></span> <span class='ocrx_word' id='word_1_40' title='bbox 1029 771 1258 827; x_wconf 85' lang='lat' dir='ltr'><strong>Veronae</strong></span> <span class='ocrx_word' id='word_1_41' title='bbox 1295 773 1486 842; x_wconf 86' lang='lat' dir='ltr'><strong>edidi),</strong></span> <span class='ocrx_word' id='word_1_42' title='bbox 1532 773 1597 827; x_wconf 86' lang='lat' dir='ltr'><strong>ad</strong></span> <span class='ocrx_word' id='word_1_43' title='bbox 1643 774 1971 843; x_wconf 84' lang='lat' dir='ltr'><strong>probandum</strong></span> 
     </span>
    </p>
   </div>
   <div class='ocr_carea' id='block_1_8' title="bbox 401 860 1971 932">
    <p class='ocr_par' dir='ltr' id='par_1_8' title="bbox 401 860 1971 932">
     <span class='ocr_line' id='line_1_8' title="bbox 401 860 1971 932; baseline 0.005 -20"><span class='ocrx_word' id='word_1_44' title='bbox 401 874 593 914; x_wconf 85' lang='lat' dir='ltr'><strong>nomen</strong></span> <span class='ocrx_word' id='word_1_45' title='bbox 624 861 805 915; x_wconf 62' lang='lat' dir='ltr'><strong>aeterni</strong></span> <span class='ocrx_word' id='word_1_46' title='bbox 827 860 999 916; x_wconf 90' lang='lat' dir='ltr'><strong>Patris</strong></span> <span class='ocrx_word' id='word_1_47' title='bbox 1025 877 1144 917; x_wconf 91' lang='lat' dir='ltr'><strong>esse</strong></span> <span class='ocrx_word' id='word_1_48' title='bbox 1170 864 1221 917; x_wconf 90' lang='lat' dir='ltr'><strong>in</strong></span> <span class='ocrx_word' id='word_1_49' title='bbox 1250 863 1405 929; x_wconf 87' lang='lat' dir='ltr'><strong>Filio,</strong></span> <span class='ocrx_word' id='word_1_50' title='bbox 1436 879 1499 918; x_wconf 92' lang='lat' dir='ltr'><strong>ac</strong></span> <span class='ocrx_word' id='word_1_51' title='bbox 1526 864 1726 932; x_wconf 83' lang='lat' dir='ltr'><strong>Spiritu</strong></span> <span class='ocrx_word' id='word_1_52' title='bbox 1753 865 1971 931; x_wconf 89' lang='lat' dir='ltr'><strong>Sancto,</strong></span> 
     </span>
    </p>
   </div>
   <div class='ocr_carea' id='block_1_9' title="bbox 400 952 1972 1025">
    <p class='ocr_par' dir='ltr' id='par_1_9' title="bbox 400 952 1972 1025">
     <span class='ocr_line' id='line_1_9' title="bbox 400 952 1972 1025; baseline 0.004 -21"><span class='ocrx_word' id='word_1_53' title='bbox 400 952 628 1007; x_wconf 87' lang='lat' dir='ltr'><strong>alterum</strong></span> <span class='ocrx_word' id='word_1_54' title='bbox 674 966 880 1019; x_wconf 90' lang='lat' dir='ltr'><strong>eorum,</strong></span> <span class='ocrx_word' id='word_1_55' title='bbox 931 955 1019 1022; x_wconf 85' lang='lat' dir='ltr'><strong>qui</strong></span> <span class='ocrx_word' id='word_1_56' title='bbox 1073 955 1472 1025; x_wconf 85' lang='lat' dir='ltr'><strong>colloquuntur,</strong></span> <span class='ocrx_word' id='word_1_57' title='bbox 1505 956 1749 1012; x_wconf 85' lang='lat' dir='ltr'><strong>videlicet</strong></span> <span class='ocrx_word' id='word_1_58' title='bbox 1777 955 1972 1016; x_wconf 89' lang='lat' dir='ltr'><strong>Ortho-</strong></span> 
     </span>
    </p>
   </div>
   <div class='ocr_carea' id='block_1_10' title="bbox 401 1042 1974 1114">
    <p class='ocr_par' dir='ltr' id='par_1_10' title="bbox 401 1042 1974 1114">
     <span class='ocr_line' id='line_1_10' title="bbox 401 1042 1974 1114; baseline 0.004 -18"><span class='ocrx_word' id='word_1_59' title='bbox 401 1042 618 1106; x_wconf 85' lang='lat' dir='ltr'><strong>doxnm,</strong></span> <span class='ocrx_word' id='word_1_60' title='bbox 662 1042 734 1096; x_wconf 90' lang='lat' dir='ltr'><strong>ita</strong></span> <span class='ocrx_word' id='word_1_61' title='bbox 783 1044 1044 1099; x_wconf 91' lang='lat' dir='ltr'><strong>dicentem</strong></span> <span class='ocrx_word' id='word_1_62' title='bbox 1088 1047 1140 1100; x_wconf 92' lang='lat' dir='ltr'><strong>in</strong></span> <span class='ocrx_word' id='word_1_63' title='bbox 1180 1047 1481 1114; x_wconf 74' lang='lat' dir='ltr'><strong>palzrstram</strong></span> <span class='ocrx_word' id='word_1_64' title='bbox 1511 1047 1712 1102; x_wconf 88' lang='lat' dir='ltr'><strong>inducit</strong></span> <span class='ocrx_word' id='word_1_65' title='bbox 1748 1062 1764 1102; x_wconf 85' lang='lat'><strong>:</strong></span> <span class='ocrx_word' id='word_1_66' title='bbox 1807 1066 1825 1100; x_wconf 88' lang='grc' dir='ltr'>ι</span> <span class='ocrx_word' id='word_1_67' title='bbox 1869 1048 1974 1103; x_wconf 89' lang='lat' dir='ltr'><strong>Sed</strong></span> 
     </span>
    </p>
   </div>
   <div class='ocr_carea' id='block_1_11' title="bbox 401 1137 1973 1210">
    <p class='ocr_par' dir='ltr' id='par_1_11' title="bbox 401 1137 1973 1210">
     <span class='ocr_line' id='line_1_11' title="bbox 401 1137 1973 1210; baseline 0.003 -19"><span class='ocrx_word' id='word_1_68' title='bbox 401 1151 467 1192; x_wconf 87' lang='lat' dir='ltr'><strong>ex</strong></span> <span class='ocrx_word' id='word_1_69' title='bbox 496 1137 604 1192; x_wconf 87' lang='lat' dir='ltr'><strong>Deo</strong></span> <span class='ocrx_word' id='word_1_70' title='bbox 632 1148 814 1191; x_wconf 90' lang='lat' dir='ltr'><strong>natum</strong></span> <span class='ocrx_word' id='word_1_71' title='bbox 856 1152 977 1194; x_wconf 88' lang='lat' dir='ltr'><strong>esse</strong></span> <span class='ocrx_word' id='word_1_72' title='bbox 1002 1138 1323 1210; x_wconf 81' lang='lat' dir='ltr'><strong>(Christum)</strong></span> <span class='ocrx_word' id='word_1_73' title='bbox 1351 1140 1582 1195; x_wconf 75' lang='lat' dir='ltr'><strong>Joannes</strong></span> <span class='ocrx_word' id='word_1_74' title='bbox 1611 1150 1834 1194; x_wconf 85' lang='lat' dir='ltr'><strong>testatur</strong></span> <span class='ocrx_word' id='word_1_75' title='bbox 1861 1159 1874 1194; x_wconf 89' lang='lat'><strong>:</strong></span> <span class='ocrx_word' id='word_1_76' title='bbox 1908 1141 1973 1196; x_wconf 93' lang='lat' dir='ltr'><strong>In</strong></span> 
     </span>
    </p>
   </div>
   <div class='ocr_carea' id='block_1_12' title="bbox 398 1229 1976 1301">
    <p class='ocr_par' dir='ltr' id='par_1_12' title="bbox 398 1229 1976 1301">
     <span class='ocr_line' id='line_1_12' title="bbox 398 1229 1976 1301; baseline 0.004 -22"><span class='ocrx_word' id='word_1_77' title='bbox 398 1244 489 1280; x_wconf 84' lang='lat' dir='ltr'><strong>sua</strong></span> <span class='ocrx_word' id='word_1_78' title='bbox 513 1229 669 1292; x_wconf 85' lang='lat' dir='ltr'><strong>venit,</strong></span> <span class='ocrx_word' id='word_1_79' title='bbox 693 1238 740 1282; x_wconf 87' lang='lat' dir='ltr'><strong>et</strong></span> <span class='ocrx_word' id='word_1_80' title='bbox 762 1230 842 1282; x_wconf 81' lang='lat' dir='ltr'><strong>sui</strong></span> <span class='ocrx_word' id='word_1_81' title='bbox 868 1245 978 1282; x_wconf 85' lang='lat' dir='ltr'><strong>eum</strong></span> <span class='ocrx_word' id='word_1_82' title='bbox 1010 1247 1110 1283; x_wconf 85' lang='lat' dir='ltr'><strong>non</strong></span> <span class='ocrx_word' id='word_1_83' title='bbox 1153 1241 1447 1299; x_wconf 81' lang='lat' dir='ltr'><strong>receperunt</strong></span> <span class='ocrx_word' id='word_1_84' title='bbox 1477 1247 1496 1284; x_wconf 91' lang='lat'><strong><em>:</em></strong></span> <span class='ocrx_word' id='word_1_85' title='bbox 1525 1240 1770 1301; x_wconf 74' lang='lat' dir='ltr'><strong>quotquot</strong></span> <span class='ocrx_word' id='word_1_86' title='bbox 1807 1241 1976 1286; x_wconf 87' lang='lat' dir='ltr'><strong>autem</strong></span> 
     </span>
    </p>
   </div>
   <div class='ocr_carea' id='block_1_13' title="bbox 397 1321 1970 1392">
    <p class='ocr_par' dir='ltr' id='par_1_13' title="bbox 397 1321 1970 1392">
     <span class='ocr_line' id='line_1_13' title="bbox 397 1321 1970 1392; baseline 0.004 -22"><span class='ocrx_word' id='word_1_87' title='bbox 397 1328 693 1386; x_wconf 86' lang='lat' dir='ltr'><strong>receperunt</strong></span> <span class='ocrx_word' id='word_1_88' title='bbox 737 1336 873 1385; x_wconf 89' lang='lat' dir='ltr'><strong>eum,</strong></span> <span class='ocrx_word' id='word_1_89' title='bbox 917 1321 1054 1375; x_wconf 81' lang='lat' dir='ltr'><strong>dedit</strong></span> <span class='ocrx_word' id='word_1_90' title='bbox 1079 1322 1151 1375; x_wconf 87' lang='lat' dir='ltr'><strong>eis</strong></span> <span class='ocrx_word' id='word_1_91' title='bbox 1179 1332 1474 1392; x_wconf 84' lang='lat' dir='ltr'><strong>potestatem</strong></span> <span class='ocrx_word' id='word_1_92' title='bbox 1518 1323 1656 1391; x_wconf 82' lang='lat' dir='ltr'><strong>ﬁlios</strong></span> <span class='ocrx_word' id='word_1_93' title='bbox 1699 1323 1797 1378; x_wconf 90' lang='lat' dir='ltr'><strong>Dei</strong></span> <span class='ocrx_word' id='word_1_94' title='bbox 1834 1324 1970 1392; x_wconf 74' lang='lat' dir='ltr'><strong>ﬁeri,</strong></span> 
     </span>
    </p>
   </div>
   <div class='ocr_carea' id='block_1_14' title="bbox 398 1410 1976 1486">
    <p class='ocr_par' dir='ltr' id='par_1_14' title="bbox 398 1410 1976 1486">
     <span class='ocr_line' id='line_1_14' title="bbox 398 1410 1976 1486; baseline 0.006 -25"><span class='ocrx_word' id='word_1_95' title='bbox 398 1410 718 1465; x_wconf 72' lang='lat' dir='ltr'><strong>credentibus</strong></span> <span class='ocrx_word' id='word_1_96' title='bbox 742 1413 794 1464; x_wconf 90' lang='lat' dir='ltr'><strong>in</strong></span> <span class='ocrx_word' id='word_1_97' title='bbox 820 1413 1020 1466; x_wconf 84' lang='lat' dir='ltr'><strong>nomine</strong></span> <span class='ocrx_word' id='word_1_98' title='bbox 1046 1417 1177 1483; x_wconf 84' lang='lat' dir='ltr'><strong>ejus,</strong></span> <span class='ocrx_word' id='word_1_99' title='bbox 1206 1416 1294 1484; x_wconf 91' lang='lat' dir='ltr'><strong>qui</strong></span> <span class='ocrx_word' id='word_1_100' title='bbox 1317 1430 1418 1468; x_wconf 86' lang='lat' dir='ltr'><strong>non</strong></span> <span class='ocrx_word' id='word_1_101' title='bbox 1438 1428 1502 1468; x_wconf 80' lang='lat' dir='ltr'><strong>ea:</strong></span> <span class='ocrx_word' id='word_1_102' title='bbox 1527 1417 1791 1486; x_wconf 86' lang='lat' dir='ltr'><strong>sanguine,</strong></span> <span class='ocrx_word' id='word_1_103' title='bbox 1820 1432 1976 1486; x_wconf 86' lang='lat' dir='ltr'><strong>neque</strong></span> 
     </span>
    </p>
   </div>
   <div class='ocr_carea' id='block_1_15' title="bbox 398 1502 1974 1574">
    <p class='ocr_par' dir='ltr' id='par_1_15' title="bbox 398 1502 1974 1574">
     <span class='ocr_line' id='line_1_15' title="bbox 398 1502 1974 1574; baseline 0.003 -21"><span class='ocrx_word' id='word_1_104' title='bbox 398 1516 461 1553; x_wconf 84' lang='lat' dir='ltr'><strong>ea:</strong></span> <span class='ocrx_word' id='word_1_105' title='bbox 487 1502 689 1555; x_wconf 85' lang='lat' dir='ltr'><strong>uolunte</strong></span> <span class='ocrx_word' id='word_1_106' title='bbox 715 1505 906 1568; x_wconf 84' lang='lat' dir='ltr'><strong>carnis,</strong></span> <span class='ocrx_word' id='word_1_107' title='bbox 940 1521 1098 1574; x_wconf 86' lang='lat' dir='ltr'><strong>neque</strong></span> <span class='ocrx_word' id='word_1_108' title='bbox 1116 1522 1181 1558; x_wconf 77' lang='lat' dir='ltr'><strong>ea:</strong></span> <span class='ocrx_word' id='word_1_109' title='bbox 1209 1508 1463 1559; x_wconf 83' lang='lat' dir='ltr'><strong>uoluntate</strong></span> <span class='ocrx_word' id='word_1_110' title='bbox 1488 1508 1606 1573; x_wconf 81' lang='lat' dir='ltr'><strong>uiri,</strong></span> <span class='ocrx_word' id='word_1_111' title='bbox 1635 1507 1724 1560; x_wconf 91' lang='lat' dir='ltr'><strong>sed</strong></span> <span class='ocrx_word' id='word_1_112' title='bbox 1763 1523 1826 1560; x_wconf 80' lang='lat' dir='ltr'><strong>ea:</strong></span> <span class='ocrx_word' id='word_1_113' title='bbox 1871 1505 1974 1560; x_wconf 87' lang='lat' dir='ltr'><strong>Deo</strong></span> 
     </span>
    </p>
   </div>
   <div class='ocr_carea' id='block_1_16' title="bbox 400 1592 1973 1666">
    <p class='ocr_par' dir='ltr' id='par_1_16' title="bbox 400 1592 1973 1666">
     <span class='ocr_line' id='line_1_16' title="bbox 400 1592 1973 1666; baseline 0.004 -22"><span class='ocrx_word' id='word_1_114' title='bbox 400 1601 548 1645; x_wconf 88' lang='lat' dir='ltr'><strong>natus</strong></span> <span class='ocrx_word' id='word_1_115' title='bbox 571 1602 662 1645; x_wconf 86' lang='lat' dir='ltr'><strong>est.</strong></span> <span class='ocrx_word' id='word_1_116' title='bbox 697 1592 830 1648; x_wconf 87' lang='lat' dir='ltr'><strong>Huic</strong></span> <span class='ocrx_word' id='word_1_117' title='bbox 859 1594 1068 1648; x_wconf 81' lang='lat' dir='ltr'><strong>tandem</strong></span> <span class='ocrx_word' id='word_1_118' title='bbox 1100 1598 1304 1650; x_wconf 78' lang='lat' dir='ltr'><strong>accedit</strong></span> <span class='ocrx_word' id='word_1_119' title='bbox 1332 1599 1493 1651; x_wconf 88' lang='lat' dir='ltr'><strong>etiam</strong></span> <span class='ocrx_word' id='word_1_120' title='bbox 1524 1598 1581 1652; x_wconf 88' lang='lat' dir='ltr'><strong>S.</strong></span> <span class='ocrx_word' id='word_1_121' title='bbox 1612 1597 1845 1666; x_wconf 82' lang='lat' dir='ltr'><strong>Joannes</strong></span> <span class='ocrx_word' id='word_1_122' title='bbox 1874 1597 1973 1650; x_wconf 88' lang='lat' dir='ltr'><strong>Da-</strong></span> 
     </span>
    </p>
   </div>
   <div class='ocr_carea' id='block_1_17' title="bbox 400 1668 1972 1752">
    <p class='ocr_par' dir='ltr' id='par_1_17' title="bbox 400 1668 1972 1752">
     <span class='ocr_line' id='line_1_17' title="bbox 400 1668 1972 1752; baseline 0.004 -19"><span class='ocrx_word' id='word_1_123' title='bbox 400 1696 703 1747; x_wconf 88' lang='lat' dir='ltr'><strong>masccnus,</strong></span> <span class='ocrx_word' id='word_1_124' title='bbox 734 1684 822 1752; x_wconf 87' lang='lat' dir='ltr'><strong>qui</strong></span> <span class='ocrx_word' id='word_1_125' title='bbox 855 1693 984 1739; x_wconf 92' lang='lat' dir='ltr'><strong>tom.</strong></span> <span class='ocrx_word' id='word_1_126' title='bbox 1018 1702 1057 1751; x_wconf 89' lang='grc' dir='ltr'>ι,</span> <span class='ocrx_word' id='word_1_127' title='bbox 1100 1668 1215 1740; x_wconf 45' lang='grc' dir='ltr'><strong>Ηυξ</strong></span> <span class='ocrx_word' id='word_1_128' title='bbox 1238 1703 1298 1742; x_wconf 88' lang='grc' dir='ltr'>ιιι</span> <span class='ocrx_word' id='word_1_129' title='bbox 1321 1727 1334 1751; x_wconf 94' lang='grc'><strong>,</strong></span> <span class='ocrx_word' id='word_1_130' title='bbox 1365 1687 1434 1742; x_wconf 88' lang='lat' dir='ltr'><strong>de</strong></span> <span class='ocrx_word' id='word_1_131' title='bbox 1470 1687 1601 1742; x_wconf 82' lang='lat' dir='ltr'><strong>Fide</strong></span> <span class='ocrx_word' id='word_1_132' title='bbox 1639 1687 1972 1751; x_wconf 84' lang='lat' dir='ltr'><strong>Orthodoxa,</strong></span> 
     </span>
    </p>
   </div>
   <div class='ocr_carea' id='block_1_18' title="bbox 398 1774 1975 1843">
    <p class='ocr_par' dir='ltr' id='par_1_18' title="bbox 398 1774 1975 1843">
     <span class='ocr_line' id='line_1_18' title="bbox 398 1774 1975 1843; baseline 0.004 -17"><span class='ocrx_word' id='word_1_133' title='bbox 398 1785 516 1841; x_wconf 87' lang='lat' dir='ltr'><strong>cap.</strong></span> <span class='ocrx_word' id='word_1_134' title='bbox 549 1774 602 1838; x_wconf 87' lang='lat'><strong>7,</strong></span> <span class='ocrx_word' id='word_1_135' title='bbox 637 1789 757 1843; x_wconf 86' lang='lat' dir='ltr'><strong>pag.</strong></span> <span class='ocrx_word' id='word_1_136' title='bbox 783 1774 907 1837; x_wconf 68' lang='grc'><strong>904,</strong></span> <span class='ocrx_word' id='word_1_137' title='bbox 940 1775 1071 1829; x_wconf 89' lang='lat' dir='ltr'><strong>edit.</strong></span> <span class='ocrx_word' id='word_1_138' title='bbox 1108 1777 1430 1831; x_wconf 84' lang='lat' dir='ltr'><strong>Parisiensis</strong></span> <span class='ocrx_word' id='word_1_139' title='bbox 1469 1777 1530 1831; x_wconf 88' lang='lat' dir='ltr'><strong>P.</strong></span> <span class='ocrx_word' id='word_1_140' title='bbox 1571 1778 1843 1833; x_wconf 77' lang='lat' dir='ltr'><strong>Michaelis</strong></span> <span class='ocrx_word' id='word_1_141' title='bbox 1870 1778 1975 1833; x_wconf 87' lang='lat' dir='ltr'><strong>Le-</strong></span> 
     </span>
    </p>
   </div>
   <div class='ocr_carea' id='block_1_19' title="bbox 2077 594 3307 680">
    <p class='ocr_par' dir='ltr' id='par_1_19' title="bbox 2077 594 3128 651">
     <span class='ocr_line' id='line_1_19' title="bbox 2077 594 3128 651; baseline 0.004 -3"><span class='ocrx_word' id='word_1_142' title='bbox 2077 594 2275 648; x_wconf 85' lang='lat' dir='ltr'><strong>tionem</strong></span> <span class='ocrx_word' id='word_1_143' title='bbox 2302 609 2405 648; x_wconf 93' lang='lat' dir='ltr'><strong>non</strong></span> <span class='ocrx_word' id='word_1_144' title='bbox 2436 594 2652 651; x_wconf 86' lang='lat' dir='ltr'><strong>habent.</strong></span> <span class='ocrx_word' id='word_1_145' title='bbox 3125 637 3128 641; x_wconf 92' lang='grc'><strong><em>-</em></strong></span> 
     </span>
    </p>
   </div>
   <div class='ocr_carea' id='block_1_20' title="bbox 2144 684 3649 759">
    <p class='ocr_par' dir='ltr' id='par_1_20' title="bbox 2144 684 3649 759">
     <span class='ocr_line' id='line_1_20' title="bbox 2144 684 3649 759; baseline 0.007 -21"><span class='ocrx_word' id='word_1_146' title='bbox 2144 684 2273 739; x_wconf 89' lang='lat' dir='ltr'><strong>Luc.</strong></span> <span class='ocrx_word' id='word_1_147' title='bbox 2312 701 2428 755; x_wconf 90' lang='lat' dir='ltr'><strong>cap.</strong></span> <span class='ocrx_word' id='word_1_148' title='bbox 2455 701 2530 750; x_wconf 79' lang='lat' dir='ltr'><strong>Vl,</strong></span> <span class='ocrx_word' id='word_1_149' title='bbox 2554 688 2644 754; x_wconf 84' lang='grc'><strong>55,</strong></span> <span class='ocrx_word' id='word_1_150' title='bbox 2675 687 2966 750; x_wconf 88' lang='lat' dir='ltr'><strong>Veronen..</strong></span> <span class='ocrx_word' id='word_1_151' title='bbox 2999 705 3149 759; x_wconf 80' lang='lat' dir='ltr'><strong>super</strong></span> <span class='ocrx_word' id='word_1_152' title='bbox 3167 701 3358 759; x_wconf 84' lang='lat' dir='ltr'><strong>gratos,</strong></span> <span class='ocrx_word' id='word_1_153' title='bbox 3388 700 3436 743; x_wconf 91' lang='lat' dir='ltr'><strong>et</strong></span> <span class='ocrx_word' id='word_1_154' title='bbox 3465 692 3649 748; x_wconf 84' lang='lat' dir='ltr'><strong>malos.</strong></span> 
     </span>
    </p>
   </div>
   <div class='ocr_carea' id='block_1_21' title="bbox 2079 776 3656 851">
    <p class='ocr_par' dir='ltr' id='par_1_21' title="bbox 2079 776 3656 851">
     <span class='ocr_line' id='line_1_21' title="bbox 2079 776 3656 851; baseline 0.004 -21"><span class='ocrx_word' id='word_1_155' title='bbox 2079 776 2203 832; x_wconf 69' lang='lat' dir='ltr'><strong>Haec</strong></span> <span class='ocrx_word' id='word_1_156' title='bbox 2225 777 2380 831; x_wconf 91' lang='lat' dir='ltr'><strong>lectio</strong></span> <span class='ocrx_word' id='word_1_157' title='bbox 2402 778 2588 832; x_wconf 79' lang='lat' dir='ltr'><strong>referri</strong></span> <span class='ocrx_word' id='word_1_158' title='bbox 2617 779 2829 835; x_wconf 84' lang='lat' dir='ltr'><strong>videtur</strong></span> <span class='ocrx_word' id='word_1_159' title='bbox 2852 779 2916 834; x_wconf 88' lang='lat' dir='ltr'><strong>ad</strong></span> <span class='ocrx_word' id='word_1_160' title='bbox 2942 780 3176 846; x_wconf 87' lang='lat' dir='ltr'><strong>codices,</strong></span> <span class='ocrx_word' id='word_1_161' title='bbox 3199 783 3390 851; x_wconf 86' lang='lat' dir='ltr'><strong>quibus</strong></span> <span class='ocrx_word' id='word_1_162' title='bbox 3415 796 3545 837; x_wconf 83' lang='lat' dir='ltr'><strong>usus</strong></span> <span class='ocrx_word' id='word_1_163' title='bbox 3565 790 3656 838; x_wconf 87' lang='lat' dir='ltr'><strong>est</strong></span> 
     </span>
    </p>
   </div>
   <div class='ocr_carea' id='block_1_22' title="bbox 2025 868 3656 942">
    <p class='ocr_par' dir='ltr' id='par_1_22' title="bbox 2025 868 3656 942">
     <span class='ocr_line' id='line_1_22' title="bbox 2025 868 3656 942; baseline 0.002 -19"><span class='ocrx_word' id='word_1_164' title='bbox 2025 929 2029 932; x_wconf 55' lang='grc'>,</span> <span class='ocrx_word' id='word_1_165' title='bbox 2074 868 2431 925; x_wconf 87' lang='lat' dir='ltr'><strong>Tertullianus</strong></span> <span class='ocrx_word' id='word_1_166' title='bbox 2464 871 2514 924; x_wconf 92' lang='lat' dir='ltr'><strong>in</strong></span> <span class='ocrx_word' id='word_1_167' title='bbox 2547 871 2639 925; x_wconf 88' lang='lat' dir='ltr'><strong>lib.</strong></span> <span class='ocrx_word' id='word_1_168' title='bbox 2670 887 2720 926; x_wconf 79' lang='lat' dir='ltr'><strong>Iv</strong></span> <span class='ocrx_word' id='word_1_169' title='bbox 2749 879 2932 925; x_wconf 89' lang='lat' dir='ltr'><strong>contra</strong></span> <span class='ocrx_word' id='word_1_170' title='bbox 2964 872 3273 938; x_wconf 71' lang='lat' dir='ltr'><strong>btarc..cap.</strong></span> <span class='ocrx_word' id='word_1_171' title='bbox 3301 874 3388 934; x_wconf 86' lang='grc'><strong>17.</strong></span> <span class='ocrx_word' id='word_1_172' title='bbox 3422 873 3475 926; x_wconf 89' lang='lat' dir='ltr'><strong>in</strong></span> <span class='ocrx_word' id='word_1_173' title='bbox 3532 875 3656 942; x_wconf 79' lang='lat' dir='ltr'><strong>qui-</strong></span> 
     </span>
    </p>
   </div>
   <div class='ocr_carea' id='block_1_23' title="bbox 2074 958 3652 1032">
    <p class='ocr_par' dir='ltr' id='par_1_23' title="bbox 2074 958 3652 1032">
     <span class='ocr_line' id='line_1_23' title="bbox 2074 958 3652 1032; baseline 0.003 -20"><span class='ocrx_word' id='word_1_174' title='bbox 2074 958 2170 1012; x_wconf 87' lang='lat' dir='ltr'><strong>bus</strong></span> <span class='ocrx_word' id='word_1_175' title='bbox 2197 968 2316 1026; x_wconf 90' lang='lat' dir='ltr'><strong>post</strong></span> <span class='ocrx_word' id='word_1_176' title='bbox 2342 974 2552 1014; x_wconf 82' lang='lat' dir='ltr'><strong>versum</strong></span> <span class='ocrx_word' id='word_1_177' title='bbox 2577 961 2666 1025; x_wconf 87' lang='grc'><strong>56,</strong></span> <span class='ocrx_word' id='word_1_178' title='bbox 2690 961 2791 1016; x_wconf 86' lang='lat' dir='ltr'><strong>hoc</strong></span> <span class='ocrx_word' id='word_1_179' title='bbox 2818 970 3183 1016; x_wconf 85' lang='lat' dir='ltr'><strong>assumentum</strong></span> <span class='ocrx_word' id='word_1_180' title='bbox 3215 961 3534 1029; x_wconf 80' lang='lat' dir='ltr'><strong>habebatur,</strong></span> <span class='ocrx_word' id='word_1_181' title='bbox 3560 962 3652 1032; x_wconf 84' lang='lat' dir='ltr'><strong>qui</strong></span> 
     </span>
    </p>
   </div>
   <div class='ocr_carea' id='block_1_24' title="bbox 2077 1050 3654 1125">
    <p class='ocr_par' dir='ltr' id='par_1_24' title="bbox 2077 1050 3654 1125">
     <span class='ocr_line' id='line_1_24' title="bbox 2077 1050 3654 1125; baseline 0.004 -24"><span class='ocrx_word' id='word_1_182' title='bbox 2077 1050 2207 1118; x_wconf 80' lang='lat' dir='ltr'><strong>pluit</strong></span> <span class='ocrx_word' id='word_1_183' title='bbox 2249 1066 2399 1121; x_wconf 83' lang='lat' dir='ltr'><strong>super</strong></span> <span class='ocrx_word' id='word_1_184' title='bbox 2419 1050 2616 1116; x_wconf 82' lang='lat' dir='ltr'><strong>bonos,</strong></span> <span class='ocrx_word' id='word_1_185' title='bbox 2649 1061 2694 1105; x_wconf 89' lang='lat' dir='ltr'><strong>et</strong></span> <span class='ocrx_word' id='word_1_186' title='bbox 2719 1053 2898 1116; x_wconf 86' lang='lat' dir='ltr'><strong>malos,</strong></span> <span class='ocrx_word' id='word_1_187' title='bbox 2928 1063 2974 1106; x_wconf 93' lang='lat' dir='ltr'><strong>et</strong></span> <span class='ocrx_word' id='word_1_188' title='bbox 3013 1053 3169 1106; x_wconf 87' lang='lat' dir='ltr'><strong>solem</strong></span> <span class='ocrx_word' id='word_1_189' title='bbox 3200 1070 3344 1106; x_wconf 86' lang='lat' dir='ltr'><strong>suum</strong></span> <span class='ocrx_word' id='word_1_190' title='bbox 3373 1055 3496 1107; x_wconf 87' lang='lat' dir='ltr'><strong>oriri</strong></span> <span class='ocrx_word' id='word_1_191' title='bbox 3527 1054 3654 1125; x_wconf 79' lang='lat' dir='ltr'><strong>facit</strong></span> 
     </span>
    </p>
   </div>
   <div class='ocr_carea' id='block_1_25' title="bbox 2072 1142 3652 1212">
    <p class='ocr_par' dir='ltr' id='par_1_25' title="bbox 2072 1142 3652 1212">
     <span class='ocr_line' id='line_1_25' title="bbox 2072 1142 3652 1212; baseline 0.003 -16"><span class='ocrx_word' id='word_1_192' title='bbox 2072 1157 2224 1208; x_wconf 85' lang='lat' dir='ltr'><strong>super</strong></span> <span class='ocrx_word' id='word_1_193' title='bbox 2234 1144 2426 1212; x_wconf 84' lang='lat' dir='ltr'><strong>justas,</strong></span> <span class='ocrx_word' id='word_1_194' title='bbox 2451 1150 2499 1195; x_wconf 78' lang='lat' dir='ltr'><strong>et</strong></span> <span class='ocrx_word' id='word_1_195' title='bbox 2517 1143 2768 1209; x_wconf 84' lang='lat' dir='ltr'><strong>injustas;</strong></span> <span class='ocrx_word' id='word_1_196' title='bbox 2790 1142 3056 1212; x_wconf 90' lang='lat' dir='ltr'><strong>quomodo</strong></span> <span class='ocrx_word' id='word_1_197' title='bbox 3077 1151 3132 1197; x_wconf 91' lang='lat' dir='ltr'><strong>et</strong></span> <span class='ocrx_word' id='word_1_198' title='bbox 3149 1143 3378 1208; x_wconf 77' lang='lat' dir='ltr'><strong>habebat</strong></span> <span class='ocrx_word' id='word_1_199' title='bbox 3400 1143 3652 1200; x_wconf 69' lang='lat' dir='ltr'><strong>Graecum</strong></span> 
     </span>
    </p>
   </div>
   <div class='ocr_carea' id='block_1_26' title="bbox 2073 1232 3654 1301">
    <p class='ocr_par' dir='ltr' id='par_1_26' title="bbox 2073 1232 3654 1301">
     <span class='ocr_line' id='line_1_26' title="bbox 2073 1232 3654 1301; baseline 0.006 -17"><span class='ocrx_word' id='word_1_200' title='bbox 2073 1232 2364 1298; x_wconf 88' lang='lat' dir='ltr'><strong>exemplar,</strong></span> <span class='ocrx_word' id='word_1_201' title='bbox 2388 1233 2525 1301; x_wconf 91' lang='lat' dir='ltr'><strong>quod</strong></span> <span class='ocrx_word' id='word_1_202' title='bbox 2551 1233 2791 1289; x_wconf 86' lang='lat' dir='ltr'><strong>adhibuit</strong></span> <span class='ocrx_word' id='word_1_203' title='bbox 2811 1244 2996 1289; x_wconf 87' lang='lat' dir='ltr'><strong>auctor</strong></span> <span class='ocrx_word' id='word_1_204' title='bbox 3029 1234 3367 1289; x_wconf 84' lang='lat' dir='ltr'><strong>bomiliarum</strong></span> <span class='ocrx_word' id='word_1_205' title='bbox 3393 1235 3654 1294; x_wconf 88' lang='lat' dir='ltr'><strong>Clemen-</strong></span> 
     </span>
    </p>
   </div>
   <div class='ocr_carea' id='block_1_27' title="bbox 2074 1322 2813 1405">
    <p class='ocr_par' dir='ltr' id='par_1_27' title="bbox 2074 1322 2813 1405">
     <span class='ocr_line' id='line_1_27' title="bbox 2074 1322 2813 1405; baseline 0.005 -31"><span class='ocrx_word' id='word_1_206' title='bbox 2074 1322 2301 1375; x_wconf 90' lang='lat' dir='ltr'><strong>tinarum</strong></span> <span class='ocrx_word' id='word_1_207' title='bbox 2332 1323 2526 1376; x_wconf 84' lang='lat' dir='ltr'><strong>Homil.</strong></span> <span class='ocrx_word' id='word_1_208' title='bbox 2557 1324 2612 1390; x_wconf 88' lang='grc'>5,</span> <span class='ocrx_word' id='word_1_209' title='bbox 2644 1323 2672 1394; x_wconf 79' lang='lat'><strong>§</strong></span> <span class='ocrx_word' id='word_1_210' title='bbox 2705 1325 2813 1405; x_wconf 48' lang='lat'><strong>57.‘</strong></span> 
     </span>
    </p>
   </div>
   <div class='ocr_carea' id='block_1_28' title="bbox 2146 1411 3653 1484">
    <p class='ocr_par' dir='ltr' id='par_1_28' title="bbox 2146 1411 3653 1484">
     <span class='ocr_line' id='line_1_28' title="bbox 2146 1411 3653 1484; baseline 0.006 -20"><span class='ocrx_word' id='word_1_211' title='bbox 2146 1411 2272 1465; x_wconf 90' lang='lat' dir='ltr'><strong>Luc.</strong></span> <span class='ocrx_word' id='word_1_212' title='bbox 2323 1427 2441 1481; x_wconf 88' lang='lat' dir='ltr'><strong>cap.</strong></span> <span class='ocrx_word' id='word_1_213' title='bbox 2487 1429 2540 1475; x_wconf 87' lang='lat' dir='ltr'><strong>x,</strong></span> <span class='ocrx_word' id='word_1_214' title='bbox 2577 1414 2666 1478; x_wconf 82' lang='grc'><strong>15,</strong></span> <span class='ocrx_word' id='word_1_215' title='bbox 2695 1413 2990 1478; x_wconf 88' lang='lat' dir='ltr'><strong>Veronen.,</strong></span> <span class='ocrx_word' id='word_1_216' title='bbox 3023 1430 3180 1484; x_wconf 88' lang='lat' dir='ltr'><strong>usque</strong></span> <span class='ocrx_word' id='word_1_217' title='bbox 3205 1416 3258 1469; x_wconf 90' lang='lat' dir='ltr'><strong>in</strong></span> <span class='ocrx_word' id='word_1_218' title='bbox 3283 1417 3562 1483; x_wconf 77' lang='lat' dir='ltr'><strong>infernum.</strong></span> <span class='ocrx_word' id='word_1_219' title='bbox 3591 1416 3653 1473; x_wconf 81' lang='lat' dir='ltr'><strong>In</strong></span> 
     </span>
    </p>
   </div>
   <div class='ocr_carea' id='block_1_29' title="bbox 2073 1499 3652 1578">
    <p class='ocr_par' dir='ltr' id='par_1_29' title="bbox 2073 1499 3652 1578">
     <span class='ocr_line' id='line_1_29' title="bbox 2073 1499 3652 1578; baseline 0.005 -23"><span class='ocrx_word' id='word_1_220' title='bbox 2073 1499 2262 1569; x_wconf 70' lang='lat' dir='ltr'><strong>Graeco</strong></span> <span class='ocrx_word' id='word_1_221' title='bbox 2299 1501 2445 1557; x_wconf 78' lang='lat' dir='ltr'><strong>fonte</strong></span> <span class='ocrx_word' id='word_1_222' title='bbox 2474 1504 2660 1559; x_wconf 87' lang='lat' dir='ltr'><strong>eadem</strong></span> <span class='ocrx_word' id='word_1_223' title='bbox 2705 1505 2866 1560; x_wconf 81' lang='lat' dir='ltr'><strong>verba</strong></span> <span class='ocrx_word' id='word_1_224' title='bbox 2896 1514 3185 1560; x_wconf 88' lang='lat' dir='ltr'><strong>occurrunt</strong></span> <span class='ocrx_word' id='word_1_225' title='bbox 3204 1547 3220 1572; x_wconf 94' lang='lat'><strong>,</strong></span> <span class='ocrx_word' id='word_1_226' title='bbox 3268 1509 3366 1569; x_wconf 77' lang='grc' dir='ltr'><strong>ἕως</strong></span> <span class='ocrx_word' id='word_1_227' title='bbox 3395 1505 3522 1578; x_wconf 76' lang='grc' dir='ltr'>ᾅδου</span> <span class='ocrx_word' id='word_1_228' title='bbox 3553 1529 3652 1563; x_wconf 78' lang='grc' dir='ltr'><strong>κα·</strong></span> 
     </span>
    </p>
   </div>
   <div class='ocr_carea' id='block_1_30' title="bbox 2074 1589 3449 1670">
    <p class='ocr_par' dir='ltr' id='par_1_30' title="bbox 2074 1589 3449 1670">
     <span class='ocr_line' id='line_1_30' title="bbox 2074 1589 3449 1670; baseline 0.004 -19"><span class='ocrx_word' id='word_1_229' title='bbox 2074 1598 2416 1670; x_wconf 80' lang='grc' dir='ltr'>ταϐιϐαθὴσῃ,</span> <span class='ocrx_word' id='word_1_230' title='bbox 2440 1615 2594 1667; x_wconf 69' lang='lat' dir='ltr'><strong>usque</strong></span> <span class='ocrx_word' id='word_1_231' title='bbox 2623 1599 2673 1653; x_wconf 90' lang='lat' dir='ltr'><strong>in</strong></span> <span class='ocrx_word' id='word_1_232' title='bbox 2701 1601 2974 1670; x_wconf 79' lang='lat' dir='ltr'><strong>infernum.</strong></span> <span class='ocrx_word' id='word_1_233' title='bbox 3444 1589 3449 1594; x_wconf 50' lang='grc'><em>’</em></span> 
     </span>
    </p>
   </div>
   <div class='ocr_carea' id='block_1_31' title="bbox 2146 1687 3654 1760">
    <p class='ocr_par' dir='ltr' id='par_1_31' title="bbox 2146 1687 3654 1760">
     <span class='ocr_line' id='line_1_31' title="bbox 2146 1687 3654 1760; baseline 0.002 -18"><span class='ocrx_word' id='word_1_234' title='bbox 2146 1687 2276 1742; x_wconf 89' lang='lat' dir='ltr'><strong>Luc.</strong></span> <span class='ocrx_word' id='word_1_235' title='bbox 2307 1703 2422 1756; x_wconf 79' lang='lat' dir='ltr'><strong>cap.</strong></span> <span class='ocrx_word' id='word_1_236' title='bbox 2457 1703 2552 1753; x_wconf 87' lang='lat' dir='ltr'><strong>xu,</strong></span> <span class='ocrx_word' id='word_1_237' title='bbox 2589 1689 2678 1753; x_wconf 84' lang='lat'><strong>55,</strong></span> <span class='ocrx_word' id='word_1_238' title='bbox 2699 1689 2992 1755; x_wconf 89' lang='lat' dir='ltr'><strong>Veronen.,</strong></span> <span class='ocrx_word' id='word_1_239' title='bbox 3022 1700 3072 1745; x_wconf 89' lang='lat' dir='ltr'><strong>et</strong></span> <span class='ocrx_word' id='word_1_240' title='bbox 3095 1692 3168 1744; x_wconf 89' lang='lat' dir='ltr'><strong>ita</strong></span> <span class='ocrx_word' id='word_1_241' title='bbox 3190 1692 3298 1760; x_wconf 81' lang='lat' dir='ltr'><strong>ﬁet.</strong></span> <span class='ocrx_word' id='word_1_242' title='bbox 3326 1691 3473 1757; x_wconf 87' lang='lat' dir='ltr'><strong>Gat.,</strong></span> <span class='ocrx_word' id='word_1_243' title='bbox 3500 1691 3654 1758; x_wconf 73' lang='lat' dir='ltr'><strong>lm.,</strong></span> 
     </span>
    </p>
   </div>
   <div class='ocr_carea' id='block_1_32' title="bbox 2074 1776 3658 1849">
    <p class='ocr_par' dir='ltr' id='par_1_32' title="bbox 2074 1776 3658 1849">
     <span class='ocr_line' id='line_1_32' title="bbox 2074 1776 3658 1849; baseline 0.004 -18"><span class='ocrx_word' id='word_1_244' title='bbox 2074 1776 2451 1832; x_wconf 88' lang='lat' dir='ltr'><strong>Vindobonen.</strong></span> <span class='ocrx_word' id='word_1_245' title='bbox 2499 1787 2554 1832; x_wconf 91' lang='lat' dir='ltr'><strong>et</strong></span> <span class='ocrx_word' id='word_1_246' title='bbox 2599 1778 2859 1842; x_wconf 83' lang='lat' dir='ltr'><strong>Brixian.,</strong></span> <span class='ocrx_word' id='word_1_247' title='bbox 2903 1792 2951 1834; x_wconf 91' lang='lat' dir='ltr'><strong>et</strong></span> <span class='ocrx_word' id='word_1_248' title='bbox 2990 1782 3062 1834; x_wconf 91' lang='lat' dir='ltr'><strong>ita</strong></span> <span class='ocrx_word' id='word_1_249' title='bbox 3100 1781 3176 1849; x_wconf 82' lang='lat' dir='ltr'><strong>ﬁt.</strong></span> <span class='ocrx_word' id='word_1_250' title='bbox 3206 1782 3281 1845; x_wconf 73' lang='lat' dir='ltr'><strong>f-ré</strong></span> <span class='ocrx_word' id='word_1_251' title='bbox 3326 1783 3417 1849; x_wconf 89' lang='lat' dir='ltr'><strong>ita,</strong></span> <span class='ocrx_word' id='word_1_252' title='bbox 3449 1782 3658 1838; x_wconf 86' lang='lat' dir='ltr'><strong>addunt</strong></span> 
     </span>
    </p>
   </div>
   <div class='ocr_carea' id='block_1_33' title="bbox 398 1863 3471 1944">
    <p class='ocr_par' dir='ltr' id='par_1_33' title="bbox 398 1863 3471 1944">
     <span class='ocr_line' id='line_1_33' title="bbox 398 1863 3471 1944; baseline 0.004 -31"><span class='ocrx_word' id='word_1_253' title='bbox 398 1863 557 1931; x_wconf 87' lang='lat' dir='ltr'><strong>quien</strong></span> <span class='ocrx_word' id='word_1_254' title='bbox 587 1863 712 1918; x_wconf 85' lang='lat' dir='ltr'><strong>ord.</strong></span> <span class='ocrx_word' id='word_1_255' title='bbox 732 1863 836 1917; x_wconf 85' lang='lat' dir='ltr'><strong>FF.</strong></span> <span class='ocrx_word' id='word_1_256' title='bbox 864 1865 1148 1919; x_wconf 74' lang='lat' dir='ltr'><strong>Pnedicat.</strong></span> <span class='ocrx_word' id='word_1_257' title='bbox 1180 1866 1316 1924; x_wconf 73' lang='grc'>1712</span> <span class='ocrx_word' id='word_1_258' title='bbox 1339 1869 1450 1921; x_wconf 86' lang='lat' dir='ltr'><strong>ait:</strong></span> <span class='ocrx_word' id='word_1_259' title='bbox 1482 1871 1574 1922; x_wconf 75' lang='lat' dir='ltr'><strong>ttat</strong></span> <span class='ocrx_word' id='word_1_260' title='bbox 1607 1868 1634 1922; x_wconf 86' lang='grc' dir='ltr'><strong>ὁ</strong></span> <span class='ocrx_word' id='word_1_261' title='bbox 1660 1869 1820 1943; x_wconf 72' lang='grc' dir='ltr'><strong>Λόγος</strong></span> <span class='ocrx_word' id='word_1_262' title='bbox 1843 1871 1973 1944; x_wconf 77' lang='grc' dir='ltr'><strong>σὰρξ</strong></span> <span class='ocrx_word' id='word_1_263' title='bbox 2004 1863 2050 1921; x_wconf 92' lang='grc' dir='ltr'><strong>Β</strong></span> <span class='ocrx_word' id='word_1_264' title='bbox 2077 1869 2238 1923; x_wconf 87' lang='lat' dir='ltr'><strong>etiam</strong></span> <span class='ocrx_word' id='word_1_265' title='bbox 2264 1870 2506 1923; x_wconf 89' lang='lat' dir='ltr'><strong>nonnulli</strong></span> <span class='ocrx_word' id='word_1_266' title='bbox 2531 1869 2688 1924; x_wconf 92' lang='lat' dir='ltr'><strong>codd.</strong></span> <span class='ocrx_word' id='word_1_267' title='bbox 2719 1871 2910 1937; x_wconf 64' lang='grc' dir='ltr'><strong>ϐπερὶ,</strong></span> <span class='ocrx_word' id='word_1_268' title='bbox 2944 1881 2998 1926; x_wconf 91' lang='lat' dir='ltr'><strong>et</strong></span> <span class='ocrx_word' id='word_1_269' title='bbox 3028 1873 3204 1927; x_wconf 77' lang='lat' dir='ltr'><strong>versio</strong></span> <span class='ocrx_word' id='word_1_270' title='bbox 3229 1872 3471 1940; x_wconf 68' lang='lat' dir='ltr'><strong>Ethiop.</strong></span> 
     </span>
    </p>
   </div>
   <div class='ocr_carea' id='block_1_34' title="bbox 398 1957 1972 2035">
    <p class='ocr_par' dir='ltr' id='par_1_34' title="bbox 398 1957 1972 2035">
     <span class='ocr_line' id='line_1_34' title="bbox 398 1957 1972 2035; baseline 0.005 -28"><span class='ocrx_word' id='word_1_271' title='bbox 398 1957 664 2028; x_wconf 76' lang='grc' dir='ltr'><strong>ἀτρέπτως</strong></span> <span class='ocrx_word' id='word_1_272' title='bbox 687 1957 893 2027; x_wconf 73' lang='grc' dir='ltr'><strong>ἐγένετο,</strong></span> <span class='ocrx_word' id='word_1_273' title='bbox 933 1959 986 2010; x_wconf 79' lang='grc' dir='ltr'><strong><em>ἐκ</em></strong></span> <span class='ocrx_word' id='word_1_274' title='bbox 1015 1963 1295 2030; x_wconf 72' lang='grc' dir='ltr'><strong>[πνεύματος</strong></span> <span class='ocrx_word' id='word_1_275' title='bbox 1317 1959 1486 2032; x_wconf 66' lang='grc' dir='ltr'>ἁγίου,</span> <span class='ocrx_word' id='word_1_276' title='bbox 1531 1964 1612 2014; x_wconf 82' lang='grc' dir='ltr'><strong>καὶ</strong></span> <span class='ocrx_word' id='word_1_277' title='bbox 1650 1963 1844 2035; x_wconf 78' lang='grc' dir='ltr'><strong>Μαρίας</strong></span> <span class='ocrx_word' id='word_1_278' title='bbox 1880 1970 1972 2021; x_wconf 77' lang='grc' dir='ltr'><strong>τῆς</strong></span> 
     </span>
    </p>
   </div>
   <div class='ocr_carea' id='block_1_35' title="bbox 398 2047 1975 2126">
    <p class='ocr_par' dir='ltr' id='par_1_35' title="bbox 398 2047 1975 2126">
     <span class='ocr_line' id='line_1_35' title="bbox 398 2047 1975 2126; baseline 0.003 -25"><span class='ocrx_word' id='word_1_279' title='bbox 398 2047 542 2121; x_wconf 71' lang='grc' dir='ltr'>ἁγίας</span> <span class='ocrx_word' id='word_1_280' title='bbox 568 2053 912 2126; x_wconf 75' lang='grc' dir='ltr'>ἀειπαρθὲνου,</span> <span class='ocrx_word' id='word_1_281' title='bbox 952 2056 1030 2106; x_wconf 81' lang='grc' dir='ltr'><strong>καὶ</strong></span> <span class='ocrx_word' id='word_1_282' title='bbox 1072 2055 1339 2108; x_wconf 80' lang='grc' dir='ltr'><strong>Θεοτὸκου·</strong></span> <span class='ocrx_word' id='word_1_283' title='bbox 1372 2059 1457 2109; x_wconf 80' lang='grc' dir='ltr'><strong>καὶ</strong></span> <span class='ocrx_word' id='word_1_284' title='bbox 1493 2056 1702 2125; x_wconf 76' lang='grc' dir='ltr'><strong>μεσίτης</strong></span> <span class='ocrx_word' id='word_1_285' title='bbox 1733 2060 1858 2110; x_wconf 74' lang='grc' dir='ltr'><strong>Θεοῦ</strong></span> <span class='ocrx_word' id='word_1_286' title='bbox 1895 2057 1975 2108; x_wconf 76' lang='grc' dir='ltr'>καὶ</span> 
     </span>
    </p>
   </div>
   <div class='ocr_carea' id='block_1_36' title="bbox 399 2141 1974 2222">
    <p class='ocr_par' dir='ltr' id='par_1_36' title="bbox 399 2141 1974 2222">
     <span class='ocr_line' id='line_1_36' title="bbox 399 2141 1974 2222; baseline 0.004 -28"><span class='ocrx_word' id='word_1_287' title='bbox 399 2141 672 2216; x_wconf 78' lang='grc' dir='ltr'><strong>ἀνθρώπων</strong></span> <span class='ocrx_word' id='word_1_288' title='bbox 728 2148 1060 2217; x_wconf 77' lang='grc' dir='ltr'><strong>χρηματίζει,</strong></span> <span class='ocrx_word' id='word_1_289' title='bbox 1109 2145 1134 2198; x_wconf 82' lang='grc' dir='ltr'><strong>ὁ</strong></span> <span class='ocrx_word' id='word_1_290' title='bbox 1179 2145 1325 2217; x_wconf 80' lang='grc' dir='ltr'><strong>μόνος</strong></span> <span class='ocrx_word' id='word_1_291' title='bbox 1367 2147 1706 2222; x_wconf 67' lang='grc' dir='ltr'>ψιλὰνθρωπος</span> <span class='ocrx_word' id='word_1_292' title='bbox 1735 2186 1752 2212; x_wconf 89' lang='grc'><strong>,</strong></span> <span class='ocrx_word' id='word_1_293' title='bbox 1792 2150 1876 2200; x_wconf 76' lang='grc' dir='ltr'><strong>οὐκ</strong></span> <span class='ocrx_word' id='word_1_294' title='bbox 1921 2149 1974 2200; x_wconf 80' lang='grc' dir='ltr'><strong>ἐκ</strong></span> 
     </span>
    </p>
   </div>
   <div class='ocr_carea' id='block_1_37' title="bbox 397 2233 1974 2316">
    <p class='ocr_par' dir='ltr' id='par_1_37' title="bbox 397 2233 1974 2316">
     <span class='ocr_line' id='line_1_37' title="bbox 397 2233 1974 2316; baseline 0.006 -32"><span class='ocrx_word' id='word_1_295' title='bbox 397 2233 693 2303; x_wconf 76' lang='grc' dir='ltr'><strong>θελήματος,</strong></span> <span class='ocrx_word' id='word_1_296' title='bbox 716 2234 746 2292; x_wconf 78' lang='grc' dir='ltr'><strong>ἣ</strong></span> <span class='ocrx_word' id='word_1_297' title='bbox 762 2236 1050 2305; x_wconf 77' lang='grc' dir='ltr'><strong>ἐπιθυμίας,</strong></span> <span class='ocrx_word' id='word_1_298' title='bbox 1072 2236 1101 2295; x_wconf 72' lang='grc' dir='ltr'><strong>ἦ</strong></span> <span class='ocrx_word' id='word_1_299' title='bbox 1126 2242 1395 2311; x_wconf 75' lang='grc' dir='ltr'><strong>συναφείας</strong></span> <span class='ocrx_word' id='word_1_300' title='bbox 1418 2239 1616 2316; x_wconf 80' lang='grc' dir='ltr'><strong>ἀνδρὸς,</strong></span> <span class='ocrx_word' id='word_1_301' title='bbox 1646 2239 1974 2312; x_wconf 70' lang='grc' dir='ltr'><strong>’δ’γεννήσεως</strong></span> 
     </span>
    </p>
   </div>
   <div class='ocr_carea' id='block_1_38' title="bbox 398 2322 1972 2406">
    <p class='ocr_par' dir='ltr' id='par_1_38' title="bbox 398 2322 1972 2406">
     <span class='ocr_line' id='line_1_38' title="bbox 398 2322 1972 2406; baseline 0.006 -30"><span class='ocrx_word' id='word_1_302' title='bbox 398 2322 650 2387; x_wconf 78' lang='grc' dir='ltr'><strong>ἐνηδὸνου,</strong></span> <span class='ocrx_word' id='word_1_303' title='bbox 675 2327 725 2380; x_wconf 76' lang='grc' dir='ltr'><strong>ἕν</strong></span> <span class='ocrx_word' id='word_1_304' title='bbox 831 2328 1075 2402; x_wconf 81' lang='grc' dir='ltr'>ἁχρὰντῳ</span> <span class='ocrx_word' id='word_1_305' title='bbox 1096 2335 1264 2403; x_wconf 75' lang='grc' dir='ltr'><strong>μήτρᾳ</strong></span> <span class='ocrx_word' id='word_1_306' title='bbox 1280 2339 1369 2390; x_wconf 80' lang='grc' dir='ltr'><strong>τῆς</strong></span> <span class='ocrx_word' id='word_1_307' title='bbox 1395 2334 1640 2406; x_wconf 75' lang='grc' dir='ltr'>Παρθένου</span> <span class='ocrx_word' id='word_1_308' title='bbox 1661 2333 1972 2404; x_wconf 74' lang='grc' dir='ltr'><strong>συλληφθιὶς,</strong></span> 
     </span>
    </p>
   </div>
   <div class='ocr_carea' id='block_1_39' title="bbox 399 2414 1975 2500">
    <p class='ocr_par' dir='ltr' id='par_1_39' title="bbox 399 2414 1975 2500">
     <span class='ocr_line' id='line_1_39' title="bbox 399 2414 1975 2500; baseline 0.008 -32"><span class='ocrx_word' id='word_1_309' title='bbox 399 2414 504 2468; x_wconf 78' lang='grc' dir='ltr'>ἀλλ’</span> <span class='ocrx_word' id='word_1_310' title='bbox 549 2417 604 2468; x_wconf 81' lang='grc' dir='ltr'>ἐκ</span> <span class='ocrx_word' id='word_1_311' title='bbox 650 2419 941 2489; x_wconf 75' lang='grc' dir='ltr'>Πνιύματος</span> <span class='ocrx_word' id='word_1_312' title='bbox 995 2418 1164 2492; x_wconf 67' lang='grc' dir='ltr'>ἁγίου,</span> <span class='ocrx_word' id='word_1_313' title='bbox 1211 2426 1295 2475; x_wconf 84' lang='grc' dir='ltr'><strong>καὶ</strong></span> <span class='ocrx_word' id='word_1_314' title='bbox 1341 2430 1432 2482; x_wconf 80' lang='grc' dir='ltr'><strong>τῆς</strong></span> <span class='ocrx_word' id='word_1_315' title='bbox 1464 2427 1670 2500; x_wconf 75' lang='grc' dir='ltr'><strong>πρώτης</strong></span> <span class='ocrx_word' id='word_1_316' title='bbox 1701 2431 1790 2478; x_wconf 79' lang='grc' dir='ltr'><strong>τοῦ</strong></span> <span class='ocrx_word' id='word_1_317' title='bbox 1829 2423 1975 2496; x_wconf 85' lang='grc' dir='ltr'><strong>Δδάμ</strong></span> 
     </span>
    </p>
   </div>
   <div class='ocr_carea' id='block_1_40' title="bbox 399 2507 1976 2575">
    <p class='ocr_par' dir='ltr' id='par_1_40' title="bbox 399 2507 1976 2575">
     <span class='ocr_line' id='line_1_40' title="bbox 399 2507 1976 2575; baseline 0.008 -17"><span class='ocrx_word' id='word_1_318' title='bbox 399 2507 665 2575; x_wconf 77' lang='grc' dir='ltr'><strong>γενέσεως,</strong></span> <span class='ocrx_word' id='word_1_319' title='bbox 715 2522 833 2574; x_wconf 79' lang='lat' dir='ltr'><strong>quae</strong></span> <span class='ocrx_word' id='word_1_320' title='bbox 889 2507 1070 2562; x_wconf 63' lang='lat' dir='ltr'><strong>Graeca</strong></span> <span class='ocrx_word' id='word_1_321' title='bbox 1123 2511 1283 2565; x_wconf 81' lang='lat' dir='ltr'><strong>verba</strong></span> <span class='ocrx_word' id='word_1_322' title='bbox 1336 2513 1580 2568; x_wconf 83' lang='lat' dir='ltr'><strong>laudatus</strong></span> <span class='ocrx_word' id='word_1_323' title='bbox 1633 2514 1976 2570; x_wconf 87' lang='lat' dir='ltr'><strong>doctissimus</strong></span> 
     </span>
    </p>
   </div>
   <div class='ocr_carea' id='block_1_41' title="bbox 400 2596 1976 2669">
    <p class='ocr_par' dir='ltr' id='par_1_41' title="bbox 400 2596 1976 2669">
     <span class='ocr_line' id='line_1_41' title="bbox 400 2596 1976 2669; baseline 0.006 -19"><span class='ocrx_word' id='word_1_324' title='bbox 400 2596 576 2650; x_wconf 92' lang='lat' dir='ltr'><strong>editor</strong></span> <span class='ocrx_word' id='word_1_325' title='bbox 607 2596 889 2666; x_wconf 64' lang='lat' dir='ltr'><strong>Latinejita</strong></span> <span class='ocrx_word' id='word_1_326' title='bbox 914 2599 1146 2654; x_wconf 87' lang='lat' dir='ltr'><strong>reddidit</strong></span> <span class='ocrx_word' id='word_1_327' title='bbox 1180 2619 1192 2655; x_wconf 92' lang='lat'><strong>:</strong></span> <span class='ocrx_word' id='word_1_328' title='bbox 1241 2619 1259 2652; x_wconf 89' lang='grc' dir='ltr'>ι</span> <span class='ocrx_word' id='word_1_329' title='bbox 1305 2601 1563 2669; x_wconf 82' lang='lat' dir='ltr'><strong>Quocirca</strong></span> <span class='ocrx_word' id='word_1_330' title='bbox 1592 2603 1822 2658; x_wconf 82' lang='lat' dir='ltr'><strong>Verbum</strong></span> <span class='ocrx_word' id='word_1_331' title='bbox 1851 2620 1976 2661; x_wconf 89' lang='lat' dir='ltr'><strong>caro</strong></span> 
     </span>
    </p>
   </div>
   <div class='ocr_carea' id='block_1_42' title="bbox 406 2689 1973 2760">
    <p class='ocr_par' dir='ltr' id='par_1_42' title="bbox 406 2689 1973 2760">
     <span class='ocr_line' id='line_1_42' title="bbox 406 2689 1973 2760; baseline 0.01 -24"><span class='ocrx_word' id='word_1_332' title='bbox 406 2704 424 2736; x_wconf 83' lang='grc' dir='ltr'>ι</span> <span class='ocrx_word' id='word_1_333' title='bbox 473 2689 672 2755; x_wconf 78' lang='lat' dir='ltr'><strong>ahSque</strong></span> <span class='ocrx_word' id='word_1_334' title='bbox 695 2689 797 2742; x_wconf 86' lang='lat' dir='ltr'><strong>ulla</strong></span> <span class='ocrx_word' id='word_1_335' title='bbox 831 2692 1124 2759; x_wconf 79' lang='lat' dir='ltr'><strong>mutatione</strong></span> <span class='ocrx_word' id='word_1_336' title='bbox 1145 2693 1212 2746; x_wconf 91' lang='lat' dir='ltr'><strong>de</strong></span> <span class='ocrx_word' id='word_1_337' title='bbox 1231 2693 1434 2759; x_wconf 87' lang='lat' dir='ltr'><strong>Spiritu</strong></span> <span class='ocrx_word' id='word_1_338' title='bbox 1462 2695 1680 2760; x_wconf 87' lang='lat' dir='ltr'><strong>Sancto,</strong></span> <span class='ocrx_word' id='word_1_339' title='bbox 1702 2705 1756 2749; x_wconf 90' lang='lat' dir='ltr'><strong>et</strong></span> <span class='ocrx_word' id='word_1_340' title='bbox 1777 2696 1973 2752; x_wconf 90' lang='lat' dir='ltr'><strong>Sancta</strong></span> 
     </span>
    </p>
   </div>
   <div class='ocr_carea' id='block_1_43' title="bbox 408 2776 1972 2852">
    <p class='ocr_par' dir='ltr' id='par_1_43' title="bbox 408 2776 1972 2852">
     <span class='ocr_line' id='line_1_43' title="bbox 408 2776 1972 2852; baseline 0.01 -27"><span class='ocrx_word' id='word_1_341' title='bbox 408 2793 426 2825; x_wconf 75' lang='grc' dir='ltr'>ι</span> <span class='ocrx_word' id='word_1_342' title='bbox 472 2776 632 2829; x_wconf 82' lang='lat' dir='ltr'><strong>Maria</strong></span> <span class='ocrx_word' id='word_1_343' title='bbox 667 2792 882 2848; x_wconf 82' lang='lat' dir='ltr'><strong>semper</strong></span> <span class='ocrx_word' id='word_1_344' title='bbox 909 2779 1152 2850; x_wconf 84' lang='lat' dir='ltr'><strong>Virgine,</strong></span> <span class='ocrx_word' id='word_1_345' title='bbox 1202 2783 1402 2852; x_wconf 87' lang='lat' dir='ltr'><strong>Deique</strong></span> <span class='ocrx_word' id='word_1_346' title='bbox 1454 2784 1725 2840; x_wconf 84' lang='lat' dir='ltr'><strong>Genitrice</strong></span> <span class='ocrx_word' id='word_1_347' title='bbox 1775 2786 1972 2842; x_wconf 80' lang='lat' dir='ltr'><strong>factum</strong></span> 
     </span>
    </p>
   </div>
   <div class='ocr_carea' id='block_1_44' title="bbox 409 2869 1980 2939">
    <p class='ocr_par' dir='ltr' id='par_1_44' title="bbox 409 2869 1980 2939">
     <span class='ocr_line' id='line_1_44' title="bbox 409 2869 1980 2939; baseline 0.011 -21"><span class='ocrx_word' id='word_1_348' title='bbox 409 2885 428 2918; x_wconf 80' lang='grc' dir='ltr'>ι</span> <span class='ocrx_word' id='word_1_349' title='bbox 475 2879 550 2920; x_wconf 88' lang='lat' dir='ltr'><strong>est</strong></span> <span class='ocrx_word' id='word_1_350' title='bbox 587 2887 597 2920; x_wconf 92' lang='lat'><strong>:</strong></span> <span class='ocrx_word' id='word_1_351' title='bbox 631 2869 820 2939; x_wconf 83' lang='lat' dir='ltr'><strong>deique</strong></span> <span class='ocrx_word' id='word_1_352' title='bbox 841 2881 894 2924; x_wconf 86' lang='lat' dir='ltr'><strong>et</strong></span> <span class='ocrx_word' id='word_1_353' title='bbox 922 2872 1191 2927; x_wconf 85' lang='lat' dir='ltr'><strong>hominum</strong></span> <span class='ocrx_word' id='word_1_354' title='bbox 1220 2876 1478 2930; x_wconf 87' lang='lat' dir='ltr'><strong>mediator</strong></span> <span class='ocrx_word' id='word_1_355' title='bbox 1506 2879 1688 2932; x_wconf 80' lang='lat' dir='ltr'><strong>existit</strong></span> <span class='ocrx_word' id='word_1_356' title='bbox 1714 2880 1859 2934; x_wconf 90' lang='lat' dir='ltr'><strong>solus</strong></span> <span class='ocrx_word' id='word_1_357' title='bbox 1887 2880 1980 2935; x_wconf 87' lang='lat' dir='ltr'><strong>ille</strong></span> 
     </span>
    </p>
   </div>
   <div class='ocr_carea' id='block_1_45' title="bbox 411 2961 1978 3043">
    <p class='ocr_par' dir='ltr' id='par_1_45' title="bbox 411 2961 1978 3043">
     <span class='ocr_line' id='line_1_45' title="bbox 411 2961 1978 3043; baseline 0.009 -33"><span class='ocrx_word' id='word_1_358' title='bbox 411 2977 429 3010; x_wconf 83' lang='grc' dir='ltr'>ι</span> <span class='ocrx_word' id='word_1_359' title='bbox 477 2961 528 3012; x_wconf 92' lang='lat' dir='ltr'><strong>in</strong></span> <span class='ocrx_word' id='word_1_360' title='bbox 555 2961 799 3016; x_wconf 90' lang='lat' dir='ltr'><strong>homines</strong></span> <span class='ocrx_word' id='word_1_361' title='bbox 835 2962 1278 3033; x_wconf 85' lang='lat' dir='ltr'><strong>benignissimus,</strong></span> <span class='ocrx_word' id='word_1_362' title='bbox 1310 2982 1414 3020; x_wconf 87' lang='lat' dir='ltr'><strong>non</strong></span> <span class='ocrx_word' id='word_1_363' title='bbox 1449 2983 1514 3022; x_wconf 90' lang='lat' dir='ltr'><strong>ex</strong></span> <span class='ocrx_word' id='word_1_364' title='bbox 1544 2970 1856 3043; x_wconf 72' lang='lat' dir='ltr'><strong>voluntate,</strong></span> <span class='ocrx_word' id='word_1_365' title='bbox 1888 2980 1978 3024; x_wconf 91' lang='lat' dir='ltr'><strong>aut</strong></span> 
     </span>
    </p>
   </div>
   <div class='ocr_carea' id='block_1_46' title="bbox 411 3053 1977 3129">
    <p class='ocr_par' dir='ltr' id='par_1_46' title="bbox 411 3053 1977 3129">
     <span class='ocr_line' id='line_1_46' title="bbox 411 3053 1977 3129; baseline 0.011 -30"><span class='ocrx_word' id='word_1_366' title='bbox 411 3067 430 3099; x_wconf 82' lang='grc' dir='ltr'>ι</span> <span class='ocrx_word' id='word_1_367' title='bbox 476 3053 902 3119; x_wconf 86' lang='lat' dir='ltr'><strong>concupiscentia</strong></span> <span class='ocrx_word' id='word_1_368' title='bbox 921 3094 934 3117; x_wconf 90' lang='lat'><strong>,</strong></span> <span class='ocrx_word' id='word_1_369' title='bbox 960 3066 1046 3107; x_wconf 89' lang='lat' dir='ltr'><strong>aut</strong></span> <span class='ocrx_word' id='word_1_370' title='bbox 1071 3071 1363 3126; x_wconf 85' lang='lat' dir='ltr'><strong>congressu</strong></span> <span class='ocrx_word' id='word_1_371' title='bbox 1388 3059 1608 3122; x_wconf 85' lang='lat' dir='ltr'><strong>viri,aut</strong></span> <span class='ocrx_word' id='word_1_372' title='bbox 1629 3061 1977 3129; x_wconf 77' lang='lat' dir='ltr'><strong>generatione</strong></span> 
     </span>
    </p>
   </div>
   <div class='ocr_carea' id='block_1_47' title="bbox 412 3143 1978 3221">
    <p class='ocr_par' dir='ltr' id='par_1_47' title="bbox 412 3143 1978 3221">
     <span class='ocr_line' id='line_1_47' title="bbox 412 3143 1978 3221; baseline 0.01 -28"><span class='ocrx_word' id='word_1_373' title='bbox 412 3159 430 3192; x_wconf 83' lang='grc' dir='ltr'>ι</span> <span class='ocrx_word' id='word_1_374' title='bbox 477 3157 597 3194; x_wconf 90' lang='lat' dir='ltr'><strong>cum</strong></span> <span class='ocrx_word' id='word_1_375' title='bbox 629 3143 898 3211; x_wconf 81' lang='lat' dir='ltr'><strong>voluptate</strong></span> <span class='ocrx_word' id='word_1_376' title='bbox 941 3145 1242 3214; x_wconf 88' lang='lat' dir='ltr'><strong>conjuncta,</strong></span> <span class='ocrx_word' id='word_1_377' title='bbox 1299 3149 1349 3200; x_wconf 92' lang='lat' dir='ltr'><strong>in</strong></span> <span class='ocrx_word' id='word_1_378' title='bbox 1406 3149 1722 3205; x_wconf 88' lang='lat' dir='ltr'><strong>intemerato</strong></span> <span class='ocrx_word' id='word_1_379' title='bbox 1745 3152 1978 3221; x_wconf 79' lang='lat' dir='ltr'><strong>Virginis</strong></span> 
     </span>
    </p>
   </div>
   <div class='ocr_carea' id='block_1_48' title="bbox 2148 1959 3654 2030">
    <p class='ocr_par' dir='ltr' id='par_1_48' title="bbox 2148 1959 3654 2030">
     <span class='ocr_line' id='line_1_48' title="bbox 2148 1959 3654 2030; baseline 0.003 -18"><span class='ocrx_word' id='word_1_380' title='bbox 2148 1959 2308 2012; x_wconf 80' lang='lat' dir='ltr'><strong>Marc.</strong></span> <span class='ocrx_word' id='word_1_381' title='bbox 2321 1973 2435 2027; x_wconf 88' lang='lat' dir='ltr'><strong>cap.</strong></span> <span class='ocrx_word' id='word_1_382' title='bbox 2459 1975 2494 2023; x_wconf 88' lang='grc' dir='ltr'>ι,</span> <span class='ocrx_word' id='word_1_383' title='bbox 2513 1959 2799 2024; x_wconf 82' lang='lat' dir='ltr'><strong>tt,Veron.</strong></span> <span class='ocrx_word' id='word_1_384' title='bbox 2811 2001 2826 2026; x_wconf 95' lang='lat'><strong>,</strong></span> <span class='ocrx_word' id='word_1_385' title='bbox 2845 1961 2896 2013; x_wconf 87' lang='lat' dir='ltr'><strong>in</strong></span> <span class='ocrx_word' id='word_1_386' title='bbox 2910 1977 3008 2030; x_wconf 82' lang='lat' dir='ltr'><strong>quo</strong></span> <span class='ocrx_word' id='word_1_387' title='bbox 3021 1963 3141 2015; x_wconf 90' lang='lat' dir='ltr'><strong>bene</strong></span> <span class='ocrx_word' id='word_1_388' title='bbox 3160 1963 3345 2029; x_wconf 82' lang='lat' dir='ltr'><strong>placuit</strong></span> <span class='ocrx_word' id='word_1_389' title='bbox 3363 1963 3506 2030; x_wconf 82' lang='lat' dir='ltr'><strong>mihi,</strong></span> <span class='ocrx_word' id='word_1_390' title='bbox 3529 1961 3654 2018; x_wconf 87' lang='lat' dir='ltr'><strong>Bri-</strong></span> 
     </span>
    </p>
   </div>
   <div class='ocr_carea' id='block_1_49' title="bbox 2076 2048 3653 2119">
    <p class='ocr_par' dir='ltr' id='par_1_49' title="bbox 2076 2048 3653 2119">
     <span class='ocr_line' id='line_1_49' title="bbox 2076 2048 3653 2119; baseline 0.003 -19"><span class='ocrx_word' id='word_1_391' title='bbox 2076 2049 2196 2101; x_wconf 86' lang='lat' dir='ltr'><strong>xian</strong></span> <span class='ocrx_word' id='word_1_392' title='bbox 2207 2049 2311 2117; x_wconf 88' lang='lat' dir='ltr'><strong>.qui</strong></span> <span class='ocrx_word' id='word_1_393' title='bbox 2326 2048 2448 2100; x_wconf 84' lang='lat' dir='ltr'><strong>mihi</strong></span> <span class='ocrx_word' id='word_1_394' title='bbox 2460 2049 2579 2103; x_wconf 84' lang='lat' dir='ltr'><strong>bene</strong></span> <span class='ocrx_word' id='word_1_395' title='bbox 2591 2065 2699 2102; x_wconf 85' lang='lat' dir='ltr'><strong>com</strong></span> <span class='ocrx_word' id='word_1_396' title='bbox 2705 2050 2960 2118; x_wconf 85' lang='lat' dir='ltr'><strong>placuisti.</strong></span> <span class='ocrx_word' id='word_1_397' title='bbox 2972 2050 3141 2104; x_wconf 67' lang='lat' dir='ltr'><strong>Grmci</strong></span> <span class='ocrx_word' id='word_1_398' title='bbox 3157 2051 3366 2106; x_wconf 83' lang='lat' dir='ltr'><strong>codices</strong></span> <span class='ocrx_word' id='word_1_399' title='bbox 3381 2052 3653 2119; x_wconf 85' lang='lat' dir='ltr'><strong>impressi,</strong></span> 
     </span>
    </p>
   </div>
   <div class='ocr_carea' id='block_1_50' title="bbox 2080 2139 3649 2207">
    <p class='ocr_par' dir='ltr' id='par_1_50' title="bbox 2080 2139 3649 2207">
     <span class='ocr_line' id='line_1_50' title="bbox 2080 2139 3649 2207; baseline 0.006 -21"><span class='ocrx_word' id='word_1_400' title='bbox 2080 2145 2134 2191; x_wconf 70' lang='grc' dir='ltr'>ιιι</span> <span class='ocrx_word' id='word_1_401' title='bbox 2174 2152 2333 2192; x_wconf 92' lang='lat' dir='ltr'><strong>manu</strong></span> <span class='ocrx_word' id='word_1_402' title='bbox 2364 2140 2566 2192; x_wconf 81' lang='lat' dir='ltr'><strong>exarati</strong></span> <span class='ocrx_word' id='word_1_403' title='bbox 2593 2139 2954 2207; x_wconf 87' lang='lat' dir='ltr'><strong>quamplures,</strong></span> <span class='ocrx_word' id='word_1_404' title='bbox 2985 2150 3105 2193; x_wconf 88' lang='lat' dir='ltr'><strong>cum</strong></span> <span class='ocrx_word' id='word_1_405' title='bbox 3143 2139 3389 2193; x_wconf 73' lang='lat' dir='ltr'><strong>Mattlueo</strong></span> <span class='ocrx_word' id='word_1_406' title='bbox 3413 2154 3649 2195; x_wconf 79' lang='lat' dir='ltr'><strong>consen-</strong></span> 
     </span>
    </p>
   </div>
   <div class='ocr_carea' id='block_1_51' title="bbox 2079 2229 3658 2300">
    <p class='ocr_par' dir='ltr' id='par_1_51' title="bbox 2079 2229 3658 2300">
     <span class='ocr_line' id='line_1_51' title="bbox 2079 2229 3658 2300; baseline 0.001 -17"><span class='ocrx_word' id='word_1_407' title='bbox 2079 2231 2296 2294; x_wconf 84' lang='lat' dir='ltr'><strong>tientes,</strong></span> <span class='ocrx_word' id='word_1_408' title='bbox 2324 2229 2539 2293; x_wconf 79' lang='lat' dir='ltr'><strong>habent,</strong></span> <span class='ocrx_word' id='word_1_409' title='bbox 2564 2231 2617 2283; x_wconf 89' lang='lat' dir='ltr'><strong>in</strong></span> <span class='ocrx_word' id='word_1_410' title='bbox 2639 2246 2734 2299; x_wconf 90' lang='lat' dir='ltr'><strong>quo</strong></span> <span class='ocrx_word' id='word_1_411' title='bbox 2754 2231 3059 2298; x_wconf 83' lang='lat' dir='ltr'><strong>comptaeui.</strong></span> <span class='ocrx_word' id='word_1_412' title='bbox 3085 2229 3323 2300; x_wconf 69' lang='lat' dir='ltr'><strong>Vulgata:</strong></span> <span class='ocrx_word' id='word_1_413' title='bbox 3346 2229 3521 2287; x_wconf 77' lang='lat' dir='ltr'><strong>favent</strong></span> <span class='ocrx_word' id='word_1_414' title='bbox 3549 2231 3658 2285; x_wconf 84' lang='lat' dir='ltr'><strong>Lu-</strong></span> 
     </span>
    </p>
   </div>
   <div class='ocr_carea' id='block_1_52' title="bbox 2077 2321 3058 2389">
    <p class='ocr_par' dir='ltr' id='par_1_52' title="bbox 2077 2321 3058 2389">
     <span class='ocr_line' id='line_1_52' title="bbox 2077 2321 3058 2389; baseline 0 -15"><span class='ocrx_word' id='word_1_415' title='bbox 2077 2333 2189 2384; x_wconf 88' lang='lat' dir='ltr'><strong>cas,</strong></span> <span class='ocrx_word' id='word_1_416' title='bbox 2212 2329 2266 2374; x_wconf 91' lang='lat' dir='ltr'><strong>et</strong></span> <span class='ocrx_word' id='word_1_417' title='bbox 2294 2321 2463 2389; x_wconf 84' lang='lat' dir='ltr'><strong>major</strong></span> <span class='ocrx_word' id='word_1_418' title='bbox 2495 2321 2752 2374; x_wconf 90' lang='lat' dir='ltr'><strong>librorum</strong></span> <span class='ocrx_word' id='word_1_419' title='bbox 2783 2336 3058 2376; x_wconf 79' lang='lat' dir='ltr'><strong>numerus.</strong></span> 
     </span>
    </p>
   </div>
   <div class='ocr_carea' id='block_1_53' title="bbox 2149 2409 3656 2479">
    <p class='ocr_par' dir='ltr' id='par_1_53' title="bbox 2149 2409 3656 2479">
     <span class='ocr_line' id='line_1_53' title="bbox 2149 2409 3656 2479; baseline 0.003 -16"><span class='ocrx_word' id='word_1_420' title='bbox 2149 2409 2312 2464; x_wconf 77' lang='lat' dir='ltr'><strong>Marc.</strong></span> <span class='ocrx_word' id='word_1_421' title='bbox 2358 2425 2476 2479; x_wconf 87' lang='lat' dir='ltr'><strong>cap.</strong></span> <span class='ocrx_word' id='word_1_422' title='bbox 2531 2425 2623 2476; x_wconf 79' lang='lat' dir='ltr'><strong>vr,</strong></span> <span class='ocrx_word' id='word_1_423' title='bbox 2673 2411 2778 2474; x_wconf 87' lang='grc'><strong>55,</strong></span> <span class='ocrx_word' id='word_1_424' title='bbox 2841 2411 3151 2478; x_wconf 90' lang='lat' dir='ltr'><strong>Veronen.,</strong></span> <span class='ocrx_word' id='word_1_425' title='bbox 3211 2419 3259 2466; x_wconf 90' lang='lat' dir='ltr'><strong>et</strong></span> <span class='ocrx_word' id='word_1_426' title='bbox 3316 2420 3656 2467; x_wconf 80' lang='lat' dir='ltr'><strong>convenerunt</strong></span> 
     </span>
    </p>
   </div>
   <div class='ocr_carea' id='block_1_54' title="bbox 2077 2499 3653 2571">
    <p class='ocr_par' dir='ltr' id='par_1_54' title="bbox 2077 2499 3653 2571">
     <span class='ocr_line' id='line_1_54' title="bbox 2077 2499 3653 2571; baseline 0.002 -18"><span class='ocrx_word' id='word_1_427' title='bbox 2077 2500 2223 2554; x_wconf 86' lang='lat' dir='ltr'><strong>illuc.</strong></span> <span class='ocrx_word' id='word_1_428' title='bbox 2254 2499 2474 2556; x_wconf 57' lang='lat' dir='ltr'><strong>Graecus</strong></span> <span class='ocrx_word' id='word_1_429' title='bbox 2497 2505 2706 2571; x_wconf 83' lang='lat' dir='ltr'><strong>quoque</strong></span> <span class='ocrx_word' id='word_1_430' title='bbox 2738 2510 2913 2557; x_wconf 87' lang='lat' dir='ltr'><strong>textus</strong></span> <span class='ocrx_word' id='word_1_431' title='bbox 2941 2502 3109 2567; x_wconf 85' lang='lat' dir='ltr'><strong>addit,</strong></span> <span class='ocrx_word' id='word_1_432' title='bbox 3140 2511 3188 2557; x_wconf 91' lang='lat' dir='ltr'><strong>et</strong></span> <span class='ocrx_word' id='word_1_433' title='bbox 3215 2513 3553 2558; x_wconf 73' lang='lat' dir='ltr'><strong>conuenerunt</strong></span> <span class='ocrx_word' id='word_1_434' title='bbox 3582 2503 3653 2556; x_wconf 89' lang='lat' dir='ltr'><strong>ad</strong></span> 
     </span>
    </p>
   </div>
   <div class='ocr_carea' id='block_1_55' title="bbox 2078 2594 2247 2648">
    <p class='ocr_par' dir='ltr' id='par_1_55' title="bbox 2078 2594 2247 2648">
     <span class='ocr_line' id='line_1_55' title="bbox 2078 2594 2247 2648; baseline 0.012 -2"><span class='ocrx_word' id='word_1_435' title='bbox 2078 2594 2247 2648; x_wconf 88' lang='lat' dir='ltr'><strong>illum.</strong></span> 
     </span>
    </p>
   </div>
   <div class='ocr_carea' id='block_1_56' title="bbox 2151 2684 3656 2762">
    <p class='ocr_par' dir='ltr' id='par_1_56' title="bbox 2151 2684 3656 2762">
     <span class='ocr_line' id='line_1_56' title="bbox 2151 2684 3656 2762; baseline 0.001 -24"><span class='ocrx_word' id='word_1_436' title='bbox 2151 2684 2340 2762; x_wconf 76' lang='lat' dir='ltr'><strong>Matth.</strong></span> <span class='ocrx_word' id='word_1_437' title='bbox 2369 2699 2488 2754; x_wconf 81' lang='lat' dir='ltr'><strong>cap.</strong></span> <span class='ocrx_word' id='word_1_438' title='bbox 2529 2701 2627 2752; x_wconf 92' lang='lat' dir='ltr'><strong>xu,</strong></span> <span class='ocrx_word' id='word_1_439' title='bbox 2659 2687 2746 2741; x_wconf 85' lang='grc'>51.</span> <span class='ocrx_word' id='word_1_440' title='bbox 2780 2686 3071 2751; x_wconf 88' lang='lat' dir='ltr'><strong>Veronen.,</strong></span> <span class='ocrx_word' id='word_1_441' title='bbox 3099 2687 3187 2754; x_wconf 83' lang='lat' dir='ltr'><strong>qui</strong></span> <span class='ocrx_word' id='word_1_442' title='bbox 3213 2694 3380 2739; x_wconf 85' lang='lat' dir='ltr'><strong>autem</strong></span> <span class='ocrx_word' id='word_1_443' title='bbox 3409 2686 3462 2739; x_wconf 88' lang='lat' dir='ltr'><strong>in</strong></span> <span class='ocrx_word' id='word_1_444' title='bbox 3485 2685 3656 2762; x_wconf 73' lang='lat' dir='ltr'><strong>Spiri-</strong></span> 
     </span>
    </p>
   </div>
   <div class='ocr_carea' id='block_1_57' title="bbox 2079 2773 3656 2850">
    <p class='ocr_par' dir='ltr' id='par_1_57' title="bbox 2079 2773 3656 2850">
     <span class='ocr_line' id='line_1_57' title="bbox 2079 2773 3656 2850; baseline 0.003 -24"><span class='ocrx_word' id='word_1_445' title='bbox 2079 2783 2185 2826; x_wconf 85' lang='lat' dir='ltr'><strong>tum</strong></span> <span class='ocrx_word' id='word_1_446' title='bbox 2208 2773 2452 2829; x_wconf 86' lang='lat' dir='ltr'><strong>Sanctum</strong></span> <span class='ocrx_word' id='word_1_447' title='bbox 2471 2775 2920 2850; x_wconf 79' lang='lat' dir='ltr'><strong>blasphemauerit,</strong></span> <span class='ocrx_word' id='word_1_448' title='bbox 2941 2791 3040 2830; x_wconf 89' lang='lat' dir='ltr'><strong>non</strong></span> <span class='ocrx_word' id='word_1_449' title='bbox 3070 2777 3348 2829; x_wconf 82' lang='lat' dir='ltr'><strong>remittetur</strong></span> <span class='ocrx_word' id='word_1_450' title='bbox 3371 2776 3450 2829; x_wconf 87' lang='lat' dir='ltr'><strong>illi</strong></span> <span class='ocrx_word' id='word_1_451' title='bbox 3476 2792 3656 2846; x_wconf 81' lang='lat' dir='ltr'><strong>pecca-</strong></span> 
     </span>
    </p>
   </div>
   <div class='ocr_carea' id='block_1_58' title="bbox 2079 2862 3655 2938">
    <p class='ocr_par' dir='ltr' id='par_1_58' title="bbox 2079 2862 3655 2938">
     <span class='ocr_line' id='line_1_58' title="bbox 2079 2862 3655 2938; baseline 0.004 -22"><span class='ocrx_word' id='word_1_452' title='bbox 2079 2873 2204 2928; x_wconf 88' lang='lat' dir='ltr'><strong>tum,</strong></span> <span class='ocrx_word' id='word_1_453' title='bbox 2232 2862 2514 2919; x_wconf 87' lang='lat' dir='ltr'><strong>Corbeien.</strong></span> <span class='ocrx_word' id='word_1_454' title='bbox 2547 2867 2635 2937; x_wconf 87' lang='lat' dir='ltr'><strong>qui</strong></span> <span class='ocrx_word' id='word_1_455' title='bbox 2645 2871 2822 2920; x_wconf 80' lang='lat' dir='ltr'><strong>autem</strong></span> <span class='ocrx_word' id='word_1_456' title='bbox 2851 2870 2905 2921; x_wconf 87' lang='lat' dir='ltr'><strong>in</strong></span> <span class='ocrx_word' id='word_1_457' title='bbox 2936 2866 3187 2936; x_wconf 84' lang='lat' dir='ltr'><strong>Spiritum</strong></span> <span class='ocrx_word' id='word_1_458' title='bbox 3213 2867 3308 2922; x_wconf 87' lang='lat' dir='ltr'><strong>Dei</strong></span> <span class='ocrx_word' id='word_1_459' title='bbox 3332 2868 3655 2938; x_wconf 75' lang='lat' dir='ltr'><strong>blasphema-</strong></span> 
     </span>
    </p>
   </div>
   <div class='ocr_carea' id='block_1_59' title="bbox 2062 2957 3659 3028">
    <p class='ocr_par' dir='ltr' id='par_1_59' title="bbox 2062 2957 3659 3028">
     <span class='ocr_line' id='line_1_59' title="bbox 2062 2957 3659 3028; baseline 0.003 -19"><span class='ocrx_word' id='word_1_460' title='bbox 2062 2957 2224 3022; x_wconf 70' lang='lat' dir='ltr'><strong>eerit,</strong></span> <span class='ocrx_word' id='word_1_461' title='bbox 2255 2974 2354 3009; x_wconf 83' lang='lat' dir='ltr'><strong>non</strong></span> <span class='ocrx_word' id='word_1_462' title='bbox 2389 2958 2670 3012; x_wconf 84' lang='lat' dir='ltr'><strong>remittetur</strong></span> <span class='ocrx_word' id='word_1_463' title='bbox 2707 2960 2774 3024; x_wconf 87' lang='lat' dir='ltr'><strong>ei,</strong></span> <span class='ocrx_word' id='word_1_464' title='bbox 2802 2958 3036 3014; x_wconf 76' lang='lat' dir='ltr'><strong>Brixian.</strong></span> <span class='ocrx_word' id='word_1_465' title='bbox 3071 2958 3300 3028; x_wconf 81' lang='lat' dir='ltr'><strong>Spiritus</strong></span> <span class='ocrx_word' id='word_1_466' title='bbox 3334 2961 3659 3014; x_wconf 54' lang='lat' dir='ltr'><strong>autem‘blas-</strong></span> 
     </span>
    </p>
   </div>
   <div class='ocr_carea' id='block_1_60' title="bbox 2083 3048 3654 3129">
    <p class='ocr_par' dir='ltr' id='par_1_60' title="bbox 2083 3048 3654 3129">
     <span class='ocr_line' id='line_1_60' title="bbox 2083 3048 3654 3129; baseline 0.004 -30"><span class='ocrx_word' id='word_1_467' title='bbox 2083 3048 2282 3116; x_wconf 79' lang='lat' dir='ltr'><strong>phemia</strong></span> <span class='ocrx_word' id='word_1_468' title='bbox 2309 3064 2408 3102; x_wconf 90' lang='lat' dir='ltr'><strong>non</strong></span> <span class='ocrx_word' id='word_1_469' title='bbox 2439 3050 3047 3129; x_wconf 58' lang='lat' dir='ltr'><strong>remitteturjtominibus.</strong></span> <span class='ocrx_word' id='word_1_470' title='bbox 3076 3050 3134 3107; x_wconf 86' lang='lat' dir='ltr'><strong>S.</strong></span> <span class='ocrx_word' id='word_1_471' title='bbox 3167 3051 3366 3106; x_wconf 81' lang='lat' dir='ltr'><strong>Athan.</strong></span> <span class='ocrx_word' id='word_1_472' title='bbox 3389 3053 3440 3104; x_wconf 92' lang='lat' dir='ltr'><strong>in</strong></span> <span class='ocrx_word' id='word_1_473' title='bbox 3467 3051 3561 3105; x_wconf 69' lang='lat' dir='ltr'><strong>lib:</strong></span> <span class='ocrx_word' id='word_1_474' title='bbox 3586 3051 3654 3106; x_wconf 86' lang='lat' dir='ltr'><strong>de</strong></span> 
     </span>
    </p>
   </div>
   <div class='ocr_carea' id='block_1_61' title="bbox 2082 3138 3653 3212">
    <p class='ocr_par' dir='ltr' id='par_1_61' title="bbox 2082 3138 3653 3212">
     <span class='ocr_line' id='line_1_61' title="bbox 2082 3138 3653 3212; baseline 0.003 -21"><span class='ocrx_word' id='word_1_475' title='bbox 2082 3138 2277 3193; x_wconf 85' lang='lat' dir='ltr'><strong>Trinit.</strong></span> <span class='ocrx_word' id='word_1_476' title='bbox 2297 3138 2452 3194; x_wconf 87' lang='lat' dir='ltr'><strong>Tom.</strong></span> <span class='ocrx_word' id='word_1_477' title='bbox 2472 3156 2646 3212; x_wconf 83' lang='lat' dir='ltr'><strong>t,pag.</strong></span> <span class='ocrx_word' id='word_1_478' title='bbox 2673 3142 2800 3206; x_wconf 85' lang='grc'><strong>981,</strong></span> <span class='ocrx_word' id='word_1_479' title='bbox 2827 3144 2913 3212; x_wconf 84' lang='lat' dir='ltr'><strong>qui</strong></span> <span class='ocrx_word' id='word_1_480' title='bbox 2942 3151 3106 3196; x_wconf 83' lang='lat' dir='ltr'><strong>autem</strong></span> <span class='ocrx_word' id='word_1_481' title='bbox 3143 3142 3564 3209; x_wconf 71' lang='lat' dir='ltr'><strong>blasphemarerit</strong></span> <span class='ocrx_word' id='word_1_482' title='bbox 3601 3144 3653 3196; x_wconf 90' lang='lat' dir='ltr'><strong>in</strong></span> 
     </span>
    </p>
   </div>
   <div class='ocr_carea' id='block_1_62' title="bbox 413 3228 1981 3313">
    <p class='ocr_par' dir='ltr' id='par_1_62' title="bbox 413 3236 1978 3313">
     <span class='ocr_line' id='line_1_62' title="bbox 413 3236 1978 3313; baseline 0.01 -30"><span class='ocrx_word' id='word_1_483' title='bbox 413 3251 430 3283; x_wconf 86' lang='grc' dir='ltr'>ι</span> <span class='ocrx_word' id='word_1_484' title='bbox 481 3244 631 3286; x_wconf 89' lang='lat' dir='ltr'><strong>utero</strong></span> <span class='ocrx_word' id='word_1_485' title='bbox 661 3245 970 3302; x_wconf 86' lang='lat' dir='ltr'><strong>conceptus,</strong></span> <span class='ocrx_word' id='word_1_486' title='bbox 999 3237 1090 3288; x_wconf 87' lang='lat' dir='ltr'><strong>sed</strong></span> <span class='ocrx_word' id='word_1_487' title='bbox 1116 3236 1184 3291; x_wconf 86' lang='lat' dir='ltr'><strong>de</strong></span> <span class='ocrx_word' id='word_1_488' title='bbox 1214 3237 1413 3307; x_wconf 88' lang='lat' dir='ltr'><strong>Spiritu</strong></span> <span class='ocrx_word' id='word_1_489' title='bbox 1453 3238 1649 3296; x_wconf 89' lang='lat' dir='ltr'><strong>Sancto</strong></span> <span class='ocrx_word' id='word_1_490' title='bbox 1672 3282 1687 3307; x_wconf 97' lang='lat'><strong>,</strong></span> <span class='ocrx_word' id='word_1_491' title='bbox 1717 3257 1778 3296; x_wconf 79' lang='lat' dir='ltr'><strong>ac</strong></span> <span class='ocrx_word' id='word_1_492' title='bbox 1807 3243 1978 3313; x_wconf 89' lang='lat' dir='ltr'><strong>prima</strong></span> 
     </span>
    </p>
   </div>
   <div class='ocr_carea' id='block_1_63' title="bbox 2096 3228 3652 3313">
    <p class='ocr_par' dir='ltr' id='par_1_63' title="bbox 2096 3228 3652 3300">
     <span class='ocr_line' id='line_1_63' title="bbox 2096 3228 3652 3300; baseline 0 -15"><span class='ocrx_word' id='word_1_493' title='bbox 2096 3228 2279 3299; x_wconf 64' lang='lat' dir='ltr'><strong>Spiritu</strong></span> <span class='ocrx_word' id='word_1_494' title='bbox 2308 3229 2498 3285; x_wconf 87' lang='lat' dir='ltr'><strong>Sancto</strong></span> <span class='ocrx_word' id='word_1_495' title='bbox 2527 3249 2627 3285; x_wconf 90' lang='lat' dir='ltr'><strong>non</strong></span> <span class='ocrx_word' id='word_1_496' title='bbox 2667 3233 2949 3287; x_wconf 77' lang='lat' dir='ltr'><strong>remittetur</strong></span> <span class='ocrx_word' id='word_1_497' title='bbox 2971 3233 3034 3300; x_wconf 89' lang='lat' dir='ltr'><strong>ei,</strong></span> <span class='ocrx_word' id='word_1_498' title='bbox 3081 3239 3136 3286; x_wconf 81' lang='lat' dir='ltr'><strong>e&#39;t</strong></span> <span class='ocrx_word' id='word_1_499' title='bbox 3163 3233 3216 3285; x_wconf 90' lang='lat' dir='ltr'><strong>in</strong></span> <span class='ocrx_word' id='word_1_500' title='bbox 3239 3229 3427 3300; x_wconf 81' lang='lat' dir='ltr'><strong>fragm.</strong></span> <span class='ocrx_word' id='word_1_501' title='bbox 3458 3245 3652 3285; x_wconf 88' lang='lat' dir='ltr'><strong>secun-</strong></span> 
     </span>
    </p>
   </div>
   <div class='ocr_carea' id='block_1_64' title="bbox 415 3325 1260 3400">
    <p class='ocr_par' dir='ltr' id='par_1_64' title="bbox 415 3325 1260 3400">
     <span class='ocr_line' id='line_1_64' title="bbox 415 3325 1260 3400; baseline 0.004 -24"><span class='ocrx_word' id='word_1_502' title='bbox 415 3343 433 3376; x_wconf 83' lang='grc' dir='ltr'>ι</span> <span class='ocrx_word' id='word_1_503' title='bbox 485 3325 567 3379; x_wconf 89' lang='lat' dir='ltr'><strong>illa</strong></span> <span class='ocrx_word' id='word_1_504' title='bbox 599 3326 783 3379; x_wconf 82' lang='lat' dir='ltr'><strong>Adami</strong></span> <span class='ocrx_word' id='word_1_505' title='bbox 811 3328 1174 3394; x_wconf 84' lang='lat' dir='ltr'><strong>productione.</strong></span> <span class='ocrx_word' id='word_1_506' title='bbox 1213 3345 1260 3400; x_wconf 41' lang='grc' dir='ltr'>ι,</span> 
     </span>
    </p>
   </div>
   <div class='ocr_carea' id='block_1_65' title="bbox 480 3416 1980 3486">
    <p class='ocr_par' dir='ltr' id='par_1_65' title="bbox 480 3416 1980 3486">
     <span class='ocr_line' id='line_1_65' title="bbox 480 3416 1980 3486; baseline 0.005 -17"><span class='ocrx_word' id='word_1_507' title='bbox 480 3416 664 3469; x_wconf 81' lang='lat' dir='ltr'><strong>Matth.</strong></span> <span class='ocrx_word' id='word_1_508' title='bbox 691 3432 806 3486; x_wconf 89' lang='lat' dir='ltr'><strong>cap.</strong></span> <span class='ocrx_word' id='word_1_509' title='bbox 834 3433 889 3481; x_wconf 82' lang='grc' dir='ltr'><strong>ν,</strong></span> <span class='ocrx_word' id='word_1_510' title='bbox 916 3419 968 3480; x_wconf 92' lang='grc'>1,</span> <span class='ocrx_word' id='word_1_511' title='bbox 996 3419 1167 3484; x_wconf 88' lang='lat' dir='ltr'><strong>deest,</strong></span> <span class='ocrx_word' id='word_1_512' title='bbox 1193 3417 1365 3484; x_wconf 84' lang='lat' dir='ltr'><strong>Iesus,</strong></span> <span class='ocrx_word' id='word_1_513' title='bbox 1389 3421 1440 3475; x_wconf 91' lang='lat' dir='ltr'><strong>in</strong></span> <span class='ocrx_word' id='word_1_514' title='bbox 1458 3421 1653 3476; x_wconf 86' lang='lat' dir='ltr'><strong>Veron.</strong></span> <span class='ocrx_word' id='word_1_515' title='bbox 1679 3421 1980 3476; x_wconf 87' lang='lat' dir='ltr'><strong>etBrixian.</strong></span> 
     </span>
    </p>
   </div>
   <div class='ocr_carea' id='block_1_66' title="bbox 411 3506 1982 3582">
    <p class='ocr_par' dir='ltr' id='par_1_66' title="bbox 411 3506 1982 3582">
     <span class='ocr_line' id='line_1_66' title="bbox 411 3506 1982 3582; baseline 0.004 -21"><span class='ocrx_word' id='word_1_516' title='bbox 411 3517 464 3561; x_wconf 91' lang='lat' dir='ltr'><strong>et</strong></span> <span class='ocrx_word' id='word_1_517' title='bbox 492 3507 560 3560; x_wconf 90' lang='lat' dir='ltr'><strong>ita</strong></span> <span class='ocrx_word' id='word_1_518' title='bbox 607 3507 659 3560; x_wconf 92' lang='lat' dir='ltr'><strong>in</strong></span> <span class='ocrx_word' id='word_1_519' title='bbox 698 3516 845 3562; x_wconf 90' lang='lat' dir='ltr'><strong>textu</strong></span> <span class='ocrx_word' id='word_1_520' title='bbox 884 3507 1102 3574; x_wconf 69' lang='lat' dir='ltr'><strong>Gnaeo,</strong></span> <span class='ocrx_word' id='word_1_521' title='bbox 1145 3525 1353 3566; x_wconf 87' lang='lat' dir='ltr'><strong>necnon</strong></span> <span class='ocrx_word' id='word_1_522' title='bbox 1396 3512 1448 3565; x_wconf 91' lang='lat' dir='ltr'><strong>in</strong></span> <span class='ocrx_word' id='word_1_523' title='bbox 1481 3513 1748 3582; x_wconf 87' lang='lat' dir='ltr'><strong>plerisque</strong></span> <span class='ocrx_word' id='word_1_524' title='bbox 1779 3506 1982 3570; x_wconf 86' lang='lat' dir='ltr'><strong>Latinis</strong></span> 
     </span>
    </p>
   </div>
   <div class='ocr_carea' id='block_1_67' title="bbox 414 3599 1950 3666">
    <p class='ocr_par' dir='ltr' id='par_1_67' title="bbox 414 3599 1950 3666">
     <span class='ocr_line' id='line_1_67' title="bbox 414 3599 1950 3666; baseline 0.006 -16"><span class='ocrx_word' id='word_1_525' title='bbox 414 3611 542 3650; x_wconf 89' lang='lat' dir='ltr'><strong>mss.</strong></span> <span class='ocrx_word' id='word_1_526' title='bbox 571 3599 948 3654; x_wconf 72' lang='lat' dir='ltr'><strong>vetusnoribus</strong></span> <span class='ocrx_word' id='word_1_527' title='bbox 979 3599 1240 3654; x_wconf 59' lang='lat' dir='ltr'><strong>Vaticana;</strong></span> <span class='ocrx_word' id='word_1_528' title='bbox 1272 3601 1634 3658; x_wconf 58' lang='lat' dir='ltr'><strong>Bibliotheca.</strong></span> <span class='ocrx_word' id='word_1_529' title='bbox 1780 3650 1790 3666; x_wconf 87' lang='lat'><strong>,</strong></span> <span class='ocrx_word' id='word_1_530' title='bbox 1919 3621 1950 3639; x_wconf 64' lang='grc' dir='ltr'><em>κ</em></span> 
     </span>
    </p>
   </div>
   <div class='ocr_carea' id='block_1_68' title="bbox 483 3685 1984 3757">
    <p class='ocr_par' dir='ltr' id='par_1_68' title="bbox 483 3685 1984 3757">
     <span class='ocr_line' id='line_1_68' title="bbox 483 3685 1984 3757; baseline 0.005 -17"><span class='ocrx_word' id='word_1_531' title='bbox 483 3685 666 3742; x_wconf 82' lang='lat' dir='ltr'><strong>Matth.</strong></span> <span class='ocrx_word' id='word_1_532' title='bbox 710 3704 828 3757; x_wconf 87' lang='lat' dir='ltr'><strong>cap.</strong></span> <span class='ocrx_word' id='word_1_533' title='bbox 872 3705 945 3752; x_wconf 86' lang='lat' dir='ltr'><strong>tx,</strong></span> <span class='ocrx_word' id='word_1_534' title='bbox 973 3688 1065 3753; x_wconf 74' lang='grc'><strong>28,</strong></span> <span class='ocrx_word' id='word_1_535' title='bbox 1111 3691 1161 3744; x_wconf 94' lang='lat' dir='ltr'><strong>in</strong></span> <span class='ocrx_word' id='word_1_536' title='bbox 1193 3689 1389 3745; x_wconf 86' lang='lat' dir='ltr'><strong>Veron.</strong></span> <span class='ocrx_word' id='word_1_537' title='bbox 1425 3691 1594 3745; x_wconf 89' lang='lat' dir='ltr'><strong>deest.</strong></span> <span class='ocrx_word' id='word_1_538' title='bbox 1636 3692 1792 3757; x_wconf 78' lang='lat' dir='ltr'><strong>vobis,</strong></span> <span class='ocrx_word' id='word_1_539' title='bbox 1825 3701 1880 3746; x_wconf 90' lang='lat' dir='ltr'><strong>et</strong></span> <span class='ocrx_word' id='word_1_540' title='bbox 1913 3696 1984 3748; x_wconf 88' lang='lat' dir='ltr'><strong>ita</strong></span> 
     </span>
    </p>
   </div>
   <div class='ocr_carea' id='block_1_69' title="bbox 416 3778 1987 3850">
    <p class='ocr_par' dir='ltr' id='par_1_69' title="bbox 416 3778 1987 3850">
     <span class='ocr_line' id='line_1_69' title="bbox 416 3778 1987 3850; baseline 0.005 -20"><span class='ocrx_word' id='word_1_541' title='bbox 416 3778 465 3832; x_wconf 92' lang='lat' dir='ltr'><strong>in</strong></span> <span class='ocrx_word' id='word_1_542' title='bbox 496 3778 683 3832; x_wconf 68' lang='lat' dir='ltr'><strong>Gru-co</strong></span> <span class='ocrx_word' id='word_1_543' title='bbox 712 3780 1026 3850; x_wconf 87' lang='lat' dir='ltr'><strong>exemplari,</strong></span> <span class='ocrx_word' id='word_1_544' title='bbox 1058 3795 1122 3834; x_wconf 90' lang='lat' dir='ltr'><strong>ac</strong></span> <span class='ocrx_word' id='word_1_545' title='bbox 1144 3780 1195 3834; x_wconf 91' lang='lat' dir='ltr'><strong>in</strong></span> <span class='ocrx_word' id='word_1_546' title='bbox 1227 3780 1496 3835; x_wconf 89' lang='lat' dir='ltr'><strong>nonnullis</strong></span> <span class='ocrx_word' id='word_1_547' title='bbox 1518 3783 1898 3836; x_wconf 82' lang='lat' dir='ltr'><strong>vetustioribus</strong></span> <span class='ocrx_word' id='word_1_548' title='bbox 1926 3785 1987 3838; x_wconf 93' lang='lat' dir='ltr'><strong>li-</strong></span> 
     </span>
    </p>
   </div>
   <div class='ocr_carea' id='block_1_70' title="bbox 415 3868 991 3937">
    <p class='ocr_par' dir='ltr' id='par_1_70' title="bbox 415 3868 991 3937">
     <span class='ocr_line' id='line_1_70' title="bbox 415 3868 991 3937; baseline 0.005 -15"><span class='ocrx_word' id='word_1_549' title='bbox 415 3868 523 3922; x_wconf 86' lang='lat' dir='ltr'><strong>bris</strong></span> <span class='ocrx_word' id='word_1_550' title='bbox 555 3870 991 3937; x_wconf 75' lang='lat' dir='ltr'><strong>Evangeliorutn.</strong></span> 
     </span>
    </p>
   </div>
   <div class='ocr_carea' id='block_1_71' title="bbox 486 3960 1989 4030">
    <p class='ocr_par' dir='ltr' id='par_1_71' title="bbox 486 3960 1989 4030">
     <span class='ocr_line' id='line_1_71' title="bbox 486 3960 1989 4030; baseline 0.006 -20"><span class='ocrx_word' id='word_1_551' title='bbox 486 3960 667 4012; x_wconf 81' lang='lat' dir='ltr'><strong>Matth.</strong></span> <span class='ocrx_word' id='word_1_552' title='bbox 713 3975 834 4030; x_wconf 85' lang='lat' dir='ltr'><strong>cap.</strong></span> <span class='ocrx_word' id='word_1_553' title='bbox 869 3976 976 4026; x_wconf 86' lang='lat' dir='ltr'><strong>xxI,</strong></span> <span class='ocrx_word' id='word_1_554' title='bbox 1011 3965 1063 4025; x_wconf 78' lang='grc'><strong>4,</strong></span> <span class='ocrx_word' id='word_1_555' title='bbox 1100 3962 1152 4015; x_wconf 91' lang='lat' dir='ltr'><strong>in</strong></span> <span class='ocrx_word' id='word_1_556' title='bbox 1187 3961 1450 4016; x_wconf 90' lang='lat' dir='ltr'><strong>Veronen.</strong></span> <span class='ocrx_word' id='word_1_557' title='bbox 1479 3961 1763 4018; x_wconf 88' lang='lat' dir='ltr'><strong>Corbeien.</strong></span> <span class='ocrx_word' id='word_1_558' title='bbox 1794 3974 1849 4018; x_wconf 85' lang='lat' dir='ltr'><strong>et</strong></span> <span class='ocrx_word' id='word_1_559' title='bbox 1875 3965 1989 4019; x_wconf 84' lang='lat' dir='ltr'><strong>Bri-</strong></span> 
     </span>
    </p>
   </div>
   <div class='ocr_carea' id='block_1_72' title="bbox 420 4051 1986 4122">
    <p class='ocr_par' dir='ltr' id='par_1_72' title="bbox 420 4051 1986 4122">
     <span class='ocr_line' id='line_1_72' title="bbox 420 4051 1986 4122; baseline 0.004 -19"><span class='ocrx_word' id='word_1_560' title='bbox 420 4051 567 4104; x_wconf 82' lang='lat' dir='ltr'><strong>xiao.</strong></span> <span class='ocrx_word' id='word_1_561' title='bbox 610 4051 782 4117; x_wconf 85' lang='lat' dir='ltr'><strong>deest,</strong></span> <span class='ocrx_word' id='word_1_562' title='bbox 824 4065 1002 4107; x_wconf 88' lang='lat' dir='ltr'><strong>totum.</strong></span> <span class='ocrx_word' id='word_1_563' title='bbox 1045 4065 1094 4108; x_wconf 92' lang='lat' dir='ltr'><strong>et</strong></span> <span class='ocrx_word' id='word_1_564' title='bbox 1136 4056 1205 4108; x_wconf 88' lang='lat' dir='ltr'><strong>ita</strong></span> <span class='ocrx_word' id='word_1_565' title='bbox 1235 4055 1286 4108; x_wconf 85' lang='lat' dir='ltr'><strong>in</strong></span> <span class='ocrx_word' id='word_1_566' title='bbox 1319 4054 1519 4110; x_wconf 70' lang='lat' dir='ltr'><strong>Grmcis</strong></span> <span class='ocrx_word' id='word_1_567' title='bbox 1559 4057 1796 4110; x_wconf 89' lang='lat' dir='ltr'><strong>melioris</strong></span> <span class='ocrx_word' id='word_1_568' title='bbox 1827 4067 1986 4122; x_wconf 77' lang='lat' dir='ltr'><strong>noue,</strong></span> 
     </span>
    </p>
   </div>
   <div class='ocr_carea' id='block_1_73' title="bbox 419 4140 1677 4213">
    <p class='ocr_par' dir='ltr' id='par_1_73' title="bbox 419 4140 1677 4213">
     <span class='ocr_line' id='line_1_73' title="bbox 419 4140 1677 4213; baseline 0.006 -20"><span class='ocrx_word' id='word_1_569' title='bbox 419 4151 471 4194; x_wconf 90' lang='lat' dir='ltr'><strong>et</strong></span> <span class='ocrx_word' id='word_1_570' title='bbox 501 4141 550 4194; x_wconf 90' lang='lat' dir='ltr'><strong>in</strong></span> <span class='ocrx_word' id='word_1_571' title='bbox 582 4140 782 4196; x_wconf 88' lang='lat' dir='ltr'><strong>Latinis</strong></span> <span class='ocrx_word' id='word_1_572' title='bbox 804 4147 999 4213; x_wconf 74' lang='lat' dir='ltr'><strong>regina:</strong></span> <span class='ocrx_word' id='word_1_573' title='bbox 1022 4147 1314 4200; x_wconf 82' lang='lat' dir='ltr'><strong>Succorum</strong></span> <span class='ocrx_word' id='word_1_574' title='bbox 1344 4161 1470 4200; x_wconf 92' lang='lat' dir='ltr'><strong>mss.</strong></span> <span class='ocrx_word' id='word_1_575' title='bbox 1507 4147 1677 4200; x_wconf 92' lang='lat' dir='ltr'><strong>libris.</strong></span> 
     </span>
    </p>
   </div>
   <div class='ocr_carea' id='block_1_74' title="bbox 488 4230 1987 4307">
    <p class='ocr_par' dir='ltr' id='par_1_74' title="bbox 488 4230 1987 4307">
     <span class='ocr_line' id='line_1_74' title="bbox 488 4230 1987 4307; baseline 0.008 -25"><span class='ocrx_word' id='word_1_576' title='bbox 488 4230 639 4282; x_wconf 81' lang='lat' dir='ltr'><strong>Joan.</strong></span> <span class='ocrx_word' id='word_1_577' title='bbox 665 4246 781 4300; x_wconf 87' lang='lat' dir='ltr'><strong>cap.</strong></span> <span class='ocrx_word' id='word_1_578' title='bbox 809 4250 846 4299; x_wconf 88' lang='grc' dir='ltr'>ι,</span> <span class='ocrx_word' id='word_1_579' title='bbox 883 4237 966 4299; x_wconf 68' lang='grc'><strong>12,</strong></span> <span class='ocrx_word' id='word_1_580' title='bbox 1001 4236 1295 4301; x_wconf 88' lang='lat' dir='ltr'><strong>Veronen.,</strong></span> <span class='ocrx_word' id='word_1_581' title='bbox 1324 4237 1662 4304; x_wconf 81' lang='lat' dir='ltr'><strong>credentibus,</strong></span> <span class='ocrx_word' id='word_1_582' title='bbox 1686 4237 1839 4307; x_wconf 83' lang='lat' dir='ltr'><strong>juxta</strong></span> <span class='ocrx_word' id='word_1_583' title='bbox 1871 4247 1987 4294; x_wconf 79' lang='lat' dir='ltr'><strong>tex-</strong></span> 
     </span>
    </p>
   </div>
   <div class='ocr_carea' id='block_1_75' title="bbox 421 4320 1502 4386">
    <p class='ocr_par' dir='ltr' id='par_1_75' title="bbox 421 4320 1502 4386">
     <span class='ocr_line' id='line_1_75' title="bbox 421 4320 1502 4386; baseline 0.007 -13"><span class='ocrx_word' id='word_1_584' title='bbox 421 4328 530 4373; x_wconf 86' lang='lat' dir='ltr'><strong>tum</strong></span> <span class='ocrx_word' id='word_1_585' title='bbox 558 4320 824 4386; x_wconf 61' lang='lat' dir='ltr'><strong>Graecum,</strong></span> <span class='ocrx_word' id='word_1_586' title='bbox 853 4333 962 4384; x_wconf 86' lang='grc' dir='ltr'>τοῖς</span> <span class='ocrx_word' id='word_1_587' title='bbox 992 4331 1345 4384; x_wconf 76' lang='grc' dir='ltr'><strong>πιστεύουσιν.</strong></span> <span class='ocrx_word' id='word_1_588' title='bbox 1485 4323 1502 4339; x_wconf 47' lang='grc'><em>“</em></span> 
     </span>
    </p>
   </div>
   <div class='ocr_carea' id='block_1_76' title="bbox 490 4412 1989 4486">
    <p class='ocr_par' dir='ltr' id='par_1_76' title="bbox 490 4412 1989 4486">
     <span class='ocr_line' id='line_1_76' title="bbox 490 4412 1989 4486; baseline 0.005 -22"><span class='ocrx_word' id='word_1_589' title='bbox 490 4412 647 4466; x_wconf 77' lang='lat' dir='ltr'><strong>Joan.</strong></span> <span class='ocrx_word' id='word_1_590' title='bbox 703 4427 818 4481; x_wconf 89' lang='lat' dir='ltr'><strong>cap.</strong></span> <span class='ocrx_word' id='word_1_591' title='bbox 874 4429 955 4477; x_wconf 76' lang='lat' dir='ltr'><strong>Vl,</strong></span> <span class='ocrx_word' id='word_1_592' title='bbox 1011 4414 1100 4477; x_wconf 83' lang='lat'><strong>58,</strong></span> <span class='ocrx_word' id='word_1_593' title='bbox 1151 4415 1420 4469; x_wconf 90' lang='lat' dir='ltr'><strong>Veronen.</strong></span> <span class='ocrx_word' id='word_1_594' title='bbox 1469 4417 1576 4469; x_wconf 79' lang='lat' dir='ltr'><strong>vivo</strong></span> <span class='ocrx_word' id='word_1_595' title='bbox 1627 4434 1714 4486; x_wconf 87' lang='lat' dir='ltr'><strong>per</strong></span> <span class='ocrx_word' id='word_1_596' title='bbox 1754 4417 1989 4485; x_wconf 84' lang='lat' dir='ltr'><strong>Patrem;</strong></span> 
     </span>
    </p>
   </div>
   <div class='ocr_carea' id='block_1_77' title="bbox 419 4503 1990 4580">
    <p class='ocr_par' dir='ltr' id='par_1_77' title="bbox 419 4503 1990 4580">
     <span class='ocr_line' id='line_1_77' title="bbox 419 4503 1990 4580; baseline 0.004 -25"><span class='ocrx_word' id='word_1_597' title='bbox 419 4512 466 4555; x_wconf 90' lang='lat' dir='ltr'><strong>et</strong></span> <span class='ocrx_word' id='word_1_598' title='bbox 492 4504 597 4573; x_wconf 85' lang='lat' dir='ltr'><strong>ipse</strong></span> <span class='ocrx_word' id='word_1_599' title='bbox 632 4503 748 4556; x_wconf 74' lang='lat' dir='ltr'><strong>vivit</strong></span> <span class='ocrx_word' id='word_1_600' title='bbox 774 4520 863 4573; x_wconf 82' lang='lat' dir='ltr'><strong>per</strong></span> <span class='ocrx_word' id='word_1_601' title='bbox 887 4521 982 4556; x_wconf 90' lang='lat' dir='ltr'><strong>me.</strong></span> <span class='ocrx_word' id='word_1_602' title='bbox 1025 4504 1266 4569; x_wconf 66' lang='lat' dir='ltr'><strong>Graecus,</strong></span> <span class='ocrx_word' id='word_1_603' title='bbox 1300 4503 1381 4558; x_wconf 79' lang='grc' dir='ltr'><strong>διὰ</strong></span> <span class='ocrx_word' id='word_1_604' title='bbox 1401 4507 1485 4560; x_wconf 79' lang='grc' dir='ltr'><strong>τὸν</strong></span> <span class='ocrx_word' id='word_1_605' title='bbox 1512 4507 1729 4580; x_wconf 83' lang='grc' dir='ltr'>πατέρα,</span> <span class='ocrx_word' id='word_1_606' title='bbox 1765 4525 1854 4576; x_wconf 89' lang='lat' dir='ltr'><strong>per</strong></span> <span class='ocrx_word' id='word_1_607' title='bbox 1888 4507 1990 4561; x_wconf 84' lang='lat' dir='ltr'><strong>Pa-</strong></span> 
     </span>
    </p>
   </div>
   <div class='ocr_carea' id='block_1_78' title="bbox 421 4604 1803 4648">
    <p class='ocr_par' dir='ltr' id='par_1_78' title="bbox 421 4604 1803 4648">
     <span class='ocr_line' id='line_1_78' title="bbox 421 4604 1803 4648; baseline 0.004 -3"><span class='ocrx_word' id='word_1_608' title='bbox 421 4604 564 4648; x_wconf 86' lang='lat' dir='ltr'><strong>trem.</strong></span> <span class='ocrx_word' id='word_1_609' title='bbox 691 4630 694 4633; x_wconf 88' lang='lat'><strong><em>-</em></strong></span> <span class='ocrx_word' id='word_1_610' title='bbox 1121 4613 1124 4616; x_wconf 68' lang='grc'><em>’</em></span> <span class='ocrx_word' id='word_1_611' title='bbox 1799 4616 1803 4620; x_wconf 82' lang='grc'><strong>’</strong></span> 
     </span>
    </p>
   </div>
   <div class='ocr_carea' id='block_1_79' title="bbox 2090 3322 3655 3394">
    <p class='ocr_par' dir='ltr' id='par_1_79' title="bbox 2090 3322 3655 3394">
     <span class='ocr_line' id='line_1_79' title="bbox 2090 3322 3655 3394; baseline 0.001 -18"><span class='ocrx_word' id='word_1_612' title='bbox 2090 3323 2216 3376; x_wconf 89' lang='lat' dir='ltr'><strong>dum</strong></span> <span class='ocrx_word' id='word_1_613' title='bbox 2246 3322 2552 3378; x_wconf 64' lang='lat' dir='ltr'><strong>Matthmutn</strong></span> <span class='ocrx_word' id='word_1_614' title='bbox 2579 3324 2737 3380; x_wconf 83' lang='lat' dir='ltr'><strong>Tom.</strong></span> <span class='ocrx_word' id='word_1_615' title='bbox 2763 3342 2801 3389; x_wconf 92' lang='grc' dir='ltr'>ι,</span> <span class='ocrx_word' id='word_1_616' title='bbox 2831 3325 2977 3380; x_wconf 83' lang='lat' dir='ltr'><strong>Part.</strong></span> <span class='ocrx_word' id='word_1_617' title='bbox 3010 3340 3066 3387; x_wconf 89' lang='grc' dir='ltr'>ιι,</span> <span class='ocrx_word' id='word_1_618' title='bbox 3091 3337 3212 3394; x_wconf 80' lang='lat' dir='ltr'><strong>pag.</strong></span> <span class='ocrx_word' id='word_1_619' title='bbox 3237 3322 3397 3389; x_wconf 80' lang='grc'>1169,</span> <span class='ocrx_word' id='word_1_620' title='bbox 3426 3322 3655 3394; x_wconf 78' lang='lat' dir='ltr'><strong>blasphe-</strong></span> 
     </span>
    </p>
   </div>
   <div class='ocr_carea' id='block_1_80' title="bbox 2088 3412 3328 3484">
    <p class='ocr_par' dir='ltr' id='par_1_80' title="bbox 2088 3412 3328 3484">
     <span class='ocr_line' id='line_1_80' title="bbox 2088 3412 3328 3484; baseline 0 -18"><span class='ocrx_word' id='word_1_621' title='bbox 2088 3415 2189 3466; x_wconf 87' lang='lat' dir='ltr'><strong>mia</strong></span> <span class='ocrx_word' id='word_1_622' title='bbox 2211 3423 2378 3468; x_wconf 87' lang='lat' dir='ltr'><strong>autem</strong></span> <span class='ocrx_word' id='word_1_623' title='bbox 2406 3415 2460 3468; x_wconf 88' lang='lat' dir='ltr'><strong>in</strong></span> <span class='ocrx_word' id='word_1_624' title='bbox 2491 3413 2744 3484; x_wconf 78' lang='lat' dir='ltr'><strong>Spiritum</strong></span> <span class='ocrx_word' id='word_1_625' title='bbox 2771 3431 2873 3468; x_wconf 85' lang='lat' dir='ltr'><strong>non</strong></span> <span class='ocrx_word' id='word_1_626' title='bbox 2901 3416 3181 3469; x_wconf 83' lang='lat' dir='ltr'><strong>remittetur</strong></span> <span class='ocrx_word' id='word_1_627' title='bbox 3205 3412 3328 3468; x_wconf 85' lang='lat' dir='ltr'><strong>illis.</strong></span> 
     </span>
    </p>
   </div>
   <div class='ocr_carea' id='block_1_81' title="bbox 2156 3503 3658 3576">
    <p class='ocr_par' dir='ltr' id='par_1_81' title="bbox 2156 3503 3658 3576">
     <span class='ocr_line' id='line_1_81' title="bbox 2156 3503 3658 3576; baseline -0.003 -16"><span class='ocrx_word' id='word_1_628' title='bbox 2156 3505 2284 3560; x_wconf 86' lang='lat' dir='ltr'><strong>Luc.</strong></span> <span class='ocrx_word' id='word_1_629' title='bbox 2316 3520 2436 3576; x_wconf 87' lang='lat' dir='ltr'><strong>cap.</strong></span> <span class='ocrx_word' id='word_1_630' title='bbox 2465 3522 2559 3571; x_wconf 89' lang='lat' dir='ltr'><strong>xtt,</strong></span> <span class='ocrx_word' id='word_1_631' title='bbox 2587 3507 2677 3574; x_wconf 87' lang='grc'><strong>58,</strong></span> <span class='ocrx_word' id='word_1_632' title='bbox 2707 3507 3001 3572; x_wconf 88' lang='lat' dir='ltr'><strong>Veronen.,</strong></span> <span class='ocrx_word' id='word_1_633' title='bbox 3023 3515 3074 3560; x_wconf 92' lang='lat' dir='ltr'><strong>et</strong></span> <span class='ocrx_word' id='word_1_634' title='bbox 3094 3504 3138 3559; x_wconf 82' lang='lat' dir='ltr'><strong>si</strong></span> <span class='ocrx_word' id='word_1_635' title='bbox 3165 3505 3354 3559; x_wconf 77' lang='lat' dir='ltr'><strong>uenerit</strong></span> <span class='ocrx_word' id='word_1_636' title='bbox 3375 3503 3658 3572; x_wconf 76' lang='lat' dir='ltr'><strong>vespertina</strong></span> 
     </span>
    </p>
   </div>
   <div class='ocr_carea' id='block_1_82' title="bbox 2085 3594 3659 3668">
    <p class='ocr_par' dir='ltr' id='par_1_82' title="bbox 2085 3594 3659 3668">
     <span class='ocr_line' id='line_1_82' title="bbox 2085 3594 3659 3668; baseline -0.001 -17"><span class='ocrx_word' id='word_1_637' title='bbox 2085 3597 2280 3668; x_wconf 78' lang='lat' dir='ltr'><strong>uigilia,</strong></span> <span class='ocrx_word' id='word_1_638' title='bbox 2313 3608 2359 3651; x_wconf 89' lang='lat' dir='ltr'><strong>et</strong></span> <span class='ocrx_word' id='word_1_639' title='bbox 2385 3600 2456 3651; x_wconf 90' lang='lat' dir='ltr'><strong>ita</strong></span> <span class='ocrx_word' id='word_1_640' title='bbox 2481 3597 2747 3662; x_wconf 84' lang='lat' dir='ltr'><strong>invenerit,</strong></span> <span class='ocrx_word' id='word_1_641' title='bbox 2780 3597 2913 3650; x_wconf 80' lang='lat' dir='ltr'><strong>beati</strong></span> <span class='ocrx_word' id='word_1_642' title='bbox 2942 3595 3363 3663; x_wconf 79' lang='lat' dir='ltr'><strong>sunt;quoniam</strong></span> <span class='ocrx_word' id='word_1_643' title='bbox 3377 3594 3576 3664; x_wconf 86' lang='lat' dir='ltr'><strong>jubebit</strong></span> <span class='ocrx_word' id='word_1_644' title='bbox 3597 3595 3659 3649; x_wconf 84' lang='lat' dir='ltr'><strong>il-</strong></span> 
     </span>
    </p>
   </div>
   <div class='ocr_carea' id='block_1_83' title="bbox 2089 3685 3661 3752">
    <p class='ocr_par' dir='ltr' id='par_1_83' title="bbox 2089 3685 3661 3752">
     <span class='ocr_line' id='line_1_83' title="bbox 2089 3685 3661 3752; baseline -0.001 -9"><span class='ocrx_word' id='word_1_645' title='bbox 2089 3691 2164 3743; x_wconf 85' lang='lat' dir='ltr'><strong>los</strong></span> <span class='ocrx_word' id='word_1_646' title='bbox 2192 3689 2527 3750; x_wconf 81' lang='lat' dir='ltr'><strong>discumbere.</strong></span> <span class='ocrx_word' id='word_1_647' title='bbox 2567 3700 2613 3742; x_wconf 89' lang='lat' dir='ltr'><strong>et</strong></span> <span class='ocrx_word' id='word_1_648' title='bbox 2637 3688 2942 3742; x_wconf 79' lang='lat' dir='ltr'><strong>ministrabit</strong></span> <span class='ocrx_word' id='word_1_649' title='bbox 2970 3687 3100 3752; x_wconf 75' lang='lat' dir='ltr'><strong>it&#39;lis,</strong></span> <span class='ocrx_word' id='word_1_650' title='bbox 3127 3685 3414 3742; x_wconf 83' lang='lat' dir='ltr'><strong>Corbeien.</strong></span> <span class='ocrx_word' id='word_1_651' title='bbox 3444 3687 3491 3741; x_wconf 87' lang='lat' dir='ltr'><strong>si</strong></span> <span class='ocrx_word' id='word_1_652' title='bbox 3514 3701 3661 3742; x_wconf 70' lang='lat' dir='ltr'><strong>bette-</strong></span> 
     </span>
    </p>
   </div>
   <div class='ocr_carea' id='block_1_84' title="bbox 2086 3777 3659 3851">
    <p class='ocr_par' dir='ltr' id='par_1_84' title="bbox 2086 3777 3659 3851">
     <span class='ocr_line' id='line_1_84' title="bbox 2086 3777 3659 3851; baseline -0.003 -17"><span class='ocrx_word' id='word_1_653' title='bbox 2086 3781 2153 3834; x_wconf 87' lang='lat' dir='ltr'><strong>rit</strong></span> <span class='ocrx_word' id='word_1_654' title='bbox 2182 3782 2465 3851; x_wconf 79' lang='lat' dir='ltr'><strong>vespertina</strong></span> <span class='ocrx_word' id='word_1_655' title='bbox 2492 3781 2684 3850; x_wconf 77' lang='lat' dir='ltr'><strong>uigilia,</strong></span> <span class='ocrx_word' id='word_1_656' title='bbox 2720 3790 2768 3835; x_wconf 89' lang='lat' dir='ltr'><strong>et</strong></span> <span class='ocrx_word' id='word_1_657' title='bbox 2796 3781 2867 3836; x_wconf 77' lang='lat' dir='ltr'><strong>ita</strong></span> <span class='ocrx_word' id='word_1_658' title='bbox 2892 3779 3164 3847; x_wconf 73' lang='lat' dir='ltr'><strong>inuaserit,</strong></span> <span class='ocrx_word' id='word_1_659' title='bbox 3197 3777 3326 3832; x_wconf 81' lang='lat' dir='ltr'><strong>beati</strong></span> <span class='ocrx_word' id='word_1_660' title='bbox 3348 3788 3466 3832; x_wconf 83' lang='lat' dir='ltr'><strong>sunt</strong></span> <span class='ocrx_word' id='word_1_661' title='bbox 3489 3793 3510 3842; x_wconf 82' lang='lat'><strong>,&#39;</strong></span> <span class='ocrx_word' id='word_1_662' title='bbox 3542 3779 3659 3849; x_wconf 79' lang='lat' dir='ltr'><strong>quia</strong></span> 
     </span>
    </p>
   </div>
   <div class='ocr_carea' id='block_1_85' title="bbox 2079 3870 3660 3944">
    <p class='ocr_par' dir='ltr' id='par_1_85' title="bbox 2079 3870 3660 3944">
     <span class='ocr_line' id='line_1_85' title="bbox 2079 3870 3660 3944; baseline 0.001 -19"><span class='ocrx_word' id='word_1_663' title='bbox 2079 3873 2276 3944; x_wconf 85' lang='lat' dir='ltr'><strong>jubebit</strong></span> <span class='ocrx_word' id='word_1_664' title='bbox 2305 3874 2426 3926; x_wconf 85' lang='lat' dir='ltr'><strong>illos</strong></span> <span class='ocrx_word' id='word_1_665' title='bbox 2454 3873 2783 3938; x_wconf 83' lang='lat' dir='ltr'><strong>discumbere,</strong></span> <span class='ocrx_word' id='word_1_666' title='bbox 2815 3882 2860 3925; x_wconf 87' lang='lat' dir='ltr'><strong>et</strong></span> <span class='ocrx_word' id='word_1_667' title='bbox 2890 3873 3114 3934; x_wconf 85' lang='lat' dir='ltr'><strong>transiet,</strong></span> <span class='ocrx_word' id='word_1_668' title='bbox 3146 3879 3192 3922; x_wconf 87' lang='lat' dir='ltr'><strong>et</strong></span> <span class='ocrx_word' id='word_1_669' title='bbox 3215 3870 3520 3924; x_wconf 73' lang='lat' dir='ltr'><strong>ministrabit</strong></span> <span class='ocrx_word' id='word_1_670' title='bbox 3545 3870 3616 3926; x_wconf 83' lang='lat' dir='ltr'><strong>eis</strong></span> <span class='ocrx_word' id='word_1_671' title='bbox 3643 3887 3660 3925; x_wconf 91' lang='lat'><strong><em>:</em></strong></span> 
     </span>
    </p>
   </div>
   <div class='ocr_carea' id='block_1_86' title="bbox 2044 3959 3662 4026">
    <p class='ocr_par' dir='ltr' id='par_1_86' title="bbox 2044 3959 3662 4026">
     <span class='ocr_line' id='line_1_86' title="bbox 2044 3959 3662 4026; baseline -0.001 -11"><span class='ocrx_word' id='word_1_672' title='bbox 2044 4024 2046 4026; x_wconf 23' lang='grc' dir='ltr'><strong><em>τ</em></strong></span> <span class='ocrx_word' id='word_1_673' title='bbox 2090 3965 2133 4015; x_wconf 92' lang='lat' dir='ltr'><strong>si</strong></span> <span class='ocrx_word' id='word_1_674' title='bbox 2161 3963 2402 4025; x_wconf 83' lang='lat' dir='ltr'><strong>secunda,</strong></span> <span class='ocrx_word' id='word_1_675' title='bbox 2443 3973 2489 4014; x_wconf 91' lang='lat' dir='ltr'><strong>et</strong></span> <span class='ocrx_word' id='word_1_676' title='bbox 2516 3962 2560 4013; x_wconf 89' lang='lat' dir='ltr'><strong>si</strong></span> <span class='ocrx_word' id='word_1_677' title='bbox 2589 3963 2757 4024; x_wconf 86' lang='lat' dir='ltr'><strong>tertia,</strong></span> <span class='ocrx_word' id='word_1_678' title='bbox 2785 3961 2916 4013; x_wconf 84' lang='lat' dir='ltr'><strong>beati</strong></span> <span class='ocrx_word' id='word_1_679' title='bbox 2946 3969 3081 4025; x_wconf 80' lang='lat' dir='ltr'><strong>sunt,</strong></span> <span class='ocrx_word' id='word_1_680' title='bbox 3111 3959 3262 4021; x_wconf 69' lang='lat' dir='ltr'><strong>Mm.,</strong></span> <span class='ocrx_word' id='word_1_681' title='bbox 3307 3968 3353 4012; x_wconf 86' lang='lat' dir='ltr'><strong>et</strong></span> <span class='ocrx_word' id='word_1_682' title='bbox 3395 3961 3436 4012; x_wconf 81' lang='lat' dir='ltr'><strong>si</strong></span> <span class='ocrx_word' id='word_1_683' title='bbox 3475 3961 3662 4014; x_wconf 72' lang='lat' dir='ltr'><strong>uenerit</strong></span> 
     </span>
    </p>
   </div>
   <div class='ocr_carea' id='block_1_87' title="bbox 2091 4048 3662 4122">
    <p class='ocr_par' dir='ltr' id='par_1_87' title="bbox 2091 4048 3662 4122">
     <span class='ocr_line' id='line_1_87' title="bbox 2091 4048 3662 4122; baseline 0.001 -19"><span class='ocrx_word' id='word_1_684' title='bbox 2091 4050 2374 4122; x_wconf 77' lang='lat' dir='ltr'><strong>vespertina</strong></span> <span class='ocrx_word' id='word_1_685' title='bbox 2398 4051 2592 4119; x_wconf 83' lang='lat' dir='ltr'><strong>uigilia,</strong></span> <span class='ocrx_word' id='word_1_686' title='bbox 2622 4060 2668 4103; x_wconf 92' lang='lat' dir='ltr'><strong>et</strong></span> <span class='ocrx_word' id='word_1_687' title='bbox 2705 4052 2776 4101; x_wconf 82' lang='lat' dir='ltr'><strong>ita</strong></span> <span class='ocrx_word' id='word_1_688' title='bbox 2793 4049 3056 4108; x_wconf 76' lang='lat' dir='ltr'><strong>inuenerit,</strong></span> <span class='ocrx_word' id='word_1_689' title='bbox 3089 4048 3217 4100; x_wconf 84' lang='lat' dir='ltr'><strong>beati</strong></span> <span class='ocrx_word' id='word_1_690' title='bbox 3254 4057 3367 4101; x_wconf 76' lang='lat' dir='ltr'><strong>sunt</strong></span> <span class='ocrx_word' id='word_1_691' title='bbox 3392 4051 3522 4102; x_wconf 78' lang='lat' dir='ltr'><strong>serui</strong></span> <span class='ocrx_word' id='word_1_692' title='bbox 3547 4049 3662 4112; x_wconf 84' lang='lat' dir='ltr'><strong>illi;</strong></span> 
     </span>
    </p>
   </div>
   <div class='ocr_carea' id='block_1_88' title="bbox 2091 4134 3660 4212">
    <p class='ocr_par' dir='ltr' id='par_1_88' title="bbox 2091 4134 3660 4212">
     <span class='ocr_line' id='line_1_88' title="bbox 2091 4134 3660 4212; baseline -0.001 -20"><span class='ocrx_word' id='word_1_693' title='bbox 2091 4142 2208 4210; x_wconf 86' lang='lat' dir='ltr'><strong>quia</strong></span> <span class='ocrx_word' id='word_1_694' title='bbox 2225 4140 2424 4212; x_wconf 83' lang='lat' dir='ltr'><strong>jubebit</strong></span> <span class='ocrx_word' id='word_1_695' title='bbox 2461 4140 2578 4192; x_wconf 89' lang='lat' dir='ltr'><strong>illos</strong></span> <span class='ocrx_word' id='word_1_696' title='bbox 2608 4137 2934 4202; x_wconf 81' lang='lat' dir='ltr'><strong>discumbere,</strong></span> <span class='ocrx_word' id='word_1_697' title='bbox 2979 4147 3024 4190; x_wconf 88' lang='lat' dir='ltr'><strong>et</strong></span> <span class='ocrx_word' id='word_1_698' title='bbox 3070 4134 3319 4190; x_wconf 86' lang='lat' dir='ltr'><strong>transiens</strong></span> <span class='ocrx_word' id='word_1_699' title='bbox 3355 4139 3660 4192; x_wconf 87' lang='lat' dir='ltr'><strong>ministrabit</strong></span> 
     </span>
    </p>
   </div>
   <div class='ocr_carea' id='block_1_89' title="bbox 2058 4227 3665 4297">
    <p class='ocr_par' dir='ltr' id='par_1_89' title="bbox 2058 4227 3665 4297">
     <span class='ocr_line' id='line_1_89' title="bbox 2058 4227 3665 4297; baseline -0.003 -11"><span class='ocrx_word' id='word_1_700' title='bbox 2058 4267 2063 4273; x_wconf 87' lang='lat'><strong>-</strong></span> <span class='ocrx_word' id='word_1_701' title='bbox 2093 4233 2199 4287; x_wconf 80' lang='lat' dir='ltr'><strong>illis</strong></span> <span class='ocrx_word' id='word_1_702' title='bbox 2229 4248 2250 4285; x_wconf 90' lang='lat'><em>:</em></span> <span class='ocrx_word' id='word_1_703' title='bbox 2276 4242 2322 4284; x_wconf 88' lang='lat' dir='ltr'><strong>et</strong></span> <span class='ocrx_word' id='word_1_704' title='bbox 2355 4233 2396 4283; x_wconf 93' lang='lat' dir='ltr'><strong>si</strong></span> <span class='ocrx_word' id='word_1_705' title='bbox 2425 4230 2612 4284; x_wconf 87' lang='lat' dir='ltr'><strong>uenerit</strong></span> <span class='ocrx_word' id='word_1_706' title='bbox 2656 4232 2707 4282; x_wconf 92' lang='lat' dir='ltr'><strong>in</strong></span> <span class='ocrx_word' id='word_1_707' title='bbox 2735 4228 2956 4283; x_wconf 87' lang='lat' dir='ltr'><strong>secunda</strong></span> <span class='ocrx_word' id='word_1_708' title='bbox 2983 4227 3178 4297; x_wconf 79' lang='lat' dir='ltr'><strong>vigilia,</strong></span> <span class='ocrx_word' id='word_1_709' title='bbox 3201 4238 3248 4281; x_wconf 90' lang='lat' dir='ltr'><strong>et</strong></span> <span class='ocrx_word' id='word_1_710' title='bbox 3276 4229 3320 4280; x_wconf 90' lang='lat' dir='ltr'><strong>si</strong></span> <span class='ocrx_word' id='word_1_711' title='bbox 3348 4228 3399 4280; x_wconf 90' lang='lat' dir='ltr'><strong>in</strong></span> <span class='ocrx_word' id='word_1_712' title='bbox 3429 4229 3596 4292; x_wconf 80' lang='lat' dir='ltr'><strong>tertia,</strong></span> <span class='ocrx_word' id='word_1_713' title='bbox 3617 4240 3665 4284; x_wconf 90' lang='lat' dir='ltr'><strong>et</strong></span> 
     </span>
    </p>
   </div>
   <div class='ocr_carea' id='block_1_90' title="bbox 2089 4321 3668 4390">
    <p class='ocr_par' dir='ltr' id='par_1_90' title="bbox 2089 4321 3668 4390">
     <span class='ocr_line' id='line_1_90' title="bbox 2089 4321 3668 4390; baseline -0.003 -10"><span class='ocrx_word' id='word_1_714' title='bbox 2089 4327 2160 4380; x_wconf 90' lang='lat' dir='ltr'><strong>ita</strong></span> <span class='ocrx_word' id='word_1_715' title='bbox 2177 4326 2438 4390; x_wconf 82' lang='lat' dir='ltr'><strong>invenerit,</strong></span> <span class='ocrx_word' id='word_1_716' title='bbox 2463 4323 2612 4387; x_wconf 85' lang='lat' dir='ltr'><strong>beati,</strong></span> <span class='ocrx_word' id='word_1_717' title='bbox 2631 4321 3113 4383; x_wconf 87' lang='lat' dir='ltr'><strong>etc.Vindobon.,et</strong></span> <span class='ocrx_word' id='word_1_718' title='bbox 3127 4321 3171 4372; x_wconf 83' lang='lat' dir='ltr'><strong>si</strong></span> <span class='ocrx_word' id='word_1_719' title='bbox 3185 4321 3367 4374; x_wconf 80' lang='lat' dir='ltr'><strong>venerit</strong></span> <span class='ocrx_word' id='word_1_720' title='bbox 3383 4321 3668 4388; x_wconf 80' lang='lat' dir='ltr'><strong>vespertina</strong></span> 
     </span>
    </p>
   </div>
   <div class='ocr_carea' id='block_1_91' title="bbox 2094 4413 3660 4487">
    <p class='ocr_par' dir='ltr' id='par_1_91' title="bbox 2094 4413 3660 4487">
     <span class='ocr_line' id='line_1_91' title="bbox 2094 4413 3660 4487; baseline -0.003 -17"><span class='ocrx_word' id='word_1_721' title='bbox 2094 4419 2222 4471; x_wconf 81' lang='lat' dir='ltr'><strong>hora</strong></span> <span class='ocrx_word' id='word_1_722' title='bbox 2247 4418 2439 4487; x_wconf 82' lang='lat' dir='ltr'><strong>vigilia,</strong></span> <span class='ocrx_word' id='word_1_723' title='bbox 2465 4425 2514 4470; x_wconf 90' lang='lat' dir='ltr'><strong>et</strong></span> <span class='ocrx_word' id='word_1_724' title='bbox 2546 4417 2619 4468; x_wconf 88' lang='lat' dir='ltr'><strong>ita</strong></span> <span class='ocrx_word' id='word_1_725' title='bbox 2645 4416 2905 4478; x_wconf 81' lang='lat' dir='ltr'><strong>inuenerit,</strong></span> <span class='ocrx_word' id='word_1_726' title='bbox 2933 4413 3063 4468; x_wconf 87' lang='lat' dir='ltr'><strong>beati</strong></span> <span class='ocrx_word' id='word_1_727' title='bbox 3096 4422 3281 4466; x_wconf 89' lang='lat' dir='ltr'><strong>sunt...</strong></span> <span class='ocrx_word' id='word_1_728' title='bbox 3310 4413 3428 4481; x_wconf 86' lang='lat' dir='ltr'><strong>quia</strong></span> <span class='ocrx_word' id='word_1_729' title='bbox 3460 4413 3660 4484; x_wconf 80' lang='lat' dir='ltr'><strong>jubebit</strong></span> 
     </span>
    </p>
   </div>
   <div class='ocr_carea' id='block_1_92' title="bbox 2096 4498 3669 4571">
    <p class='ocr_par' dir='ltr' id='par_1_92' title="bbox 2096 4498 3669 4571">
     <span class='ocr_line' id='line_1_92' title="bbox 2096 4498 3669 4571; baseline -0.003 -10"><span class='ocrx_word' id='word_1_730' title='bbox 2096 4498 2222 4562; x_wconf 89' lang='lat' dir='ltr'><strong>illos</strong></span> <span class='ocrx_word' id='word_1_731' title='bbox 2243 4504 2582 4571; x_wconf 81' lang='lat' dir='ltr'><strong>discumbere,</strong></span> <span class='ocrx_word' id='word_1_732' title='bbox 2632 4515 2677 4560; x_wconf 90' lang='lat' dir='ltr'><strong>et</strong></span> <span class='ocrx_word' id='word_1_733' title='bbox 2707 4507 2934 4571; x_wconf 82' lang='lat' dir='ltr'><strong>transiet,</strong></span> <span class='ocrx_word' id='word_1_734' title='bbox 2965 4515 3009 4558; x_wconf 91' lang='lat' dir='ltr'><strong>et</strong></span> <span class='ocrx_word' id='word_1_735' title='bbox 3037 4502 3339 4556; x_wconf 87' lang='lat' dir='ltr'><strong>ministrabit</strong></span> <span class='ocrx_word' id='word_1_736' title='bbox 3377 4502 3481 4557; x_wconf 86' lang='lat' dir='ltr'><strong>illis</strong></span> <span class='ocrx_word' id='word_1_737' title='bbox 3507 4519 3524 4556; x_wconf 90' lang='lat'><em>:</em></span> <span class='ocrx_word' id='word_1_738' title='bbox 3550 4515 3598 4557; x_wconf 91' lang='lat' dir='ltr'><strong>et</strong></span> <span class='ocrx_word' id='word_1_739' title='bbox 3626 4505 3669 4558; x_wconf 87' lang='lat' dir='ltr'><strong>si</strong></span> 
     </span>
    </p>
   </div>
   <div class='ocr_carea' id='block_1_93' title="bbox 2021 4593 3670 4661">
    <p class='ocr_par' dir='ltr' id='par_1_93' title="bbox 2021 4593 3670 4661">
     <span class='ocr_line' id='line_1_93' title="bbox 2021 4593 3670 4661; baseline -0.001 -10"><span class='ocrx_word' id='word_1_740' title='bbox 2021 4600 2074 4658; x_wconf 90' lang='lat' dir='ltr'><strong>D</strong></span> <span class='ocrx_word' id='word_1_741' title='bbox 2098 4597 2340 4659; x_wconf 87' lang='lat' dir='ltr'><strong>secunda,</strong></span> <span class='ocrx_word' id='word_1_742' title='bbox 2382 4604 2426 4648; x_wconf 85' lang='lat' dir='ltr'><strong>et</strong></span> <span class='ocrx_word' id='word_1_743' title='bbox 2461 4597 2505 4650; x_wconf 90' lang='lat' dir='ltr'><strong>si</strong></span> <span class='ocrx_word' id='word_1_744' title='bbox 2546 4596 2715 4661; x_wconf 88' lang='lat' dir='ltr'><strong>tertia,</strong></span> <span class='ocrx_word' id='word_1_745' title='bbox 2746 4596 2872 4650; x_wconf 89' lang='lat' dir='ltr'><strong>beati</strong></span> <span class='ocrx_word' id='word_1_746' title='bbox 2897 4606 3034 4648; x_wconf 82' lang='lat' dir='ltr'><strong>sunt.</strong></span> <span class='ocrx_word' id='word_1_747' title='bbox 3079 4594 3248 4654; x_wconf 86' lang='lat' dir='ltr'><strong>Etiam</strong></span> <span class='ocrx_word' id='word_1_748' title='bbox 3279 4595 3330 4647; x_wconf 91' lang='lat' dir='ltr'><strong>in</strong></span> <span class='ocrx_word' id='word_1_749' title='bbox 3357 4593 3540 4648; x_wconf 87' lang='lat' dir='ltr'><strong>codice</strong></span> <span class='ocrx_word' id='word_1_750' title='bbox 3569 4594 3670 4649; x_wconf 87' lang='lat' dir='ltr'><strong>Ca-</strong></span> 
     </span>
    </p>
   </div>
   <div class='ocr_carea' id='block_1_94' title="bbox 491 4684 3665 4756">
    <p class='ocr_par' dir='ltr' id='par_1_94' title="bbox 491 4684 3665 4756">
     <span class='ocr_line' id='line_1_94' title="bbox 491 4684 3665 4756; baseline -0 -16"><span class='ocrx_word' id='word_1_751' title='bbox 491 4688 642 4741; x_wconf 75' lang='lat' dir='ltr'><strong>Joatt.</strong></span> <span class='ocrx_word' id='word_1_752' title='bbox 677 4701 797 4756; x_wconf 89' lang='lat' dir='ltr'><strong>cap.</strong></span> <span class='ocrx_word' id='word_1_753' title='bbox 826 4703 913 4749; x_wconf 83' lang='lat' dir='ltr'><strong>xv,</strong></span> <span class='ocrx_word' id='word_1_754' title='bbox 947 4687 999 4749; x_wconf 85' lang='lat'><strong>6,</strong></span> <span class='ocrx_word' id='word_1_755' title='bbox 1034 4687 1300 4740; x_wconf 89' lang='lat' dir='ltr'><strong>Veronen.</strong></span> <span class='ocrx_word' id='word_1_756' title='bbox 1334 4697 1387 4741; x_wconf 94' lang='lat' dir='ltr'><strong>ct</strong></span> <span class='ocrx_word' id='word_1_757' title='bbox 1415 4684 1732 4752; x_wconf 88' lang='lat' dir='ltr'><strong>Corbeien.,</strong></span> <span class='ocrx_word' id='word_1_758' title='bbox 1764 4697 1809 4740; x_wconf 88' lang='lat' dir='ltr'><strong>et</strong></span> <span class='ocrx_word' id='word_1_759' title='bbox 1836 4691 1994 4753; x_wconf 83' lang='lat' dir='ltr'><strong>aruit,</strong></span> <span class='ocrx_word' id='word_1_760' title='bbox 2100 4688 2318 4753; x_wconf 91' lang='lat' dir='ltr'><strong>tholico,</strong></span> <span class='ocrx_word' id='word_1_761' title='bbox 2367 4701 2471 4756; x_wconf 90' lang='lat' dir='ltr'><strong>quo</strong></span> <span class='ocrx_word' id='word_1_762' title='bbox 2501 4687 2588 4743; x_wconf 89' lang='lat' dir='ltr'><strong>hic</strong></span> <span class='ocrx_word' id='word_1_763' title='bbox 2627 4701 2752 4742; x_wconf 90' lang='lat' dir='ltr'><strong>usus</strong></span> <span class='ocrx_word' id='word_1_764' title='bbox 2774 4687 3138 4750; x_wconf 78' lang='lat' dir='ltr'><strong>estMarcion,</strong></span> <span class='ocrx_word' id='word_1_765' title='bbox 3181 4695 3304 4740; x_wconf 90' lang='lat' dir='ltr'><strong>ante</strong></span> <span class='ocrx_word' id='word_1_766' title='bbox 3331 4697 3544 4739; x_wconf 83' lang='lat' dir='ltr'><strong>versum</strong></span> <span class='ocrx_word' id='word_1_767' title='bbox 3577 4687 3665 4751; x_wconf 80' lang='lat'><strong>38,</strong></span> 
     </span>
    </p>
   </div>
   <div class='ocr_carea' id='block_1_95' title="bbox 423 4779 1064 4846">
    <p class='ocr_par' dir='ltr' id='par_1_95' title="bbox 423 4779 1064 4846">
     <span class='ocr_line' id='line_1_95' title="bbox 423 4779 1064 4846; baseline 0.003 -16"><span class='ocrx_word' id='word_1_768' title='bbox 423 4781 640 4846; x_wconf 82' lang='lat' dir='ltr'><strong>pmpius</strong></span> <span class='ocrx_word' id='word_1_769' title='bbox 664 4779 852 4834; x_wconf 69' lang='lat' dir='ltr'><strong>Graeco</strong></span> <span class='ocrx_word' id='word_1_770' title='bbox 877 4781 1064 4833; x_wconf 83' lang='lat' dir='ltr'><strong>textui.</strong></span> 
     </span>
    </p>
   </div>
   <div class='ocr_carea' id='block_1_96' title="bbox 497 4870 2000 4940">
    <p class='ocr_par' dir='ltr' id='par_1_96' title="bbox 497 4870 2000 4940">
     <span class='ocr_line' id='line_1_96' title="bbox 497 4870 2000 4940; baseline 0.001 -19"><span class='ocrx_word' id='word_1_771' title='bbox 497 4870 623 4924; x_wconf 87' lang='lat' dir='ltr'><strong>Luc.</strong></span> <span class='ocrx_word' id='word_1_772' title='bbox 667 4885 786 4936; x_wconf 86' lang='lat' dir='ltr'><strong>cap.</strong></span> <span class='ocrx_word' id='word_1_773' title='bbox 836 4889 892 4936; x_wconf 90' lang='grc' dir='ltr'>ιι,</span> <span class='ocrx_word' id='word_1_774' title='bbox 931 4871 1019 4937; x_wconf 73' lang='grc'><strong>54,</strong></span> <span class='ocrx_word' id='word_1_775' title='bbox 1057 4871 1350 4936; x_wconf 88' lang='lat' dir='ltr'><strong>Veronen.,</strong></span> <span class='ocrx_word' id='word_1_776' title='bbox 1386 4870 1485 4924; x_wconf 85' lang='lat' dir='ltr'><strong>Hic</strong></span> <span class='ocrx_word' id='word_1_777' title='bbox 1511 4872 1704 4940; x_wconf 88' lang='lat' dir='ltr'><strong>positus</strong></span> <span class='ocrx_word' id='word_1_778' title='bbox 1728 4880 1802 4925; x_wconf 88' lang='lat' dir='ltr'><strong>est</strong></span> <span class='ocrx_word' id='word_1_779' title='bbox 1830 4871 1882 4923; x_wconf 90' lang='lat' dir='ltr'><strong>in</strong></span> <span class='ocrx_word' id='word_1_780' title='bbox 1911 4887 2000 4923; x_wconf 86' lang='lat' dir='ltr'><strong>ca-</strong></span> 
     </span>
    </p>
   </div>
   <div class='ocr_carea' id='block_1_97' title="bbox 427 4960 1997 5027">
    <p class='ocr_par' dir='ltr' id='par_1_97' title="bbox 427 4960 1997 5027">
     <span class='ocr_line' id='line_1_97' title="bbox 427 4960 1997 5027; baseline 0.001 -15"><span class='ocrx_word' id='word_1_781' title='bbox 427 4976 555 5012; x_wconf 84' lang='lat' dir='ltr'><strong>sum.</strong></span> <span class='ocrx_word' id='word_1_782' title='bbox 591 4972 643 5012; x_wconf 87' lang='lat' dir='ltr'><strong>ct</strong></span> <span class='ocrx_word' id='word_1_783' title='bbox 685 4962 751 5012; x_wconf 89' lang='lat' dir='ltr'><strong>ita</strong></span> <span class='ocrx_word' id='word_1_784' title='bbox 787 4970 961 5013; x_wconf 87' lang='lat' dir='ltr'><strong>textus</strong></span> <span class='ocrx_word' id='word_1_785' title='bbox 992 4961 1210 5015; x_wconf 69' lang='lat' dir='ltr'><strong>Graecus</strong></span> <span class='ocrx_word' id='word_1_786' title='bbox 1240 4965 1309 5022; x_wconf 82' lang='grc' dir='ltr'><strong>εἰς</strong></span> <span class='ocrx_word' id='word_1_787' title='bbox 1340 4969 1554 5027; x_wconf 83' lang='grc' dir='ltr'>πτῶσιν,</span> <span class='ocrx_word' id='word_1_788' title='bbox 1603 4960 1652 5014; x_wconf 93' lang='lat' dir='ltr'><strong>id</strong></span> <span class='ocrx_word' id='word_1_789' title='bbox 1697 4969 1799 5025; x_wconf 88' lang='lat' dir='ltr'><strong>est,</strong></span> <span class='ocrx_word' id='word_1_790' title='bbox 1829 4963 1882 5014; x_wconf 85' lang='lat' dir='ltr'><strong>in</strong></span> <span class='ocrx_word' id='word_1_791' title='bbox 1911 4978 1997 5013; x_wconf 87' lang='lat' dir='ltr'><strong>ca-</strong></span> 
     </span>
    </p>
   </div>
   <div class='ocr_carea' id='block_1_98' title="bbox 428 5047 1997 5121">
    <p class='ocr_par' dir='ltr' id='par_1_98' title="bbox 428 5047 1997 5121">
     <span class='ocr_line' id='line_1_98' title="bbox 428 5047 1997 5121; baseline 0.001 -19"><span class='ocrx_word' id='word_1_792' title='bbox 428 5067 556 5102; x_wconf 87' lang='lat' dir='ltr'><strong>sum.</strong></span> <span class='ocrx_word' id='word_1_793' title='bbox 589 5047 745 5102; x_wconf 87' lang='lat' dir='ltr'><strong>Casus</strong></span> <span class='ocrx_word' id='word_1_794' title='bbox 772 5059 946 5100; x_wconf 80' lang='lat' dir='ltr'><strong>autem</strong></span> <span class='ocrx_word' id='word_1_795' title='bbox 981 5049 1050 5101; x_wconf 59' lang='lat' dir='ltr'><strong>iiii</strong></span> <span class='ocrx_word' id='word_1_796' title='bbox 1086 5052 1293 5116; x_wconf 83' lang='lat' dir='ltr'><strong>ponitur</strong></span> <span class='ocrx_word' id='word_1_797' title='bbox 1330 5067 1426 5118; x_wconf 84' lang='lat' dir='ltr'><strong>pro</strong></span> <span class='ocrx_word' id='word_1_798' title='bbox 1454 5053 1627 5115; x_wconf 61' lang='lat' dir='ltr'><strong>exitio,</strong></span> <span class='ocrx_word' id='word_1_799' title='bbox 1656 5053 1775 5120; x_wconf 87' lang='lat' dir='ltr'><strong>quia</strong></span> <span class='ocrx_word' id='word_1_800' title='bbox 1811 5053 1875 5114; x_wconf 88' lang='lat' dir='ltr'><strong>is,</strong></span> <span class='ocrx_word' id='word_1_801' title='bbox 1908 5052 1997 5121; x_wconf 87' lang='lat' dir='ltr'><strong>qui</strong></span> 
     </span>
    </p>
   </div>
   <div class='ocr_carea' id='block_1_99' title="bbox 428 5139 1992 5210">
    <p class='ocr_par' dir='ltr' id='par_1_99' title="bbox 428 5139 1992 5210">
     <span class='ocr_line' id='line_1_99' title="bbox 428 5139 1992 5210; baseline 0.002 -17"><span class='ocrx_word' id='word_1_802' title='bbox 428 5141 638 5201; x_wconf 84' lang='lat' dir='ltr'><strong>cecidit,</strong></span> <span class='ocrx_word' id='word_1_803' title='bbox 675 5140 825 5191; x_wconf 86' lang='lat' dir='ltr'><strong>tacile</strong></span> <span class='ocrx_word' id='word_1_804' title='bbox 855 5140 920 5191; x_wconf 85' lang='lat' dir='ltr'><strong>ah</strong></span> <span class='ocrx_word' id='word_1_805' title='bbox 954 5139 1102 5192; x_wconf 90' lang='lat' dir='ltr'><strong>hoste</strong></span> <span class='ocrx_word' id='word_1_806' title='bbox 1131 5142 1466 5208; x_wconf 85' lang='lat' dir='ltr'><strong>opprimitur,</strong></span> <span class='ocrx_word' id='word_1_807' title='bbox 1511 5151 1561 5194; x_wconf 90' lang='lat' dir='ltr'><strong>et</strong></span> <span class='ocrx_word' id='word_1_808' title='bbox 1592 5153 1841 5196; x_wconf 90' lang='lat' dir='ltr'><strong>censetur</strong></span> <span class='ocrx_word' id='word_1_809' title='bbox 1876 5158 1992 5210; x_wconf 57' lang='lat' dir='ltr'><strong>per.</strong></span> 
     </span>
    </p>
   </div>
   <div class='ocr_carea' id='block_1_100' title="bbox 430 5233 2000 5301">
    <p class='ocr_par' dir='ltr' id='par_1_100' title="bbox 430 5233 2000 5301">
     <span class='ocr_line' id='line_1_100' title="bbox 430 5233 2000 5301; baseline 0.001 -16"><span class='ocrx_word' id='word_1_810' title='bbox 430 5233 570 5285; x_wconf 90' lang='lat' dir='ltr'><strong>ditus</strong></span> <span class='ocrx_word' id='word_1_811' title='bbox 601 5249 610 5283; x_wconf 93' lang='lat'><strong>:</strong></span> <span class='ocrx_word' id='word_1_812' title='bbox 643 5233 735 5295; x_wconf 87' lang='lat' dir='ltr'><strong>ita,</strong></span> <span class='ocrx_word' id='word_1_813' title='bbox 771 5234 1089 5294; x_wconf 81' lang='lat' dir='ltr'><strong>resurrectio,</strong></span> <span class='ocrx_word' id='word_1_814' title='bbox 1123 5246 1235 5298; x_wconf 88' lang='lat' dir='ltr'><strong>pro,</strong></span> <span class='ocrx_word' id='word_1_815' title='bbox 1265 5233 1453 5295; x_wconf 81' lang='lat' dir='ltr'><strong>salute;</strong></span> <span class='ocrx_word' id='word_1_816' title='bbox 1486 5233 1647 5300; x_wconf 87' lang='lat' dir='ltr'><strong>quod,</strong></span> <span class='ocrx_word' id='word_1_817' title='bbox 1680 5235 1771 5301; x_wconf 87' lang='lat' dir='ltr'><strong>qui</strong></span> <span class='ocrx_word' id='word_1_818' title='bbox 1791 5243 2000 5288; x_wconf 90' lang='lat' dir='ltr'><strong>erectus</strong></span> 
     </span>
    </p>
   </div>
   <div class='ocr_carea' id='block_1_101' title="bbox 430 5322 1589 5387">
    <p class='ocr_par' dir='ltr' id='par_1_101' title="bbox 430 5322 1589 5387">
     <span class='ocr_line' id='line_1_101' title="bbox 430 5322 1589 5387; baseline -0.003 -10"><span class='ocrx_word' id='word_1_819' title='bbox 430 5324 661 5387; x_wconf 88' lang='lat' dir='ltr'><strong>steterit,</strong></span> <span class='ocrx_word' id='word_1_820' title='bbox 693 5323 867 5374; x_wconf 78' lang='lat' dir='ltr'><strong>salvus</strong></span> <span class='ocrx_word' id='word_1_821' title='bbox 900 5322 1155 5374; x_wconf 84' lang='lat' dir='ltr'><strong>videatur.</strong></span> <span class='ocrx_word' id='word_1_822' title='bbox 1587 5325 1589 5327; x_wconf 81' lang='grc'><strong>’</strong></span> 
     </span>
    </p>
   </div>
   <div class='ocr_carea' id='block_1_102' title="bbox 504 5409 2002 5482">
    <p class='ocr_par' dir='ltr' id='par_1_102' title="bbox 504 5409 2002 5482">
     <span class='ocr_line' id='line_1_102' title="bbox 504 5409 2002 5482; baseline 0.001 -18"><span class='ocrx_word' id='word_1_823' title='bbox 504 5411 634 5464; x_wconf 86' lang='lat' dir='ltr'><strong>Luc.</strong></span> <span class='ocrx_word' id='word_1_824' title='bbox 668 5425 785 5478; x_wconf 89' lang='lat' dir='ltr'><strong>cap.</strong></span> <span class='ocrx_word' id='word_1_825' title='bbox 819 5426 886 5474; x_wconf 83' lang='lat' dir='ltr'><strong>tv,</strong></span> <span class='ocrx_word' id='word_1_826' title='bbox 917 5410 968 5471; x_wconf 92' lang='lat'><strong>8,</strong></span> <span class='ocrx_word' id='word_1_827' title='bbox 999 5409 1288 5475; x_wconf 88' lang='lat' dir='ltr'><strong>Veronen.,</strong></span> <span class='ocrx_word' id='word_1_828' title='bbox 1323 5410 1460 5465; x_wconf 81' lang='lat' dir='ltr'><strong>Vade</strong></span> <span class='ocrx_word' id='word_1_829' title='bbox 1481 5424 1594 5482; x_wconf 81' lang='lat' dir='ltr'><strong>post</strong></span> <span class='ocrx_word' id='word_1_830' title='bbox 1618 5429 1714 5475; x_wconf 88' lang='lat' dir='ltr'><strong>me,</strong></span> <span class='ocrx_word' id='word_1_831' title='bbox 1746 5412 2002 5478; x_wconf 81' lang='lat' dir='ltr'><strong>Satanas;</strong></span> 
     </span>
    </p>
   </div>
   <div class='ocr_carea' id='block_1_103' title="bbox 436 5504 2001 5576">
    <p class='ocr_par' dir='ltr' id='par_1_103' title="bbox 436 5504 2001 5576">
     <span class='ocr_line' id='line_1_103' title="bbox 436 5504 2001 5576; baseline 0.001 -19"><span class='ocrx_word' id='word_1_832' title='bbox 436 5509 675 5576; x_wconf 84' lang='lat' dir='ltr'><strong>scriptum</strong></span> <span class='ocrx_word' id='word_1_833' title='bbox 703 5516 776 5558; x_wconf 80' lang='lat' dir='ltr'><strong>est</strong></span> <span class='ocrx_word' id='word_1_834' title='bbox 804 5505 938 5556; x_wconf 89' lang='lat' dir='ltr'><strong>enim</strong></span> <span class='ocrx_word' id='word_1_835' title='bbox 979 5519 998 5556; x_wconf 89' lang='lat'><strong><em>:</em></strong></span> <span class='ocrx_word' id='word_1_836' title='bbox 1038 5504 1308 5557; x_wconf 90' lang='lat' dir='ltr'><strong>Dominum</strong></span> <span class='ocrx_word' id='word_1_837' title='bbox 1354 5505 1518 5559; x_wconf 85' lang='lat' dir='ltr'><strong>Deum</strong></span> <span class='ocrx_word' id='word_1_838' title='bbox 1565 5518 1705 5560; x_wconf 87' lang='lat' dir='ltr'><strong>tuum</strong></span> <span class='ocrx_word' id='word_1_839' title='bbox 1747 5506 2001 5559; x_wconf 89' lang='lat' dir='ltr'><strong>adorabis.</strong></span> 
     </span>
    </p>
   </div>
   <div class='ocr_carea' id='block_1_104' title="bbox 441 5578 2008 5671">
    <p class='ocr_par' dir='ltr' id='par_1_104' title="bbox 441 5595 2008 5671">
     <span class='ocr_line' id='line_1_104' title="bbox 441 5595 2008 5671; baseline 0.001 -23"><span class='ocrx_word' id='word_1_840' title='bbox 441 5595 658 5650; x_wconf 72' lang='lat' dir='ltr'><strong>Graecus</strong></span> <span class='ocrx_word' id='word_1_841' title='bbox 703 5599 851 5664; x_wconf 83' lang='lat' dir='ltr'><strong>legit,</strong></span> <span class='ocrx_word' id='word_1_842' title='bbox 899 5597 1090 5671; x_wconf 69' lang='grc' dir='ltr'><strong>’Υπαγε</strong></span> <span class='ocrx_word' id='word_1_843' title='bbox 1143 5600 1304 5652; x_wconf 81' lang='grc' dir='ltr'><strong>ὀπίσω</strong></span> <span class='ocrx_word' id='word_1_844' title='bbox 1335 5620 1449 5669; x_wconf 81' lang='grc' dir='ltr'>μου,</span> <span class='ocrx_word' id='word_1_845' title='bbox 1482 5605 1695 5653; x_wconf 70' lang='grc' dir='ltr'>Σατανᾶἔ</span> <span class='ocrx_word' id='word_1_846' title='bbox 1723 5600 2008 5671; x_wconf 72' lang='grc' dir='ltr'><strong>γέγραπται</strong></span> 
     </span>
    </p>
   </div>
   <div class='ocr_carea' id='block_1_105' title="bbox 445 5687 2010 5759">
    <p class='ocr_par' dir='ltr' id='par_1_105' title="bbox 445 5687 2010 5759">
     <span class='ocr_line' id='line_1_105' title="bbox 445 5687 2010 5759; baseline -0.001 -19"><span class='ocrx_word' id='word_1_847' title='bbox 445 5687 562 5759; x_wconf 71' lang='grc' dir='ltr'><strong>γὰρ,</strong></span> <span class='ocrx_word' id='word_1_848' title='bbox 597 5695 697 5738; x_wconf 88' lang='lat' dir='ltr'><strong>etc.</strong></span> <span class='ocrx_word' id='word_1_849' title='bbox 731 5691 828 5741; x_wconf 90' lang='lat' dir='ltr'><strong>hoc</strong></span> <span class='ocrx_word' id='word_1_850' title='bbox 856 5701 955 5753; x_wconf 89' lang='lat' dir='ltr'><strong>est,</strong></span> <span class='ocrx_word' id='word_1_851' title='bbox 997 5691 1172 5743; x_wconf 86' lang='lat' dir='ltr'><strong>recede</strong></span> <span class='ocrx_word' id='word_1_852' title='bbox 1201 5705 1230 5741; x_wconf 91' lang='lat' dir='ltr'><strong>a</strong></span> <span class='ocrx_word' id='word_1_853' title='bbox 1257 5705 1352 5753; x_wconf 83' lang='lat' dir='ltr'><strong>me,</strong></span> <span class='ocrx_word' id='word_1_854' title='bbox 1379 5690 1635 5754; x_wconf 86' lang='lat' dir='ltr'><strong>Satanas;</strong></span> <span class='ocrx_word' id='word_1_855' title='bbox 1666 5690 1910 5756; x_wconf 83' lang='lat' dir='ltr'><strong>scriptum</strong></span> <span class='ocrx_word' id='word_1_856' title='bbox 1940 5694 2010 5739; x_wconf 82' lang='lat' dir='ltr'><strong>est</strong></span> 
     </span>
    </p>
   </div>
   <div class='ocr_carea' id='block_1_106' title="bbox 441 5771 2012 5847">
    <p class='ocr_par' dir='ltr' id='par_1_106' title="bbox 441 5771 2012 5847">
     <span class='ocr_line' id='line_1_106' title="bbox 441 5771 2012 5847; baseline 0.005 -27"><span class='ocrx_word' id='word_1_857' title='bbox 441 5771 594 5837; x_wconf 65' lang='lat' dir='ltr'><strong>rnim,</strong></span> <span class='ocrx_word' id='word_1_858' title='bbox 619 5782 721 5827; x_wconf 66' lang='lat' dir='ltr'><strong>Plit.</strong></span> <span class='ocrx_word' id='word_1_859' title='bbox 757 5790 872 5844; x_wconf 67' lang='lat' dir='ltr'><strong>qua:</strong></span> <span class='ocrx_word' id='word_1_860' title='bbox 905 5779 1063 5833; x_wconf 63' lang='lat' dir='ltr'><strong>verba</strong></span> <span class='ocrx_word' id='word_1_861' title='bbox 1096 5791 1156 5833; x_wconf 69' lang='lat' dir='ltr'><strong>ex</strong></span> <span class='ocrx_word' id='word_1_862' title='bbox 1191 5777 1420 5832; x_wconf 71' lang='lat' dir='ltr'><strong>Maltltmt</strong></span> <span class='ocrx_word' id='word_1_863' title='bbox 1445 5782 1562 5847; x_wconf 74' lang='lat' dir='ltr'><strong>cap.</strong></span> <span class='ocrx_word' id='word_1_864' title='bbox 1584 5789 1654 5842; x_wconf 69' lang='grc' dir='ltr'>ιν,</span> <span class='ocrx_word' id='word_1_865' title='bbox 1685 5775 1769 5840; x_wconf 58' lang='lat' dir='ltr'><strong>mi</strong></span> <span class='ocrx_word' id='word_1_866' title='bbox 1799 5775 2012 5828; x_wconf 61' lang='lat' dir='ltr'><strong>tinuume</strong></span> 
     </span>
    </p>
   </div>
   <div class='ocr_carea' id='block_1_107' title="bbox 2099 4781 3670 4856">
    <p class='ocr_par' dir='ltr' id='par_1_107' title="bbox 2099 4781 3670 4856">
     <span class='ocr_line' id='line_1_107' title="bbox 2099 4781 3670 4856; baseline -0.003 -21"><span class='ocrx_word' id='word_1_867' title='bbox 2099 4783 2169 4836; x_wconf 89' lang='lat' dir='ltr'><strong>ita</strong></span> <span class='ocrx_word' id='word_1_868' title='bbox 2201 4782 2495 4850; x_wconf 76' lang='lat' dir='ltr'><strong>legebatur,</strong></span> <span class='ocrx_word' id='word_1_869' title='bbox 2531 4785 2615 4835; x_wconf 79' lang='grc' dir='ltr'><strong>καὶ</strong></span> <span class='ocrx_word' id='word_1_870' title='bbox 2640 4783 2721 4836; x_wconf 74' lang='grc' dir='ltr'><strong>ἐὰν</strong></span> <span class='ocrx_word' id='word_1_871' title='bbox 2750 4781 2860 4855; x_wconf 72' lang='grc' dir='ltr'>ἔλθῃ</span> <span class='ocrx_word' id='word_1_872' title='bbox 2902 4783 2949 4834; x_wconf 73' lang='grc' dir='ltr'><strong>ἐν</strong></span> <span class='ocrx_word' id='word_1_873' title='bbox 2976 4790 3038 4856; x_wconf 73' lang='grc' dir='ltr'><strong>τῇ</strong></span> <span class='ocrx_word' id='word_1_874' title='bbox 3067 4781 3303 4856; x_wconf 64' lang='lat' dir='ltr'><strong>Eat-reptva</strong></span> <span class='ocrx_word' id='word_1_875' title='bbox 3343 4781 3535 4854; x_wconf 73' lang='grc' dir='ltr'>φυλακῇ</span> <span class='ocrx_word' id='word_1_876' title='bbox 3585 4783 3670 4834; x_wconf 78' lang='grc' dir='ltr'><strong>καὶ</strong></span> 
     </span>
    </p>
   </div>
   <div class='ocr_carea' id='block_1_108' title="bbox 2102 4869 3672 4951">
    <p class='ocr_par' dir='ltr' id='par_1_108' title="bbox 2102 4869 3672 4951">
     <span class='ocr_line' id='line_1_108' title="bbox 2102 4869 3672 4951; baseline -0.002 -22"><span class='ocrx_word' id='word_1_877' title='bbox 2102 4875 2235 4948; x_wconf 26' lang='grc' dir='ltr'>εὕρῃ,</span> <span class='ocrx_word' id='word_1_878' title='bbox 2273 4875 2424 4934; x_wconf 77' lang='grc' dir='ltr'>οὕτω,</span> <span class='ocrx_word' id='word_1_879' title='bbox 2479 4869 2718 4951; x_wconf 73' lang='grc' dir='ltr'>μακάριοὶ</span> <span class='ocrx_word' id='word_1_880' title='bbox 2772 4877 2896 4929; x_wconf 78' lang='grc' dir='ltr'><strong>εἰσιν</strong></span> <span class='ocrx_word' id='word_1_881' title='bbox 2925 4873 3002 4929; x_wconf 83' lang='grc' dir='ltr'><strong>ὅτι</strong></span> <span class='ocrx_word' id='word_1_882' title='bbox 3038 4873 3286 4927; x_wconf 77' lang='grc' dir='ltr'>ἀνακλινεῖ</span> <span class='ocrx_word' id='word_1_883' title='bbox 3331 4876 3536 4933; x_wconf 68' lang='grc' dir='ltr'>αὐτοὺς,</span> <span class='ocrx_word' id='word_1_884' title='bbox 3585 4876 3672 4927; x_wconf 78' lang='grc' dir='ltr'><strong>καὶ</strong></span> 
     </span>
    </p>
   </div>
   <div class='ocr_carea' id='block_1_109' title="bbox 2103 4962 3669 5041">
    <p class='ocr_par' dir='ltr' id='par_1_109' title="bbox 2103 4962 3669 5041">
     <span class='ocr_line' id='line_1_109' title="bbox 2103 4962 3669 5041; baseline -0.001 -23"><span class='ocrx_word' id='word_1_885' title='bbox 2103 4966 2252 5018; x_wconf 74' lang='grc' dir='ltr'>ἐλθών</span> <span class='ocrx_word' id='word_1_886' title='bbox 2278 4969 2380 5018; x_wconf 78' lang='grc' dir='ltr'><strong>πᾶν</strong></span> <span class='ocrx_word' id='word_1_887' title='bbox 2417 4962 2700 5026; x_wconf 75' lang='grc' dir='ltr'>διακοιιήσει</span> <span class='ocrx_word' id='word_1_888' title='bbox 2728 4965 2922 5035; x_wconf 66' lang='grc' dir='ltr'>αὐτοῖς.</span> <span class='ocrx_word' id='word_1_889' title='bbox 2967 4968 3138 5031; x_wconf 79' lang='lat' dir='ltr'><strong>Atque</strong></span> <span class='ocrx_word' id='word_1_890' title='bbox 3173 4963 3273 5016; x_wconf 90' lang='lat' dir='ltr'><strong>hoc</strong></span> <span class='ocrx_word' id='word_1_891' title='bbox 3302 4965 3669 5041; x_wconf 60' lang='lat' dir='ltr'><strong>assumentuin</strong></span> 
     </span>
    </p>
   </div>
   <div class='ocr_carea' id='block_1_110' title="bbox 2107 5052 3674 5121">
    <p class='ocr_par' dir='ltr' id='par_1_110' title="bbox 2107 5052 3674 5121">
     <span class='ocr_line' id='line_1_110' title="bbox 2107 5052 3674 5121; baseline 0.001 -15"><span class='ocrx_word' id='word_1_892' title='bbox 2107 5069 2212 5106; x_wconf 93' lang='lat' dir='ltr'><strong>non</strong></span> <span class='ocrx_word' id='word_1_893' title='bbox 2242 5069 2384 5117; x_wconf 84' lang='lat' dir='ltr'><strong>esse,</strong></span> <span class='ocrx_word' id='word_1_894' title='bbox 2413 5061 2560 5120; x_wconf 81' lang='lat' dir='ltr'><strong>putat</strong></span> <span class='ocrx_word' id='word_1_895' title='bbox 2583 5052 2809 5115; x_wconf 80' lang='lat' dir='ltr'><strong>Millius,</strong></span> <span class='ocrx_word' id='word_1_896' title='bbox 2850 5053 2942 5106; x_wconf 77' lang='lat' dir='ltr'><strong>sed</strong></span> <span class='ocrx_word' id='word_1_897' title='bbox 2976 5053 3256 5121; x_wconf 78' lang='lat' dir='ltr'><strong>genuinam</strong></span> <span class='ocrx_word' id='word_1_898' title='bbox 3293 5054 3352 5104; x_wconf 84' lang='grc' dir='ltr'><strong>ι).</strong></span> <span class='ocrx_word' id='word_1_899' title='bbox 3384 5053 3539 5106; x_wconf 71' lang='lat' dir='ltr'><strong>Luca:</strong></span> <span class='ocrx_word' id='word_1_900' title='bbox 3568 5055 3674 5108; x_wconf 87' lang='lat' dir='ltr'><strong>lec-</strong></span> 
     </span>
    </p>
   </div>
   <div class='ocr_carea' id='block_1_111' title="bbox 2109 5135 3674 5209">
    <p class='ocr_par' dir='ltr' id='par_1_111' title="bbox 2109 5135 3674 5209">
     <span class='ocr_line' id='line_1_111' title="bbox 2109 5135 3674 5209; baseline -0.001 -13"><span class='ocrx_word' id='word_1_901' title='bbox 2109 5144 2303 5196; x_wconf 89' lang='lat' dir='ltr'><strong>tionem</strong></span> <span class='ocrx_word' id='word_1_902' title='bbox 2333 5157 2382 5208; x_wconf 94' lang='lat' dir='ltr'><strong>p.</strong></span> <span class='ocrx_word' id='word_1_903' title='bbox 2412 5141 2499 5203; x_wconf 89' lang='grc'><strong>55,</strong></span> <span class='ocrx_word' id='word_1_904' title='bbox 2532 5141 2581 5193; x_wconf 91' lang='lat' dir='ltr'><strong>in</strong></span> <span class='ocrx_word' id='word_1_905' title='bbox 2606 5135 2814 5208; x_wconf 83' lang='lat' dir='ltr'><strong>Proleg.</strong></span> <span class='ocrx_word' id='word_1_906' title='bbox 2845 5155 2960 5193; x_wconf 91' lang='lat' dir='ltr'><strong>eam</strong></span> <span class='ocrx_word' id='word_1_907' title='bbox 2991 5155 3217 5209; x_wconf 85' lang='lat' dir='ltr'><strong>namque</strong></span> <span class='ocrx_word' id='word_1_908' title='bbox 3249 5141 3463 5195; x_wconf 76' lang='lat' dir='ltr'><strong>firmant</strong></span> <span class='ocrx_word' id='word_1_909' title='bbox 3488 5141 3674 5196; x_wconf 89' lang='lat' dir='ltr'><strong>lectio-</strong></span> 
     </span>
    </p>
   </div>
   <div class='ocr_carea' id='block_1_112' title="bbox 2111 5231 3672 5302">
    <p class='ocr_par' dir='ltr' id='par_1_112' title="bbox 2111 5231 3672 5302">
     <span class='ocr_line' id='line_1_112' title="bbox 2111 5231 3672 5302; baseline -0.004 -13"><span class='ocrx_word' id='word_1_910' title='bbox 2111 5250 2230 5289; x_wconf 91' lang='lat' dir='ltr'><strong>nem</strong></span> <span class='ocrx_word' id='word_1_911' title='bbox 2279 5233 2554 5300; x_wconf 86' lang='lat' dir='ltr'><strong>exemplar</strong></span> <span class='ocrx_word' id='word_1_912' title='bbox 2584 5231 2822 5300; x_wconf 77' lang='lat' dir='ltr'><strong>Vulgata:</strong></span> <span class='ocrx_word' id='word_1_913' title='bbox 2851 5232 2994 5300; x_wconf 87' lang='lat' dir='ltr'><strong>(ante</strong></span> <span class='ocrx_word' id='word_1_914' title='bbox 3027 5231 3427 5302; x_wconf 82' lang='lat' dir='ltr'><strong>Hieronymum)</strong></span> <span class='ocrx_word' id='word_1_915' title='bbox 3480 5231 3672 5285; x_wconf 73' lang='lat' dir='ltr'><strong>Irenrei</strong></span> 
     </span>
    </p>
   </div>
   <div class='ocr_carea' id='block_1_113' title="bbox 2108 5320 3665 5393">
    <p class='ocr_par' dir='ltr' id='par_1_113' title="bbox 2108 5320 3665 5393">
     <span class='ocr_line' id='line_1_113' title="bbox 2108 5320 3665 5393; baseline -0.006 -13"><span class='ocrx_word' id='word_1_916' title='bbox 2108 5326 2433 5393; x_wconf 88' lang='lat' dir='ltr'><strong>interpretis,</strong></span> <span class='ocrx_word' id='word_1_917' title='bbox 2449 5324 2693 5378; x_wconf 84' lang='lat' dir='ltr'><strong>Ambros.</strong></span> <span class='ocrx_word' id='word_1_918' title='bbox 2714 5339 2762 5376; x_wconf 89' lang='grc' dir='ltr'>ιιι</span> <span class='ocrx_word' id='word_1_919' title='bbox 2781 5322 2931 5376; x_wconf 87' lang='lat' dir='ltr'><strong>Com.</strong></span> <span class='ocrx_word' id='word_1_920' title='bbox 2956 5324 3005 5375; x_wconf 91' lang='lat' dir='ltr'><strong>in</strong></span> <span class='ocrx_word' id='word_1_921' title='bbox 3027 5323 3155 5377; x_wconf 90' lang='lat' dir='ltr'><strong>an.</strong></span> <span class='ocrx_word' id='word_1_922' title='bbox 3184 5325 3371 5387; x_wconf 84' lang='lat' dir='ltr'><strong>lih.vn,</strong></span> <span class='ocrx_word' id='word_1_923' title='bbox 3396 5337 3515 5389; x_wconf 87' lang='lat' dir='ltr'><strong>cap.</strong></span> <span class='ocrx_word' id='word_1_924' title='bbox 3534 5320 3592 5379; x_wconf 62' lang='grc' dir='ltr'>ἓ,</span> <span class='ocrx_word' id='word_1_925' title='bbox 3613 5329 3665 5371; x_wconf 91' lang='lat' dir='ltr'><strong>et</strong></span> 
     </span>
    </p>
   </div>
   <div class='ocr_carea' id='block_1_114' title="bbox 2109 5410 3671 5484">
    <p class='ocr_par' dir='ltr' id='par_1_114' title="bbox 2109 5410 3671 5484">
     <span class='ocr_line' id='line_1_114' title="bbox 2109 5410 3671 5484; baseline -0.006 -13"><span class='ocrx_word' id='word_1_926' title='bbox 2109 5416 2409 5471; x_wconf 86' lang='lat' dir='ltr'><strong>Methodius</strong></span> <span class='ocrx_word' id='word_1_927' title='bbox 2438 5417 2585 5468; x_wconf 87' lang='lat' dir='ltr'><strong>Orat.</strong></span> <span class='ocrx_word' id='word_1_928' title='bbox 2633 5415 2694 5477; x_wconf 84' lang='lat'><strong>5,</strong></span> <span class='ocrx_word' id='word_1_929' title='bbox 2744 5415 2805 5467; x_wconf 86' lang='lat' dir='ltr'><strong>de</strong></span> <span class='ocrx_word' id='word_1_930' title='bbox 2832 5413 3068 5467; x_wconf 71' lang='lat' dir='ltr'><strong>Convicio</strong></span> <span class='ocrx_word' id='word_1_931' title='bbox 3123 5414 3406 5484; x_wconf 84' lang='lat' dir='ltr'><strong>Virginum.</strong></span> <span class='ocrx_word' id='word_1_932' title='bbox 3451 5410 3671 5475; x_wconf 89' lang='lat' dir='ltr'><strong>Verum,</strong></span> 
     </span>
    </p>
   </div>
   <div class='ocr_carea' id='block_1_115' title="bbox 2110 5504 3672 5572">
    <p class='ocr_par' dir='ltr' id='par_1_115' title="bbox 2110 5504 3672 5572">
     <span class='ocr_line' id='line_1_115' title="bbox 2110 5504 3672 5572; baseline -0.004 -12"><span class='ocrx_word' id='word_1_933' title='bbox 2110 5507 2481 5568; x_wconf 82' lang='lat' dir='ltr'><strong>cuminitialia</strong></span> <span class='ocrx_word' id='word_1_934' title='bbox 2511 5505 2759 5560; x_wconf 86' lang='lat' dir='ltr'><strong>versieuli</strong></span> <span class='ocrx_word' id='word_1_935' title='bbox 2785 5505 2938 5572; x_wconf 88' lang='lat' dir='ltr'><strong>hujus</strong></span> <span class='ocrx_word' id='word_1_936' title='bbox 2965 5505 3150 5558; x_wconf 81' lang='lat' dir='ltr'><strong>eadem</strong></span> <span class='ocrx_word' id='word_1_937' title='bbox 3183 5504 3308 5563; x_wconf 91' lang='lat' dir='ltr'><strong>sint,</strong></span> <span class='ocrx_word' id='word_1_938' title='bbox 3342 5516 3458 5568; x_wconf 64' lang='lat' dir='ltr'><strong>quae</strong></span> <span class='ocrx_word' id='word_1_939' title='bbox 3488 5515 3672 5554; x_wconf 82' lang='lat' dir='ltr'><strong>versus</strong></span> 
     </span>
    </p>
   </div>
   <div class='ocr_carea' id='block_1_116' title="bbox 2114 5591 3674 5665">
    <p class='ocr_par' dir='ltr' id='par_1_116' title="bbox 2114 5591 3674 5665">
     <span class='ocr_line' id='line_1_116' title="bbox 2114 5591 3674 5665; baseline -0.001 -17"><span class='ocrx_word' id='word_1_940' title='bbox 2114 5598 2354 5665; x_wconf 89' lang='lat' dir='ltr'><strong>proxime</strong></span> <span class='ocrx_word' id='word_1_941' title='bbox 2399 5597 2800 5663; x_wconf 88' lang='lat' dir='ltr'><strong>subsequentis;</strong></span> <span class='ocrx_word' id='word_1_942' title='bbox 2861 5605 3017 5665; x_wconf 89' lang='lat' dir='ltr'><strong>atque</strong></span> <span class='ocrx_word' id='word_1_943' title='bbox 3061 5596 3185 5646; x_wconf 91' lang='lat' dir='ltr'><strong>item</strong></span> <span class='ocrx_word' id='word_1_944' title='bbox 3240 5601 3503 5659; x_wconf 84' lang='lat' dir='ltr'><strong>postrema</strong></span> <span class='ocrx_word' id='word_1_945' title='bbox 3559 5591 3674 5661; x_wconf 80' lang='lat' dir='ltr'><strong>ejus</strong></span> 
     </span>
    </p>
   </div>
   <div class='ocr_carea' id='block_1_117' title="bbox 2115 5680 3674 5762">
    <p class='ocr_par' dir='ltr' id='par_1_117' title="bbox 2115 5680 3674 5762">
     <span class='ocr_line' id='line_1_117' title="bbox 2115 5680 3674 5762; baseline -0.002 -26"><span class='ocrx_word' id='word_1_946' title='bbox 2115 5686 2295 5750; x_wconf 61' lang='lat' dir='ltr'><strong>Verba,</strong></span> <span class='ocrx_word' id='word_1_947' title='bbox 2328 5686 2433 5738; x_wconf 89' lang='lat' dir='ltr'><strong>sint</strong></span> <span class='ocrx_word' id='word_1_948' title='bbox 2462 5685 2647 5739; x_wconf 83' lang='lat' dir='ltr'><strong>eadem</strong></span> <span class='ocrx_word' id='word_1_949' title='bbox 2689 5687 2822 5759; x_wconf 81' lang='lat' dir='ltr'><strong>ipsa,</strong></span> <span class='ocrx_word' id='word_1_950' title='bbox 2853 5697 2969 5760; x_wconf 78' lang='lat' dir='ltr'><strong>quae</strong></span> <span class='ocrx_word' id='word_1_951' title='bbox 2991 5691 3175 5740; x_wconf 83' lang='lat' dir='ltr'><strong>versus</strong></span> <span class='ocrx_word' id='word_1_952' title='bbox 3205 5680 3510 5734; x_wconf 88' lang='lat' dir='ltr'><strong>immediate</strong></span> <span class='ocrx_word' id='word_1_953' title='bbox 3538 5695 3674 5762; x_wconf 29' lang='lat' dir='ltr'><strong>prce.-</strong></span> 
     </span>
    </p>
   </div>
   <div class='ocr_carea' id='block_1_118' title="bbox 2115 5756 3668 5836">
    <p class='ocr_par' dir='ltr' id='par_1_118' title="bbox 2115 5756 3668 5836">
     <span class='ocr_line' id='line_1_118' title="bbox 2115 5756 3668 5836; baseline -0.006 -7"><span class='ocrx_word' id='word_1_954' title='bbox 2115 5773 2353 5831; x_wconf 60' lang='lat' dir='ltr'><strong>Crrtcntlt</strong></span> <span class='ocrx_word' id='word_1_955' title='bbox 2373 5781 2387 5836; x_wconf 71' lang='grc' dir='ltr'>ι</span> <span class='ocrx_word' id='word_1_956' title='bbox 2416 5785 2598 5832; x_wconf 58' lang='lat' dir='ltr'><strong>errore</strong></span> <span class='ocrx_word' id='word_1_957' title='bbox 2616 5756 3059 5831; x_wconf 61' lang='lat' dir='ltr'><strong>admodumhrttl</strong></span> <span class='ocrx_word' id='word_1_958' title='bbox 3083 5761 3278 5826; x_wconf 63' lang='lat' dir='ltr'><strong>tantum</strong></span> <span class='ocrx_word' id='word_1_959' title='bbox 3295 5772 3418 5827; x_wconf 70' lang='lat' dir='ltr'><strong>esse</strong></span> <span class='ocrx_word' id='word_1_960' title='bbox 3440 5756 3668 5835; x_wconf 56' lang='lat' dir='ltr'><strong>videtur}</strong></span> 
     </span>
    </p>
   </div>
  </div>
