3902 6398
469 313 562 374 1η

465 531 583 568 run.
610 523 664 568 et
695 508 931 566 Brixian.
963 515 1018 560 et
1047 506 1115 558 ita
1143 502 1196 556 in
1218 499 1417 555 Graecis
1458 495 1728 566 plerisque
1765 489 2033 557 exempla-

462 607 633 669 ribus,
656 604 784 658 etin
813 616 920 656 uno
943 598 1137 667 regina:
1159 595 1451 650 Succorum
1481 599 1582 641 ms.
1608 586 1763 650 libro,
1791 583 1958 637 relato
1979 581 2034 634 in

461 697 574 750 div.
600 694 738 750 Bibl.
769 692 828 748 8.
860 685 1186 758 Hieronymi.
1976 715 1984 721 .

536 783 696 840 Marc.
717 798 837 851 cap.
858 796 911 844 x,
941 779 1025 844 17,
1059 775 1255 830 Veron.
1288 783 1622 843 prwcurrens,
1653 774 1706 819 et
1732 765 1804 820 ita
1832 761 1889 816 S.
1921 759 2032 814 Au-

459 877 704 948 gustinus
729 875 778 927 in
800 869 1025 938 Speculo
1048 865 1115 920 de
1137 861 1426 931 Evangelia
1454 855 1746 912 secundum
1775 853 2030 913 Marcum,

461 966 614 1022 Tom.
646 981 720 1022 ιιι.
758 965 898 1015 l’art.
927 973 966 1020 ι,
1001 975 1053 1026 p.
1088 953 1210 1009 765.

530 1056 718 1110 Matth.
751 1067 870 1120 cap.
898 1063 1057 1111 xxiv,
1080 1046 1173 1109 51,
1202 1043 1396 1097 Veron.
1423 1040 1546 1093 huic
1577 1035 1840 1094 versiculo
1863 1030 2028 1096 addit,

461 1147 584 1200 Cum
624 1142 864 1212 creperint
891 1146 1059 1190 autem
1081 1135 1185 1188 luet:
1214 1132 1352 1200 ﬁeri,
1382 1128 1635 1198 respicite,
1672 1136 1720 1180 et
1751 1125 1906 1177 levate
1949 1135 2033 1171 ca-

459 1238 564 1304 pita
619 1245 807 1294 vestra,
867 1227 1108 1298 quoniam
1167 1221 1437 1293 adpropiat
1499 1216 1779 1286 redemptio
1845 1219 2026 1267 vestra.

457 1302 684 1381 Sanctus
705 1321 874 1375 Luesis
896 1318 1068 1384 capite
1097 1331 1206 1386 xxi,
1239 1311 1507 1368 versiculo
1529 1309 1622 1370 28,
1652 1319 1704 1362 ct
1733 1315 1882 1360 vetus
1903 1302 2034 1356 Mat-

460 1414 582 1468 thaai
609 1412 774 1466 codex
805 1406 1258 1476 Cantabrigiensis
1281 1401 1618 1477 GraecooLat.
1651 1396 1790 1468 apud
1813 1394 1917 1449 Mil.
1946 1392 2033 1448 hic

458 1505 658 1557 addunt
686 1502 949 1564 similiter,
985 1498 1079 1550 llis
1108 1507 1278 1549 autem
1316 1493 1427 1561 ﬁeri
1467 1489 1840 1559 incipientibus,
1869 1484 2034 1549 respi-

455 1597 570 1659 cite,
594 1603 638 1647 et
669 1595 823 1646 levate
849 1593 1014 1660 capita
1034 1597 1220 1652 vestra,
1246 1585 1508 1655 quoniam
1533 1577 1907 1648 appropinquat
1946 1588 2030 1626 rs-

458 1689 680 1758 demptio
703 1696 884 1740 vestra.

1803 272 2329 348 PROLEGOHENA-
2461 315 2464 322 ·

546 341 562 369 ι
1805 341 1980 348 ---η
2040 341 2186 346 ---ρ
2223 341 2229 342 ,
2264 341 2306 346 ,ν
3237 341 3242 349 ,

537 423 696 474 Marc.
727 431 847 487 cap.
881 430 956 480 ιιι,
988 415 1082 478 35,
1112 416 1250 479 post,
1294 421 1458 468 soror,
1487 402 1663 467 deest,
1693 415 1823 464 mea,
1853 398 1903 454 in
1934 397 2034 450 Ve-
2059 401 2114 464 Α
2135 397 2222 464 qui
2247 407 2319 454 est
2338 396 2390 449 in
2406 393 2562 451 calls.
2586 392 2746 452 Forte
2775 391 3258 450 Monumentum
3277 379 3524 448 exstabat
3545 348 3706 453 etiam

3606 278 3710 342 13!

2138 488 2189 540 in
2220 485 2493 541 codicibus
2540 483 2939 546 Atubrosiuis;
2983 496 3103 537 nam
3142 481 3198 538 S.
3238 481 3574 540 Ambrosius.
3614 497 3709 534 cx-

2083 601 2095 608 -
2133 594 2340 649 ponens
2383 578 2523 632 hunc
2549 578 2723 631 locum
2764 573 3013 638 Matthci,
3041 588 3159 641 cap.
3185 588 3241 638 x,
3268 572 3358 637 55,
3395 571 3509 626 ait:
3542 572 3708 638 Atque

2134 671 2206 722 ita
2243 671 2485 740 scriptum
2512 679 2611 732 est,
2638 684 2739 721 non
2764 667 2927 720 solum
2951 665 3004 718 in
3034 680 3091 718 eo
3132 664 3281 726 libro,
3316 663 3403 731 qui
3429 662 3707 716 secundum

2136 757 2433 812 Matt/tcum
2461 759 2718 819 scribitur,
2746 756 3006 828 Evangelii
3031 754 3240 808 Domini
3264 751 3298 804 J
3305 769 3412 816 esu,
3441 753 3530 805 sed
3555 753 3708 806 etiam

2134 854 2186 905 in
2211 868 2272 904 eo
2300 853 2476 904 lectum
2505 862 2601 916 est,
2638 867 2789 921 gnem
2808 850 3082 903 secundum
3103 845 3295 899 Lucam
3315 847 3626 914 reperimus;
3654 854 3709 898 ut
3725 847 3730 854 ’

2133 948 2282 1006 scias,
2315 961 2412 998 non
2435 945 2592 998 otiose
2611 944 2666 996 id
2687 943 2913 1010 posuisse
2935 949 3214 1004 utrumque.

2203 1035 2390 1090 Matth.
2421 1049 2540 1102 cap.
2555 1049 2622 1112 Ox,
2652 1032 2744 1097 29,
2779 1033 3038 1086 Veronen.
3063 1028 3229 1091 addit,
3258 1027 3342 1096 qui
3370 1034 3441 1080 est
3472 1025 3526 1078 in
3547 1025 3705 1089 catis,

2133 1133 2188 1180 et
2219 1127 2286 1178 ita
2310 1125 2367 1179 8.
2399 1125 2632 1180 ιτθιιειιε
2659 1122 2712 1177 in
2745 1122 2835 1177 lib.
2878 1137 2909 1174 v
2935 1129 3118 1175 contra
3154 1112 3429 1182 Hazres'es,
3458 1131 3588 1186 cap;
3612 1116 3706 1183 22,

2136 1218 2267 1274 Cod.
2303 1216 2608 1279 Corbeien.,
2642 1216 2730 1284 qui
2758 1216 2812 1269 in
2831 1214 2966 1268 uelis
2992 1223 3082 1268 est.

2202 1309 2359 1362 Joan.
2400 1322 2518 1378 cap.
2552 1323 2648 1372 xu,
2695 1305 2784 1370 25,
2819 1305 2870 1360 in
2901 1304 3096 1358 Veron.
3118 1312 3255 1370 post,
3286 1303 3509 1356 animam
3537 1317 3708 1367 suam,

2136 1400 2306 1469 primo
2346 1399 2465 1455 loco
2505 1398 2735 1457 additur,
2776 1397 2828 1449 in
2867 1395 2958 1449 hoc
2998 1392 3206 1447 mundo.
3243 1393 3300 1446 In
3343 1393 3400 1448 S.
3441 1392 3712 1463 Cypriano

2132 1499 2306 1544 autem
2338 1506 2388 1558 p.
2420 1489 2538 1554 199,
2569 1490 2689 1551 557,
2715 1487 2818 1542 516
2844 1495 2897 1540 et
2920 1485 3043 1550 518,
3072 1484 3126 1536 in
3151 1484 3246 1536 hoc
3276 1483 3484 1539 saeculo.

2205 1580 2334 1633 Luc.
2374 1594 2483 1648 .cnp
2541 1595 2633 1640 vu,
2686 1580 2771 1644 11,
2799 1578 2853 1632 in
2903 1576 3100 1630 Veron.
3133 1583 3252 1643 post
3296 1573 3540 1635 verbum,
3571 1574 3710 1642 ejus,

2135 1670 2368 1733 additur,
2397 1669 2561 1723 multi.
2592 1671 2651 1724 τό
2671 1669 2849 1730 multi,
2874 1665 3151 1734 irrepsisse
3180 1662 3394 1718 videtur
3429 1677 3497 1717 ex
3528 1677 3581 1716 ιι.
3620 1661 3710 1716 12.

525 1753 710 1833 Matth.
745 1792 861 1842 cap.
905 1788 1048 1833 xxvi,
1079 1771 1171 1833 27,
1213 1767 1438 1828 Veron,
1469 1762 1700 1830 accipite,
1729 1769 1776 1812 et
1804 1757 1949 1811 bibite
1971 1770 2035 1808 ea:

2166 1759 2272 1814 lidc
2299 1759 2515 1813 Millium
2549 1759 2598 1812 in
2628 1758 2832 1827 proleg.
2867 1771 2981 1825 pag.
3013 1753 3106 1817 46,
3129 1753 3240 1807 col.
3272 1754 3325 1806 1.

456 1873 572 1934 hoc,
611 1879 666 1921 et
710 1869 779 1921 ita
820 1867 877 1920 8.
910 1861 1224 1919 Ambrosius
1269 1859 1320 1910 in
1353 1855 1445 1913 lib.
1487 1869 1537 1908 tv
1590 1853 1657 1905 de
1696 1850 2029 1905 Sacrament.

455 1977 574 2029 cap.
609 1961 662 2023 5,
693 1973 746 2026 p.
791 1957 921 2010 571.
1389 2012 1398 2024 ‘

529 2027 711 2106 Matth.
736 2065 852 2116 cap.
876 2045 1136 2110 xxv1,55,
1167 2041 1357 2095 Veron.
1384 2045 1440 2093 et
1456 2035 1697 2108 Brixiae.
1723 2046 1794 2084 xu
1847 2027 2032 2092 millia,

460 2146 516 2201 S.
553 2145 877 2214 Augustinus
923 2139 974 2191 in
1007 2137 1099 2190 lib.
1144 2136 1209 2187 de
1233 2131 1434 2199 Spiritu
1480 2141 1530 2182 et
1580 2125 1799 2214 Littera,
1844 2133 2030 2214 capt,

458 2246 588 2290 tntn.
618 2207 664 2287 ἓξ
687 2274 703 2298 ,
737 2245 855 2300 pag.
887 2229 978 2293 85,
1004 2226 1164 2294 Legas
1198 2221 1416 2290 (inquit)
1449 2217 1596 2272 etiam
1629 2212 1895 2265 duodecim
1922 2207 2036 2259 mil-

454 2330 524 2381 lia
564 2326 781 2397 legiones
809 2320 1104 2391 angelorum
1146 2331 1236 2386 pro
1266 2311 1488 2374 Christo,
1521 2323 1583 2360 ne
1607 2313 1882 2370 pateretur,
1937 2315 2034 2369 pug-

454 2393 628 2491 gnare'
648 2418 900 2488 potuisse,
930 2427 1017 2464 nec
1050 2420 1213 2462 tamen
1237 2407 1447 2477 factum.
1482 2399 1613 2454 Item
1640 2410 1756 2463 cap.
1791 2393 1882 2456 55,
1915 2404 2032 2458 pag.

457 2485 580 2574 12!,
610 2485 716 2562 ait:
763 2505 901 2560 Hinc
931 2518 992 2557 ea;
1017 2499 1316 2569 Evangelia,
1345 2502 1389 2548 et
1417 2509 1481 2546 ea:
1513 2489 1647 2561 Lege
1686 2485 1917 2556 quendam
1939 2496 2034 2551 po-

455 2603 646 2656 suimus
673 2601 724 2651 in
750 2595 990 2650 sermonis
1018 2591 1170 2663 hujus
1199 2585 1428 2646 exordio,
1453 2582 1604 2636 sicuti
1628 2579 1688 2631 de
1703 2575 1880 2628 cameli
1899 2583 2039 2623 tran-

453 2696 550 2749 situ
581 2708 669 2762 per
695 2691 920 2759 foramen
948 2701 1091 2746 acus,
1129 2692 1174 2735 et
1205 2681 1267 2733 de
1295 2676 1561 2730 duodecim
1604 2671 1827 2725 millibus
1883 2667 2039 2734 legio-

458 2800 578 2836 num
605 2782 914 2850 angelorum,
945 2777 1034 2844 qut'
1087 2779 1373 2841 potuerunt,
1425 2766 1468 2818 si
1496 2763 1660 2826 uellet,
1691 2771 1918 2830 pugnare
1947 2769 2039 2821 pro

460 2874 824 2927 Christo.......
857 2882 968 2939 qua:
991 2866 1157 2919 omnia
1186 2866 1319 2932 facta
1348 2875 1448 2912 non
1477 2865 1613 2910 sunt.
1643 2852 1776 2906 Vide
1819 2859 1948 2904 tom.
1983 2860 2036 2912 x,

463 2965 607 3018 Etlit.
639 2961 865 3014 Maurin.
897 2975 949 3027 p.
983 2957 1050 3010 85
1083 2965 1133 3008 el
1164 2953 1286 3005 121.

531 3053 659 3106 Luc.
709 3064 826 3116 cap.
856 3023 911 3110 l,-
937 3046 990 3109 5,
1023 3042 1288 3096 Veronen.
1329 3037 1529 3090 Placuit
1560 3043 1606 3088 et
1654 3029 1795 3093 mihi,
1835 3035 1879 3080 et
1912 3023 2037 3116 Spi-

460 3143 580 3196 ritui
605 3103 814 3195 Sancto.
862 3135 926 3188 Et
956 3135 1023 3186 ita
1043 3133 1233 3186 vetusti
1266 3129 1480 3195 quidam
1521 3121 1692 3179 Grtrci
1723 3117 1868 3181 libri,
1891 3113 2035 3178 Εδοξε
2067 3103 2112 3167 C

461 3235 610 3304 κᾲμοὶ
664 3233 749 3284 καὶ
775 3234 848 3299 τῷ
882 3226 1131 3294 aucupa-rt
1160 3221 1305 3292 ἁγίῳ,
1360 3221 1459 3269 hoc
1498 3222 1601 3275 est,
1628 3212 1788 3264 visum
1819 3214 1867 3259 et
1893 3204 2036 3268 mihi,

461 3295 510 3380 et
527 3295 758 3392 ISpirittti
776 3295 998 3373 Sancta.
1033 3313 1156 3367 llaec
1180 3311 1319 3364 forte
1342 3325 1369 3362 a
1401 3301 1728 3361 Marcionitis
1754 3304 2037 3368 expuncta,

461 3419 550 3486 qui
581 3427 781 3484 partem
804 3407 1078 3476 Evangelii
1103 3403 1259 3457 Lucae
1284 3399 1644 3457 admittentes,
1662 3399 1869 3461 partem
1886 3402 2040 3456 repu-

462 3476 699 3562 diabant.
727 3500 922 3556 Contra
954 3499 1095 3565 ipsos
1121 3491 1226 3562 agit
1249 3489 1305 3544 S.
1339 3489 1480 3542 lren.
1514 3487 1565 3538 in
1598 3485 1690 3537 lib.
1722 3476 2038 3546 ttt,cap.14.

533 3601 662 3654 Luc.
687 3611 809 3664 cap.
841 3610 879 3657 ι,
911 3592 1000 3655 51,
1028 3587 1256 3650 Veron.,
1286 3582 1420 3637 Ecce
1441 3578 1631 3632 ancilla
1663 3573 1891 3635 Domini,
1920 3585 2041 3622 con-

461 3693 621 3761 tingat
663 3660 786 3740 mitti
832 3681 1104 3736 secundum
1142 3675 1347 3728 verbum
1387 3681 1551 3723 tuum.
1599 3666 1750 3719 Hunc
1796 3660 2040 3714 ordinem

460 3752 658 3851 paiiter
687 3784 901 3830 servant
934 3769 1110 3825 versio
1160 3765 1400 3834 Syriaca,
1439 3757 1688 3814 Arabica,
1720 3752 1957 3814 Persica,
1989 3758 2044 3803 et

464 3841 788 3939 :Ethiopica,
812 3879 913 3920 nec
934 3875 1044 3931 non
1066 3860 1122 3913 8.
1150 3849 1463 3910 Ambrosius
1492 3850 1543 3900 in
1578 3844 1818 3912 Exposit.
1843 3841 2045 3908 Evang.

463 3933 680 4018 secanti.
714 3953 842 4015 Luc',
887 3953 1022 4012 Cod.
1059 3949 1207 4006 cttrb.
1240 3959 1400 4000 versu
1442 3942 1510 3995 58
1531 3979 1547 4005 ,
1580 3938 1760 3998 habet,
1788 3933 2045 3999 contingat

466 4053 608 4104 mitti.
663 4051 725 4102 Et
754 4051 824 4101 ita
852 4047 906 4101 8.
941 4042 1125 4100 Ambr.
1161 4039 1214 4092 in
1253 4035 1426 4104 Epist.
1459 4031 1621 4085 class.
1663 4029 1714 4087 1,
1759 4039 1875 4093 pag.
1917 4021 2041 4076 967.
2085 4025 2092 4032 ‘

537 4140 664 4194 Luc.
704 4152 818 4205 cap.
845 4152 898 4202 Χ,
933 4137 982 4199 1,
1013 4131 1208 4186 Veron.
1252 4136 1305 4181 et
1347 4123 1516 4185 Brix.,
1551 4117 1848 4186 Designacit
1879 4123 2044 4166 autem

466 4242 512 4287 et
542 4230 669 4282 alios
691 4227 1030 4294 septuaginta.
1060 4223 1244 4278 Graeca
1272 4229 1482 4288 quoque
1511 4209 1836 4276 exemplaria
1861 4220 2043 4274 quam-

467 4324 639 4392 plura,
660 4318 878 4388 Syriaca
906 4313 1106 4372 versio,
1136 4308 1376 4375 C0ptica,
1411 4303 1658 4366 Arabica,
1688 4300 1746 4356 S.
1786 4298 2040 4362 Irenacus,

469 4390 525 4470 8.
569 4406 908 4465 Ambrosius,
957 4398 1338 4460 Tertullianus,
1387 4395 1584 4460 aliique
1632 4391 1810 4451 multi,
1861 4390 2047 4459 lcgun,

2187 1849 2368 1924 Marc.
2414 1865 2534 1919 cap.
2588 1865 2662 1912 ιχ,
2711 1849 2801 1913 10,
2858 1847 2908 1900 in
2953 1844 3150 1900 Veron.
3197 1843 3319 1899 Gat.
3368 1852 3426 1898 et
3469 1842 3708 1898 Brixian.

2135 1952 2276 2008 post,
2323 1956 2490 2009 aqua,
2538 1938 2774 2004 additur,
2822 1935 3046 2009 frigidm.
3100 1935 3168 1990 Et
3213 1934 3289 1988 ita
3339 1935 3389 1989 in
3437 1932 3712 2004 aliquibus

2134 2031 2457 2087 editionibus
2483 2029 2541 2085 S.
2566 2031 2788 2100 August.
2822 2028 3037 2096 Specul.
3067 2026 3134 2080 de
3161 2025 3362 2095 Evang.
3394 2040 3506 2081 sec.
3539 2026 3707 2079 Marc.

2209 2122 2393 2177 Matth.
2447 2137 2564 2188 cap.
2623 2137 2694 2189 xi,
2741 2121 2795 2186 8,
2838 2119 3034 2174 Veron.
3089 2126 3142 2172 et
3187 2117 3422 2170 Brixian.
3468 2114 3711 2170 mollibus

2135 2215 2442 2268 vestimentis
2487 2212 2764 2265 indutum?
2790 2219 2842 2265 et
2887 2211 2958 2264 ita
2997 2209 3052 2265 S.
3097 2207 3416 2263 Ambrosius
3444 2204 3496 2261 in
3525 2207 3622 2263 lib.
3677 2220 3711 2260 v

2140 2307 2396 2363 chaem.
2425 2319 2546 2371 cap.
2569 2304 2661 2368 25.
2689 2320 2741 2370 p.
2773 2301 2895 2358 109.

2208 2395 2394 2448 Matth.
2422 2410 2539 2460 cap.
2576 2409 2663 2455 xv,
2692 2393 2782 2458 52,
2823 2393 2872 2445 in
2907 2389 3101 2446 Veron.
3132 2399 3186 2444 et
3231 2389 3514 2444 Corbeien.
3558 2397 3709 2454 ante,

2139 2489 2191 2540 in
2223 2485 2366 2539 Brix.
2397 2499 2525 2539 vero
2576 2495 2692 2552 post
2721 2497 2926 2548 vocem,
2973 2470 3175 2545 turbae,
3198 2480 3430 2544 additur,
3479 2479 3615 2533 huic.
3653 2478 3709 2532 1n

2139 2579 2194 2633 S.
2222 2577 2406 2632 Ambr.
2437 2577 2471 2630 l.
2505 2592 2532 2627 v
2575 2577 2827 2629 llexaem.
2853 2589 2901 2628 c.
2931 2573 3017 2636 25,
3043 2589 3095 2642 p.
3125 2570 3259 2637 114,
3283 2571 3499 2640 legitur,
3523 2555 3708 2640 hujus.

2213 2668 2394 2720 Matth.
2425 2681 2542 2734 cap.
2574 2681 2724 2729 xvut,
2753 2665 2842 2726 20,
2874 2663 3068 2716 Veron.
3115 2671 3169 2716 et
3215 2661 3540 2725 Vercellen.,
3565 2660 3634 2711 ibi
3663 2667 3712 2712 et

2139 2775 2250 2829 ego.
2301 2759 2367 2812 Et
2413 2757 2484 2811 ita
2532 2758 2589 2813 S.
2624 2758 2871 2811 Ambros.
2911 2755 2963 2806 in
2996 2754 3086 2805 lib.
3117 2753 3184 2806 de
3211 2752 3479 2822 Mysteriis
3504 2765 3622 2818 cap.
3653 2750 3708 2816 5,

2143 2867 2260 2919 pag.
2312 2848 2438 2913 552,
2487 2858 2540 2901 et
2585 2847 2785 2900 Victor.
2844 2843 3044 2898 Vitens.
3098 2843 3296 2896 Histor.
3347 2841 3516 2895 Vand.
3568 2839 3710 2894 Edit.

2142 2940 2301 2994 Ruin.
2335 2955 2388 3008 p.
2443 2939 2533 2994 56.
2583 2937 2704 2990 cod.
2738 2935 2898 2988 Corb.
2949 2934 3122 2997 habet,
3164 2933 3235 2986 ibi
3278 2948 3388 3001 ego.
3422 2932 3490 2985 Et
3532 2932 3606 2984 ita
3649 2929 3710 2984 S.

2143 3031 2393 3084 Ambros.
2445 3029 2495 3080 in
2529 3028 2620 3081 lib.
2669 3042 2724 3090 tt,
2767 3025 2834 3079 de
2858 3025 2986 3079 Cain
3019 3033 3075 3077 et
3101 3023 3231 3079 Abel
3258 3037 3375 3090 cap.
3410 3022 3466 3087 2,
3501 3037 3553 3090 p.
3581 3020 3709 3086 208,

2143 3131 2196 3176 et
2249 3123 2298 3174 in
2353 3119 2519 3187 Epist.
2571 3118 2639 3172 65
2692 3118 2848 3188 prim.
2907 3117 3062 3170 class.
3110 3115 3357 3186 [3.1025,
3403 3114 3525 3170 cod.
3574 3114 3714 3169 San-

2143 3213 2352 3273 Germ.,
2383 3210 2452 3263 ibi
2483 3226 2592 3262 sum
2625 3221 2668 3262 et
2694 3225 2803 3278 ego.

2216 3301 2401 3356 Matth.
2429 3315 2546 3368 cap.
2573 3315 2664 3364 xx,
2693 3300 2783 3364 25,
2814 3300 2863 3352 in
2891 3298 3110 3362 Veron,
3137 3295 3437 3351 Vercellen.
3483 3304 3540 3350 et
3579 3293 3715 3349 Cor-

2145 3394 2322 3448 beien.
2353 3389 2782 3468 additur,llestts.
2817 3391 2879 3444 Et
2931 3390 3003 3443 ita
3049 3390 3100 3443 in
3144 3389 3200 3443 S.
3232 3387 3484 3443 Ambros.
3533 3387 3628 3441 lib.
3677 3401 3714 3441 v

2144 3485 2208 3539 de
2229 3480 2362 3538 Fide
2387 3497 2506 3552 cap.
2539 3482 2591 3547 5,
2625 3497 2678 3551 p.
2708 3480 2830 3536 562.

2215 3575 2398 3628 Matth.
2447 3589 2563 3642 cap.
2592 3589 2645 3637 v,
2675 3573 2765 3638 48,
2813 3573 2862 3625 in
2905 3572 3104 3626 Veron.
3151 3580 3203 3623 ct
3248 3569 3708 3625 San-Germanen.

2146 3673 2287 3734 post,
2335 3679 2475 3731 ergo,
2521 3663 2753 3724 additur,
2787 3671 2850 3723 et,
2880 3661 3014 3714 sicut
3041 3660 3090 3713 in
3122 3707 3129 3716 η,
3148 3660 3206 3714 8.
3239 3660 3489 3713 Ambros.
3524 3660 3620 3713 lib.
3654 3673 3714 3715 ιιι

2145 3757 2211 3832 de
2238 3755 2391 3809 Ollio.
2427 3754 2651 3808 Ministr.
2681 3768 2794 3822 cap.
2829 3753 2880 3816 2,
2912 3768 2964 3824 p.
2997 3751 3118 3806 110.

2218 3845 2403 3900 Matth.
2433 3859 2551 3914 cap.
2584 3861 2677 3908 vn,
2703 3845 2790 3907 15,
2824 3842 3021 3897 Veron.
3066 3851 3119 3895 et
3145 3841 3536 3896 San-German.
3569 3849 3711 3907 post,

2147 3937 2406 3998 attendite,
2454 3934 2674 3994 addunt,
2723 3932 2880 3985 vobis.
2929 3932 2992 3985 Et
3042 3934 3110 3983 ita
3159 3930 3382 3983 Tertull.
3419 3945 3536 3997 pag.
3582 3930 3711 3994 205,

2145 4027 2248 4078 217
2293 4033 2347 4078 et
2387 4023 2526 4088 218;
2577 4023 2635 4077 S.
2681 4021 2926 4074 Ambros.
2978 4021 3028 4071 in
3073 4019 3162 4072 lib.
3211 4033 3250 4072 ιι
3309 4018 3376 4071 de
3404 4017 3548 4085 Spir.
3581 4017 3710 4072 San.

2147 4116 2384 4185 cap.,10,
2421 4131 2470 4182 p.
2502 4113 2699 4178 655,6t
2721 4113 2774 4167 iu
2806 4113 2893 4167 lib.
2916 4111 3238 4166 thcxaem.
3272 4124 3388 4178 cap.
3421 4112 3474 4175 6,
3498 4125 3550 4178 p.
3588 4110 3709 4173 127,

2148 4219 2200 4262 et
2217 4221 2332 4274 eap.
2364 4205 2418 4269 8,
2437 4207 2503 4272 “p.
2533 4203 2657 4258 152.

2217 4297 2404 4352 Matth.
2433 4311 2551 4365 cap.
2582 4309 2695 4352 vnt.
2723 4293 2812 4358 20,
2842 4292 3108 4348 Veronen.
3143 4289 3442 4345 Vercellen.
3483 4296 3538 4342 et
3580 4288 3714 4342 Satt-

2149 4389 2398 4443 German.
2432 4395 2587 4455 caput
2614 4402 2781 4439 suum.
2814 4383 2877 4437 Et
2903 4386 2971 4437 ita
3011 4384 3067 4438 8.
3116 4379 3430 4436 Ambrosius
3459 4379 3711 4432 llexaem.

792 4461 1131 4563 septuaginta,
1167 4500 1298 4548 non,
1337 4483 1661 4551 septuaginta
1688 4481 1836 4532 duos.
1879 4476 2042 4531 Iidem
2072 4461 2126 4522 1)
2152 4480 2242 4533 lib.
2268 4477 2342 4539 vt,
2368 4491 2486 4546 cap.
2514 4476 2566 4542 8,
2599 4468 2864 4545 pag.'151.

468 4595 543 4650 illi
573 4603 772 4648 tamen.
797 4586 884 4656 qui
913 4585 962 4637 in
992 4578 1139 4634 libris
1168 4575 1278 4630 suis
1313 4573 1570 4634 habuere,
1599 4568 1942 4638 septuaginta,
1972 4567 2048 4656 [at

471 4693 648 4740 tentur
676 4654 967 4747 discipulos
998 4669 1162 4724 fuisse
1201 4664 1340 4718 duos
1376 4668 1434 4747 et
1482 4659 1848 4728 septuaginta;
1887 4663 1943 4708 ut
1969 4654 2045 4708 vi-

420 4769 425 4777 ’
472 4777 599 4832 dere
619 4782 702 4828 est
724 4741 859 4839 apud
885 4766 1010 4818 Var.
1039 4762 1183 4814 Lect.
1217 4756 1325 4810 Mil.
1354 4741 1532 4816 hic,et
1551 4744 2046 4802 Maldonat.ctGro.

474 4868 695 4928 tium,et
720 4837 1004 4916 Seldeiaum
1033 4854 1087 4907 in
1114 4852 1206 4906 lib.
1228 4865 1265 4902 tt
1286 4847 1352 4901 de
1374 4839 1841 4916 Synedriiscap.9,
1861 4847 1961 4892 art.
1991 4837 2045 4928 8.

544 4925 672 5008 Luc.
717 4965 835 5018 cap.
883 4961 955 5010 ιιι,
979 4947 1033 5007 Δ,
1065 4943 1263 4998 Veron.
1291 4947 1346 4994 et
1388 4932 1677 4990 Corbeicn.
1711 4925 2050 5018 addunttsed

473 5045 630 5100 libera
658 5056 748 5093 nos
778 5015 986 5091 amulo.
1018 5029 1245 5086 Vindob.
1273 5036 1326 5081 et
1348 5025 1580 5079 Brixian.
1613 5021 1702 5078 sed
1740 5019 1878 5088 eripe
1909 5015 2048 5086 (Bri-

473 5135 642 5204 xian.)
665 5147 786 5188 erue
806 5116 895 5182 nos
916 5143 944 5179 a
960 5123 1111 5178 malo.
1135 5118 1306 5176 Graeci
1332 5130 1540 5190 quoque
1557 5113 1905 5184 quamplures
1927 5108 2044 5164 libri
2107 5174 2118 5180 ἰ

475 5241 584 5282 ιιιιιι
611 5225 758 5287 editi,
791 5230 900 5273 tum
931 5229 1089 5270 manu
1114 5209 1318 5268 exarati
1356 5207 1558 5276 legunt,
1596 5204 1686 5258 sed
1711 5203 1869 5257 libera
1897 5216 1989 5256 nos
2014 5216 2048 5258 ο

474 5319 628 5372 malo.
692 5313 911 5381 Vulgata
952 5317 1149 5364 tamen,
1195 5299 1514 5370 plurimique
1579 5295 1791 5350 codices
1832 5292 2048 5361 optimae

475 5419 614 5461 notae
642 5406 756 5457 haec
783 5379 940 5453 verba
974 5393 1262 5449 omittunt:
1309 5403 1412 5458 qua
1440 5387 1508 5444 de
1548 5400 1608 5442 re
1632 5381 1892 5440 videndus
1937 5379 2048 5437 Mil.

478 5496 602 5549 Var.
633 5494 780 5549 Lect.
815 5491 920 5551 hic,
946 5496 998 5541 et
1021 5484 1079 5540 8.
1104 5481 1452 5552 Augustinus.

551 5587 673 5638 Luc.
716 5598 836 5652 cap.
885 5595 981 5643 xtt,
1022 5575 1075 5637 9,
1112 5564 1316 5626 Veron.
1342 5567 1441 5634 Qui
1469 5577 1634 5623 autem
1677 5564 1928 5635 negaverit
1972 5576 2051 5614 me

485 5691 650 5728 Corum
680 5673 984 5738 hominibus,
1007 5663 1198 5737 negabo
1219 5670 1264 5717 et
1285 5675 1376 5730 ego
1403 5674 1515 5713 eum
1539 5673 1712 5714 coram
1733 5655 1892 5710 Patre
1916 5668 2050 5720 meo,

2225 4565 2407 4619 Matth.
2457 4580 2575 4633 cap.
2628 4580 2705 4627 ix,
2756 4564 2842 4628 15,
2893 4563 2942 4616 in
2993 4561 3260 4616 Veronen.
3311 4557 3615 4614 Vercellen.
3662 4564 3718 4612 et

2152 4656 2610 4712 Sari-Germanen.
2639 4658 2774 4722 post,
2812 4653 3136 4726 jejunabunt,
3156 4652 3388 4714 additur,
3402 4651 3454 4703 in
3468 4648 3579 4703 illis
3601 4649 3716 4703 die-

2157 4746 2269 4798 bus.
2293 4743 2359 4797 Et
2380 4743 2447 4797 ita
2473 4744 2522 4795 in
2540 4743 2598 4798 8.
2627 4742 2810 4797 Ambr.
2844 4744 2936 4809 Ep.
2969 4741 3037 4796 52
3055 4741 3210 4810 prim.
3242 4739 3554 4810 class.,pag.
3587 4737 3713 4794 9l5.

2224 4833 2404 4888 Matth.
2435 4847 2550 4902 cap.
2599 4849 2710 4898 xxi,
2744 4835 2831 4898 57,
2878 4833 3073 4887 Veron.
3126 4833 3342 4900 forsitan
3385 4832 3715 4888 verebuntur.

2155 4927 2216 4982 Et
2245 4928 2316 4980 ita
2343 4925 2400 4981 S.
2431 4925 2744 4980 Ambrosius
2772 4925 2828 4982 iit
2866 4925 2959 4978 lib.
2989 4940 3024 4978 ιι
3068 4924 3137 4977 de
3166 4923 3452 4980 Panitent.
3499 4937 3627 4992 cap.
3659 4936 3715 4985 ν,

2153 5033 2204 5088 p.
2235 5015 2356 5070 424.
2387 5016 2444 5070 8.
2473 5014 2728 5077 ιιειιωιιε,
2770 5017 2899 5085 forte
2941 5012 3255 5067 verebuntur.
3299 5012 3584 5068 Corbeieu.
3636 5028 3720 5066 oe-

2151 5108 2390 5162 rebuntur
2434 5107 2622 5174 utique.
2677 5102 2911 5159 Brixian.
2959 5105 3343 5167 reverebantur,
3392 5110 3452 5157 ut
3493 5101 3716 5172 quidam

2152 5199 2272 5256 cod.
2302 5197 2628 5253 Claromont.
2662 5193 2713 5250 in
2740 5197 2857 5250 loco
2889 5194 3099 5249 laudato
3124 5194 3182 5249 8.
3213 5191 3424 5248 Ιιοιιωί.

2223 5289 2374 5344 Joan.
2421 5302 2538 5356 cap.
2572 5302 2652 5353 ιιι,
2699 5287 2786 5353 56,
2839 5285 3034 5342 Veron.
3074 5271 3482 5341 secundo'loco
3530 5282 3713 5348 habet,

2155 5380 2310 5434 vitam
2353 5387 2636 5455 artentam.‘
2663 5377 2731 5431 Et
2776 5380 2848 5432 ita
2892 5376 3074 5435 multa:
3119 5377 3253 5442 edit.
3297 5373 3356 5430 S.
3404 5372 3712 5442 Augustini.

2225 5471 2380 5526 Joan.
2408 5484 2524 5538 cap.
2562 5483 2673 5533 ινι,
2695 5469 2782 5523 55.
2818 5462 3034 5534 Veron.,
3055 5461 3344 5523 Corbeien.
3366 5471 3420 5517 et
3446 5463 3714 5532 Brixiam,

2155 5563 2208 5614 iu
2239 5563 2332 5614 hac
2375 5568 2538 5613 autem
2579 5558 2786 5613 mundo.
2829 5559 2886 5616 S.
2916 5559 3213 5630 Cyprianus
3263 5553 3318 5606 in
3347 5550 3441 5607 lib.
3471 5552 3538 5608 de
3565 5554 3715 5610 Bono

2160 5650 2431 5706 Patientia:
2457 5663 2508 5718 p.
2537 5646 2660 5724 516,
2689 5650 2742 5707 in
2768 5649 2956 5706 mundo
2983 5658 3169 5703 autem.
