3902 6420
495 244 598 314 155

1862 264 2388 324 PROLEGOMENA.

3636 282 3757 338 156

562 373 714 427 Joan.
745 389 860 443 cap.
893 391 946 440 ιι,
971 377 1060 440 57,
1087 375 1257 442 deest,
1291 379 1407 442 mei,
1454 377 1505 432 in
1544 378 1810 434 Veronen.
1845 390 1896 434 et
1926 381 2036 436 Ver.
2080 354 2270 439 Asius
2298 384 2348 437 in
2394 383 2639 453 Exposit.
2669 386 2871 458 Evang.
2905 390 3125 445 second.
3155 390 3282 447 Luc.
3317 394 3409 449 lib.
3447 410 3500 463 ν,
3536 405 3665 451 tom.
3697 412 3752 462 ι,

491 464 686 518 cellcn.
716 472 769 517 ct
795 465 862 517 ita
893 466 942 518 in
974 465 1031 519 8.
1058 464 1340 536 Cypriane.

559 553 713 607 Joan.
748 569 865 625 cap.
899 571 971 622 ιι,
1001 555 1091 620 45,
1131 556 1404 612 Ontittitttr
1443 557 1615 622 Jesus,
1674 561 1726 615 in
1758 560 2049 628 Veronen.,

488 640 609 698 Gat.
659 653 711 696 et
746 645 869 698 Min.
905 657 957 699 et
977 645 1048 699 ita
1077 646 1129 699 in
1157 648 1428 702 nonnullis
1456 649 1656 704 Griecis
1679 651 1798 705 cod.
1829 667 2052 706 necnon

486 733 540 787 in
569 733 885 802 quibusdam
914 735 1028 788 Lat.
1065 751 1192 790 mss.
1225 738 1390 791 divin.
1424 738 1737 794 Bibliothec.
1758 741 2049 796 S.Hieron.

554 824 711 878 Joan.
740 839 858 894 cap.
892 841 986 892 xu,
1015 825 1104 892 40,
1135 825 1352 893 Veron.,
1396 827 1516 882 Gat.
1547 837 1601 884 et
1626 828 1749 883 Mm.
1781 839 1826 882 et
1865 831 2054 884 intelli-

481 923 604 986 gant
633 917 800 980 corde,
847 917 1068 984 omisso,
1109 933 1231 972 non.
1273 918 1340 971 Et
1367 917 1439 972 ita
1469 919 1524 972 8.
1559 921 1808 975 Ambros.
1858 922 1907 975 in
1955 922 2048 976 lib.

482 1010 540 1060 in
588 1007 654 1062 de
686 1007 884 1076 Spirittt
909 1008 1105 1062 Sancto
1135 1024 1253 1078 cap.
1283 1009 1372 1076 22,
1415 1026 1534 1081 pag.
1559 1013 1685 1079 699,
1716 1022 1762 1065 et
1790 1014 1943 1067 corde
1973 1015 2053 1067 in-

481 1100 726 1169 telligant,
753 1101 953 1154 omisso
983 1100 1202 1167 pariter,
1233 1118 1353 1154 non.
1608 1158 1613 1164 ,

549 1190 702 1245 Joan.
749 1206 867 1259 cap.
918 1207 1038 1255 xttt,
1089 1190 1176 1259 26,
1231 1192 1403 1259 deest,
1435 1211 1548 1264 ego,
1581 1195 1634 1248 in
1666 1195 1866 1250 Veron.
1897 1207 1948 1252 et
1981 1198 2051 1252 ita

477 1283 530 1335 in
559 1280 615 1335 S.
643 1280 914 1334 Ambrosii
944 1282 1192 1337 Sermon.
1223 1282 1313 1345 27,
1350 1299 1467 1353 pag.
1501 1284 1626 1342 429.

550 1372 704 1426 Joan.
730 1387 847 1441 cap.
874 1388 979 1436 xw,
1000 1371 1092 1436 28,
1109 1372 1485 1443 deest,utique,
1517 1375 1566 1428 in
1586 1375 2043 1440 Ver.,Vercellen.

477 1472 531 1519 et
558 1461 719 1517 Corb.
753 1472 806 1516 et
835 1463 902 1515 ita
948 1463 998 1515 in
1035 1462 1093 1516 S.
1125 1462 1412 1533 Cypriano,
1444 1481 1496 1536 p.
1533 1467 1654 1533 161,
1685 1467 1808 1536 345,
1841 1479 1896 1523 et
1921 1470 2046 1526 463.

2162 488 2281 543 pag.
2319 475 2478 541 1377,
2507 479 2746 546 quoniam
2776 479 2859 533 hic
2887 489 2958 538 est
2985 473 3167 536 electus
3195 482 3308 537 Dei.

2228 561 2360 617 Luc.
2410 578 2526 633 cap.
2574 582 2646 631 xt,
2699 568 2752 632 4,
2785 566 3054 624 Veronen.
3102 580 3156 626 et
3194 569 3503 641 Corbeien.,
3559 574 3749 635 debita

2159 661 2353 718 nostra,
2381 664 2433 707 et
2458 653 2527 709 ita
2557 656 2613 711 S.
2643 657 2979 714 Ambrosius.

2228 745 2414 800 Matth.
2449 763 2567 818 cap.
2597 765 2676 813 ιιι,
2717 751 2802 816 17,
2838 751 3033 807 Veron.
3066 753 3128 807 de
3162 753 3325 820 caelo;
3353 765 3406 811 et
3448 756 3519 813 ita
3549 758 3608 815 S.
3642 757 3750 814 Hi-

2157 837 2319 892 larius
2350 840 2400 892 in
2428 849 2579 894 tract.
2607 843 2657 894 in
2683 844 2868 911 psahn.
2894 859 3154 910 cxxxvttt,
3187 854 3314 900 tom.
3358 863 3407 915 ι,
3442 863 3560 921 pag.
3599 851 3779 907 565.‘
3842 879 3844 892 ι

2131 994 2136 999 ,
2207 928 2413 982 Matth.
2463 945 2580 999 cap.
2626 946 2700 995 Vl,
2755 934 2839 996 17,
2899 933 3164 989 Varoncn.
3215 944 3270 990 et
3321 935 3616 994 Vercellen.
3647 957 3748 995 vos

2156 1027 2347 1083 autem,
2372 1035 2485 1073 cum
2501 1021 2771 1094 jejuuatis,
2803 1025 3008 1094 unguite
3031 1035 3183 1095 caput
3210 1035 3446 1096 vestrum,
3475 1039 3521 1083 et
3546 1033 3745 1100 faciens

2156 1121 2369 1164 vestram
2413 1113 2591 1176 lavate,
2643 1123 2697 1167 et
2737 1115 2805 1168 ita
2839 1116 2896 1170 S.
2945 1117 3197 1172 Ambros.
3233 1119 3283 1172 in
3315 1119 3406 1174 lib.
3435 1120 3502 1174 de
3529 1121 3646 1178 Elia
3678 1133 3746 1178 ct

2155 1197 2333 1267 Jejun.
2365 1215 2483 1270 cap.
2518 1203 2605 1266 10,
2652 1219 2772 1274 pag.
2797 1203 2935 1269 546;
2982 1205 3100 1261 cod.
3141 1207 3483 1275 Sen-Gem.,
3513 1226 3598 1265 vos
3637 1229 3747 1266 au-

2158 1298 2274 1354 tem,
2309 1309 2422 1345 cum
2468 1296 2759 1364 jejunatis,
2807 1297 2978 1366 uugite
3023 1296 3190 1367 capita
3232 1309 3415 1365 vestra,
3460 1312 3509 1357 et
3545 1304 3743 1374 faciens

2155 1390 2367 1436 vestram
2397 1385 2578 1438 lavate.

2231 1471 2414 1526 Matth.
2446 1490 2562 1543 cap.
2595 1491 2666 1540 γι,
2701 1475 2783 1542 18,
2822 1476 3088 1534 Veronen.
3114 1490 3168 1535 et
3190 1480 3513 1548 Vercellen.,
3545 1501 3609 1539 ne
3637 1502 3740 1554 m-

544 1554 697 1608 Joan.
747 1568 866 1622 cap.
917 1569 1046 1616 xvtt,
1103 1553 1188 1620 18,
1240 1556 1408 1621 deest,
1459 1568 1531 1622 tu,
1581 1558 1635 1613 in
1679 1559 1947 1616 Veronen.
1998 1571 2053 1618 ct
2155 1563 2310 1614 reatis
2343 1565 2630 1619 hominibus
2670 1568 2986 1639 jejunantes,
3017 1572 3107 1626 sed
3158 1571 3306 1626 Patri
3351 1553 3652 1633 vestro......
3684 1588 3740 1632 et

475 1645 771 1702 Vercellen.
805 1653 862 1699 et
890 1645 960 1710 ita
990 1648 1042 1698 in
1080 1643 1478 1702 Ambrosiastro
1505 1648 1556 1703 ln
1586 1649 1756 1718 Epist.
1793 1655 1949 1722 prim.
1983 1653 2049 1708 ad
2083 1723 2117 1728 __
2161 1652 2313 1707 Pater
2353 1668 2578 1712 vester...
2609 1661 2782 1713 reddet
2825 1662 2982 1717 vobis.
3008 1664 3067 1719 S.
3119 1665 3368 1724 Ambros.
3421 1669 3472 1723 in
3521 1670 3613 1726 lib.
3662 1673 3740 1728 de

470 1735 713 1790 Corinth.
768 1748 886 1802 cap.
931 1734 1016 1800 11,
1048 1749 1167 1804 pag.
1206 1737 1396 1800 147,et
1425 1737 1478 1790 in
1498 1739 1594 1807 Ep.
1617 1741 1682 1794 ad
1709 1739 1834 1796 Cor.
1855 1742 1900 1796 ll
1927 1758 2046 1814 cap.
2080 1723 2124 1781 Β
2155 1745 2266 1800 Elia
2297 1757 2350 1802 et
2378 1747 2608 1816 Jejunio,
2637 1765 2757 1821 cap.
2791 1753 2876 1816 10,
2909 1771 3026 1826 pag.
3062 1756 3191 1825 546,
3227 1777 3290 1814 ne
3315 1723 3738 1829 pareatisbonii:

476 1827 562 1892 11,
605 1841 726 1896 pag.
760 1826 880 1892 147,
913 1835 966 1880 et
985 1826 1055 1894 ,in
1086 1826 1262 1894 Epist.
1299 1828 1363 1883 ad
1389 1827 1717 1888 Corinthios.
1755 1833 1829 1901 ll,
1877 1837 2052 1906 capite
2153 1837 2318 1905 nibus,
2350 1839 2466 1908 quia
2484 1843 2756 1912 jejunatis,
2783 1845 2870 1897 sed
2901 1844 3050 1900 Patri
3078 1826 3353 1905 vestro.....
3382 1861 3427 1906 et
3454 1850 3609 1907 Pater
3646 1869 3735 1910 ve-
3843 1903 3846 1930 ,

470 1915 534 1984 3,
573 1931 624 1985 p.
657 1914 777 1968 175.

539 2004 692 2060 Joan.
741 2019 860 2075 cap.
914 2021 1002 2072 xx,
1034 2006 1119 2073 17,
1171 2006 1344 2072 deest,
1398 2025 1582 2077 meum,
1614 2013 1788 2082 primo
1817 2015 1938 2070 loco
1985 2015 2039 2071 in

468 2097 666 2152 Veron.
700 2105 754 2150 et
784 2097 851 2150 ita
879 2098 930 2152 in
953 2097 1011 2152 S.
1043 2097 1181 2153 lren.
1207 2109 1392 2154 contra
1415 2100 1556 2155 liazr.
1581 2109 1708 2156 tum.
1743 2120 1797 2170 ι,
1832 2119 1881 2174 p.
1915 2107 2040 2161 551.

537 2188 666 2244 Luc.
701 2204 818 2258 cap.
851 2205 909 2254 ιι,
942 2192 1032 2255 2t,
1066 2190 1235 2252 deest,
1286 2209 1431 2261 puer,
1484 2193 1536 2248 in
1571 2179 1768 2252 Veron.
1819 2207 1873 2251 et
1923 2197 2042 2252 Bri-

464 2283 609 2338 xian.
639 2291 693 2336 et
721 2283 790 2336 ita
828 2281 880 2336 in
919 2281 1120 2336 Graecis
1163 2284 1399 2339 melioris
1448 2295 1587 2340 noue
1633 2286 1928 2358 codicibus,
1981 2299 2036 2346 et

464 2374 517 2427 in
549 2389 655 2428 uno
687 2374 884 2442 reginas
929 2373 1150 2427 Suecor.
1199 2391 1300 2428 ms.
1330 2377 1498 2431 relato
1546 2377 1598 2431 itt
1650 2378 1758 2432 div.
1809 2379 1947 2436 Bibl.
1978 2381 2035 2437 8.

462 2464 684 2520 Hieron.
717 2465 770 2518 in
817 2465 986 2519 altero
1019 2474 1197 2519 autem
1225 2468 1472 2522 secundis
1497 2468 1643 2523 curis
1673 2470 1884 2526 additus
1934 2481 2032 2528 est.

531 2555 663 2612 Luc.
711 2569 829 2625 cap.
883 2571 935 2622 v,
967 2555 1020 2620 7,
1055 2554 1230 2621 deest,
1275 2572 1421 2626 pene,
1466 2557 1516 2610 in
1550 2557 1776 2623 Veron.,
1823 2560 2038 2616 Vercel-

459 2649 592 2716 len.,
623 2647 930 2712 Corbeien.,
959 2647 1076 2703 Gat.
1109 2659 1159 2704 et
1188 2648 1452 2716 Brixian.,
1484 2656 1540 2704 et
1571 2649 1640 2703 ita
1682 2651 1737 2705 in
1765 2653 2035 2709 nonnullis

458 2740 656 2809 reginae
685 2738 976 2794 Succorum
1008 2754 1135 2792 mss.

528 2830 657 2885 Luc.
684 2844 800 2899 cap.
840 2845 986 2895 xxxi,
1016 2829 1106 2892 38,
1141 2828 1336 2884 Veron.
1369 2869 1385 2896 ,
1416 2827 1699 2886 conmotam
1728 2875 1741 2898 ,
1795 2839 2029 2906 superci-

456 2922 727 2991 ﬂuentem,
769 2929 822 2973 et
851 2919 920 2972 ita
947 2919 1000 2974 8.
1030 2919 1344 2974 Ambrosius
1376 2920 1429 2974 in
1483 2921 1574 2975 lib.
1621 2921 1689 2976 de
1730 2922 1884 2978 Ollio.
1933 2925 2029 2979 Mi-

455 3013 580 3066 nist.
613 3025 730 3079 cap.
754 3009 842 3074 31,
874 3025 989 3078 pag.
1019 3009 1107 3077 43,
1141 3012 1359 3074 omisso,
1383 3019 1451 3094 eg,
1480 3022 1624 3078 ante,
1653 3015 2022 3083 superrfﬂuen-

2151 1939 2370 1983 ster.....
2403 1931 2575 1985 reddet
2603 1934 2759 1987 vobis.
2803 1934 3239 1995 San-Germanen
3270 1982 3286 2007 ,
3335 1953 3389 1996 ut
3418 1959 3519 1998 non
3555 1945 3733 2001 videa-

2148 2024 2273 2076 mini
2325 2023 2612 2079 ltominibus
2655 2030 2974 2099 jejunantes,
3020 2033 3109 2085 sed
3159 2031 3306 2086 Patri
3348 2045 3628 2092 σεεμ-οη...
3677 2045 3728 2092 et

2148 2113 2306 2168 Pater
2331 2125 2554 2170 vester...
2568 2156 2576 2165 .
2591 2157 2604 2170 .
2639 2119 2811 2171 reddet
2834 2120 2994 2173 vobis.

2218 2205 2406 2261 Matth.
2439 2225 2552 2282 cap.
2585 2225 2657 2275 vt,
2684 2209 2778 2277 23,’
2807 2212 3004 2268 Veron.
3036 2224 3084 2269 et
3131 2225 3252 2271 tunc
3288 2217 3498 2289 jurabo,
3552 2231 3605 2275 ct
3648 2221 3719 2278 ita

2145 2295 2204 2350 S.
2236 2296 2400 2351 Hilar.
2431 2299 2482 2352 in
2517 2299 2607 2354 lib.
2639 2299 2672 2355 9
2721 2301 2788 2356 de
2819 2302 3010 2358 Trinit.
3045 2321 3099 2360 n.
3133 2305 3220 2360 65.

2216 2388 2400 2442 Matth.
2449 2405 2565 2460 cap.
2619 2407 2693 2456 vt,
2737 2395 2826 2460 55,
2877 2394 3070 2452 Veron.
3123 2407 3177 2454 et
3224 2400 3711 2471 San-Germanen.,

2145 2483 2522 2550 praestabantur
2563 2485 2720 2539 vobis.
2755 2485 3080 2556 Vercellen.,
3109 2500 3154 2544 et
3179 2494 3346 2547 omnia
3386 2495 3492 2549 lucc
3530 2509 3714 2567 privata

2140 2582 2259 2625 sunt
2297 2573 2454 2627 vobis.
2487 2577 2544 2629 S.
2586 2575 2835 2632 Ambros.
2888 2579 2940 2632 in
2991 2579 3082 2635 lib.
3132 2599 3149 2638 ι
3201 2583 3268 2638 de
3293 2584 3425 2639 Cain
3477 2598 3531 2641 ct
3575 2588 3711 2644 Abel

2140 2679 2256 2732 cap.
2288 2682 2359 2731 tv,
2393 2682 2509 2736 pag.
2538 2666 2665 2734 488,
2697 2679 2879 2738 prazsto
2905 2681 3019 2724 sunt
3047 2675 3202 2726 vobis.

2205 2758 2388 2813 Matth.
2435 2775 2552 2829 cap,
2587 2777 2680 2828 vn,
2713 2762 2804 2827 27,
2835 2763 3098 2819 Veronen.
3133 2763 3432 2823 Vercellen.
3475 2779 3528 2824 et
3572 2770 3709 2826 San-

2131 2849 2452 2906 Germanen.
2499 2861 2543 2905 et
2589 2857 2724 2922 facta
2761 2863 2836 2907 est
2865 2855 3015 2909 ruina
3044 2859 3152 2928 ejus
3179 2874 3383 2930 magna,
3427 2869 3481 2914 et
3531 2862 3600 2915 ita
3645 2865 3702 2917 8.

2129 2941 2411 3010 Cyprian.,
2439 2941 2676 2997 Brixian.
2719 2959 2868 3012 vero,
2900 2955 2947 2999 et
2972 2951 3109 3017 facta
3133 2949 3280 3002 ruina
3307 2954 3417 3023 ejus
3441 2968 3642 3023 magna.

2200 3031 2382 3084 Matth.
2412 3047 2528 3101 cap.
2558 3050 2612 3098 x,
2652 3034 2744 3098 22,
2792 3033 3060 3092 Veronen.
3109 3047 3163 3093 et
3209 3034 3693 3109 San—Gcrmanen.,

455 3110 572 3165 tem,
620 3115 736 3169 quae
768 3099 1071 3168 conjunctio
1101 3100 1252 3155 abest
1279 3100 1438 3155 etiam
1469 3116 1498 3154 a
1534 3101 1744 3158 Vercel.
1774 3113 1828 3158 et
1857 3105 2015 3161 Corb.

2150 3121 2353 3175 tmnibus
2399 3095 2704 3190 hominibus,
2734 3095 2793 3181 et
2817 3128 2886 3182 ita
2917 3139 3119 3184 vetusta
3151 3131 3484 3189 Corbeiensis
3506 3135 3699 3201 Biblia,

523 3194 683 3249 Marc.
709 3207 824 3262 cap.
859 3208 915 3257 ιι,
943 3223 952 3256 μ
961 3191 1014 3259 5,
1044 3200 1177 3262 post,
1208 3203 1434 3264 peccata,
1467 3193 1635 3258 deest,
1686 3205 1795 3260 tua,
1831 3196 1884 3251 in
1921 3197 2022 3252 Ve-

450 3303 568 3341 ron.
597 3295 650 3341 et
677 3285 748 3339 ita
774 3283 847 3350 ,ἰιι
871 3283 1075 3338 duobus
1095 3287 1296 3354 regina:
1336 3285 1629 3342 Succorum
1674 3303 1804 3344 mss.
1853 3289 2017 3345 divin.

449 3378 587 3433 Bibl.
619 3379 676 3434 S.
710 3377 1037 3448 Hieronymi.
1609 3380 1612 3384 ’
1735 3388 1739 3393 ·

521 3471 681 3526 Marc.
731 3485 849 3540 cap.
898 3485 955 3536 ιι,
1003 3469 1094 3537 23,
1142 3469 1294 3525 deest
1341 3471 1392 3524 in
1425 3470 1722 3539 Veronen.,
1759 3471 2016 3540 Vindob.,

449 3570 504 3618 et
533 3561 788 3628 Brixian.,
817 3559 1088 3626 Dominus,
1131 3569 1185 3615 et
1230 3561 1300 3615 ita
1345 3561 1396 3615 in
1426 3562 1742 3631 quibusdam
1771 3580 1902 3621 mss.
1930 3581 2020 3622 re-

450 3651 570 3706 latis
611 3651 663 3704 in
693 3649 868 3704 divina
918 3650 1170 3704 Biblioth.
1221 3652 1390 3705 sancti
1423 3651 1766 3722 Hieronymi;
1801 3654 2017 3710 Vercel-

445 3743 580 3812 len.,
608 3739 795 3805 Corb.,
824 3738 945 3794 Gat.
974 3747 1028 3792 et
1051 3739 1178 3792 Mm.
1213 3739 1408 3793 habent
1439 3754 1556 3806 pro,
1586 3739 1853 3805 Dominus,
1878 3760 2012 3798 eum.

515 3836 678 3890 Marc.
709 3848 826 3902 cap.
861 3847 914 3895 x,
945 3830 1000 3898 6,
1035 3829 1300 3884 Veronen.
1333 3838 1385 3882 et
1413 3825 1723 3894 Corbeien.,
1753 3829 1826 3885 Ab
1867 3830 2017 3886 initio

443 3927 576 3979 enim
616 3923 921 3995 (Corbeien.
969 3917 1160 3990 autem)
1207 3919 1510 3984 masculum,
1538 3927 1585 3973 et
1627 3921 1873 3989 feminam
1899 3924 2017 3992 fecit

443 4015 600 4069 Deus.
645 4017 810 4084 Syrus
833 4056 848 4081 ,
880 4015 1060 4077 Persa,
1092 4022 1145 4066 et
1175 4009 1342 4064 Vetus
1372 4009 1593 4063 Cantab.
1644 4008 1919 4064 dumtaxat
1941 4011 2017 4066 le-

444 4117 600 4174 runt,
647 4107 765 4163 Ἀπὸ
785 4107 839 4162 δὲ
863 4110 1038 4186 ἀρχῆς
1063 4108 1301 4165 κτίσεως,
1327 4101 1378 4155 id
1403 4110 1505 4165 est,
1535 4100 1596 4154 ab
1623 4101 1769 4156 initio
1815 4120 2014 4156 mascu-

443 4202 551 4257 lum
596 4210 642 4253 et
697 4201 933 4268 feminam
977 4198 1095 4267 fecit
1142 4197 1311 4259 Deus,
1369 4209 1478 4249 non
1525 4204 1728 4258 autem,
1772 4199 2008 4258 κτίσεως.

511 4291 674 4346 Marc.
724 4303 840 4356 cap.
891 4303 1008 4350 xm,
1054 4288 1106 4351 6,
1160 4288 1210 4340 in
1252 4285 1522 4340 Veronen.
1566 4295 1620 4340 et
1667 4285 1786 4340 Gat.
1838 4288 2007 4352 dee5t,

437 4382 580 4456 quia,
610 4389 664 4436 et
685 4379 757 4434 ita
789 4378 839 4430 in
867 4375 924 4430 8.
953 4376 1114 4444 Cypr.
1144 4374 1237 4426 lib.
1275 4374 1341 4426 ad
1368 4372 1588 4427 Fortun.
1632 4375 1700 4428 de
1729 4375 2007 4430 Exhortat.

437 4475 656 4545 Martyr.
685 4484 804 4538 cap.
837 4468 925 4532 11,
960 4480 1075 4535 pag.
1109 4464 1232 4517 334.

505 4565 692 4622 Matth.
721 4576 838 4632 cap.
887 4572 1021 4621 xxtt,
1071 4554 1162 4619 50,
1197 4553 1418 4617 Veron.,
1453 4553 1738 4609 Corbeien.
1791 4563 1844 4609 ct
1895 4555 2013 4609 Bri-

2123 3218 2179 3264 et
2219 3209 2274 3264 S.
2309 3214 2631 3281 Augustinus
2658 3217 2709 3269 in
2737 3216 2965 3285 Speculo
2993 3219 3061 3274 de
3087 3221 3377 3294 Evangelia
3406 3227 3700 3282 secundum

2123 3299 2319 3354 Matth.
2347 3310 2475 3356 tom.
2512 3311 2739 3372 ttt,part.
2775 3307 2826 3370 1,
2856 3320 2972 3376 pag.
3003 3309 3127 3364 758.

2194 3389 2378 3444 Matth.
2426 3407 2538 3461 cap.
2594 3408 2668 3457 xt,
2701 3394 2789 3458 12,
2843 3394 3061 3462 Veron.,
3095 3411 3304 3469 regnum
3337 3403 3576 3456 cmlorum
3603 3421 3690 3458 co-

2113 3481 2276 3552 gitur,
2306 3472 2605 3555 eTEOgentes
2634 3485 2891 3554 diripiunt
2920 3486 3074 3554 illud,
3101 3497 3156 3544 et
3185 3490 3255 3544 ita
3285 3489 3342 3546 S.
3372 3489 3691 3550 Ambrosius

2120 3572 2174 3626 in
2205 3572 2294 3626 lib.
2347 3573 2455 3627 tde
2496 3573 2626 3628 Cain
2672 3581 2727 3629 ct
2769 3573 2903 3630 Abel
2943 3591 3061 3647 cap.
3110 3576 3166 3643 4,
3213 3593 3330 3649 pag.
3381 3580 3503 3646 188,
3558 3583 3686 3637 item

2119 3661 2173 3714 in
2223 3661 2568 3718 Enarratione
2615 3664 2667 3718 in
2715 3679 2796 3734 ps.
2845 3681 2994 3731 thtt,
3025 3682 3145 3738 pag.
3175 3669 3301 3734 902,
3331 3680 3384 3725 et
3412 3669 3464 3726 in
3515 3673 3686 3742 Epist.

2121 3750 2210 3816 65,
2255 3753 2413 3820 prim.
2445 3755 2630 3821 class.,
2683 3770 2800 3826 pag.
2845 3757 3001 3814 1046.
3032 3758 3455 3817 Vercellen......
3505 3780 3552 3816 m
3601 3780 3690 3818 co-

2120 3843 2255 3914 gitur
2305 3853 2350 3896 et
2390 3855 2624 3914 cogentes
2689 3848 2960 3918 deripiunt.
2994 3850 3163 3917 illud;
3211 3855 3689 3923 San-Gertnanett.,

2119 3932 2380 4000 deripiunt
2403 3934 2555 3992 illud.

2189 4024 2371 4078 Matth.
2406 4024 2535 4094 Cap.
2562 4041 2638 4093 ιι,
2671 4027 2760 4092 58,
2781 4028 2978 4084 Veron.
3018 4033 3379 4100 acceperit.....
3421 4045 3467 4088 et
3497 4049 3690 4092 secutus

2117 4116 2268 4185 fuerit
2282 4131 2376 4168 me.
2396 4115 2676 4172 Corbeien.
2693 4121 2940 4190 occeperit
2963 4159 3001 4186 ,.
3013 4161 3025 4174 .
3043 4131 3086 4175 et
3100 4123 3388 4180 subsecutus
3409 4143 3489 4180 me
3515 4132 3683 4198 fuerit,

2114 4207 2170 4262 8.
2205 4207 2553 4280 Hieronymus
2578 4210 2627 4263 itt
2649 4209 2816 4278 Epist.
2832 4225 2986 4278 θην,
3008 4213 3071 4267 ad
3092 4213 3533 4285 Exuperantinm,
3555 4232 3681 4275 tom.

2114 4307 2191 4363 t,‘
2233 4316 2351 4370 pag.
2411 4301 2578 4368 1075,
2619 4300 2813 4367 habet,
2867 4303 3224 4376 tulerit........
3273 4317 3319 4361 et
3362 4320 3560 4365 secutus
3609 4328 3686 4366 me

2116 4391 2286 4456 fuerit.

1961 4525 1970 4534 ,
2033 4458 2086 4515 Ῑ)
2181 4477 2364 4530 Matth.
2388 4493 2506 4547 cap.
2531 4496 2626 4544 xu,
2653 4481 2678 4532 1
2699 4521 2713 4546 ,
2735 4481 3024 4548 Veronen.,
3046 4485 3327 4540 Corbeien.
3348 4488 3676 4556 etBrixian.,

2073 4569 2087 4585 ‘
2114 4564 2413 4630 Sabbathis;
2459 4569 2516 4621 8.
2550 4568 2864 4624 Ambrosius
2906 4571 2958 4624 in
3010 4572 3252 4639 Exposit.
3286 4573 3541 4645 Evangel.
3592 4593 3678 4632 se-

434 4660 604 4724 xian.,
649 4664 786 4718 sunt,
827 4659 883 4705 et
926 4650 998 4704 ita
1051 4644 1269 4701 Graecus
1321 4652 1517 4711 textus,
1567 4654 1620 4699 et
1663 4643 1768 4700 duo
1812 4645 2009 4715 regina:
2109 4653 2268 4709 cund.
2303 4653 2432 4709 Luc.
2457 4655 2548 4710 lib.
2577 4671 2638 4723 ν,
2669 4666 2796 4711 tom.
2831 4675 2877 4722 ι,
2909 4675 3031 4730 pag.
3063 4661 3233 4729 1363,
3261 4643 3536 4720 Sabbatha.

434 4752 724 4808 Succorum
749 4761 880 4802 mss.
909 4742 1075 4799 divin.
1106 4736 1419 4793 Bibliothec.
1456 4736 1513 4796 8,.
1547 4736 1872 4806 Hieronymi.

504 4842 690 4895 Matth.
722 4853 838 4907 cap.
870 4849 1016 4899 xxiv,
1043 4831 1129 4900 15,
1160 4829 1386 4893 Veron.,
1419 4838 1559 4881 stans
1587 4837 1640 4882 et
1677 4826 1750 4882 ita
1802 4826 1999 4896 Italica,

429 4935 619 4993 Grzcco
646 4931 876 4994 addicta,
914 4937 1050 4981 teste
1079 4924 1242 4981 Millio
1273 4927 1324 4979 in
1352 4923 1562 4993 Proleg.
1594 4937 1645 4992 p.
1681 4921 1769 4976 51.

2178 4745 2362 4800 Matth.
2396 4761 2514 4818 cap.
2563 4763 2631 4812 v,
2677 4748 2780 4814 25,
2821 4749 3057 4816 Veron.,
3113 4751 3407 4810 Vercellen.
3439 4768 3494 4815 et
3543 4760 3676 4816 San-

2105 4836 2427 4894 Germanen.
2453 4880 2466 4904 ,
2494 4839 2547 4892 in
2573 4839 2831 4906 triticum;
2861 4841 2915 4897 S.
2957 4841 3221 4910 Irenazus,
3265 4847 3398 4902 inter
3448 4852 3675 4919 frumen-

2103 4939 2241 4996 tum;
2292 4931 2348 4987 8.
2396 4931 2708 4987 Atnbrosius
2761 4933 2813 4987 in
2861 4932 2954 4989 lib.
3005 4949 3062 4989 ιιι
3110 4935 3364 4993 Hexaem.
3397 4954 3514 5010 cap.
3571 4943 3669 5010 10,

500 5031 656 5087 Joan.
689 5039 806 5093 cap.
836 5038 872 5085 ι,
904 5021 992 5086 15,
1026 5019 1248 5085 VerOn.,
1278 5019 1367 5087 sed
1395 5035 1458 5072 ea:
1484 5018 1593 5086 Deo
1622 5028 1770 5073 natus
1809 5027 1902 5072 est.
1936 5017 2000 5073 Et
2103 5035 2200 5090 pag
2229 5021 2318 5074 49.
2360 5021 2489 5074 inter
2509 5021 2744 5076 triticum.

428 5127 503 5182 ita
539 5122 598 5177 S.
647 5118 883 5174 [remeas
933 5111 984 5165 in
1028 5109 1178 5163 libris
1224 5117 1410 5162 contra
1452 5109 1718 5178 Harrcses,
1768 5111 1993 5178 Tertul.,

416 5199 487 5274 Β.
518 5214 602 5270 Jo.
635 5209 851 5278 Chrys.,
880 5202 1036 5271 Vigil.
1064 5200 1374 5270 Tapsensis,
1407 5207 1461 5253 et
1487 5200 1596 5253 alit.

2171 5109 2356 5163 Matth.
2407 5125 2524 5181 cap.
2573 5126 2716 5176 xvtt,
2763 5112 2869 5176 12,
2907 5113 3187 5170 Veronen.
3215 5155 3232 5183 ,
3283 5116 3586 5183 Vercellen.
3617 5131 3669 5177 et

2099 5200 2378 5258 Corbeien.
2411 5211 2599 5272 quanta
2624 5203 2908 5268 voluerunt,
2941 5213 2994 5258 et
3025 5206 3094 5259 ita
3117 5218 3268 5265 vetus
3290 5209 3470 5267 Italica
3494 5253 3508 5278 ,
3536 5222 3667 5272 teste

425 5350 428 5358 .
497 5305 651 5361 Joan.
685 5312 803 5368 cap.
844 5310 883 5361 ι,
917 5293 1023 5363 13,,
1049 5291 1245 5346 Veron.
1294 5291 1559 5359 sanguine,
1595 5298 1648 5344 et
1694 5290 1765 5343 ita
1810 5306 1993 5347 omnes
2100 5293 2264 5347 Millio
2286 5295 2336 5348 in
2367 5295 2665 5371 Prolegom.
2691 5308 2811 5362 pag.
2833 5295 2922 5349 55.

424 5413 556 5453 mss.
586 5391 708 5448 cod.
735 5388 796 5444 8.
824 5383 1010 5442 Hilarii
1040 5382 1132 5438 lib.
1166 5397 1180 5435 ι
1231 5381 1297 5436 de
1329 5381 1590 5435 Trinitate
1617 5395 1765 5434 num.
1797 5383 1884 5435 10.

495 5490 652 5544 Joan.
694 5499 812 5554 cap.
845 5496 884 5545 t,
932 5478 1022 5542 34,
1054 5475 1253 5530 Veron.
1301 5475 1537 5542 quoniam
1562 5475 1670 5543 ipse
1701 5483 1772 5527 est
1802 5471 1901 5527 Dei
1929 5474 1992 5542 ﬁ—

2168 5384 2350 5441 Matth.
2379 5401 2477 5456 cap
2503 5400 2626 5439 xvtu
2646 5425 2660 5449 ,
2693 5385 2756 5450 3,
2793 5383 3062 5443 Veronen.
3091 5401 3145 5445 et
3178 5391 3476 5446 Vercellen.
3534 5393 3661 5447 sicut

2095 5475 2276 5542 pueri;
2306 5473 2594 5530 Corbeien.
2620 5475 2747 5527 sicut
2785 5475 2956 5543 infans
2982 5479 3064 5534 hic
3093 5490 3184 5534 est.
3217 5481 3276 5534 8.
3324 5480 3574 5539 Ambros.
3610 5486 3657 5538 in

427 5581 526 5634 lius
550 5579 752 5643 electus,
784 5570 1107 5634 Vercellen.,
1146 5566 1382 5638 quoniam
1407 5564 1488 5618 hic
1527 5575 1597 5618 est
1643 5564 1828 5620 electus
1853 5564 1993 5632 ﬁlius
2095 5565 2342 5620 Enarrat.
2369 5569 2422 5621 in
2448 5565 2644 5620 Psalm.
2677 5581 2837 5621 xxxw
2863 5610 2876 5634 ,
2921 5585 3040 5640 pag.
3073 5571 3205 5634 800,
3236 5566 3364 5623 sicut
3392 5590 3518 5640 ρηεν
3542 5576 3653 5631 5m.

427 5669 555 5736 Dei;
585 5668 868 5728 Corbeien.
896 5665 1014 5736 quia
1045 5662 1124 5717 hic
1150 5669 1219 5717 est
1261 5659 1441 5714 electus
1488 5657 1602 5714 Dei.
1651 5658 1708 5715 S.
1758 5655 1985 5713 Ambro-

2164 5659 2350 5717 Matth.
2379 5674 2496 5730 cap.
2528 5675 2645 5725 xix,
2682 5659 2764 5729 l2,
2794 5660 3054 5718 Veronen.
3071 5701 3087 5729 ,
3125 5662 3416 5725 Vercellen.
3439 5676 3494 5724 ct
3520 5668 3652 5727 Cor-

2350 6392 2457 6420 ,τῖ-

3865 4147 3867 4166 l
