4288 6484
591 432 818 491 CODEX
858 431 1390 490 VERCELLENSIS.

208 529 289 592 bit
304 529 482 584 omnis
1023 527 1077 583 8.
1121 541 1180 582 ra
1209 525 1466 581 ventura?
1500 524 1576 577 fa-

208 613 337 655 caro
353 599 495 654 salu-
1022 598 1127 652 cite
1143 611 1272 664 ergo
1291 595 1432 650 fruc-

210 705 232 724 .
278 708 291 720 .
341 708 354 721 .
410 683 521 723 rem
543 667 661 724 Dei.
1025 665 1322 735 tos-dignos
1343 664 1474 735 phe:

209 739 266 808 4.
293 735 411 808 lpse
437 747 613 794 autem
643 737 737 794 ³ο-
1028 736 1081 808 ξξ.
1137 734 1412 808 nitentiae.
1442 734 1507 788 Et
1537 747 1635 789 uno

213 804 438 860 haniies.
485 847 502 860 .
560 848 574 862 .
631 848 644 860 .
1030 804 1123 860 lite
1147 805 1424 860 existima-

209 876 306 930 bat
356 914 371 930 .
432 917 446 930 .
501 890 516 928 ‘.
565 913 579 928 .
636 914 652 930 .
1032 890 1113 938 re.
1136 875 1379 929 dicentes
1406 875 1487 928 in-

212 959 370 999 suum
393 943 459 1000 de
486 943 608 1013 pilis
1031 953 1115 1013 ter
1142 959 1240 998 vos
1269 961 1282 996 :
1309 942 1525 998 Patrem
1619 968 1622 971 λ

214 1012 567 1068 camellorum
584 1053 602 1077 .
1033 1012 1294 1067 habemus
1315 1014 1483 1066 Abra-

214 1092 270 1153 et
296 1095 428 1153 zona
454 1082 612 1153 pelli-
1029 1081 1173 1153 ham.
1207 1083 1333 1136 Dico
1361 1083 1504 1153 enim

214 1152 294 1206 cia
323 1151 470 1207 circa
495 1151 631 1207 lum-

1025 1151 1198 1217 vobis,
1224 1151 1473 1222 quoniam

213 1220 314 1276 bos
337 1220 496 1292 ejus:
523 1236 647 1292 esca

1097 1228 1216 1276 tens
1239 1221 1323 1275 est
1363 1221 1500 1276 Deus
1529 1236 1598 1277 ex

214 1298 392 1360 autem
423 1291 539 1360 ejus
557 1289 566 1292 ’
1024 1289 1290 1360 lapidibus
1320 1289 1439 1344 istis

213 1368 333 1415 erat
359 1359 606 1425 locusta,-
1027 1359 1122 1413 δύο
1162 1397 1175 1412 .
1222 1395 1237 1411 .
1283 1399 1296 1414 .
1343 1398 1358 1412 .
1407 1359 1525 1414 ell-

213 1429 611 1486 etmelsilves—
1027 1427 1089 1501 li‘
1138 1467 1247 1501 ._,
1323 1467 1339 1482 .
1419 1467 1435 1482 .
1513 1471 1528 1485 .

215 1507 353 1553 trae.
1031 1497 1119 1554 l0.
1167 1497 1308 1552 Jatn.
1365 1537 1384 1554 .
1443 1539 1458 1553 .
1517 1539 1533 1554 .
1591 1540 1606 1554 .

1032 1569 1108 1622 ris
1127 1568 1193 1622 ad
1215 1566 1424 1624 radices

1026 1637 1279 1710 arborum
1306 1639 1453 1710 posi-

1031 1717 1085 1762 ta
1109 1715 1210 1762 est.
1237 1707 1424 1763 omnis
1445 1709 1532 1764 sic
1633 1731 1641 1735 ·

1029 1791 1098 1847 go
1126 1775 1307 1847 arbor,
1325 1791 1469 1847 quae

1031 1844 1139 1902 non
1162 1844 1292 1902 facit
1315 1844 1461 1902 fruc-

1033 1925 1144 1971 tum
1177 1915 1397 1980 bonum.
1425 1932 1522 1973 ex-

1031 1987 1272 2067 cidetur,_
1286 1995 1347 2067 et
1374 1988 1429 2041 in
1461 1986 1539 2060 ig-

1034 2069 1155 2110 netu
1185 2065 1443 2112 mittetur.

1034 2125 1121 2179 Η.
1173 2123 1527 2196 Εεοίᾳυίἀοηδ
1547 2125 1678 2196 bap-

1036 2195 1141 2264 tizo
1170 2208 1265 2247 vos
1290 2195 1343 2248 in
1383 2209 1516 2264 aqua

1031 2263 1084 2317 in
1106 2263 1478 2332 paenitentiam
1511 2281 1524 2316 :

1032 2335 1120 2400 qui
1151 2341 1327 2386 autem
1353 2348 1443 2387 ve-

1035 2401 1132 2466 nit,
1159 2401 1347 2456 fortior
1375 2419 1458 2458 me

1033 2480 1134 2537 est,
1163 2472 1313 2538 cujus
1347 2489 1450 2527 non

1031 2555 1150 2623 sum
1181 2541 1369 2610 dignus
1397 2543 1506 2598 cal-

1033 2623 1295 2675 ciamenta
1329 2625 1452 2680 por-

1035 2689 1152 2752 tare
1174 2698 1190 2752 ξ
1219 2681 1345 2752 ἱυεεξΔ
1363 2697 1457 2736 vos
1487 2683 1615 2752 bap-

1036 2749 1218 2805 tizabit
1247 2750 1300 2804 in
1326 2750 1529 2820 Spiritu

1031 2821 1248 2892 Sancto,
1281 2831 1335 2875 et
1362 2825 1469 2892 igni
1503 2841 1516 2875 :

1031 2889 1118 2945 12.
1176 2889 1574 2946 Ιιςιὺθιιε’κ·εηιίο

1031 2959 1238 3020 labrum
1272 2963 1320 3013 iu
1355 2976 1467 3016 ma-

1035 3047 1105 3085 llll
1134 3046 1226 3084 sua
1261 3049 1273 3083 ζ
1303 3041 1357 3085 ει
1385 3047 1532 3086 mu"-

1033 3100 1181 3156 davit
1199 3116 1380 3155 aream

214 1568 269 1649 β.
324 1568 475 1649 fl‘unc
491 1569 740 1649 _egredie-

216 1636 413 1693 bantur
442 1638 506 1693 ad
529 1636 651 1694 cum

213 1709 389 1762 omnis
416 1707 604 1763 Hiero-

215 1777 445 1830 solvma.
467 1791 521 1830 et
549 1791 604 1830 or

215 1790 521 1909 33%;?
545 1791 666 1903 2?“
729 1818 737 1838 ί

214 1917 392 1972 omnis
418 1917 586 1971 conti-

215 1984 300 2055 nis
319 1987 519 2055 region
560 2026 573 2040 .
623 2025 639 2041 .

215 1999 595 2137 gislloer‘dzgiso;
623 2025 688 2114 .et

214 2123 532 2193 baptizaban
584 2164 599 2180 .
650 2168 664 2181 .

214 2192 399 2250 abillo
419 2195 471 2249 in
491 2193 610 2265 Jor-
723 2240 728 2244 .

214 2261 413 2331 ἀείδω,
442 2265 515 2320 ω
547 2301 562 2318 .
606 2302 620 2318 .
663 2302 679 2318 .
723 2308 736 2322 .

671 2423 684 2430 ι

219 2681 274 2734 7.
322 2694 590 2745 saeorum.
612 2690 666 2736 et

220 2749 642 2817 Sadduceorum,

220 2820 498 2875 venientes
523 2821 590 2874 ad
669 2823 671 2826 ‘

219 2889 536 2957 baptismum
560 2891 655 2944 su;

220 2974 330 3022 um,
354 2959 484 3013 dixit
510 2958 614 3014 illis
639 2977 653 3014 :
681 2960 810 3016 Pro—

217 3029 404 3098 genies
420 3029 627 3098 vipera-

219 3113 360 3159 rum.
386 3098 504 3166 quis
530 3099 625 3154 de-

220 3169 532 3241 monstravit
557 3182 650 3241 _vo-
1034 3210 1050 3225 .
1105 3212 1119 3223 .
1178 3209 1191 3223 .
1242 3185 1326 3224 am
1360 3189 1374 3224 :
1405 3180 1459 3226 et
1488 3185 1711 3241 congre-

219 3237 302 3294 bis
323 3237 502 3307 fugere
521 3238 590 3293 ab
619 3240 662 3292 i-
1029 3241 1174 3310 gavit
1205 3241 1438 3296 triticum

634 3349 861 3407 CODEX
900 3349 1369 3415 COBBEIENblS.

219 3440 338 3509 Ipse
363 3453 536 3498 autem
571 3443 840 3499 Joltannes
867 3445 883 3472 ¹
915 3442 1141 3496 habebat
1170 3443 1544 3512 vestimentum
1568 3443 1637 3499 de
1668 3443 1790 3512 pilis

218 3513 563 3578 camelorum,
592 3524 646 3567 et
673 3528 860 3566 zonam
893 3512 1152 3582 pelliciant
1196 3511 1334 3564 circa
1375 3512 1584 3566 lumbos
1618 3511 1785 3567 suos:

219 3596 342 3651 esca
381 3593 555 3638 autem
612 3585 728 3651 ejus
765 3589 880 3635 erat
929 3583 1201 3651 locustae;
1247 3589 1303 3634 et
1341 3583 1443 3635 mel
1500 3583 1786 3651 sylveSIre.

219 3649 369 3706 Tunc
395 3654 416 3682 '
444 3653 620 3706 exibat
639 3649 704 3704 ad
735 3666 854 3704 eum
880 3650 1263 3720 Hierosolyma,
1293 3660 1346 3704 et
1374 3649 1546 3704 omnis
1567 3651 1788 3712 Iudaea,

219 3727 278 3788 et
313 3723 487 3788 omnis
514 3723 658 3788 regio
682 3721 824 3773 circa
855 3719 1139 3772 Jordancni
1166 3735 1179 3782 ;
1223 3730 1274 3771 et
1302 3721 1708 3785 baptizabantur
1735 3722 1789 3775 in

219 3785 450 3842 Jordaoe
491 3789 556 3842 ab
576 3785 668 3852 eo,
697 3788 1015 3841 confitentes
1041 3801 1250 3854 peccata
1295 3803 1409 3842 sua.
1444 3791 1645 3844 Videtis
1698 3807 1791 3842 au-

221 3863 330 3910 tem
379 3857 400 3887 ⁸
449 3861 643 3912 multos
678 3857 1106 3920 Pharisaeorum,
1128 3867 1176 3911 et
1210 3857 1667 3924 Saddttcneorum,
1695 3877 1786 3914 ve-

222 3927 431 3981 nientes
457 3929 520 3980 ad
553 3929 867 3998 baptismum
900 3943 1073 3998 suum,
1109 3927 1247 3998 dixit
1263 3929 1689 3997 eis:,Progenies
1713 3931 1792 3982 vi-

296 4012 493 4060 rarunt,
513 3996 636 4068 quis
655 3996 1040 4068 demonstravit
1058 3997 1212 4051 vobis
1231 3997 1412 4066 fugere
1430 4015 1456 4051 a
1483 3996 1657 4052 futura
1678 4001 1752 4053 ira
1767 4003 1792 4052 ἴ

270 4069 404 4121 acite
458 4067 584 4138 ergo
658 4067 884 4121 fructum
950 4068 1165 4136 dignum
1234 4070 1609 4134 poenitentiae.
1655 4070 1676 4098 ⁸
1724 4069 1792 4123 Et

222 4151 293 4191 ne
338 4137 730 4192 velitis'diccre
757 4137 892 4191 istra
924 4152 1016 4190 vos
1043 4153 1055 4189 :
1088 4138 1294 4190 Patrem
1326 4139 1578 4190 habemus
1624 4139 1789 4190 Abra-

225 4205 368 4259 ham.
401 4207 530 4260 Dico
559 4211 702 4260 enim
731 4207 909 4272 vobis,
933 4208 1182 4272 quoniam
1213 4218 1400 4272 potetis
1434 4214 1517 4258 est
1553 4207 1688 4257 Deus
1723 4221 1786 4258 ex

225 4275 491 4344 lapidibus
520 4279 632 4330 istis
654 4276 917 4330 suscitare
938 4276 1074 4328 filios
1105 4275 1353 4344 Abraltm.
1391 4273 1506 4344 lant
1537 4273 1676 4344 enim
1704 4287 1788 4326 se-

221 4341 364 4399 curis
398 4347 464 4399 ad
512 4356 532 4386 ³
581 4346 809 4398 radicem
840 4345 1089 4396 arborum
1123 4343 1290 4410 posita
1321 4351 1422 4396 cst.
1446 4341 1632 4395 Omnis
1661 4357 1790 4411 ergo

224 4418 404 4484 arbor.
436 4431 556 4484 qum
588 4429 690 4468 non
720 4413 842 4467 facit
869 4411 1098 4484 fructum
1141 4413 1368 4484 bonum,
1401 4412 1675 4484 excidetur
1697 4454 1713 4474 ,
1738 4422 1791 4466 et

224 4483 280 4538 in
317 4482 767 4552 ignemmittetur.
804 4485 913 4552 Ego
953 4482 1162 4550 quidem
1203 4482 1540 4552 'tosibaptizo
1577 4482 1626 4534 in
1657 4496 1790 4551 aqua

225 4555 280 4606 in
307 4551 676 4620 paetiitentiatn
699 4569 710 4603 :
731 4551 818 4620 qui
848 4551 1023 4605 autem
1059 4559 1174 4620 post
1198 4567 1282 4605 tne
1310 4551 1332 4581 ⁸
1384 4560 1638 4606 venturus
1676 4560 1786 4617 est,

229 4622 419 4676 fortior
460 4637 547 4676 me
588 4629 703 4684 est,
746 4623 898 4690 cujus
940 4637 1044 4674 non
1077 4635 1193 4673 sum
1223 4622 1416 4688 dignus
1443 4623 1790 4675 calciamenta

226 4703 437 4759 portare
459 4708 472 4743 :
493 4693 621 4758 ipse
637 4706 728 4744 vos
751 4690 1039 4759 baptizabit
1060 4691 1110 4743 in
1138 4690 1336 4759 Spiritu
1358 4690 1574 4752 Sancto.
1591 4702 1646 4746 et
1664 4693 1788 4760 igni.

1155 319 1599 376 EVANGELIUM
1639 315 2003 374 SECUNOUM
2045 316 2472 376 MATTILEUM.

3341 320 3442 377 1M

2294 431 2522 488 CODEX
2560 434 3007 492 VERONENSIS.

1873 520 1927 574 4.
1971 520 2098 587 'lpse
2121 532 2301 578 autem
2329 521 2420 578 ιο-
2691 535 2746 580 et
2770 525 2934 580 nolite

1877 590 2078 666 hannes
2104 591 2286 646 habuit
2691 595 2962 666 praeferre
3080 642 3084 646 .

1875 661 2144 716 vestitum.
2187 701 2205 717 .
2249 701 2263 714 .
2689 661 2806 728 vos,
2833 666 3074 723 dicentes
3105 684 3118 720 :

1880 769 1890 781 .
1975 770 1988 782 .
2066 770 2079 783 .
2156 769 2171 784 .
2251 771 2264 784 .
2345 773 2358 786 .
2438 771 2452 785 .
2531 773 2543 786 .
2688 735 3085 793 Patremhabe-

1873 800 2242 865 camellorum,
2692 820 2808 859 ntus
2831 804 3006 860 Abra-

1875 879 1928 923 et
1952 885 2081 924 zona
2115 871 2264 938 pelli-
2683 873 2826 928 ham.
2865 874 2993 929 Dico

1875 939 1956 1013 cia
1984 941 2120 1013 circa
2143 941 2280 993 lum-
2467 977 2471 983 -
2687 944 2828 998 enim
2863 945 3034 1013 vobis,

1876 1007 1973 1062 bos
1997 1010 2157 1083 ejus:
2182 1024 2303 1064 esca
2688 1014 2936 1083 quoniam
2967 1007 3058 1079 βό-

1876 1091 2055 1132 autem
2083 1080 2202 1143 ejus

1875 1157 1992 1201 erat
2013 1147 2272 1216 locustae,

1875 1225 1929 1269 et
1953 1217 2057 1271 mel
2091 1218 2252 1272 silve-

1874 1293 2036 1342 strae.

2694 1095 2811 1138 lens
2837 1093 2918 1138 est
2948 1085 3086 1139 Deus

2693 1168 2754 1207 ex
2783 1154 3044 1214 lapidibus
3075 1154 3190 1209 istis

2694 1224 2950 1277 suscitare
2975 1223 3029 1277 li-

2694 1291 2797 1346 lios
2817 1292 3081 1348 Abrahae;

1876 1355 1929 1425 5.
1981 1354 2131 1411 Tunc
2157 1358 2304 1413 exie—
2697 1361 2784 1425 lo.
2814 1361 2929 1417 iam
2963 1363 3103 1417 enim

1876 1423 2007 1479 bant
2034 1425 2099 1480 ad
2123 1440 2246 1482 eum
2694 1423 2898 1485 securis
2920 1431 2988 1485 ad
3027 1432 3232 1490 radices

1875 1494 2159 1569 ex_Hiero-
2696 1499 2946 1555 arborum
2972 1503 3114 1569 posi-

1882 1564 2107 1634 solyntis
2126 1581 2241 1620 om-
2698 1575 2748 1622 ta
2790 1579 2894 1625 est.
2924 1564 3119 1626 omnis.
3138 1586 3227 1626 er-

1877 1633 2280 1700 uis’Judaea,et
2351 1641 2358 1649 '
2699 1651 2766 1700 go
2787 1638 2946 1695 arbor
2970 1655 3075 1696 non
3169 1690 3172 1694 .

1888 1718 2079 1758 omnes
2101 1706 2189 1773 qui
2700 1706 2890 1764 fatiens
2915 1706 3029 1763 fru-

1889 1788 2034 1828 mora
2042 1774 2233 1829 bantur
2700 1786 2843 1831 ctum
2873 1776 3068 1835 bonum
3087 1819 3102 1841 .
3144 1794 3240 1834 ex-

1887 1843 2027 1898 circa
2053 1842 2338 1901 Jordanem
2365 1862 2382 1911 ;
2699 1845 2908 1904 cidotnr
2921 1887 2938 1914 ,
2971 1857 3025 1902 et
3053 1849 3106 1902 in

1888 1923 1944 1967 et
1973 1915 2314 1983 baptizaban-
2698 1916 2875 2040 ignem
2903 1920 3165 2000 mittetur.

1888 1991 1995 2035 tur.
2077 2024 2088 2036 .
2169 2025 2183 2040 .
2260 2027 2274 2040 .
2698 1983 2787 2039 Ι.
2829 1985 2938 2040 Erro
2966 1987 3165 2040 auiden

1885 1991 2014 2056 t_ur._
2077 2024 2088 2036 .
2168 2025 2183 2050 ,
2260 2027 2274 2040 .
2698 1983 2787 2040 Π.
2829 1985 2938 2056 Ego
2966 1987 3177 2055 quidem
3209 1988 3302 2042 ba-

1885 2051 1938 2128 t}.
1984 2053 2185 2115 daneu.
2217 2069 2346 2109 con-
2699 2055 2842 2124 ptizo
2865 2051 2961 2128 vos
2985 2051 3045 2128 in
3068 2073 3259 2128 aquam

1883 2120 2096 2178 fitentes
2124 2135 2337 2193 peccata
2697 2120 2747 2182 in
2762 2120 3170 2194 paenitentiam:

1885 2206 2057 2267 sua.“
2080 2261 2092 2267 _
2697 2198 2786 2267 qui
2816 2204 2993 2267 autem
3022 2206 3141 2265 post

1886 2261 1939 2314 '1.
1981 2260 2195 2331 _Videns
2216 2272 2390 2320 autem
2697 2260 2860 2322 meve
2875 2265 2968 2331 uit,

1888 2329 2082 2386 multos
2105 2331 2291 2386 Pbari-
2333 2367 2336 2372 -
2698 2337 2888 2392 fortior
2917 2329 3002 2390 me

1883 2413 2130 2454 saeorum
2149 2443 2164 2464 .
2193 2411 2249 2457 et

2698 2418 2801 2471 est,
2822 2404 2971 2474 cujus
2993 2422 3097 2460 non

1886 2469 2320 2529 Sadducaeorum

2697 2492 2815 2532 sum
2845 2477 3036 2544 dignus
3060 2475 3171 2531 cal-

2698 2548 2958 2602 ciamenta
2986 2560 3108 2613 por-

1884 2609 2213 2682 Baptismum
2239 2630 2416 2682 suum,
2702 2627 2845 2670 tare:
2891 2609 3003 2682 ipse
3034 2627 3127 2670 vos

1882 2680 2015 2752 dixit
2038 2682 2161 2752 eis:
2193 2679 2341 2737 Pro:
2404 2679 2407 2680 ⁷
2699 2679 2991 2752 baptizavit

1881 2749 2065 2818 genies
2089 2751 2297 2826 vipera-
2698 2756 2751 2826 in
2773 2749 3032 2826 Spiritu._
3091 2795 3107 2810 .
3187 2794 3200 2809 .
3269 2793 3299 2826 ί.

1883 2835 2022 2886 rum,
2052 2820 2171 2894 quis
2195 2821 2292 2878 de-
2543 2824 2546 2828 λ
2701 2825 2787 2879 12.
2817 2820 2909 2894 qui
2949 2824 3110 2879 habet
3135 2825 3310 2879 venti-

1883 2891 2196 2945 monstravit
2222 2908 2312 2948 vo-
2704 2891 2922 2949 labrunr
2941 2895 2994 2949 iu
3026 2909 3139 2950 ma-

1885 2957 1968 3028 bis
1997 2960 2176 3028 fugere
2202 2963 2271 3016 ab
2705 2981 2774 3018 nu
2805 2979 2935 3017 sua:
2967 2975 3019 3019 et

1885 3026 1940 3104 ξ.
1975 3026 2164 3104 Δἱιτιᾟι)
2194 3032 2456 3104 futura?-j-
2706 3034 3025 3102 permunda-

1886 3099 2043 3170 facite
2063 3099 2191 3170 ergo
2214 3105 2320 3156 [τυ-
2432 3099 2443 3104 ⁷
2701 3099 2774 3157 vit
2802 3118 2982 3158 aream

1886 3169 1940 3225 9.
1970 3179 2114 3242 ctum
2133 3169 2366 3242 dignum
2701 3188 2850 3228 suam
2867 3190 2879 3225 :
2910 3185 2965 3228 et
2989 3188 3210 3241 congre-

1890 3240 2282 3312 peattitentia‘e;
2702 3243 2852 3313 gavit
2877 3243 3109 3298 triticum

2350 3352 2580 3410 CODEX
2619 3353 3004 3412 BRIXIANUS.

1891 3441 2011 3512 ipse
2041 3451 2220 3497 autem
2251 3443 2522 3498 Jobannes
2561 3444 2742 3499 habuit
2789 3448 3161 3500 vestimentum
3219 3445 3286 3498 de
3345 3444 3464 3511 pilis

1893 3514 2217 3566 camelorum
2254 3523 2308 3565 et
2346 3513 2543 3567 Zonatn
2587 3515 2850 3582 pelliciam
2890 3515 3030 3568 circa
3071 3517 3278 3567 lumbos
3328 3514 3461 3580 ejus.

1893 3596 2013 3636 esca
2053 3593 2226 3638 autem
2257 3585 2369 3650 ejus
2393 3583 2730 3638 eratlncustu
2765 3585 3273 3642 etmelsilvestraae.
3314 3583 3461 3636 Tunc

1892 3651 2136 3724 exiebant
2179 3653 2241 3703 ad
2284 3670 2413 3724 eum?
2431 3654 2791 3724 Hierosolyma
2818 3658 2848 3698 b
2877 3665 2927 3706 et
2957 3656 3130 3706 omnis
3159 3653 3377 3724 ludat-ti.
3405 3662 3456 3724 et

1893 3723 2067 3791 omnis
2105 3724 2250 3791 regio
2293 3723 2558 3776 Jordauis.
2612 3721 3106 3788 et'baptizabantur
3150 3724 3215 3773 ab
3266 3721 3354 3772 illo
3408 3721 3457 3791 in

1892 3789 2124 3846 Jortlane
2150 3789 2462 3846 confitcntes
2507 3805 2716 3858 peccatu
2751 3808 2867 3847 sua.
2914 3792 3103 3844 Videtis
3131 3789 3465 3858 autcmtnul-

1896 3870 1977 3912 tos
1996 3861 2401 3915 Pharisaeorum
2421 3873 2471 3916 et
2494 3857 2916 3917 Sailducaeormn
2949 3861 3217 3913 venientes
3258 3857 3321 3909 :td
3374 3858 3463 3909 ba-

1896 3932 2141 3996 ptismum
2189 3947 2340 3985 suum
2380 3931 2510 3984 dixit
2535 3933 2629 3985 eis.
2672 3931 2956 3994 Progenies
2993 3929 3462 3996 \iperartttuiquis

1893 3995 2276 4054 demonstravit
2321 4003 2466 4053 vobis
2509 4002 2691 4068 fugere
2746 4001 2812 4052 ab
2867 4002 2939 4050 ira
2996 4012 3237 4050 venmra.
3303 3995 3462 4050 facite

1894 4084 2021 4138 ergo
2065 4072 2288 4123 fructum
2347 4072 2558 4138 dignum
2611 4070 2958 4138 paenitentiae
3003 4079 3048 4115 ιιι
3099 4068 3262 4120 nolite
3306 4082 3465 4138 pra!-

1896 4137 2033 4205 fcrre
2075 4153 2166 4191 vos
2220 4136 2455 4191 dicentes
2515 4138 2632 4205 quia
2697 4137 2904 4190 Patrem
2968 4138 3223 4190 habemus
3288 4136 3461 4191 Abra—

1900 4204 2044 4274 hstlu.
2083 4207 2206 4259 [lito
2237 4208 2375 4258 enim
2410 4204 2558 4259 vobis
2584 4209 2703 4274 quia
2737 4217 2924 4274 poti-tis
2950 4217 3034 4259 est
3065 4209 3201 4261 Dctts
3227 4223 3288 4260 cx
3332 4209 3463 4273 lapi-

1892 4273 2049 4326 dibus
2086 4275 2200 4328 istis
2237 4277 2492 4330 Susritare
2525 4273 2661 4329 filios
2698 4278 2965 4330 Abt-alim.
2991 4277 3104 4330 Jzim
3136 4277 3275 4330 enim
3315 4290 3466 4330 secu-

1895 4344 1969 4395 ris
1991 4344 2056 4396 ad
2082 4345 2286 4415 radices
2310 4346 2556 4400 arborum
2589 4350 2754 4414 pOsita
2778 4361 2876 4400 εει.
2913 4348 3096 4400 Uiunis
3125 4363 3253 4415 ergo
3282 4347 3460 4398 arbor.

1893 4428 2010 4478 quis
2053 4429 2156 4468 non
2188 4413 2310 4468 facit
2339 4415 2566 4469 fructum
2592 4413 2790 4469 bonum
2823 4418 3097 4469 excidatur
3130 4413 3256 4468 etin
3289 4415 3462 4481 ignem

1897 4484 2155 4555 tltitlelur.
2189 4486 2297 4553 Ego
2335 4485 2545 4555 quidem
2593 4486 2798 4555 baptizo
2842 4503 2931 4555 \os
2973 4488 3021 4538 in
3047 4502 3179 4553 aqua
3205 4487 3253 4536 itt
3287 4484 3467 4555 paeni—

1898 4554 2130 4607 tentiam.
2165 4552 2253 4624 qui
2282 4552 2454 4609 auiem
2481 4552 2697 4623 posttn'e
2721 4558 2862 4608 venit
2889 4554 3072 4610 feitinr
3093 4552 3175 4607 me
3201 4552 3297 4607 est;
3316 4552 3463 4624 cujus

1897 4636 2000 4675 non
2040 4637 2155 4676 sum
2181 4622 2370 4692 dignus
2395 4622 2734 4678 calCiutucutn
2761 4635 2990 4693 portare.
3024 4625 3135 4689 ipse
3165 4638 3268 4693 vos
3296 4622 3464 4693 bapti-

1898 4693 2037 4766 aabit
2065 4693 2117 4746 iit
2155 4694 2354 4761 Spiritu
2379 4704 2647 4766 sancto-et
2690 4692 2831 4766 igni:
2875 4694 3073 4746 habens
3114 4692 3463 4744 ventilabrum

1885 2541 2146 2595 venientis
2176 2544 2240 2596 ad

229 4761 250 4793 ⁷
307 4760 470 4828 Cujus
495 4761 849 4816 ventilabrum
893 4761 945 4814 in
984 4775 1141 4833 manu
1172 4774 1268 4833 sua
1301 4777 1314 4812 :
1343 4770 1397 4814 et
1423 4761 1804 4831 permundabit
1902 4763 1954 4833 in
1984 4777 2141 4816 manu
2168 4760 2281 4816 sita.
2323 4772 2376 4817 et
2403 4763 2646 4833 purgabit
2671 4760 2851 4818 aream
2875 4777 3046 4816 suam.
3081 4769 3136 4816 et
3175 4777 3466 4832 congrega-

225 4843 404 4886 aream
447 4845 597 4885 suam
639 4847 653 4885 :
687 4841 741 4886 et
781 4831 1124 4901 congregabit
1167 4830 1396 4885 triticum

1904 4832 1982 4886 vit
2024 4833 2116 4886 trit
2170 4843 2190 4870 ο
2221 4834 2357 4886 icum

895 4951 1283 5008 VARIANTES
1320 4950 1698 5009 LECTIONES
1734 4941 1991 5007 CODICIS
2029 4953 2137 5007 MS.
2179 4952 2236 5006 S.
2277 4948 2776 5008 GERMANENSIS.

292 5069 308 5097 ι
343 5064 520 5116 Habuit
543 5066 884 5116 vestimentum
905 5075 1045 5114 suum

289 5129 312 5160 ³
341 5127 579 5177 Exiebant
597 5127 657 5174 ad
676 5140 788 5174 eum
808 5138 870 5175 ex
890 5123 1250 5186 Hierosolymis,
1272 5128 1325 5172 et
1337 5135 1508 5174 omnes
1529 5124 1613 5186 qui
1637 5135 1792 5172 mora-

227 5191 402 5240 bantur
423 5188 548 5248 circa
566 5186 836 5246 Iordanem,
856 5184 1145 5237 conﬁtentes
1160 5192 1358 5247 peccata
1379 5197 1494 5248 sua;
1515 5184 1569 5235 et
1589 5186 1795 5248 baptiza-

224 5253 400 5302 bantur
421 5249 481 5296 ab
502 5247 582 5296 illo
605 5249 652 5296 in

291 5313 315 5346 ⁸
346 5311 587 5362 Johannes

291 5313 315 5346 ⁸
346 5311 587 5361 Johannes

1959 5067 1980 5093 δ
2012 5062 2071 5124 Et
2091 5061 2241 5124 nolite
2267 5061 2518 5124 praeferre
2545 5075 2648 5122 vos,
2666 5062 2890 5113 dicentes

1956 5125 1976 5155 ⁵
2011 5123 2216 5171 Radices

1958 5183 1979 5212 ⁸
2012 5183 2158 5231 Venit

1960 5244 1980 5274 "
2014 5243 2213 5294 Habeas
2230 5245 2548 5295 ventilabrum

1494 5385 1852 5446 BLANCHINI
1888 5389 2116 5448 NOTE.

302 5494 330 5524 ιι
356 5485 558 5540 Abrasa
578 5491 660 5540 est
678 5481 850 5538 littera
877 5497 929 5535 α.

304 5555 332 5593 δ
358 5555 560 5611 Abrasa
589 5571 658 5608 ut.

1974 5491 1996 5519 ο
2021 5482 2221 5539 Abrasa
2251 5483 2415 5540 altera
2449 5484 2671 5546 litterat.

299 5689 379 5761 (tt)
410 5688 562 5762 Hinc,
591 5703 758 5760 usque
781 5685 845 5745 ad
868 5686 1022 5745 verba
1049 5685 1158 5752 illa,
1197 5668 1498 5747 niueam
1522 5684 1664 5753 ὡσεί,
1703 5692 1832 5753 stc.,
1883 5691 2026 5740 vers.
2053 5679 2140 5750 16,
2171 5680 2222 5738 in
2244 5681 2362 5738 cod.
2389 5681 2542 5739 Cant.
2574 5679 2854 5739 recentiori
2883 5689 3044 5733 manu
3065 5679 3460 5737 describunturt
