4288 6516
168 353 271 409 1Ξ¹1

108 466 109 469 “
556 464 781 522 (SODEX
824 462 1343 520 VERCELLENSIS.

985 554 1207 634 Satanas
1240 572 1253 605 :
1279 552 1460 634 Scrip-

984 633 1093 679 tum
1122 633 1205 678 est
1230 633 1370 677 enim
1401 638 1416 676 :

985 694 1264 749 Dominum
1292 694 1456 748 Deum
1482 700 1567 746 tu-

983 780 1069 818 um
1095 763 1284 819 adora—

981 834 1062 889 bis
1082 875 1097 900 ,
1129 847 1183 889 et
1207 832 1307 902 ipsi
1322 846 1409 889 so-

981 904 1015 959 li
1043 903 1262 960 servies.

166 559 222 616 5.
263 558 314 613 in
338 565 576 614 sanctam

165 630 455 695 civitatem,
487 638 542 684 et
581 663 587 673 -

162 698 349 754 statuit
372 714 490 753 eum

161 784 323 838 supra
348 770 558 837 pinnam

162 837 367 907 templi,
394 852 449 894 et
474 841 547 893 ait
568 837 634 891 il-

160 909 214 964 6.
241 902 305 964 li:
329 909 385 965 Si
409 910 547 965 ﬁlius
568 908 663 965 Dei
693 920 773 973 es,
797 902 911 961 mit-

161 988 214 1033 te
250 987 303 1034 te
331 979 601 1035 deorsum.
758 970 767 973 ’
982 975 1069 1030 11.
1101 975 1316 1029 Tunc...
1348 970 1499 1042 liquit
1604 985 1608 989 ‘

159 1049 427 1119 Scriptum
458 1059 541 1106 est
977 1060 1190 1099 eum....

156 1119 335 1175 enim:
978 1123 1050 1170 et.
1095 1155 1109 1169 .
1156 1154 1171 1169 .
1215 1153 1231 1169 .
1275 1153 1289 1167 .

227 1189 554 1268 Quiaange-
1352 1224 1366 1237 .
1446 1223 1459 1237 .
1537 1219 1552 1237 .
1629 1218 1645 1235 .

231 1261 298 1316 lis
325 1260 436 1316 suis
462 1260 613 1315 man-
979 1263 1033 1310 et
1058 1260 1328 1309 ministra-

226 1329 393 1396 davit,
417 1341 481 1389 ut
976 1324 1203 1396 bantiei.

224 1394 530 1455 custodiant
978 1395 1061 1449 l2.
1103 1395 1234 1451 Cum
1272 1394 1510 1450 audisset

974 1476 1147 1519 autem
1177 1464 1332 1520 Jesus

906 1590 909 1591 ν
975 1536 1110 1603 quod
1133 1534 1329 1591 Johan-

974 1618 1067 1660 iies
1090 1606 1316 1661 traditus

971 1684 1080 1742 est,
1110 1679 1331 1732 secessit
1354 1675 1407 1729 in

912 1760 918 1766 '
972 1746 1058 1800 15.
1098 1745 1425 1802 Galilaeam:
1457 1752 1511 1800 et

972 1816 1155 1870 relicta
1181 1815 1374 1871 civita-

972 1893 1026 1939 te
1045 1886 1303 1941 Nazareth
1322 1926 1335 1949 ,
1366 1899 1461 1939 ve-

974 1957 1054 2010 nit
1076 1998 1092 2019 ,
1118 1967 1172 2011 et
1199 1957 1455 2011 habitavit

972 2026 1023 2079 iu
1054 2025 1426 2096 Capliarnauni

972 2098 1231 2150 maritima
1256 2138 1269 2161 ,
1300 2096 1352 2150 iu

970 2164 1161 2221 ﬁnibus
1179 2160 1411 2220 Zabul...

973 2237 1058 2289 M.
1100 2246 1153 2289 et
1180 2236 1483 2303 Neptlialim
1512 2252 1525 2287 :
1550 2243 1606 2288 ut

967 2303 1279 2372 impleretur

962 2372 1101 2447 quod
1138 2373 1353 2447 dictu...

960 2443 1043 2500 rat
1072 2458 1165 2511 per
1188 2443 1352 2498 Es....

964 2514 1286 2579 PrOpbetam
1311 2530 1324 2565 :

966 2586 1050 2642 15.
1090 2582 1255 2638 Terra
1292 2583 1458 2640 2a....

224 1479 295 1535 te,
325 1480 381 1525 et
406 1472 456 1525 in
489 1468 663 1525 mani-

221 1541 323 1596 bus
350 1541 537 1594 tollant
564 1548 637 1606 te,

222 1626 291 1665 ne
318 1609 456 1665 forte
482 1609 565 1665 of-

222 1680 406 1735 fendas
433 1679 500 1735 ad
525 1681 605 1734 la-

219 1750 397 1820 pidem
427 1749 616 1821 pedem

221 1828 388 1874 tuum.
705 1858 709 1861 λ

148 1888 202 1942 7.
246 1891 332 1944 Ait
367 1890 438 1944 illi
478 1890 667 1947 iterum
704 1888 897 1945 Jesus:

148 1959 414 2029 Scriptum
442 1969 553 2015 est:

148 2029 262 2084 Non
288 2031 571 2099 temptabis

147 2100 429 2155 Dominum
458 2101 555 2155 De-

148 2184 237 2224 um
268 2179 434 2224 tuum.

148 2241 203 2292 8.
233 2238 429 2294 Iterum
458 2240 706 2308 adsump-

146 2309 218 2363 sit
239 2323 359 2363 eum
387 2310 579 2363 Diabo-

148 2378 233 2432 lus
264 2379 313 2431 in
336 2386 569 2431 montem

84 2507 92 2517 ,
148 2449 414 2503 excelsum
439 2448 553 2501 val-

150 2517 255 2573 de:
283 2527 337 2573 et
362 2517 599 2573 ostendit
623 2518 674 2571 ei

148 2589 326 2660 ρεπιιῖέ
349 2603 507 2660 resne

148 2657 329 2741 Mundi
346 2697 360 2723 ,
384 2657 438 2714 et
456 2658 569 2729 glo-

146 2743 279 2783 riam
307 2743 494 2784 eorum
514 2768 529 2793 ,

150 2797 202 2853 9.
241 2799 447 2853 etdixit
478 2798 552 2852 illi
583 2815 598 2852 :
629 2797 772 2851 Haec

148 2869 323 2922 omnia
355 2868 448 2921 tibi
468 2868 567 2923 da-'

149 2938 218 2992 bo
240 2978 256 3003 ,
284 2938 327 2991 si
358 2938 639 3020 procidens
959 2937 1036 3065 sb)
1066 2936 1334 3019 Galilaeae
1361 2936 1402 3008 -ι-
1427 2950 1557 3004 gen~

149 3006 456 3064 adoraveris
480 3025 586 3064 me.
994 3010 1044 3064 6.
1089 3017 1219 3062 tium
1240 3048 1256 3065 .
1280 3007 1507 3065 uouulus

147 3006 456 3079 adoraveris
480 3025 586 3064 me.
664 3078 679 3079 ἡ
959 3006 1044 3065 16.
1089 3009 1219 3079 tium
1240 3048 1256 3073 ,
1280 3006 1507 3079 populus

148 3079 243 3149 10.
277 3078 425 3134 Tunc
453 3080 527 3135 ait
549 3079 623 3135 illi
654 3078 847 3136 Jesus:
956 3080 1042 3149 qu’i
1070 3078 1290 3133 sedebat

146 3147 279 3205 vade
306 3158 449 3205 retro
954 3147 1007 3204 in
1039 3150 1271 3204 tenebris
1294 3190 1310 3214 ,

563 3269 791 3327 CODEX
818 3269 1276 3325 CORBEIENSIS.

144 3375 265 3416 eum
296 3360 536 3417 diabolus
580 3362 632 3415 in
663 3371 899 3415 sanctam
940 3361 1206 3415 civitatem
1228 3400 1242 3421 .
1274 3371 1326 3416 et
1370 3360 1551 3415 statuit
1578 3375 1700 3415 eum

144 3447 302 3496 supra
348 3432 559 3498 pinnam
600 3433 802 3501 templi,
847 3442 900 3487 et
930 3432 1061 3485 dixit
1097 3433 1174 3486 ei:
1206 3432 1261 3489 Si
1302 3432 1440 3486 ﬁlius
1476 3447 1532 3484 es
1582 3430 1698 3495 Dei,

144 3502 296 3555 mitte
324 3509 374 3555 te
408 3504 682 3556 deorsum.
729 3502 992 3568 Scriptum
1021 3512 1099 3555 est
1130 3504 1299 3554 enim:
1337 3502 1467 3567 Quia
1497 3500 1699 3567 angelis

143 3573 253 3624 suis
300 3572 568 3626 mandavit
611 3573 677 3626 de
722 3582 794 3634 te,
828 3571 963 3625 utin
1006 3570 1246 3624 manibus
1295 3572 1479 3623 tollant
1509 3578 1587 3629 te.
1634 3586 1699 3622 ue

143 3640 279 3695 forte
328 3641 563 3695 oﬁ'eudas
611 3643 629 3674 ί
680 3642 988 3709 adlapidem
1021 3640 1204 3707 pedem
1236 3646 1405 3692 tuum.
1434 3640 1542 3709 fAit
1562 3638 1641 3709 illi
1682 3640 1699 3669 ’

140 3709 322 3763 Jcsus:
354 3710 576 3763 Rursum
600 3710 852 3779 seriptum
881 3719 997 3764 est:
1022 3710 1133 3763 Non
1166 3710 1392 3769 tentabis
1423 3708 1699 3763 Domiumn

140 3779 304 3849 Deum
327 3788 491 3831 tuum.
508 3779 701 3849 lterum
723 3784 973 3832 assumsit
990 3796 1107 3833 eum
1127 3780 1376 3833 Diabolus
1392 3781 1440 3832 in
1467 3788 1701 3849 montem

140 3847 406 3900 excelsum
437 3847 617 3902 valde:
642 3859 691 3902 et
716 3849 948 3901 ostendit
967 3850 1015 3902 ei
1037 3850 1210 3901 omnia
1238 3864 1398 3913 regna
1424 3848 1622 3913 Mundi,
1647 3858 1702 3902 et

140 3916 402 3979 ’tzloriam
445 3932 651 3985 eorum,
684 3926 739 3972 et
756 3918 886 3971 dixit
918 3918 1026 3971 illi:
1065 3917 1206 3972 llaec
1226 3920 1399 3972 omnia
1426 3918 1515 3972 tibi
1539 3917 1697 3983 dabo,

139 3986 185 4039 si
212 3986 234 4017 ’⁵
256 3988 451 4042 cadens
490 3986 800 4043 adoraveris
844 4004 947 4042 me.
976 3988 1123 4043 Tunc
1143 3987 1341 4043 dicitei
1365 3988 1521 4043 Jesus
1547 4005 1558 4040 :
1597 3987 1699 4042 Va-

139 4058 207 4128 de
252 4066 276 4093 ιι
303 4068 446 4112 retro
475 4058 699 4114 Satanas
732 4078 743 4111 :
769 4059 1033 4128 Scriptum
1082 4070 1163 4113 est
1191 4064 1331 4113 enim
1360 4077 1375 4114 :
1418 4059 1697 4114 Dominum

140 4126 304 4182 Deum
333 4138 478 4183 tuum
511 4128 779 4194 adorabis,
804 4139 858 4184 et
883 4126 953 4183 illi
980 4130 1077 4183 soli
1100 4136 1318 4184 servies.
1371 4130 1521 4184 Tunc
1563 4129 1584 4159 ⁵
1616 4145 1700 4183 re-

140 4196 291 4265 liquit
311 4215 429 4253 eum
458 4199 708 4254 Diabolus
738 4216 751 4252 :
794 4208 848 4255 et
876 4213 1000 4254 ecce
1040 4199 1226 4267 Angeli
1254 4207 1620 4264 accesserunt,
1646 4208 1699 4251 et

139 4269 511 4324 ministrabant
542 4272 611 4322 ei.
650 4270 821 4337 Quum
876 4278 1049 4321 autem
1082 4268 1313 4337 audisset
1341 4268 1527 4330 Jesus,
1555 4267 1693 4333 quod

137 4337 407 4394 Juliannes
448 4334 692 4393 traditus'
717 4349 888 4399 esset,
945 4337 1165 4389 secessit
1194 4336 1244 4387 in
1274 4334 1561 4388 Galilaeam
1598 4351 1610 4386 :
1639 4343 1696 4388 et

140 4408 329 4461 relicta
356 4410 568 4463 civitate
598 4405 891 4468 Nazareth,
922 4405 1095 4469 venit,
1122 4415 1175 4457 et
1208 4403 1465 4458 habitavit
1508 4403 1560 4457 iu
1592 4401 1694 4458 Ca-

135 4476 429 4546 pharuaum
465 4477 757 4539 maritima,
797 4475 849 4528 in
883 4474 1072 4546 ﬁnibus
1093 4473 1360 4539 Zabulon,
1391 4483 1444 4528 et
1476 4472 1691 4546 MNepbt-

134 4543 299 4615 balim
334 4566 346 4599 :
381 4558 439 4602 ut
480 4544 957 4615 implereturiquod
1006 4544 1203 4598 dictum
1244 4552 1327 4597 est
1356 4560 1448 4614 per
1474 4543 1687 4615 Esaiam

131 4614 457 4686 Proplietam
507 4634 520 4668 :
557 4614 1038 4686 ’Terra_Zabulon,
1086 4625 1329 4686 ethterra
1360 4614 1687 4686 Neplitalim,

129 4684 217 4737 via
277 4688 689 4757 _maris_trans4
737 4684 1024 4757 Jordauem
1072 4684 1341 4757 Galilaeae
1406 4684 1685 4757 gentium,

127 4754 356 4823 populus
408 4755 497 4825 qui
548 4754 768 4811 sedebat
794 4754 846 4809 iu
893 4755 1156 4822 tenebris,

962 2767 977 2783 ο
1056 2765 1069 2777 ι
1144 2762 1159 2777 Ω
1240 2762 1255 2777 ι
1332 2762 1349 2779 ο
1429 2763 1443 2779 ο
1521 2760 1535 2778 ι
1616 2765 1627 2777 ι

1116 344 1558 402 EVANGEIJUM
1590 343 1944 401 SECUNDUM
1986 346 2413 407 ΜΔΤΤΙΙιΕυΜ.

1722 2646 1725 2655 ί
1824 2646 2163 2708 θιἸιοηοτθηι

2260 468 2485 527 CODEX
2528 465 2974 529 VERONENSIS.

1874 558 2093 630 sit‘eum
2122 558 2314 617 Diabo-
2409 624 2418 630 _
2655 566 2703 619 ei
2733 565 2921 620 Jesus:

1861 627 1999 705 t_is_in
2029 639 2270 684 sanctam
2410 627 2418 630 ⁷
2658 634 2801 689 Vade
2825 633 2899 705 (α)
2930 644 3085 690 retro

1835 697 2107 775 civitatem
2128 739 2142 761 ,
2168 708 2222 754 et
2656 719 2740 775 me
2761 706 2802 775 -ιι
2828 697 3050 762 Satanas
3074 723 3088 761 :

1834 768 2017 821 statuit
2037 783 2158 843 eum
2655 768 2920 843 Scriptum
2948 784 3030 830 est

1837 850 1997 919 supra
2006 837 2231 919 pinnam
2656 837 2794 919 enim
2816 860 2829 896 :
2861 845 3142 909 Dominum

1836 908 2057 985 templi,
2078 915 2132 962 et
2657 913 2827 985 Deum,
2852 924 2996 967 tuum

1835 975 2043 1049 dixitei
2069 993 2117 1049 :_
2170 1047 2179 1049 _
2653 983 2916 1049 adorabis,
2950 993 3005 1039 et
3027 982 3104 1038 illi

1834 1043 1891 1100 Si
1921 1044 2059 1100 ﬁlius
2087 1045 2181 1102 Dei
2654 1053 2753 1107 soli
2784 1043 3001 1108 servies.

1834 1129 1894 1193 e_s
1912 1156 1925 1179 ,
1954 1118 2104 1174 mitte
2130 1127 2182 1175 te
2655 1121 2742 1177 11.
2771 1123 2917 1177 Tunc
2946 1120 3168 1193 reliquid

1838 1184 2111 1242 deorsum.
2652 1207 2773 1247 eum
2800 1184 3076 1249 Diabolus?

1837 1254 1910 1338 6.‘
1930 1254 2195 1338 Scriptum
2650 1272 2706 1317 et
2732 1276 2855 1317 ecce
2880 1263 3062 1333 Angeli

1836 1334 1915 1379 est
1938 1334 2082 1381 enim
2110 1345 2123 1379 :
2649 1342 3005 1393 accesserunt,
3037 1339 3093 1387 et

1834 1394 1985 1460 Quod
2010 1397 2231 1460 Angelis
2650 1402 3020 1457 ministrabant
3045 1402 3114 1457 ei.

1835 1464 1943 1518 suis
1963 1464 2231 1522 mandavit

1836 1533 1904 1589 de
1934 1544 1984 1587 te
2005 1576 2020 1600 ,
2053 1544 2111 1589 ut
2141 1536 2193 1591 in

1835 1604 2081 1660 manibus
2111 1606 2296 1661 tollant

1837 1682 1890 1729 te
1911 1715 1926 1739 ,
1955 1690 2022 1729 ne
2042 1676 2179 1730 forte

1837 1780 1851 1796 .
2011 1783 2024 1797 .
2064 1746 2291 1815 lapidem

1836 1814 2022 1880 pedem
2054 1814 2222 1871 tuum.

1834 1883 1896 1947 7.,
1927 1885 2015 1939 Αἱι
2042 1886 2113 1939 illi
2137 1887 2327 1943 iterum
2356 1905 2370 1941 :
2448 1930 2453 1937 .

1835 1953 2101 2022 Scriptum
2132 1966 2215 2011 est
2245 1976 2258 2012 :

1833 2023 1945 2078 Non
1978 2027 2261 2093 temptabis

1833 2093 2117 2149 Dominum
2140 2096 2307 2155 Deum

2656 1472 2743 1526 12.
2772 1470 2901 1526 Cum
2934 1472 3165 1539 audisset

2651 1550 2827 1595 autem
2855 1541 3013 1596 Jesus

2649 1612 2788 1679 quod
2816 1610 3071 1666 Johannis

2648 1680 2870 1735 traditus
2893 1690 2992 1746 est,

2646 1751 2867 1806 secessit
2892 1750 2945 1805 in

2646 1818 2930 1875 Galilaeam
2949 1837 2964 1874 :

2650 1890 2737 1944 15.
2770 1901 2823 1945 et
2853 1890 3036 1945 relicta

2649 1960 2862 2042 civitate
2884 1958 3166 2042 Nazareth,

2647 2031 2815 2095 venit,
2845 2040 2905 2084 et
2934 2029 3187 2084 habitavit

2646 2099 2698 2152 in
2728 2100 3097 2180 Gapharnaum

2646 2179 2987 2229 maritimam.

2644 2238 2698 2291 in
2732 2238 2928 2293 ﬁnibus
2956 2238 3055 2292 Za-

2644 2307 2734 2362 14.
2769 2305 2927 2362 bulon
2954 2318 3006 2363 et
3035 2306 3297 2377 Neptalim
3325 2324 3337 2360 :

2644 2386 2701 2431 ut
2724 2378 3037 2445 impleretur

2645 2448 2783 2518 quod
2813 2464 2907 2517 per
2934 2449 3158 2518 Eseiam,

2645 2516 2967 2585 PrOpbetam

2645 2587 2845 2640 dictum
2877 2598 3019 2643 erat:

2646 2655 2811 2711 Terra
2838 2656 3095 2721 Zabulon,

2645 2735 2700 2780 et
2733 2726 2898 2781 Terra

2608 2821 2614 2825 ‹
2643 2797 2731 2852 is.
2760 2796 2967 2866 Neptali
3004 2836 3018 2852 .
3061 2838 3078 2855 .
3121 2834 3137 2851 .
3225 2794 3389 2859 maris

2589 2908 2601 2917 .
2643 2874 2789 2940 trans
2816 2867 3083 2940 Jordanen
3111 2865 3187 2940 (ὁ)
3324 2881 3328 2887 '

2644 2937 2948 3009 Galileae-l-
3007 2965 3019 2979 -

2642 3009 2904 3088 gentium,
2930 3008 3158 3078 populus

2642 3076 2732 3146 16.
2760 3093 2851 3146 qui
2879 3079 3100 3133 sedebat

2636 3144 2693 3199 in
2718 3144 2974 3213 tenebris,

1834 2171 2001 2218 tuum.

1828 2233 1882 2305 8_.
1924 2233 2125 2305 lterum
2140 2234 2393 2305 adsump-

1828 2303 1900 2356 sit
1922 2318 2044 2358 eum
2069 2304 2316 2359 Diabolus

1829 2373 1881 2426 in
1922 2384 2156 2429 montem
2181 2375 2359 2431 excel-

1826 2456 1946 2496 sum
1972 2442 2126 2498 valde
2149 2462 2164 2499 :
2191 2454 2246 2498 et

1826 2513 2059 2567 ostendit
2087 2516 2137 2569 ei
2164 2515 2343 2571 omnia

1826 2596 1989 2653 regna
2018 2582 2216 2653 Mundi,

1821 2722 1874 2777 9.
1908 2737 2112 2788 eorum,
2144 2734 2198 2780 et

1820 2791 1950 2845 dixit
1977 2792 2051 2847 illi
2075 2811 2087 2845 :

1817 2860 1960 2917 Haec
1972 2865 2149 2919 omnia

1821 2932 1911 2987 tibi
1943 2933 2102 2997 (Iulio,

1817 3004 1864 3057 si
1891 3004 2173 3072 procidens

1818 3073 2127 3136 adoraberis
2156 3090 2261 3130 me.

1822 3143 1910 3201 10.
1953 3143 2100 3199 Tunc
2127 3145 2262 3201 dixit

2260 3270 2489 3326 CODEX
2530 3270 2929 3327 BRIXIANUS.

1832 3362 1934 3429 psit
1964 3376 2083 3415 eum
2116 3361 2365 3415 Diabolus
2410 3363 2461 3415 in
2502 3369 2738 3416 sanctam
2783 3365 3068 3417 civitatem.
3108 3371 3162 3417 et
3206 3364 3386 3418 statuit

1830 3446 1949 3502 eum
2000 3446 2160 3499 supra
2207 3433 2417 3502 pinnam
2472 3432 2688 3501 templi.“
2724 3440 2780 3489 et
2833 3434 2963 3488 dixit
3012 3434 3080 3488 ei.
3138 3433 3193 3487 Si
3250 3432 3386 3486 ﬁlius

1828 3500 1920 3553 Dei
1947 3514 2034 3563 es,
2069 3500 2217 3554 mitte
2248 3511 2298 3555 te
2326 3503 2495 3568 ipsum
2524 3500 2796 3557 deorsum.
2843 3502 3109 3559 Scribtum
3138 3512 3218 3557 est
3240 3506 3383 3558 enim

1826 3570 1945 3637 quia
1997 3571 2211 3638 Angelis
2267 3572 2379 3625 suis
2440 3572 2708 3625 mandavit
2756 3574 2821 3625 dc
2877 3570 2957 3626 te'.
3001 3582 3058 3625 ut
3114 3574 3163 3627 in
3217 3568 3381 3626 mani

1827 3637 1923 3709 bus
1958 3637 2142 3692 tollant
2192 3649 2272 3693 te.
2307 3654 2373 3693 ne
2398 3642 2609 3709 quando
2640 3642 2876 3696 olleudas
2917 3644 2981 3695 ad
3034 3643 3263 3709 lapidem
3294 3658 3385 3707 pe-

1824 3708 1943 3761 dem
1974 3717 2144 3763 tuum.
2176 3709 2261 3764 Ait
2291 3710 2365 3764 illi
2410 3708 2600 3766 iterum
2638 3710 2793 3765 Jesus
2833 3708 3100 3766 Scribtuui
3134 3724 3234 3766 est.
3268 3712 3380 3764 Non

1824 3780 2108 3845 temptabis
2161 3780 2438 3835 Dominum
2489 3782 2651 3835 Deum
2713 3791 2879 3836 tuum.
2926 3781 3119 3837 lterum
3173 3782 3382 3833 adsum-

1823 3850 1928 3918 psit
1956 3864 2076 3904 etttn
2111 3850 2361 3906 Diabolus
2406 3851 2458 3904 in
2508 3862 2745 3907 montem
2787 3853 3053 3905 excelsum
3096 3850 3263 3903 valde.
3317 3849 3380 3900 lit

1821 3920 2053 3989 ostendit
2081 3921 2129 3975 ei
2163 3924 2341 3975 omnia
2368 3936 2528 3989 regna
2559 3922 2757 3975 Mundi.
2808 3930 2859 3973 et
2896 3921 3121 3989 gloriam
3168 3932 3375 3989 eorum.

1822 3986 1889 4042 Et
1918 3989 2052 4043 dixit
2082 3988 2176 4044 illi.
2208 3992 2349 4051 Haec
2375 3986 2551 4043 omnia
2585 3990 2679 4042 tibi
2702 3990 2835 4042 dabo
2862 3986 2917 4041 si'
2949 3988 3228 4055 procidens
3252 3986 3377 4041 ado-

1820 4061 2022 4113 raveris
2052 4075 2154 4115 me.
2189 4061 2337 4115 Tunc
2363 4060 2493 4114 dixit
2525 4062 2572 4114 ci
2600 4060 2771 4115 Jcsus.
2818 4058 2959 4111 Vade
2986 4057 3177 4111 Sataua
3209 4057 3378 4110 scrib-

1822 4136 1931 4181 tum
1979 4140 2061 4183 est
2105 4130 2245 4183 enim
2285 4129 2565 4182 Dominum
2596 4131 2758 4182 Deum
2808 4137 2953 4181 tuum
2999 4128 3265 4182 adorabis.
3321 4135 3381 4181 et

1820 4196 1893 4266 illi
1922 4199 2020 4266 soli
2052 4198 2273 4250 servies.
2308 4198 2455 4251 Tunc
2487 4200 2702 4266 reliquit
2730 4212 2848 4249 eum
2876 4196 3144 4251 Diabolus.
3174 4208 3227 4251 et
3254 4212 3378 4250 cccc

1816 4263 2003 4330 Augeli
2035 4277 2369 4319 accesserunt
2396 4275 2450 4319 et
2475 4263 2847 4320 ministrabant
2887 4268 2957 4321 ei.
3009 4267 3244 4322 Audiens
3288 4284 3373 4317 au-

1818 4340 1920 4409 tem
1951 4332 2103 4387 Jesus
2132 4335 2270 4409 quod
2290 4334 2563 4409 Jubaunes
2585 4336 2816 4409 traditus
2836 4348 2919 4409 est
2943 4340 3157 4394 secessit
3200 4338 3252 4409 in
3278 4337 3379 4409 Ga-

1816 4400 2013 4457 lileain.
2056 4414 2106 4457 et
2138 4400 2321 4458 relicta
2346 4407 2561 4460 civitate
2585 4404 2614 4444 ι’
2644 4406 2925 4462 Nazaretli.
2980 4410 3124 4462 venit
3148 4416 3203 4461 et
3229 4406 3378 4459 habi-

1816 4471 1944 4544 lahit
1979 4474 2029 4529 in
2057 4475 2430 4544 Capbaruaum
2454 4478 2773 4532 maritimam
2812 4480 2861 4533 in
2890 4477 3085 4533 ﬁnibus
3114 4476 3372 4530 Zabulon.

1813 4551 1867 4597 et
1892 4543 2154 4613 Neptalim
2188 4558 2234 4599 ο.

1888 4613 1952 4670 Ut
1974 4612 2364 4690 adimplet-etut:
2389 4618 2757 4690 quod_di_ctum
2788 4626 2869 4672 est
2894 4632 2987 4685 per
3014 4614 3222 4690 Esaiam
3246 4612 3373 4690 Pro.

1812 4681 1976 4739 fetam
2007 4681 2293 4743 dicentem.
2324 4681 2485 4741 Terra
2524 4687 2759 4741 Zabttiun
2791 4697 2843 4743 et
2875 4681 3013 4741 terra
3044 4682 3368 4749 Neptimlim.

1816 4752 1909 4808 Via
1960 4756 2122 4826 maris
2167 4767 2311 4811 trans
2341 4756 2607 4812 Jordauen
2640 4756 2713 4826 (ὁ)
2746 4755 2944 4811 Galilea
2971 4752 2995 4789 ἀ
3026 4752 3065 4821 ἰ-
3108 4752 3364 4821 gentium.

1815 4824 2043 4895 populus
2083 4842 2172 4895 qui
2193 4827 2420 4881 sedebat
2445 4827 2496 4881 in
2529 4824 2784 4881 tenebris.

797 4929 1183 4990 VARIANTES
1218 4931 1598 4993 LECTIONES
1635 4934 1899 4997 CODICIS
1937 4938 2043 4993 MS.
2086 4939 2141 4995 S.
2182 4938 2679 4995 GERMANENSIS.

193 5022 210 5085 ξ
244 5019 286 5085 ᾼ
302 5021 460 5085 lapide

192 5083 213 5148 ξ
244 5082 427 5148 lterum
450 5083 625 5135 Jesus:
645 5084 886 5148 Scriptum
917 5089 995 5136 est

194 5144 215 5174 ³
244 5143 476 5194 honorem

1860 5028 1883 5093 ξ
1918 5029 2170 5093 procidens

1859 5089 1881 5122 ⁸
1913 5089 2133 5139 discessit
2155 5089 2218 5139 ab
2241 5101 2303 5140 eo

1402 5232 1770 5292 BLANCHINI
1804 5234 2031 5292 NOTE.

202 5328 228 5395 ὲ
262 5317 543 5388 Exemplar
566 5318 1129 5395 Cantabrigieusecum
1162 5324 1443 5395 duodecim
1464 5325 1684 5395 Graecis,

128 5393 295 5466 61rti
321 5411 453 5466 pou,
484 5398 619 5466 retro
644 5406 741 5466 ut}.
768 5392 964 5466 Eodem
990 5394 1147 5466 modo
1176 5394 1386 5465 legebat
1412 5392 1684 5466 Hilarius,

127 5462 297 5531 et_alii
321 5459 879 5531 'antiqiiiores‘Latinaa
908 5462 1097 5531 lingua:
1124 5459 1385 5524 homines.

199 5528 227 5567 ι)
258 5528 467 5585 Ειιιιίιέι
488 5546 556 5597 m,
586 5528 736 5600 cujus
760 5528 1013 5602 apparent
1038 5533 1281 5606 vestigia.

1866 5328 2018 5402 cHic
2043 5329 2423 5401 iuterrupimns
2447 5332 2667 5397 lineam,
2708 5347 2825 5402 quae
2853 5330 3051 5399 alioqui
3083 5328 3134 5381 in
3162 5325 3359 5402 codice

1792 5406 1876 5470 est
1899 5400 2124 5469 integra,
2151 5401 2220 5453 ob
2238 5398 2547 5470 sequentem
2574 5398 2828 5467 litteram,
2862 5415 2977 5468 qua:
3006 5398 3359 5466 exporrigitur

1795 5468 1847 5525 in
1867 5468 2114 5544 margine
2139 5471 2290 5539 quasi
2317 5468 2513 5544 novum
2542 5472 2877 5544 principium.

1855 5536 1881 5577 ά
1912 5536 2115 5597 Extrita
2145 5536 2227 5597 est
2255 5557 2283 5594 ε
2306 5542 2499 5607 llualis,
2530 5536 2649 5612 quae
2676 5536 2849 5595 adhuc
2876 5544 3113 5606 apparet.

134 5672 281 5818 costi)
308 5671 469 5743 Addit
493 5682 626 5739 retro
654 5691 748 5743 me.
873 5677 928 5731 οι
954 5669 1081 5742 Cod.
1124 5671 1280 5745 (1“le
1311 5626 1430 5751 Lit:
1461 5685 1514 5752 βι
1539 5678 1827 5773 βηοωξὸ

241 5780 257 5802 .
287 5741 440 5803 σιω.
468 5746 748 5816 Γαλιλαίας.

1661 5694 1777 5773 ctu,
1801 5681 1963 5756 ᾂπίσῳ
1987 5702 2107 5759 μᾳν.
2134 5680 2191 5747 In
2220 5678 2356 5743 Cod.
2386 5679 2614 5741 Vercell.
2639 5678 2793 5736 deest
2836 5689 2933 5754 me.
2975 5702 3046 5719 --
3076 5672 3150 5753 (ὁ)
3197 5646 3271 5745 ita
3301 5681 3354 5737 et

241 5741 440 5803 (Cant.
468 5741 748 5823 ιἀλιλᾳιας.
