3902 6404
446 395 548 452 159

829 506 1055 566 CODEX
1091 507 1624 566 VERCELLENSIS.

441 596 616 669 lucem
634 597 710 669 (a)
736 599 879 654 vide-
1247 598 1527 669 Zebaedei,
1561 609 1625 664 et.

443 666 627 738 runt-j-
645 666 890 738 magnam
913 686 928 723 :
1032 737 1036 738 ν
1246 667 1542 730 Johannem

441 745 497 806 et
519 733 708 804 (b)‘qui
734 733 985 793 sedebant
1013 737 1053 806 -ι-
1254 740 1471 799 fratrem
1502 738 1615 806 ejus

442 804 495 859 in
523 807 708 860 umbra
1029 804 1036 806 “
1254 814 1307 866 in
1331 808 1449 867 navi
1477 804 1597 862 cum

441 874 659 947 mortis,
679 875 778 947 lux
810 890 896 930 or-
1145 876 1148 881 ’
1252 882 1393 938 Zeba
1430 917 1441 928 .
1475 916 1487 927 .
1525 917 1540 930 .
1574 893 1640 930 eo
1671 894 1753 947 pa-

441 953 492 995 ta
515 954 597 998 est
620 944 740 998 illis.
1252 961 1336 1008 tre
1361 962 1479 1010 suo,
1511 944 1681 1003 reliciJ

438 1013 526 1084 17.
569 1012 780 1084 Exinde,
791 1015 969 1084 coepit
1249 1031 1401 1075 entes
1428 1016 1590 1070 retias

436 1082 594 1136 Jesus
625 1082 905 1148 praedica-f
1248 1105 1409 1144 suas:
1443 1095 1498 1138 et
1521 1099 1672 1138 voca-

435 1166 494 1205 re
516 1192 531 1216 ,
561 1161 613 1204 et
630 1151 808 1207 dicere
838 1169 850 1205 :
882 1153 980 1209 Pe~

433 1220 709 1275 nitentiam
740 1223 846 1289 agi-

433 1298 484 1343 te
513 1308 527 1344 :
555 1291 944 1359 adpropinqua-

428 1359 504 1412 vit
522 1362 662 1413 enim
689 1374 806 1427 reg-

431 1442 557 1480 num
585 1428 888 1482 Caelorum.

432 1497 518 1551 18.
549 1496 678 1552 Cum
707 1501 955 1554 transiret

427 1577 604 1621 autem
635 1567 788 1622 Jesus
813 1584 900 1622 se-
1041 1571 1050 1580 '

426 1649 521 1690 cus
548 1652 695 1691 mare
723 1636 866 1692 Gali-

488 1747 500 1760 .
544 1721 642 1773 ae,
673 1707 805 1762 vidit
837 1708 932 1762 du-

1246 1160 1338 1214 as.
1363 1158 1438 1211 vit
1467 1153 1608 1207 illos.
1635 1156 1715 1211 Ad
1743 1156 1837 1226 illi,

1247 1228 1432 1284 relicta
1456 1239 1610 1288 nave,

1237 1308 1291 1354 et
1318 1308 1486 1365 patre,
1509 1309 1654 1349 secuc

1243 1370 1278 1422 ti
1307 1373 1432 1420 sunt
1458 1379 1604 1418 eum.

1240 1439 1330 1491 25.
1367 1436 1434 1488 Et
1455 1434 1713 1488 circuibat
1737 1435 1892 1492 Jesus

1246 1515 1408 1560 totam
1435 1501 1668 1557 Galilae~

1239 1591 1347 1639 am,
1376 1573 1577 1627 docens
1599 1573 1650 1625 in

1239 1643 1533 1715 Synagogis
1564 1656 1660 1715 eo:

1240 1712 1380 1776 rum,
1402 1721 1456 1763 et
1480 1712 1694 1777 praedi-

1243 1796 1372 1838 cans
1400 1779 1685 1846 Evangeli-.

1244 1867 1333 1906 um
1363 1849 1529 1917 Regni
1555 1865 1569 1902 :
1593 1857 1649 1902 et

1241 1933 1436 1976 curans
1463 1932 1548 1970 om
1563 1948 1582 1959 -

1238 2006 1359 2045 nem
1384 1988 1600 2056 languo-

1235 2075 1371 2126 rem,
1401 2066 1455 2111 et
1479 2072 1695 2114 omnem

1233 2128 1596 2183 inﬁrmitatem

1234 2200 1287 2252 in
1316 2198 1486 2267 plebe.

1231 2267 1323 2322 24.
1358 2268 1426 2321 Et
1447 2267 1574 2319 abiit
1600 2268 1782 2337 opinio

417 1981 601 2035 dream
634 1982 850 2037 fratrem

418 2051 536 2119 ejus
561 2052 777 2107 mitten-

422 2129 504 2174 tes
532 2122 717 2176 retiam

419 2189 470 2241 in
503 2206 668 2254 mare,
700 2201 852 2247 erant

415 2260 556 2312 enim
588 2261 818 2330 piscato-

416 2343 525 2402 res.
542 2400 574 2402 Α
750 2400 780 2402 η
871 2401 884 2402 7
1230 2338 1346 2402 ejus
1369 2338 1422 2391 in
1451 2345 1615 2390 totam

417 2397 502 2478 3'9.
535 2400 602 2478 _Et
629 2402 702 2455 ait
729 2400 834 2455 illis
860 2401 1048 2458 Jesus:
1229 2397 1462 2478 Syriam.
1493 2421 1526 2461 e
1547 2445 1562 2462 .
1598 2443 1618 2462 .
1650 2446 1664 2461 .
1697 2417 1813 2478 ptu-

418 2465 604 2524 Venite
627 2481 743 2537 post
1228 2465 1408 2530 le'runt
1435 2465 1459 2530 ,⁷
1485 2513 1498 2527 .
1535 2515 1548 2528 .
1581 2516 1595 2528 .
1628 2517 1642 2530 .

413 2550 518 2602 me,
544 2549 598 2592 et
627 2540 814 2594 faciam
1231 2561 1328 2600 nes
1365 2585 1378 2598 .
1405 2587 1420 2600 .
1456 2584 1470 2599 .
1507 2585 1521 2600 .
1558 2586 1572 2599 .
1604 2585 1620 2599 .

1233 2624 1312 2669 tes
1339 2616 1501 2670 variis
1528 2615 1643 2670 lan-

1229 2686 1505 2754 guoribus,
1536 2696 1644 2740 tor-

1229 2757 1421 2808 mentis
1449 2756 1674 2823 adprae-

1223 2823 1440 2888 ltcnsos,
1473 2834 1529 2879 et
1556 2828 1642 2892 qui

1222 2892 1474 2948 Demonia
1510 2896 1664 2950 liabe-

1223 2962 1367 3027 bunt,
1397 2976 1451 3016 et
1483 2965 1631 3018 qua-

1225 3033 1379 3104 ticos,
1413 3043 1466 3086 et
1495 3035 1702 3104 paraly-

1219 3102 1455 3181 ticos,.et
1482 3104 1561 3172 (ά)
1590 3102 1777 3159 omnes
1803 3102 1843 3173 ’ξ’

1217 3181 1428 3225 curavn
1451 3189 1473 3225 ζ

1216 3241 1306 3294 25.
1339 3250 1392 3295 et
1419 3241 1781 3310 sequebantur

823 3337 1052 3408 Consx
1077 3353 1536 3412 CORBEIENSIS.

402 3433 583 3518 lucem.
621 3438 749 3491 vidit
801 3441 1098 3518 ‘_magnam
1141 3461 1154 3497 :
1209 3457 1262 3498 et
1297 3446 1612 3518 sedentibus
1655 3446 1960 3518 in-regione

402 3511 456 3556 et
481 3506 661 3586 umbra
691 3506 1000 3586 mortis,__lux
1023 3523 1244 3586 orta_est
1262 3514 1360 3586 eis.
1389 3516 1593 3570 Exinde
1611 3520 1783 3586 coepit
1804 3506 1958 3575 jesus

403 3575 728 3658 praedicare,
766 3589 834 3658 ‘et
873 3581 1051 3636 dicere
1084 3583 1514 3658 :Poenitentiam
1555 3587 1692 3656 agite
1713 3575 1738 3639 ἐ
1770 3605 1960 3658 appro-

403 3649 672 3720 pinquavit
693 3649 832 3720 enim
861 3667 1077 3720 regnum
1104 3655 1408 3707 Coelnrum.

475 3714 492 3742 ‘
514 3714 804 3787 Ambulans
833 3714 1004 3773 antém
1023 3722 1170 3787 juxta
1196 3738 1342 3776 mare
1363 3725 1649 3786 Gztli'laeae,
1669 3728 1797 3779 vidit
1826 3729 1958 3781 dnus

401 3781 590 3860 fratres
611 3823 626 3847 ,
658 3786 927 3860 SimOnem
953 3829 967 3852 ,
999 3781 1086 3857 q'ni
1112 3801 1328 3844 vocatur
1358 3792 1547 3847 Petrus
1571 3835 1586 3860 ,
1618 3781 1671 3848 et
1694 3797 1957 3850 Andream

400 3851 613 3930 fratrem
643 3857 756 3922 ejus
783 3899 795 3921 ,
846 3851 1111 3930 mittentes
1141 3861 1271 3912 retia
1307 3863 1359 3913 in
1404 3851 1590 3928 mare,
1639 3877 1787 3917 erant
1821 3868 1958 3919 enim

401 3927 708 3992 piscatores,
737 3937 783 3980 et
815 3929 887 3981 ait
917 3927 1052 3981 illis:
1085 3930 1271 3983 Venite
1305 3941 1420 3992 post
1451 3949 1554 3992 me,
1583 3944 1634 3986 et
1654 3933 1836 3987 faciam
1868 3951 1960 3989 vos

404 3990 515 4068 fieri
551 3996 836 4068 piscatores
886 3998 1178 4052 hominum.
1230 3990 1311 4051 At
1345 4001 1416 4054 illi
1462 3990 1713 4056 continuo
1763 4006 1961 4060 relictis

403 4061 598 4138 retibus
627 4063 646 4091 ³
677 4069 837 4138 secuti
865 4075 1156 4138 suntcum.
1209 4070 1274 4121 Et
1298 4071 1592 4134 procedens
1632 4073 1786 4138 inde,
1835 4077 1963 4129 vidit

400 4129 531 4202 alios
569 4129 698 4202 duos
728 4136 913 4189 fratres
936 4179 948 4198 ,
981 4137 1234 4190 Jaciibum
1267 4129 1548 4202 Zebedaei,
1581 4153 1632 4194 et
1662 4129 1957 4198 Joltanuetn

411 2619 504 2659 vos
531 2607 644 2662 fieri
675 2612 779 2677 pis-

409 2685 617 2731 catores
647 2680 768 2733 hom
777 2681 818 2734 i-

406 2744 496 2797 20.
531 2764 674 2801 num.
707 2750 787 2802 Ail
819 2749 891 2804 illi
921 2764 1050 2806 con-

412 2813 576 2879 tinuo,
610 2819 812 2874 relictis

408 2885 554 2937 retiis
581 2888 711 2952 suis,
748 2902 834 2942 se-

406 2953 513 3006 cuti
545 2966 665 3008 snnt
693 2972 836 3012 eum.

405 3020 494 3092 2i.
532 3023 594 3076 Et
625 3029 915 3092 procedens

406 3089 549 3155 inde,
580 3089 710 3147 vidit
735 3111 791 3147 a-

407 3159 506 3212 lios
527 3163 658 3217 duos
687 3164 794 3218 fra-

405 3237 533 3298 tres,
564 3231 818 3290 Jacobum

402 4193 763 4280 fratrem-ejus
788 4243 826 4280 ,_
847 4207 896 4258 iu
932 4193 1052 4260 navi
1097 4224 1217 4261 cum
1248 4193 1716 4277 Zebedaeo'patre
1735 4193 1918 4267 eorum
1945 4218 1977 4280 ,'

402 4264 702 4337 reficientes
730 4275 862 4323 retia
889 4291 978 4326 sua
1012 4295 1021 4326 :
1071 4287 1124 4330 et
1151 4279 1358 4332 vocavit
1382 4295 1494 4333 eos.
1543 4264 1620 4334 Illi
1651 4264 1961 4337 amentia:

403 4332 496 4410 tim
527 4335 726 4410 relictis
757 4337 775 4365 ⁸
805 4343 1002 4394 retibus
1030 4354 1083 4396 et
1132 4361 1280 4410 patre
1302 4389 1316 4410 ,
1367 4332 1973 4407 secutiisuuﬁtteuiiijﬁt-

400 4403 657 4455 circuibat
684 4405 837 4458 Jesus
866 4403 1351 4488 totamgal'ilaeam,
1373 4418 1646 4488 docensin
1671 4403 1963 4488 Svuagoig—is

399 4488 606 4536 eorum,
636 4487 686 4552 et
718 4477 1028 4544 praedicans
1044 4479 1387 4548 Evangelium
1419 4484 1618 4552 Regni;
1645 4477 1744 4539 et"
1771 4477 1964 4545 saitaits

359 4606 365 4609 _
399 4557 618 4625 omnem
653 4545 957 4625 languorem
984 4588 1013 4625 ,‘
1052 4561 1126 4625 et
1151 4545 1361 4625 omnem
1396 4545 1750 4625 inlitimitatem
1793 4559 1843 4610 in
1873 4575 1965 4625 pn-

401 4615 543 4692 puln.
580 4612 645 4665 Et
675 4612 802 4692 abiit
829 4617 848 4645 ⁸
874 4618 1052 4692 opinio
1082 4620 1196 4692 ejus
1226 4621 1275 4672 in
1306 4631 1467 4674 totam
1497 4621 1710 4692 Syriam
1735 4666 1750 4690 ,
1783 4636 1836 4678 et
1856 4612 1962 4686 ,ὁδ-

399 4682 634 4761 tulerunt
663 4686 718 4761 ei
736 4682 923 4739 omnes
944 4689 1079 4761 male
1106 4682 1380 4754 lmbentes,
1413 4682 1573 4746 variis
1601 4682 1961 4761 languoribus,

398 4760 452 4830 et
478 4755 750 4830 tormentis
788 4759 1240 4830 comprehensos,
1286 4771 1340 4812 et
1380 4761 1468 4830 qui
1507 4755 1760 4816 Demoriia
1802 4755 1968 4821 habe;

402 4816 548 4899 baut,
579 4832 634 4874 et
661 4816 942 4892 lunaticos,
973 4836 1026 4882 et
1052 4816 1476 4899 paralyticosfet
1504 4831 1525 4861 "
1551 4834 1754 4886 curavit
1779 4816 1909 4888 eos“:

399 4895 454 4938 ει
481 4899 694 4946 secutae
717 4904 840 4949 sunt

982 349 1612 454 EUSEBII‘VERCELL.
1656 396 2093 454 EVANGELIUM
2131 398 2268 455 CllM
2299 397 2523 456 VARllS
2548 398 2698 454 COD.
2737 397 3121 457 COLLATUM.

2042 1838 2046 1843 ,
2092 1783 2301 1844 fratres.
2334 1782 2629 1850 Simonem,

1981 2994 1984 2996 τ
2070 2975 2176 3026 cuti
2208 2982 2329 3025 sunt
2360 2986 2504 3024 eum.

3569 397 3675 452 160

2529 510 2754 565 CUDEX
2796 511 3237 568 VERONENSIS.

2102 601 2271 668 lucem
2304 599 2378 671 (a)
2401 599 2648 671 viderunt
2675 600 2716 669 -ι’
2913 601 3193 666 Zebedaei,
3226 611 3280 656 et

2101 668 2342 738 magnam
2370 686 2381 720 :
2413 668 2486 738 (ὁ)
2695 668 2698 669 ⁷
2912 672 3185 725 Johannen

2101 741 2187 810 qui
2210 739 2466 810 sedebant
2493 738 2533 808 -ξ-
2709 760 2712 764 ·
2913 741 3128 794 fratrem
3165 740 3309 810 ejus,

2099 809 2153 863 in
2179 809 2394 876 regione
2908 813 2957 864 in
2989 809 3223 864 navicula

2099 879 2316 932 umbrae
2342 877 2546 943 mortis,
2906 895 3024 933 cum
3051 880 3330 936 Zebedaeo

2101 948 2189 1002 lux
2219 958 2334 1001 orta
2908 959 3056 1018 patre
3083 951 3342 1017 ipsorum,

2096 1027 2176 1071 est
2202 1018 2296 1071 eis.
2909 1018 3211 1074 reficientes
3236 1022 3367 1075 retia

2098 1087 2182 1140 17.
2210 1085 2414 1140 Exinde
2439 1087 2615 1153 coepit
2910 1104 3002 1142 sua
3026 1105 3038 1140 :
3083 1098 3137 1143 et
3164 1105 3255 1143 vo-

2095 1159 2248 1215 .lesus
2277 1157 2605 1224 praedicare,
2904 1161 3043 1211 cavit
3070 1174 3182 1212 eos.

2905 1226 2984 1280 llli
3019 1237 3214 1290 autem.

2903 1297 2992 1350 22.
3031 1298 3230 1352 relictis
3257 1300 3408 1356 retiis

2903 1367 3033 1432 suis,
3064 1379 3112 1421 et
3145 1380 3297 1435 patre
3321 1385 3440 1434 suo,

2902 1439 3065 1489 secuti
3093 1448 3213 1490 sunt
3240 1453 3382 1492 eum.

2899 1506 2987 1559 23.
3025 1507 3091 1560 Et
3112 1507 3426 1563 circumibat
3450 1507 3615 1565 Jesus

2901 1586 3060 1629 totam
3087 1575 3319 1630 Galilae-

2898 1659 3006 1708 am,
3033 1646 3234 1700 docens
3265 1648 3317 1701 in

2899 1718 3175 1784 synagogis
3200 1732 3290 1769 eo-

2902 1799 3038 1850 rum,
3070 1799 3118 1838 et
3153 1789 3358 1852 praedi-

2900 1867 3027 1936 cans
3053 1870 3279 1936 evange-

2901 1922 3028 1978 lium
3061 1922 3206 1994 regni
3231 1941 3245 1978 :
3287 1937 3341 1983 et

2897 2007 3089 2047 sanans
3121 2011 3237 2047 0m-

2896 2078 3015 2115 nem
3044 2065 3258 2132 languo-

2093 1236 2146 1280 et
2171 1229 2378 1279 direre:

2093 1296 2658 1365 Paenitentiam'agite,

2091 1366 2530 1434 adpropinquavit
2560 1367 2702 1420 enim

2091 1450 2308 1505 regnum
2331 1436 2619 1490 eaelornm.

2091 1506 2176 1559 18.
2217 1505 2348 1558 Cum
2383 1506 2633 1559 transiret

2087 1583 2264 1628 autem
2292 1572 2363 1644 (c)
2390 1576 2678 1630 secundum

2090 1659 2235 1697 mare
2261 1644 2551 1709 Galilaeae,

2090 1714 2222 1766 vidit
2248 1713 2383 1766 duos

2130 1852 2180 1904 ui
2207 1851 2399 1905 dicitur

2137 1932 2302 1982 etrus,
2337 1931 2390 1974 et
2415 1922 2528 1976 An-

2086 1999 2210 2052 drea
2220 2009 2267 2045 m
2297 1991 2513 2045 fratrem

2083 2068 2219 2136 ejus,
2249 2063 2462 2136 mitten-

2085 2134 2162 2190 tes
2192 2134 2380 2186 retiam
2893 2147 3025 2196 rem,
3057 2143 3108 2188 et
3133 2149 3345 2190 omnem

2083 2209 2134 2260 in
2166 2204 2319 2265 mari,
2894 2203 3252 2258 inﬁrmitatem

2079 2282 2233 2331 erant
2261 2274 2401 2326 enim
2893 2275 2943 2327 in
2986 2313 3000 2326 .
3049 2311 3062 2325 .
3106 2313 3120 2326 .
3167 2314 3180 2325 .
3224 2315 3237 2327 .
3284 2314 3298 2328 .

2081 2347 2392 2416 piscatores,
2889 2344 2977 2416 24.
3023 2381 3036 2395 .
3070 2385 3084 2398 .
3119 2383 3130 2397 .
3169 2385 3182 2398 .
3214 2345 3397 2415 Opinio
3426 2345 3545 2416 ejus

2078 2425 2133 2470 et
2160 2414 2233 2467 ait
2260 2413 2392 2465 illis:
2891 2413 2940 2466 in
2971 2423 3130 2467 totam

2077 2485 2165 2540 19.
2206 2482 2393 2537 Venite
2423 2492 2540 2551 post

2077 2571 2183 2616 me.
2217 2563 2270 2607 et
2297 2552 2485 2606 faciam

2078 2639 2176 2678 vos
2201 2624 2316 2677 fieri
2345 2624 2423 2692 pi-

2074 2708 2159 2748 sca
2168 2703 2308 2748 tores
2339 2693 2505 2746 homi-

2071 2763 2160 2817 20.
2203 2779 2347 2817 nttm.
2387 2763 2465 2816 Ad
2495 2762 2572 2816 illi

2071 2833 2323 2888 continuo
2351 2834 2548 2887 relictis

2070 2907 2218 2957 retiis
2243 2904 2372 2962 suis.
2406 2918 2490 2955 se-

2886 2483 3122 2555 Syriam,
3152 2494 3206 2540 et
3230 2494 3385 2555 optu—

2890 2554 3062 2608 lerunt
3089 2555 3136 2607 ei
3169 2554 3286 2609 om-

2887 2639 2980 2678 nes
3009 2625 3145 2678 male
3171 2625 3375 2680 baben-

2887 2704 2987 2758 tes,
3022 2696 3184 2748 variis
3215 2696 3332 2748 lan-

2885 2764 3155 2832 guoribus.
3187 2773 3243 2818 et
3269 2773 3379 2818 tor-

2887 2835 3078 2887 mentis
3091 2847 3352 2903 eonprae-

2886 2904 3101 2967 liensos,
3132 2914 3180 2959 et
3209 2905 3300 2973 qui

2878 2973 3154 3028 daemonia
3185 2974 3351 3029 habe-

2878 3043 3023 3106 bant,
3052 3054 3104 3097 et
3131 3044 3415 3107 lunalicos,

2880 3122 2935 3168 et
2967 3113 3305 3182 paralyticos,
3339 3123 3393 3166 et

2877 3182 2965 3237 25.
3000 3184 3078 3250 (d)
3104 3181 3291 3235 Omnes
3317 3181 3357 3251 1-
3379 3184 3586 3237 curavit
3610 3199 3624 3236 :

2873 3262 2928 3306 et
2954 3252 3312 3320 sequebantur

2519 3368 2745 3423 CODEX
2773 3367 3154 3423 BRIXIANUS.

2065 3455 2234 3509 lucem
2292 3457 2420 3511 vidit
2469 3476 2730 3528 magnam.
2791 3469 2845 3514 et
2893 3459 2968 3529 (ὁ)
3011 3461 3097 3528 qui
3153 3458 3429 3529 sedebant.
3482 3457 3622 3529 τίη

2064 3529 2278 3594 regione
2306 3539 2358 3580 ct
2409 3530 2594 3584 umbra
2641 3531 2857 3584 mortis.’
2883 3528 2970 3582 lux
3012 3538 3125 3581 orta
3163 3539 3243 3582 est
3280 3528 3400 3580 illis.
3458 3528 3626 3581 Exin-

2062 3597 2127 3648 de
2167 3599 2344 3662 Coepit
2391 3600 2545 3653 Jcsus
2604 3601 2905 3666 praedicare
2933 3610 2983 3652 et
3037 3597 3216 3650 dicere
3249 3600 3622 3663 paenitentiam

2061 3668 2200 3731 agite
2230 3669 2670 3735 adpropimjuavit
2714 3671 2852 3722 enim
2908 3683 3123 3734 regnum
3147 3667 3448 3718 Caelorum.
3490 3666 3621 3720 Cum

2062 3739 2247 3807 autem
2296 3739 2540 3807 transiret
2590 3738 2661 3807 (c)
2709 3739 2856 3806 juxta
2913 3751 3056 3790 mare
3118 3745 3142 3807 ἒ
3193 3735 3428 3790 Galileae
3495 3737 3626 3789 vidit

2061 3802 2198 3855 duos
2227 3805 2435 3873 fratres.
2466 3802 2735 3862 Simonem
2763 3809 2847 3873 qui
2877 3817 3092 3859 vocatur
3116 3806 3325 3863 Petrus.
3351 3817 3402 3858 et
3423 3807 3624 3860 Andre-

2061 3886 2144 3923 am
2195 3871 2413 3927 fratrem
2463 3879 2582 3941 ejus
2627 3871 2892 3931 mittentes
2939 3875 3120 3928 retiab
3163 3878 3212 3927 in
3262 3876 3422 3928 mare.
3472 3886 3625 3930 erant

2062 3941 2200 4020 enim
2252 3945 2560 4020 piscatores.
2596 3957 2644 3998 et
2687 3951 2760 3998 ait
2805 3945 3438 4020 i_llis._Veniteposthinc.
3467 3957 3515 4020 et
3549 3945 3625 3998 fa-

2061 4012 2196 4062 cia'm
2231 4027 2321 4063 vos
2352 4013 2461 4065 fieri
2493 4017 2786 4080 piscatores
2815 4014 3105 4064 hominuut.
3153 4012 3221 4064 At
3263 4013 3336 4064 illi
3368 4015 3623 4067 continuo

2063 4080 2262 4133 relictis
2296 4081 2493 4134 retibus
2523 4085 2688 4135 secuti
2715 4091 2839 4134 sunt
2863 4098 3004 4132 eum.
3389 4131 3396 4138 ,

2135 4149 2196 4202 Ει
2227 4152 2517 4213 procedens
2547 4152 2670 4204 inde
2691 4152 2810 4203 vidit
2841 4152 2973 4203 alios
2996 4150 3130 4202 duos
3159 4147 3350 4201 fratres
3366 4149 3622 4204 Jacobntn

2062 4217 2288 4273 Zebedei
2319 4228 2371 4274 et
2396 4221 2689 4275 Joltannem
2722 4221 2931 4271 fratrem
2961 4220 3079 4288 ejus
3108 4219 3156 4288 in
3193 4219 3489 4272 n:tvi.’cutn
3520 4219 3618 4272 Ze-

2064 4289 2231 4342 bedeo
2259 4299 2408 4357 patre
2433 4306 2614 4355 eorum
2645 4299 3020 4354 "componentes
3055 4287 3183 4340 retia
3211 4302 3304 4340 sua
3330 4299 3384 4341 et
3412 4295 3624 4341 vocavit

2063 4373 2174 4411 eos.
2220 4357 2298 4431 illi
2329 4373 2504 4415 autem
2531 4363 2707 4431 statim
2731 4360 2916 4414 relicta
2953 4359 3272 4431 naviculaet
3307 4367 3461 4431 patre
3482 4373 3619 4431 suo:

2063 4429 2229 4480 secuti
2258 4441 2380 4483 sunt
2404 4447 2546 4483 eum.
2584 4430 2648 4482 Et
2672 4432 2926 4484 cimnibat
2950 4430 3102 4482 .lesus
3133 4434 3294 4479 totum
3325 4425 3613 4482 Galileam.

2064 4496 2261 4567 docens
2310 4500 2358 4550 in
2390 4502 2668 4567 synagogis
2708 4516 2910 4552 eorum.
2944 4509 2995 4553 et
3031 4496 3339 4565 praedicans
3384 4512 3619 4566 evange-

2065 4564 2193 4635 lium
2225 4571 2390 4633 regni.
2421 4564 2478 4621 et
2503 4564 2699 4621 sanans
2731 4585 2936 4622 omnem
2985 4564 3293 4635 languorem
3324 4576 3378 4620 et
3404 4564 3620 4622 omnem

2065 4631 2424 4704 infirmitatem
2459 4638 2511 4688 in
2540 4638 2750 4704 populo.

2138 4702 2200 4754 Et
2223 4703 2353 4756 abiit
2377 4702 2556 4772 opinio
2577 4702 2690 4774 ejus
2717 4708 2768 4769 in
2800 4715 2959 4760 totam
2983 4706 3214 4774 Syriam.
3241 4714 3292 4758 et
3311 4706 3622 4773 optulerunt

2065 4770 2115 4822 ei
2167 4786 2352 4844 omnes
2383 4770 2520 4827 male
2563 4770 2815 4830 habentes
2857 4770 3037 4830 variis'
3060 4770 3398 4844 languoribus
3425 4788 3478 4830 et
3506 4788 3620 4832 tor-

2068 4840 2258 4913 mentis
2289 4858 2458 4913 cunpr
2487 4855 2515 4906 ε,
2537 4847 2764 4899 eltensos
2791 4855 2845 4899 et
2877 4846 2964 4913 qui
3001 4840 3279 4899 daemonia
3326 4846 3617 4903 habebant.

2067 4921 2119 4986 et
2149 4909 2428 4966 lunaticos.
2474 4923 2530 4968 et
2583 4909 2920 4986 paralyticos.
2963 4924 3016 4970 et
3049 4916 3254 4971 curavit
3291 4930 3404 4970 eos.
3441 4927 3494 4972 et
3524 4934 3611 4974 se-

2065 4986 2227 5033 cutae
2257 4990 2380 5035 sunt
3084 4987 3094 4994 '

2068 3041 2156 3096 2i.
2182 3043 2246 3094 Et
2274 3041 2598 3109 praecedens

2070 3110 2214 3176 inde,
2243 3112 2374 3163 vidit

2067 3181 2199 3233 alios
2228 3180 2360 3233 duos
2392 3181 2499 3234 fra-

2068 3258 2198 3315 tres,
2226 3249 2482 3305 Jacobum

1058 5068 1446 5129 VARIANTES
1483 5074 1859 5148 LECTlONES
1895 5079 2154 5141 CODICIS
2190 5087 2298 5142 MS.
2338 5090 2394 5144 S.
2436 5089 2927 5150 GERMANENSIS.

397 5151 736 5261 mgﬂgderunt
769 5167 1002 5216 magnam.
1044 5158 1134 5217 Qui
1172 5161 1374 5214 sedebat
1410 5166 1459 5214 in
1502 5168 1711 5229 regione
1752 5172 1949 5224 umbrae

461 5277 482 5366 ς
652 5279 873 5326 transiret
895 5284 1056 5327 autem

2119 5176 2140 5243 ξ
2175 5181 2314 5229 retiis
2336 5182 2438 5230 suis
2459 5190 2510 5231 et
2531 5192 2664 5243 patre
2688 5197 2775 5234 suo

2119 5237 2140 5266 ⁸
2159 5251 2344 5289 curans

2122 5299 2142 5328 ⁸
2175 5299 2293 5347 fama

2123 5360 2143 5390 τ
2177 5373 2346 5412 omnes
2367 5365 2566 5413 curavit.
2589 5364 2651 5414 Et
2671 5367 2995 5428 sequebantur

1680 5399 2041 5494 emacem
2078 5399 2305 5498 Νοῦἷξ

469 5520 496 5596 ξ
525 5511 726 5596 Extrita
751 5521 839 5596 est
867 5531 915 5566 m
942 5514 1133 5596 finalis,
1169 5521 1487 5596 quaeadltuc
1513 5535 1752 5596 apparet.

467 5577 620 5646 b,Hic
651 5587 848 5651 pariter
872 5587 1063 5640 extrita
1093 5577 1250 5655 e’st_'m
1278 5577 1479 5647 tinalis.
1519 5577 1751 5596 7"""7
1824 5609 1832 5615 ’

2137 5550 2158 5578 ε
2190 5540 2393 5594 Extrita
2424 5551 2507 5596 est
2533 5558 2566 5595 a
2589 5555 2872 5622 apparente
2901 5547 3141 5617 vestigio.

473 5690 560 5794 (ιρι
578 5693 647 5744 Ita
677 5705 731 5748 et
754 5697 871 5750 cod.
897 5696 1048 5752 Cant.
1075 5692 1304 5753 “60w—
1331 5702 1409 5776 (b)
1435 5706 1509 5762 [ut
1532 5717 1588 5765 et,
1614 5711 1735 5767 cod,
1757 5711 1910 5767 Cant,
1936 5712 1955 5783 (

529 5773 543 5794 1
569 5763 584 5794 \
622 5755 693 5794 tu.
719 5772 766 5794 nl
800 5761 894 5794 MA
951 5763 1076 5794 μη...
1132 5767 1323 5794 ηιμ---

2088 5713 2132 5769 οι
2157 5705 2436 5788 κᾱθήἱισύοι.
2479 5746 2549 5762 -—
2577 5717 2835 5794 (‘cj‘Deest
2861 5723 3010 5777 lem
3033 5723 3193 5777 etiam
3231 5721 3286 5777 in
3314 5723 3433 5784 cod.
3461 5723 3611 5780 (tam.

505 5755 584 5819 id)
622 5755 694 5818 ita
719 5772 772 5819 et
800 5761 919 5822 cod.
951 5763 1102 5823 Cum.
1132 5755 1357 5832 πάντας)
