  <div class='ocr_page' id='page_1' title='image "/cluster/home/n/w/nwhite01/storage/ocr_20150623/12-13/uc1.31175013632818/089.png"; bbox 0 0 4288 6458; ppageno 0'>
   <div class='ocr_carea' id='block_1_1' title="bbox 957 341 1057 396">
    <p class='ocr_par' dir='ltr' id='par_1_1' title="bbox 957 341 1057 396">
     <span class='ocr_line' id='line_1_1' title="bbox 957 341 1057 396; baseline 0.01 -1"><span class='ocrx_word' id='word_1_1' title='bbox 957 341 1057 396; x_wconf 74' lang='grc'><strong>163</strong></span> 
     </span>
    </p>
   </div>
   <div class='ocr_carea' id='block_1_2' title="bbox 1331 439 2122 504">
    <p class='ocr_par' dir='ltr' id='par_1_2' title="bbox 1331 439 2122 504">
     <span class='ocr_line' id='line_1_2' title="bbox 1331 439 2122 504; baseline -0.013 0"><span class='ocrx_word' id='word_1_2' title='bbox 1331 446 1556 504; x_wconf 76' lang='lat' dir='ltr'><strong>CODEX</strong></span> <span class='ocrx_word' id='word_1_3' title='bbox 1595 439 2122 500; x_wconf 72' lang='lat' dir='ltr'><strong>VERCELLENSIS.</strong></span> 
     </span>
    </p>
   </div>
   <div class='ocr_carea' id='block_1_3' title="bbox 953 542 2121 600">
    <p class='ocr_par' dir='ltr' id='par_1_3' title="bbox 953 542 2121 600">
     <span class='ocr_line' id='line_1_3' title="bbox 953 542 2121 600; baseline -0.011 -2"><span class='ocrx_word' id='word_1_4' title='bbox 953 551 1104 600; x_wconf 86' lang='lat' dir='ltr'><strong>erant</strong></span> <span class='ocrx_word' id='word_1_5' title='bbox 1137 550 1256 596; x_wconf 87' lang='lat' dir='ltr'><strong>ante</strong></span> <span class='ocrx_word' id='word_1_6' title='bbox 1278 556 1391 596; x_wconf 78' lang='lat' dir='ltr'><strong>VOS.</strong></span> <span class='ocrx_word' id='word_1_7' title='bbox 1763 550 1860 590; x_wconf 90' lang='lat' dir='ltr'><strong>nec</strong></span> <span class='ocrx_word' id='word_1_8' title='bbox 1888 542 2121 588; x_wconf 86' lang='lat' dir='ltr'><strong>transeat</strong></span> 
     </span>
    </p>
   </div>
   <div class='ocr_carea' id='block_1_4' title="bbox 954 605 2168 671">
    <p class='ocr_par' dir='ltr' id='par_1_4' title="bbox 954 605 2168 671">
     <span class='ocr_line' id='line_1_4' title="bbox 954 605 2168 671; baseline -0.011 -3"><span class='ocrx_word' id='word_1_9' title='bbox 954 616 1037 671; x_wconf 65' lang='grc'><strong>15.</strong></span> <span class='ocrx_word' id='word_1_10' title='bbox 1071 612 1177 666; x_wconf 88' lang='lat' dir='ltr'><strong>Vos</strong></span> <span class='ocrx_word' id='word_1_11' title='bbox 1204 611 1329 665; x_wconf 86' lang='lat' dir='ltr'><strong>estis</strong></span> <span class='ocrx_word' id='word_1_12' title='bbox 1354 610 1433 664; x_wconf 88' lang='lat' dir='ltr'><strong>sal</strong></span> <span class='ocrx_word' id='word_1_13' title='bbox 1461 618 1564 664; x_wconf 80' lang='lat' dir='ltr'><strong>ter-</strong></span> <span class='ocrx_word' id='word_1_14' title='bbox 1763 605 1968 659; x_wconf 92' lang='lat' dir='ltr'><strong>caelum</strong></span> <span class='ocrx_word' id='word_1_15' title='bbox 1994 611 2049 658; x_wconf 90' lang='lat' dir='ltr'><strong>et</strong></span> <span class='ocrx_word' id='word_1_16' title='bbox 2067 613 2168 656; x_wconf 88' lang='lat' dir='ltr'><strong>ter-</strong></span> 
     </span>
    </p>
   </div>
   <div class='ocr_carea' id='block_1_5' title="bbox 953 675 2193 750">
    <p class='ocr_par' dir='ltr' id='par_1_5' title="bbox 953 675 2193 750">
     <span class='ocr_line' id='line_1_5' title="bbox 953 675 2193 750; baseline -0.013 -11"><span class='ocrx_word' id='word_1_17' title='bbox 953 699 1064 739; x_wconf 86' lang='lat' dir='ltr'><strong>rae.</strong></span> <span class='ocrx_word' id='word_1_18' title='bbox 1091 681 1241 750; x_wconf 85' lang='lat' dir='ltr'><strong>Quod</strong></span> <span class='ocrx_word' id='word_1_19' title='bbox 1263 682 1306 734; x_wconf 90' lang='lat' dir='ltr'><strong>si</strong></span> <span class='ocrx_word' id='word_1_20' title='bbox 1333 679 1409 734; x_wconf 89' lang='lat' dir='ltr'><strong>sal</strong></span> <span class='ocrx_word' id='word_1_21' title='bbox 1762 690 1845 750; x_wconf 73' lang='lat' dir='ltr'><strong>ra,</strong></span> <span class='ocrx_word' id='word_1_22' title='bbox 1869 675 1978 742; x_wconf 86' lang='lat' dir='ltr'><strong>jota</strong></span> <span class='ocrx_word' id='word_1_23' title='bbox 2010 686 2193 736; x_wconf 88' lang='lat' dir='ltr'><strong>unum,</strong></span> 
     </span>
    </p>
   </div>
   <div class='ocr_carea' id='block_1_6' title="bbox 951 745 2164 812">
    <p class='ocr_par' dir='ltr' id='par_1_6' title="bbox 951 745 2164 812">
     <span class='ocr_line' id='line_1_6' title="bbox 951 745 2164 812; baseline -0.011 -4"><span class='ocrx_word' id='word_1_24' title='bbox 951 745 1242 812; x_wconf 42' lang='lat' dir='ltr'><strong>evanu&#39;erit,</strong></span> <span class='ocrx_word' id='word_1_25' title='bbox 1624 749 1634 761; x_wconf 76' lang='lat'><strong>‘</strong></span> <span class='ocrx_word' id='word_1_26' title='bbox 1769 745 1846 797; x_wconf 94' lang='lat' dir='ltr'><strong>vel</strong></span> <span class='ocrx_word' id='word_1_27' title='bbox 1881 757 2011 796; x_wconf 90' lang='lat' dir='ltr'><strong>unus</strong></span> <span class='ocrx_word' id='word_1_28' title='bbox 2033 755 2164 809; x_wconf 80' lang='lat' dir='ltr'><strong>apex</strong></span> 
     </span>
    </p>
   </div>
   <div class='ocr_carea' id='block_1_7' title="bbox 950 818 2129 891">
    <p class='ocr_par' dir='ltr' id='par_1_7' title="bbox 950 818 2129 891">
     <span class='ocr_line' id='line_1_7' title="bbox 950 818 2129 891; baseline -0.012 -15"><span class='ocrx_word' id='word_1_29' title='bbox 950 839 1053 891; x_wconf 83' lang='lat' dir='ltr'><strong>quo</strong></span> <span class='ocrx_word' id='word_1_30' title='bbox 1087 818 1360 891; x_wconf 75' lang='lat' dir='ltr'><strong>sallietur?</strong></span> <span class='ocrx_word' id='word_1_31' title='bbox 1763 827 1866 891; x_wconf 69' lang='lat' dir='ltr'><strong>non</strong></span> <span class='ocrx_word' id='word_1_32' title='bbox 1893 822 2129 891; x_wconf 60' lang='lat' dir='ltr'><strong>praeter:</strong></span> 
     </span>
    </p>
   </div>
   <div class='ocr_carea' id='block_1_8' title="bbox 950 879 2190 949">
    <p class='ocr_par' dir='ltr' id='par_1_8' title="bbox 950 879 2190 949">
     <span class='ocr_line' id='line_1_8' title="bbox 950 879 2190 949; baseline -0.008 -6"><span class='ocrx_word' id='word_1_33' title='bbox 950 879 1014 945; x_wconf 68' lang='grc' dir='ltr'><strong>ήᾱ</strong></span> <span class='ocrx_word' id='word_1_34' title='bbox 1045 890 1265 944; x_wconf 82' lang='lat' dir='ltr'><strong>nihilum</strong></span> <span class='ocrx_word' id='word_1_35' title='bbox 1295 902 1387 940; x_wconf 87' lang='lat' dir='ltr'><strong>va-</strong></span> <span class='ocrx_word' id='word_1_36' title='bbox 1761 881 1854 936; x_wconf 89' lang='lat' dir='ltr'><strong>ibit</strong></span> <span class='ocrx_word' id='word_1_37' title='bbox 1874 895 1903 934; x_wconf 87' lang='lat' dir='ltr'><strong>a</strong></span> <span class='ocrx_word' id='word_1_38' title='bbox 1932 881 2066 949; x_wconf 88' lang='lat' dir='ltr'><strong>lege,</strong></span> <span class='ocrx_word' id='word_1_39' title='bbox 2093 879 2190 933; x_wconf 89' lang='lat' dir='ltr'><strong>do-</strong></span> 
     </span>
    </p>
   </div>
   <div class='ocr_carea' id='block_1_9' title="bbox 950 951 2252 1030">
    <p class='ocr_par' dir='ltr' id='par_1_9' title="bbox 950 951 2252 1030">
     <span class='ocr_line' id='line_1_9' title="bbox 950 951 2252 1030; baseline -0.011 -16"><span class='ocrx_word' id='word_1_40' title='bbox 950 961 1021 1014; x_wconf 92' lang='lat' dir='ltr'><strong>let</strong></span> <span class='ocrx_word' id='word_1_41' title='bbox 1050 959 1146 1030; x_wconf 87' lang='lat' dir='ltr'><strong>(a)_,</strong></span> <span class='ocrx_word' id='word_1_42' title='bbox 1179 959 1276 1012; x_wconf 89' lang='lat' dir='ltr'><strong>nisi</strong></span> <span class='ocrx_word' id='word_1_43' title='bbox 1297 963 1356 1011; x_wconf 93' lang='lat' dir='ltr'><strong>ut</strong></span> <span class='ocrx_word' id='word_1_44' title='bbox 1384 956 1504 1011; x_wconf 79' lang='lat' dir='ltr'><strong>mit-</strong></span> <span class='ocrx_word' id='word_1_45' title='bbox 1761 965 1858 1030; x_wconf 63' lang='lat' dir='ltr'><strong>nec</strong></span> <span class='ocrx_word' id='word_1_46' title='bbox 1886 951 2090 1030; x_wconf 53' lang='lat' dir='ltr'><strong>omnia“</strong></span> <span class='ocrx_word' id='word_1_47' title='bbox 2133 1017 2145 1028; x_wconf 32' lang='grc' dir='ltr'>θ</span> <span class='ocrx_word' id='word_1_48' title='bbox 2242 1019 2252 1029; x_wconf 43' lang='grc'>⁹</span> 
     </span>
    </p>
   </div>
   <div class='ocr_carea' id='block_1_10' title="bbox 950 1019 2309 1083">
    <p class='ocr_par' dir='ltr' id='par_1_10' title="bbox 950 1019 2309 1083">
     <span class='ocr_line' id='line_1_10' title="bbox 950 1019 2309 1083; baseline -0.008 0"><span class='ocrx_word' id='word_1_49' title='bbox 950 1019 1088 1083; x_wconf 64' lang='grc' dir='ltr'><strong>Ιὲῐιίι·</strong></span> <span class='ocrx_word' id='word_1_50' title='bbox 1107 1019 1255 1082; x_wconf 72' lang='lat' dir='ltr'><strong>foras</strong></span> <span class='ocrx_word' id='word_1_51' title='bbox 1284 1045 1298 1080; x_wconf 89' lang='lat'><strong>:</strong></span> <span class='ocrx_word' id='word_1_52' title='bbox 1326 1030 1533 1082; x_wconf 81' lang='lat' dir='ltr'><strong>et&#39;con—</strong></span> <span class='ocrx_word' id='word_1_53' title='bbox 1767 1019 1851 1073; x_wconf 91' lang='grc'><strong>19.</strong></span> <span class='ocrx_word' id='word_1_54' title='bbox 1883 1019 2031 1072; x_wconf 84' lang='lat' dir='ltr'><strong>ﬁant.</strong></span> <span class='ocrx_word' id='word_1_55' title='bbox 2049 1019 2148 1083; x_wconf 81' lang='lat' dir='ltr'><strong>Qui</strong></span> <span class='ocrx_word' id='word_1_56' title='bbox 2173 1019 2309 1072; x_wconf 83' lang='lat' dir='ltr'><strong>enim</strong></span> 
     </span>
    </p>
   </div>
   <div class='ocr_carea' id='block_1_11' title="bbox 947 1089 2170 1160">
    <p class='ocr_par' dir='ltr' id='par_1_11' title="bbox 947 1089 2170 1160">
     <span class='ocr_line' id='line_1_11' title="bbox 947 1089 2170 1160; baseline -0.01 -8"><span class='ocrx_word' id='word_1_57' title='bbox 947 1100 1178 1154; x_wconf 90' lang='lat' dir='ltr'><strong>culcetur</strong></span> <span class='ocrx_word' id='word_1_58' title='bbox 1205 1097 1271 1151; x_wconf 86' lang='lat' dir='ltr'><strong>ab</strong></span> <span class='ocrx_word' id='word_1_59' title='bbox 1298 1096 1393 1152; x_wconf 85' lang='lat' dir='ltr'><strong>lio-</strong></span> <span class='ocrx_word' id='word_1_60' title='bbox 1764 1089 1983 1160; x_wconf 84' lang='lat' dir='ltr'><strong>solverit</strong></span> <span class='ocrx_word' id='word_1_61' title='bbox 2000 1101 2170 1160; x_wconf 78' lang='lat' dir='ltr'><strong>unum</strong></span> 
     </span>
    </p>
   </div>
   <div class='ocr_carea' id='block_1_12' title="bbox 947 1158 2116 1222">
    <p class='ocr_par' dir='ltr' id='par_1_12' title="bbox 947 1158 2116 1222">
     <span class='ocr_line' id='line_1_12' title="bbox 947 1158 2116 1222; baseline -0.009 0"><span class='ocrx_word' id='word_1_62' title='bbox 947 1167 1197 1222; x_wconf 87' lang='lat' dir='ltr'><strong>minibus.</strong></span> <span class='ocrx_word' id='word_1_63' title='bbox 1762 1158 1826 1212; x_wconf 91' lang='lat' dir='ltr'><strong>de</strong></span> <span class='ocrx_word' id='word_1_64' title='bbox 1859 1158 2116 1211; x_wconf 76' lang='lat' dir='ltr'><strong>mandatis</strong></span> 
     </span>
    </p>
   </div>
   <div class='ocr_carea' id='block_1_13' title="bbox 947 1227 2151 1291">
    <p class='ocr_par' dir='ltr' id='par_1_13' title="bbox 947 1227 2151 1291">
     <span class='ocr_line' id='line_1_13' title="bbox 947 1227 2151 1291; baseline -0.007 0"><span class='ocrx_word' id='word_1_65' title='bbox 947 1239 1031 1291; x_wconf 75' lang='lat' dir='ltr'><strong>H.</strong></span> <span class='ocrx_word' id='word_1_66' title='bbox 1065 1236 1173 1289; x_wconf 80' lang='lat' dir='ltr'><strong>Vos</strong></span> <span class='ocrx_word' id='word_1_67' title='bbox 1202 1235 1329 1289; x_wconf 85' lang='lat' dir='ltr'><strong>estis</strong></span> <span class='ocrx_word' id='word_1_68' title='bbox 1352 1235 1440 1288; x_wconf 79' lang='lat' dir='ltr'><strong>lux</strong></span> <span class='ocrx_word' id='word_1_69' title='bbox 1463 1233 1560 1289; x_wconf 90' lang='lat' dir='ltr'><strong>hu-</strong></span> <span class='ocrx_word' id='word_1_70' title='bbox 1763 1229 1876 1281; x_wconf 75' lang='lat' dir='ltr'><strong>istis</strong></span> <span class='ocrx_word' id='word_1_71' title='bbox 1902 1227 2151 1290; x_wconf 74' lang='lat' dir='ltr'><strong>minimiS,</strong></span> 
     </span>
    </p>
   </div>
   <div class='ocr_carea' id='block_1_14' title="bbox 941 1297 2076 1377">
    <p class='ocr_par' dir='ltr' id='par_1_14' title="bbox 941 1297 2076 1377">
     <span class='ocr_line' id='line_1_14' title="bbox 941 1297 2076 1377; baseline -0.011 -16"><span class='ocrx_word' id='word_1_72' title='bbox 941 1307 1028 1376; x_wconf 88' lang='lat' dir='ltr'><strong>jus</strong></span> <span class='ocrx_word' id='word_1_73' title='bbox 1059 1304 1264 1377; x_wconf 80' lang='lat' dir='ltr'><strong>mundi.</strong></span> <span class='ocrx_word' id='word_1_74' title='bbox 1292 1303 1405 1359; x_wconf 89' lang='lat' dir='ltr'><strong>Non</strong></span> <span class='ocrx_word' id='word_1_75' title='bbox 1759 1308 1813 1377; x_wconf 77' lang='lat' dir='ltr'><strong>et</strong></span> <span class='ocrx_word' id='word_1_76' title='bbox 1837 1297 2076 1377; x_wconf 73' lang='lat' dir='ltr'><strong>docuerit</strong></span> 
     </span>
    </p>
   </div>
   <div class='ocr_carea' id='block_1_15' title="bbox 945 1367 2126 1443">
    <p class='ocr_par' dir='ltr' id='par_1_15' title="bbox 945 1367 2126 1443">
     <span class='ocr_line' id='line_1_15' title="bbox 945 1367 2126 1443; baseline -0.009 -15"><span class='ocrx_word' id='word_1_77' title='bbox 945 1367 1118 1443; x_wconf 80' lang='lat' dir='ltr'><strong>potest</strong></span> <span class='ocrx_word' id='word_1_78' title='bbox 1139 1374 1322 1427; x_wconf 85' lang='lat' dir='ltr'><strong>civitas</strong></span> <span class='ocrx_word' id='word_1_79' title='bbox 1761 1368 1838 1443; x_wconf 83' lang='lat' dir='ltr'><strong>sic</strong></span> <span class='ocrx_word' id='word_1_80' title='bbox 1867 1367 2126 1443; x_wconf 76' lang='lat' dir='ltr'><strong>homines,</strong></span> 
     </span>
    </p>
   </div>
   <div class='ocr_carea' id='block_1_16' title="bbox 947 1437 2121 1515">
    <p class='ocr_par' dir='ltr' id='par_1_16' title="bbox 947 1437 2121 1515">
     <span class='ocr_line' id='line_1_16' title="bbox 947 1437 2121 1515; baseline -0.008 -18"><span class='ocrx_word' id='word_1_81' title='bbox 947 1437 1199 1499; x_wconf 77' lang='lat' dir='ltr'><strong>abscondi</strong></span> <span class='ocrx_word' id='word_1_82' title='bbox 1229 1459 1318 1497; x_wconf 87' lang='lat' dir='ltr'><strong>su-</strong></span> <span class='ocrx_word' id='word_1_83' title='bbox 1763 1437 2010 1515; x_wconf 72' lang='lat' dir='ltr'><strong>minimus</strong></span> <span class='ocrx_word' id='word_1_84' title='bbox 2037 1450 2121 1488; x_wconf 87' lang='lat' dir='ltr'><strong>vo-</strong></span> 
     </span>
    </p>
   </div>
   <div class='ocr_carea' id='block_1_17' title="bbox 947 1505 2181 1582">
    <p class='ocr_par' dir='ltr' id='par_1_17' title="bbox 947 1505 2181 1582">
     <span class='ocr_line' id='line_1_17' title="bbox 947 1505 2181 1582; baseline -0.01 -15"><span class='ocrx_word' id='word_1_85' title='bbox 947 1529 1039 1582; x_wconf 88' lang='lat' dir='ltr'><strong>pra</strong></span> <span class='ocrx_word' id='word_1_86' title='bbox 1077 1523 1308 1567; x_wconf 85' lang='lat' dir='ltr'><strong>montem</strong></span> <span class='ocrx_word' id='word_1_87' title='bbox 1762 1505 1972 1582; x_wconf 72' lang='lat' dir='ltr'><strong>cabitur</strong></span> <span class='ocrx_word' id='word_1_88' title='bbox 1989 1505 2041 1557; x_wconf 88' lang='lat' dir='ltr'><strong>in</strong></span> <span class='ocrx_word' id='word_1_89' title='bbox 2063 1518 2181 1573; x_wconf 88' lang='lat' dir='ltr'><strong>reg-</strong></span> 
     </span>
    </p>
   </div>
   <div class='ocr_carea' id='block_1_18' title="bbox 947 1574 2164 1651">
    <p class='ocr_par' dir='ltr' id='par_1_18' title="bbox 947 1574 2164 1651">
     <span class='ocr_line' id='line_1_18' title="bbox 947 1574 2164 1651; baseline -0.01 -14"><span class='ocrx_word' id='word_1_90' title='bbox 947 1574 1030 1637; x_wconf 84' lang='lat' dir='ltr'><strong>i5.</strong></span> <span class='ocrx_word' id='word_1_91' title='bbox 1062 1585 1179 1637; x_wconf 89' lang='lat' dir='ltr'><strong>sita.</strong></span> <span class='ocrx_word' id='word_1_92' title='bbox 1204 1582 1385 1651; x_wconf 82' lang='lat' dir='ltr'><strong>Neque</strong></span> <span class='ocrx_word' id='word_1_93' title='bbox 1411 1594 1499 1637; x_wconf 88' lang='lat' dir='ltr'><strong>ac-</strong></span> <span class='ocrx_word' id='word_1_94' title='bbox 1764 1589 1846 1651; x_wconf 68' lang='grc' dir='ltr'><strong>ῐιο⁸</strong></span> <span class='ocrx_word' id='word_1_95' title='bbox 1861 1574 2164 1651; x_wconf 74' lang='lat' dir='ltr'><strong>caelorum:</strong></span> 
     </span>
    </p>
   </div>
   <div class='ocr_carea' id='block_1_19' title="bbox 943 1643 2222 1713">
    <p class='ocr_par' dir='ltr' id='par_1_19' title="bbox 943 1643 2222 1713">
     <span class='ocr_line' id='line_1_19' title="bbox 943 1643 2222 1713; baseline -0.006 -7"><span class='ocrx_word' id='word_1_96' title='bbox 943 1653 1175 1706; x_wconf 89' lang='lat' dir='ltr'><strong>cendunt</strong></span> <span class='ocrx_word' id='word_1_97' title='bbox 1203 1653 1283 1706; x_wconf 89' lang='lat' dir='ltr'><strong>lu-</strong></span> <span class='ocrx_word' id='word_1_98' title='bbox 1299 1643 1316 1651; x_wconf 82' lang='grc'><em>’</em></span> <span class='ocrx_word' id='word_1_99' title='bbox 1761 1645 1848 1713; x_wconf 90' lang='lat' dir='ltr'><strong>qui</strong></span> <span class='ocrx_word' id='word_1_100' title='bbox 1875 1654 2049 1698; x_wconf 87' lang='lat' dir='ltr'><strong>autem</strong></span> <span class='ocrx_word' id='word_1_101' title='bbox 2080 1643 2222 1698; x_wconf 62' lang='lat' dir='ltr'><strong>feceo</strong></span> 
     </span>
    </p>
   </div>
   <div class='ocr_carea' id='block_1_20' title="bbox 943 1713 2128 1787">
    <p class='ocr_par' dir='ltr' id='par_1_20' title="bbox 943 1713 2128 1787">
     <span class='ocr_line' id='line_1_20' title="bbox 943 1713 2128 1787; baseline -0.009 -10"><span class='ocrx_word' id='word_1_102' title='bbox 943 1737 1177 1784; x_wconf 88' lang='lat' dir='ltr'><strong>cernam,</strong></span> <span class='ocrx_word' id='word_1_103' title='bbox 1212 1731 1264 1774; x_wconf 90' lang='lat' dir='ltr'><strong>et</strong></span> <span class='ocrx_word' id='word_1_104' title='bbox 1289 1735 1382 1787; x_wconf 90' lang='lat' dir='ltr'><strong>po-</strong></span> <span class='ocrx_word' id='word_1_105' title='bbox 1761 1715 1830 1787; x_wconf 78' lang='lat' dir='ltr'><strong>rit</strong></span> <span class='ocrx_word' id='word_1_106' title='bbox 1854 1720 1908 1787; x_wconf 83' lang='lat' dir='ltr'><strong>et</strong></span> <span class='ocrx_word' id='word_1_107' title='bbox 1935 1713 2128 1766; x_wconf 90' lang='lat' dir='ltr'><strong>docue—</strong></span> 
     </span>
    </p>
   </div>
   <div class='ocr_carea' id='block_1_21' title="bbox 942 1780 2114 1846">
    <p class='ocr_par' dir='ltr' id='par_1_21' title="bbox 942 1780 2114 1846">
     <span class='ocr_line' id='line_1_21' title="bbox 942 1780 2114 1846; baseline -0.01 -1"><span class='ocrx_word' id='word_1_108' title='bbox 942 1802 1074 1845; x_wconf 93' lang='lat' dir='ltr'><strong>nunt</strong></span> <span class='ocrx_word' id='word_1_109' title='bbox 1096 1780 1212 1845; x_wconf 84' lang='lat' dir='ltr'><strong>eam</strong></span> <span class='ocrx_word' id='word_1_110' title='bbox 1234 1780 1332 1845; x_wconf 84' lang='lat' dir='ltr'><strong>sub</strong></span> <span class='ocrx_word' id='word_1_111' title='bbox 1759 1780 1832 1834; x_wconf 89' lang='lat' dir='ltr'><strong>rit</strong></span> <span class='ocrx_word' id='word_1_112' title='bbox 1849 1784 1946 1846; x_wconf 89' lang='lat' dir='ltr'><strong>sic,</strong></span> <span class='ocrx_word' id='word_1_113' title='bbox 1971 1794 2114 1846; x_wconf 75' lang='lat' dir='ltr'><strong>mag-</strong></span> 
     </span>
    </p>
   </div>
   <div class='ocr_carea' id='block_1_22' title="bbox 944 1851 2098 1918">
    <p class='ocr_par' dir='ltr' id='par_1_22' title="bbox 944 1851 2098 1918">
     <span class='ocr_line' id='line_1_22' title="bbox 944 1851 2098 1918; baseline -0.01 -5"><span class='ocrx_word' id='word_1_114' title='bbox 944 1861 1198 1918; x_wconf 86' lang='lat' dir='ltr'><strong>modium.</strong></span> <span class='ocrx_word' id='word_1_115' title='bbox 1225 1859 1318 1912; x_wconf 90' lang='lat' dir='ltr'><strong>sed</strong></span> <span class='ocrx_word' id='word_1_116' title='bbox 1759 1866 1858 1904; x_wconf 88' lang='lat' dir='ltr'><strong>nus</strong></span> <span class='ocrx_word' id='word_1_117' title='bbox 1886 1851 2098 1904; x_wconf 86' lang='lat' dir='ltr'><strong>vocabi-</strong></span> 
     </span>
    </p>
   </div>
   <div class='ocr_carea' id='block_1_23' title="bbox 942 1921 2110 1996">
    <p class='ocr_par' dir='ltr' id='par_1_23' title="bbox 942 1921 2110 1996">
     <span class='ocr_line' id='line_1_23' title="bbox 942 1921 2110 1996; baseline -0.011 -13"><span class='ocrx_word' id='word_1_118' title='bbox 942 1944 1103 1996; x_wconf 88' lang='lat' dir='ltr'><strong>super</strong></span> <span class='ocrx_word' id='word_1_119' title='bbox 1125 1927 1318 1996; x_wconf 87' lang='lat' dir='ltr'><strong>cande-</strong></span> <span class='ocrx_word' id='word_1_120' title='bbox 1760 1921 1923 1996; x_wconf 87' lang='lat' dir='ltr'><strong>tur_iu</strong></span> <span class='ocrx_word' id='word_1_121' title='bbox 1950 1933 2110 1988; x_wconf 81' lang='lat' dir='ltr'><strong>regno</strong></span> 
     </span>
    </p>
   </div>
   <div class='ocr_carea' id='block_1_24' title="bbox 940 1989 2049 2062">
    <p class='ocr_par' dir='ltr' id='par_1_24' title="bbox 940 1989 2049 2062">
     <span class='ocr_line' id='line_1_24' title="bbox 940 1989 2049 2062; baseline -0.01 -10"><span class='ocrx_word' id='word_1_122' title='bbox 940 1989 1169 2062; x_wconf 77' lang='lat' dir='ltr'><strong>labrum,</strong></span> <span class='ocrx_word' id='word_1_123' title='bbox 1194 2007 1250 2049; x_wconf 92' lang='lat' dir='ltr'><strong>ut</strong></span> <span class='ocrx_word' id='word_1_124' title='bbox 1271 1995 1350 2048; x_wconf 86' lang='lat' dir='ltr'><strong>lu-</strong></span> <span class='ocrx_word' id='word_1_125' title='bbox 1759 1989 2049 2062; x_wconf 74' lang='lat' dir='ltr'><strong>caelorum.</strong></span> 
     </span>
    </p>
   </div>
   <div class='ocr_carea' id='block_1_25' title="bbox 1757 2057 2341 2112">
    <p class='ocr_par' dir='ltr' id='par_1_25' title="bbox 1757 2057 2341 2112">
     <span class='ocr_line' id='line_1_25' title="bbox 1757 2057 2341 2112; baseline 0.003 -2"><span class='ocrx_word' id='word_1_126' title='bbox 1757 2057 1847 2112; x_wconf 78' lang='lat'><strong>20.</strong></span> <span class='ocrx_word' id='word_1_127' title='bbox 1891 2058 2015 2112; x_wconf 89' lang='lat' dir='ltr'><strong>Dico</strong></span> <span class='ocrx_word' id='word_1_128' title='bbox 2042 2063 2218 2110; x_wconf 87' lang='lat' dir='ltr'><strong>autem</strong></span> <span class='ocrx_word' id='word_1_129' title='bbox 2251 2070 2341 2112; x_wconf 83' lang='lat' dir='ltr'><strong>vo-</strong></span> 
     </span>
    </p>
   </div>
   <div class='ocr_carea' id='block_1_26' title="bbox 1759 2127 2205 2190">
    <p class='ocr_par' dir='ltr' id='par_1_26' title="bbox 1759 2127 2205 2190">
     <span class='ocr_line' id='line_1_26' title="bbox 1759 2127 2205 2190; baseline -0.002 -9"><span class='ocrx_word' id='word_1_130' title='bbox 1759 2127 1842 2181; x_wconf 89' lang='lat' dir='ltr'><strong>bis</strong></span> <span class='ocrx_word' id='word_1_131' title='bbox 1861 2169 1874 2190; x_wconf 93' lang='lat'><strong>,</strong></span> <span class='ocrx_word' id='word_1_132' title='bbox 1910 2129 2006 2180; x_wconf 89' lang='lat' dir='ltr'><strong>nisi</strong></span> <span class='ocrx_word' id='word_1_133' title='bbox 2033 2127 2205 2181; x_wconf 90' lang='lat' dir='ltr'><strong>abun-</strong></span> 
     </span>
    </p>
   </div>
   <div class='ocr_carea' id='block_1_27' title="bbox 1758 2197 2143 2265">
    <p class='ocr_par' dir='ltr' id='par_1_27' title="bbox 1758 2197 2143 2265">
     <span class='ocr_line' id='line_1_27' title="bbox 1758 2197 2143 2265; baseline -0.008 -14"><span class='ocrx_word' id='word_1_134' title='bbox 1758 2197 1965 2251; x_wconf 88' lang='lat' dir='ltr'><strong>daberit</strong></span> <span class='ocrx_word' id='word_1_135' title='bbox 1989 2197 2143 2265; x_wconf 88' lang='lat' dir='ltr'><strong>justi-</strong></span> 
     </span>
    </p>
   </div>
   <div class='ocr_carea' id='block_1_28' title="bbox 1763 2266 2182 2332">
    <p class='ocr_par' dir='ltr' id='par_1_28' title="bbox 1763 2266 2182 2332">
     <span class='ocr_line' id='line_1_28' title="bbox 1763 2266 2182 2332; baseline -0.002 -13"><span class='ocrx_word' id='word_1_136' title='bbox 1763 2267 1833 2319; x_wconf 89' lang='lat' dir='ltr'><strong>tia</strong></span> <span class='ocrx_word' id='word_1_137' title='bbox 1864 2279 2035 2320; x_wconf 86' lang='lat' dir='ltr'><strong>vestra</strong></span> <span class='ocrx_word' id='word_1_138' title='bbox 2066 2266 2182 2332; x_wconf 82' lang='lat' dir='ltr'><strong>plus</strong></span> 
     </span>
    </p>
   </div>
   <div class='ocr_carea' id='block_1_29' title="bbox 943 2066 1333 2120">
    <p class='ocr_par' dir='ltr' id='par_1_29' title="bbox 943 2066 1333 2120">
     <span class='ocr_line' id='line_1_29' title="bbox 943 2066 1333 2120; baseline -0.008 0"><span class='ocrx_word' id='word_1_139' title='bbox 943 2077 1062 2120; x_wconf 85' lang='lat' dir='ltr'><strong>ceat</strong></span> <span class='ocrx_word' id='word_1_140' title='bbox 1088 2066 1333 2120; x_wconf 89' lang='lat' dir='ltr'><strong>omnibus</strong></span> 
     </span>
    </p>
   </div>
   <div class='ocr_carea' id='block_1_30' title="bbox 942 2135 1292 2204">
    <p class='ocr_par' dir='ltr' id='par_1_30' title="bbox 942 2135 1292 2204">
     <span class='ocr_line' id='line_1_30' title="bbox 942 2135 1292 2204; baseline 0.003 -16"><span class='ocrx_word' id='word_1_141' title='bbox 942 2137 1031 2204; x_wconf 90' lang='lat' dir='ltr'><strong>qui</strong></span> <span class='ocrx_word' id='word_1_142' title='bbox 1056 2138 1104 2189; x_wconf 92' lang='lat' dir='ltr'><strong>in</strong></span> <span class='ocrx_word' id='word_1_143' title='bbox 1132 2135 1292 2204; x_wconf 82' lang='lat' dir='ltr'><strong>domo</strong></span> 
     </span>
    </p>
   </div>
   <div class='ocr_carea' id='block_1_31' title="bbox 944 2203 1486 2260">
    <p class='ocr_par' dir='ltr' id='par_1_31' title="bbox 944 2203 1486 2260">
     <span class='ocr_line' id='line_1_31' title="bbox 944 2203 1486 2260; baseline -0.004 0"><span class='ocrx_word' id='word_1_144' title='bbox 944 2203 1033 2260; x_wconf 87' lang='grc'><strong>16.</strong></span> <span class='ocrx_word' id='word_1_145' title='bbox 1066 2215 1211 2259; x_wconf 90' lang='lat' dir='ltr'><strong>sunt.</strong></span> <span class='ocrx_word' id='word_1_146' title='bbox 1229 2203 1317 2258; x_wconf 87' lang='lat' dir='ltr'><strong>Sic</strong></span> <span class='ocrx_word' id='word_1_147' title='bbox 1345 2203 1486 2258; x_wconf 89' lang='lat' dir='ltr'><strong>luce-</strong></span> 
     </span>
    </p>
   </div>
   <div class='ocr_carea' id='block_1_32' title="bbox 943 2276 1298 2328">
    <p class='ocr_par' dir='ltr' id='par_1_32' title="bbox 943 2276 1298 2328">
     <span class='ocr_line' id='line_1_32' title="bbox 943 2276 1298 2328; baseline -0.006 0"><span class='ocrx_word' id='word_1_148' title='bbox 943 2286 996 2328; x_wconf 91' lang='lat' dir='ltr'><strong>at</strong></span> <span class='ocrx_word' id='word_1_149' title='bbox 1021 2276 1106 2328; x_wconf 80' lang='lat' dir='ltr'><strong>lux</strong></span> <span class='ocrx_word' id='word_1_150' title='bbox 1125 2282 1298 2328; x_wconf 87' lang='lat' dir='ltr'><strong>vestra</strong></span> 
     </span>
    </p>
   </div>
   <div class='ocr_carea' id='block_1_33' title="bbox 942 2333 2161 2403">
    <p class='ocr_par' dir='ltr' id='par_1_33' title="bbox 942 2333 2161 2403">
     <span class='ocr_line' id='line_1_33' title="bbox 942 2333 2161 2403; baseline -0.009 -5"><span class='ocrx_word' id='word_1_151' title='bbox 942 2358 1123 2398; x_wconf 88' lang='lat' dir='ltr'><strong>coram</strong></span> <span class='ocrx_word' id='word_1_152' title='bbox 1153 2342 1314 2397; x_wconf 60' lang='lat' dir='ltr'><strong>homio</strong></span> <span class='ocrx_word' id='word_1_153' title='bbox 1761 2348 1917 2403; x_wconf 89' lang='lat' dir='ltr'><strong>quam</strong></span> <span class='ocrx_word' id='word_1_154' title='bbox 1949 2333 2161 2389; x_wconf 83' lang='lat' dir='ltr'><strong>Scriba-</strong></span> 
     </span>
    </p>
   </div>
   <div class='ocr_carea' id='block_1_34' title="bbox 949 2404 2218 2478">
    <p class='ocr_par' dir='ltr' id='par_1_34' title="bbox 949 2404 2218 2478">
     <span class='ocr_line' id='line_1_34' title="bbox 949 2404 2218 2478; baseline -0.008 -11"><span class='ocrx_word' id='word_1_155' title='bbox 949 2414 1128 2478; x_wconf 89' lang='lat' dir='ltr'><strong>nibus,</strong></span> <span class='ocrx_word' id='word_1_156' title='bbox 1157 2422 1217 2466; x_wconf 90' lang='lat' dir='ltr'><strong>ut</strong></span> <span class='ocrx_word' id='word_1_157' title='bbox 1241 2410 1384 2465; x_wconf 88' lang='lat' dir='ltr'><strong>vide-</strong></span> <span class='ocrx_word' id='word_1_158' title='bbox 1758 2419 1898 2469; x_wconf 86' lang='lat' dir='ltr'><strong>rum,</strong></span> <span class='ocrx_word' id='word_1_159' title='bbox 1925 2413 1979 2458; x_wconf 92' lang='lat' dir='ltr'><strong>et</strong></span> <span class='ocrx_word' id='word_1_160' title='bbox 2004 2404 2218 2458; x_wconf 87' lang='lat' dir='ltr'><strong>Pharis-</strong></span> 
     </span>
    </p>
   </div>
   <div class='ocr_carea' id='block_1_35' title="bbox 943 2487 2113 2550">
    <p class='ocr_par' dir='ltr' id='par_1_35' title="bbox 943 2487 2113 2550">
     <span class='ocr_line' id='line_1_35' title="bbox 943 2487 2113 2550; baseline -0.009 -14"><span class='ocrx_word' id='word_1_161' title='bbox 943 2492 1037 2536; x_wconf 91' lang='lat' dir='ltr'><strong>ant</strong></span> <span class='ocrx_word' id='word_1_162' title='bbox 1064 2496 1222 2550; x_wconf 86' lang='lat' dir='ltr'><strong>opera</strong></span> <span class='ocrx_word' id='word_1_163' title='bbox 1254 2495 1374 2535; x_wconf 71' lang='lat' dir='ltr'><strong>V85-</strong></span> <span class='ocrx_word' id='word_1_164' title='bbox 1758 2487 1947 2550; x_wconf 55' lang='grc' dir='ltr'><strong>φοι-αξη</strong></span> <span class='ocrx_word' id='word_1_165' title='bbox 1961 2514 1991 2550; x_wconf 45' lang='lat'><strong>,-</strong></span> <span class='ocrx_word' id='word_1_166' title='bbox 2007 2489 2113 2550; x_wconf 72' lang='grc' dir='ltr'><strong>ηᾳιι</strong></span> 
     </span>
    </p>
   </div>
   <div class='ocr_carea' id='block_1_36' title="bbox 945 2543 2102 2615">
    <p class='ocr_par' dir='ltr' id='par_1_36' title="bbox 945 2543 2102 2615">
     <span class='ocr_line' id='line_1_36' title="bbox 945 2543 2102 2615; baseline -0.007 -11"><span class='ocrx_word' id='word_1_167' title='bbox 945 2561 1022 2604; x_wconf 83' lang='lat' dir='ltr'><strong>tra</strong></span> <span class='ocrx_word' id='word_1_168' title='bbox 1054 2543 1292 2615; x_wconf 67' lang='lat' dir='ltr'><strong>b6na,,et</strong></span> <span class='ocrx_word' id='word_1_169' title='bbox 1759 2543 2024 2598; x_wconf 89' lang='lat' dir='ltr'><strong>intrabitis</strong></span> <span class='ocrx_word' id='word_1_170' title='bbox 2047 2544 2102 2615; x_wconf 83' lang='lat' dir='ltr'><strong>in</strong></span> 
     </span>
    </p>
   </div>
   <div class='ocr_carea' id='block_1_37' title="bbox 944 2612 2158 2690">
    <p class='ocr_par' dir='ltr' id='par_1_37' title="bbox 944 2612 2158 2690">
     <span class='ocr_line' id='line_1_37' title="bbox 944 2612 2158 2690; baseline -0.007 -17"><span class='ocrx_word' id='word_1_171' title='bbox 944 2612 1281 2690; x_wconf 80' lang='lat' dir='ltr'><strong>niagniﬁcent</strong></span> <span class='ocrx_word' id='word_1_172' title='bbox 1763 2627 1928 2683; x_wconf 83' lang='lat' dir='ltr'><strong>regno</strong></span> <span class='ocrx_word' id='word_1_173' title='bbox 1947 2612 2122 2667; x_wconf 87' lang='lat' dir='ltr'><strong>caelo-</strong></span> <span class='ocrx_word' id='word_1_174' title='bbox 2156 2623 2158 2627; x_wconf 89' lang='lat'>&#39;</span> 
     </span>
    </p>
   </div>
   <div class='ocr_carea' id='block_1_38' title="bbox 1760 2697 1899 2736">
    <p class='ocr_par' dir='ltr' id='par_1_38' title="bbox 1760 2697 1899 2736">
     <span class='ocr_line' id='line_1_38' title="bbox 1760 2697 1899 2736; baseline 0 0"><span class='ocrx_word' id='word_1_175' title='bbox 1760 2697 1899 2736; x_wconf 83' lang='lat' dir='ltr'><strong>rum.</strong></span> 
     </span>
    </p>
   </div>
   <div class='ocr_carea' id='block_1_39' title="bbox 944 2701 1292 2757">
    <p class='ocr_par' dir='ltr' id='par_1_39' title="bbox 944 2701 1292 2757">
     <span class='ocr_line' id='line_1_39' title="bbox 944 2701 1292 2757; baseline 0.006 -16"><span class='ocrx_word' id='word_1_176' title='bbox 944 2701 1146 2757; x_wconf 80' lang='lat' dir='ltr'><strong>patrem</strong></span> <span class='ocrx_word' id='word_1_177' title='bbox 1174 2704 1292 2743; x_wconf 76' lang='lat' dir='ltr'><strong>ves-</strong></span> 
     </span>
    </p>
   </div>
   <div class='ocr_carea' id='block_1_40' title="bbox 1759 2751 2268 2818">
    <p class='ocr_par' dir='ltr' id='par_1_40' title="bbox 1759 2751 2268 2818">
     <span class='ocr_line' id='line_1_40' title="bbox 1759 2751 2268 2818; baseline -0.002 -15"><span class='ocrx_word' id='word_1_178' title='bbox 1759 2751 1850 2806; x_wconf 72' lang='grc'><strong>21.</strong></span> <span class='ocrx_word' id='word_1_179' title='bbox 1891 2751 2126 2806; x_wconf 77' lang='lat' dir='ltr'><strong>Audistis</strong></span> <span class='ocrx_word' id='word_1_180' title='bbox 2149 2751 2268 2818; x_wconf 76' lang='lat' dir='ltr'><strong>quia</strong></span> 
     </span>
    </p>
   </div>
   <div class='ocr_carea' id='block_1_41' title="bbox 945 2760 1336 2826">
    <p class='ocr_par' dir='ltr' id='par_1_41' title="bbox 945 2760 1336 2826">
     <span class='ocr_line' id='line_1_41' title="bbox 945 2760 1336 2826; baseline -0.005 -15"><span class='ocrx_word' id='word_1_181' title='bbox 945 2767 1108 2820; x_wconf 90' lang='lat' dir='ltr'><strong>trum,</strong></span> <span class='ocrx_word' id='word_1_182' title='bbox 1140 2760 1226 2826; x_wconf 85' lang='lat' dir='ltr'><strong>qui</strong></span> <span class='ocrx_word' id='word_1_183' title='bbox 1253 2765 1336 2812; x_wconf 83' lang='lat' dir='ltr'><strong>est</strong></span> 
     </span>
    </p>
   </div>
   <div class='ocr_carea' id='block_1_42' title="bbox 947 2821 2276 2881">
    <p class='ocr_par' dir='ltr' id='par_1_42' title="bbox 947 2821 2276 2881">
     <span class='ocr_line' id='line_1_42' title="bbox 947 2821 2276 2881; baseline -0.006 -1"><span class='ocrx_word' id='word_1_184' title='bbox 947 2829 999 2880; x_wconf 91' lang='lat' dir='ltr'><strong>in</strong></span> <span class='ocrx_word' id='word_1_185' title='bbox 1022 2821 1202 2881; x_wconf 78' lang='lat' dir='ltr'><strong>caelis.</strong></span> <span class='ocrx_word' id='word_1_186' title='bbox 1761 2821 1957 2875; x_wconf 90' lang='lat' dir='ltr'><strong>dictum</strong></span> <span class='ocrx_word' id='word_1_187' title='bbox 1977 2831 2061 2874; x_wconf 92' lang='lat' dir='ltr'><strong>est</strong></span> <span class='ocrx_word' id='word_1_188' title='bbox 2083 2821 2150 2874; x_wconf 88' lang='lat' dir='ltr'><strong>ab</strong></span> <span class='ocrx_word' id='word_1_189' title='bbox 2182 2835 2276 2873; x_wconf 85' lang='lat' dir='ltr'><strong>an-</strong></span> 
     </span>
    </p>
   </div>
   <div class='ocr_carea' id='block_1_43' title="bbox 948 2889 2223 2962">
    <p class='ocr_par' dir='ltr' id='par_1_43' title="bbox 948 2889 2223 2962">
     <span class='ocr_line' id='line_1_43' title="bbox 948 2889 2223 2962; baseline -0.007 -12"><span class='ocrx_word' id='word_1_190' title='bbox 948 2898 1034 2950; x_wconf 87' lang='grc'><strong>17.</strong></span> <span class='ocrx_word' id='word_1_191' title='bbox 1061 2895 1235 2950; x_wconf 86' lang='lat' dir='ltr'><strong>Nolite</strong></span> <span class='ocrx_word' id='word_1_192' title='bbox 1260 2901 1448 2962; x_wconf 86' lang='lat' dir='ltr'><strong>putare</strong></span> <span class='ocrx_word' id='word_1_193' title='bbox 1765 2891 1922 2962; x_wconf 80' lang='lat' dir='ltr'><strong>tiquis</strong></span> <span class='ocrx_word' id='word_1_194' title='bbox 1954 2908 1967 2942; x_wconf 90' lang='lat'><strong>:</strong></span> <span class='ocrx_word' id='word_1_195' title='bbox 1994 2889 2109 2962; x_wconf 87' lang='lat' dir='ltr'><strong>Non</strong></span> <span class='ocrx_word' id='word_1_196' title='bbox 2134 2903 2223 2943; x_wconf 88' lang='lat' dir='ltr'><strong>oc-</strong></span> 
     </span>
    </p>
   </div>
   <div class='ocr_carea' id='block_1_44' title="bbox 944 2960 2182 3033">
    <p class='ocr_par' dir='ltr' id='par_1_44' title="bbox 944 2960 2182 3033">
     <span class='ocr_line' id='line_1_44' title="bbox 944 2960 2182 3033; baseline -0.007 -14"><span class='ocrx_word' id='word_1_197' title='bbox 944 2966 1194 3033; x_wconf 88' lang='lat' dir='ltr'><strong>quoniam</strong></span> <span class='ocrx_word' id='word_1_198' title='bbox 1218 2960 1310 3017; x_wconf 76' lang='lat' dir='ltr'><strong>ve-</strong></span> <span class='ocrx_word' id='word_1_199' title='bbox 1759 2960 1902 3011; x_wconf 83' lang='lat' dir='ltr'><strong>cides</strong></span> <span class='ocrx_word' id='word_1_200' title='bbox 1934 2976 1945 3010; x_wconf 94' lang='lat'>:</span> <span class='ocrx_word' id='word_1_201' title='bbox 1977 2960 2068 3033; x_wconf 82' lang='lat' dir='ltr'><strong>qui</strong></span> <span class='ocrx_word' id='word_1_202' title='bbox 2090 2973 2182 3011; x_wconf 88' lang='lat' dir='ltr'><strong>au-</strong></span> 
     </span>
    </p>
   </div>
   <div class='ocr_carea' id='block_1_45' title="bbox 945 3027 2097 3088">
    <p class='ocr_par' dir='ltr' id='par_1_45' title="bbox 945 3027 2097 3088">
     <span class='ocr_line' id='line_1_45' title="bbox 945 3027 2097 3088; baseline -0.007 0"><span class='ocrx_word' id='word_1_203' title='bbox 945 3027 1000 3088; x_wconf 82' lang='lat' dir='ltr'><strong>ni</strong></span> <span class='ocrx_word' id='word_1_204' title='bbox 1029 3035 1236 3088; x_wconf 91' lang='lat' dir='ltr'><strong>solvere</strong></span> <span class='ocrx_word' id='word_1_205' title='bbox 1254 3033 1331 3086; x_wconf 90' lang='lat' dir='ltr'><strong>le-</strong></span> <span class='ocrx_word' id='word_1_206' title='bbox 1760 3036 1866 3081; x_wconf 80' lang='lat' dir='ltr'><strong>tera</strong></span> <span class='ocrx_word' id='word_1_207' title='bbox 1892 3027 2097 3081; x_wconf 85' lang='lat' dir='ltr'><strong>occide-</strong></span> 
     </span>
    </p>
   </div>
   <div class='ocr_carea' id='block_1_46' title="bbox 942 3096 2132 3173">
    <p class='ocr_par' dir='ltr' id='par_1_46' title="bbox 942 3096 2132 3173">
     <span class='ocr_line' id='line_1_46' title="bbox 942 3096 2132 3173; baseline -0.007 -16"><span class='ocrx_word' id='word_1_208' title='bbox 942 3120 1086 3173; x_wconf 86' lang='lat' dir='ltr'><strong>gem,</strong></span> <span class='ocrx_word' id='word_1_209' title='bbox 1127 3111 1216 3156; x_wconf 90' lang='lat' dir='ltr'><strong>aut</strong></span> <span class='ocrx_word' id='word_1_210' title='bbox 1235 3115 1349 3170; x_wconf 90' lang='lat' dir='ltr'><strong>pro-</strong></span> <span class='ocrx_word' id='word_1_211' title='bbox 1761 3096 1868 3173; x_wconf 31' lang='lat' dir='ltr'><strong>_rit_,.</strong></span> <span class='ocrx_word' id='word_1_212' title='bbox 1882 3111 2003 3173; x_wconf 78' lang='lat' dir='ltr'><strong>reus</strong></span> <span class='ocrx_word' id='word_1_213' title='bbox 2029 3096 2132 3150; x_wconf 89' lang='lat' dir='ltr'><strong>erit</strong></span> 
     </span>
    </p>
   </div>
   <div class='ocr_carea' id='block_1_47' title="bbox 945 3164 1976 3242">
    <p class='ocr_par' dir='ltr' id='par_1_47' title="bbox 945 3164 1976 3242">
     <span class='ocr_line' id='line_1_47' title="bbox 945 3164 1976 3242; baseline -0.008 -16"><span class='ocrx_word' id='word_1_214' title='bbox 945 3164 1132 3242; x_wconf 72' lang='lat' dir='ltr'><strong>phetas</strong></span> <span class='ocrx_word' id='word_1_215' title='bbox 1165 3190 1180 3226; x_wconf 88' lang='lat'>:</span> <span class='ocrx_word' id='word_1_216' title='bbox 1211 3164 1317 3225; x_wconf 74' lang='lat' dir='ltr'><strong>non</strong></span> <span class='ocrx_word' id='word_1_217' title='bbox 1757 3164 1976 3242; x_wconf 54' lang='lat' dir='ltr'><strong>judicio.</strong></span> 
     </span>
    </p>
   </div>
   <div class='ocr_carea' id='block_1_48' title="bbox 1761 3233 2306 3302">
    <p class='ocr_par' dir='ltr' id='par_1_48' title="bbox 1761 3233 2306 3302">
     <span class='ocr_line' id='line_1_48' title="bbox 1761 3233 2306 3302; baseline 0 -16"><span class='ocrx_word' id='word_1_218' title='bbox 1761 3234 1852 3288; x_wconf 73' lang='lat'><strong>2‘2.</strong></span> <span class='ocrx_word' id='word_1_219' title='bbox 1893 3234 2003 3302; x_wconf 81' lang='lat' dir='ltr'><strong>Ego</strong></span> <span class='ocrx_word' id='word_1_220' title='bbox 2025 3241 2197 3288; x_wconf 90' lang='lat' dir='ltr'><strong>autem</strong></span> <span class='ocrx_word' id='word_1_221' title='bbox 2228 3233 2306 3287; x_wconf 73' lang='lat' dir='ltr'><strong>di~</strong></span> 
     </span>
    </p>
   </div>
   <div class='ocr_carea' id='block_1_49' title="bbox 1763 3303 2211 3372">
    <p class='ocr_par' dir='ltr' id='par_1_49' title="bbox 1763 3303 2211 3372">
     <span class='ocr_line' id='line_1_49' title="bbox 1763 3303 2211 3372; baseline -0.007 -14"><span class='ocrx_word' id='word_1_222' title='bbox 1763 3319 1827 3358; x_wconf 89' lang='lat' dir='ltr'><strong>co</strong></span> <span class='ocrx_word' id='word_1_223' title='bbox 1847 3304 1994 3358; x_wconf 83' lang='lat' dir='ltr'><strong>vobis</strong></span> <span class='ocrx_word' id='word_1_224' title='bbox 2027 3321 2040 3356; x_wconf 90' lang='lat'><strong>:</strong></span> <span class='ocrx_word' id='word_1_225' title='bbox 2073 3303 2211 3372; x_wconf 92' lang='lat' dir='ltr'><strong>quod</strong></span> 
     </span>
    </p>
   </div>
   <div class='ocr_carea' id='block_1_50' title="bbox 951 3374 2242 3442">
    <p class='ocr_par' dir='ltr' id='par_1_50' title="bbox 951 3374 2242 3442">
     <span class='ocr_line' id='line_1_50' title="bbox 951 3374 2242 3442; baseline -0.006 -8"><span class='ocrx_word' id='word_1_226' title='bbox 951 3381 1035 3435; x_wconf 82' lang='grc'><strong>18.</strong></span> <span class='ocrx_word' id='word_1_227' title='bbox 1060 3396 1135 3434; x_wconf 89' lang='lat' dir='ltr'><strong>re.</strong></span> <span class='ocrx_word' id='word_1_228' title='bbox 1173 3374 1338 3433; x_wconf 58' lang='lat' dir='ltr'><strong>A&#39;men</strong></span> <span class='ocrx_word' id='word_1_229' title='bbox 1763 3388 1966 3435; x_wconf 90' lang='lat' dir='ltr'><strong>omnes,</strong></span> <span class='ocrx_word' id='word_1_230' title='bbox 1999 3374 2086 3442; x_wconf 91' lang='lat' dir='ltr'><strong>qui</strong></span> <span class='ocrx_word' id='word_1_231' title='bbox 2111 3374 2242 3426; x_wconf 89' lang='lat' dir='ltr'><strong>iras-</strong></span> 
     </span>
    </p>
   </div>
   <div class='ocr_carea' id='block_1_51' title="bbox 950 3442 2077 3513">
    <p class='ocr_par' dir='ltr' id='par_1_51' title="bbox 950 3442 2077 3513">
     <span class='ocr_line' id='line_1_51' title="bbox 950 3442 2077 3513; baseline -0.007 -9"><span class='ocrx_word' id='word_1_232' title='bbox 950 3452 1071 3504; x_wconf 92' lang='lat' dir='ltr'><strong>dico</strong></span> <span class='ocrx_word' id='word_1_233' title='bbox 1097 3451 1265 3513; x_wconf 82' lang='lat' dir='ltr'><strong>vobis,</strong></span> <span class='ocrx_word' id='word_1_234' title='bbox 1293 3446 1390 3500; x_wconf 85' lang='lat' dir='ltr'><strong>do—</strong></span> <span class='ocrx_word' id='word_1_235' title='bbox 1765 3447 1900 3497; x_wconf 89' lang='lat' dir='ltr'><strong>citur</strong></span> <span class='ocrx_word' id='word_1_236' title='bbox 1927 3442 2077 3496; x_wconf 81' lang='lat' dir='ltr'><strong>fratri</strong></span> 
     </span>
    </p>
   </div>
   <div class='ocr_carea' id='block_1_52' title="bbox 1363 3531 2066 3589">
    <p class='ocr_par' dir='ltr' id='par_1_52' title="bbox 1363 3531 2066 3589">
     <span class='ocr_line' id='line_1_52' title="bbox 1363 3531 2066 3589; baseline -0.01 0"><span class='ocrx_word' id='word_1_237' title='bbox 1363 3531 1591 3589; x_wconf 80' lang='lat' dir='ltr'><strong>CODEX</strong></span> <span class='ocrx_word' id='word_1_238' title='bbox 1615 3531 2066 3586; x_wconf 82' lang='lat' dir='ltr'><strong>CORBEIENSIS.</strong></span> 
     </span>
    </p>
   </div>
   <div class='ocr_carea' id='block_1_53' title="bbox 949 3620 2504 3686">
    <p class='ocr_par' dir='ltr' id='par_1_53' title="bbox 949 3620 2504 3686">
     <span class='ocr_line' id='line_1_53' title="bbox 949 3620 2504 3686; baseline -0.005 -4"><span class='ocrx_word' id='word_1_239' title='bbox 949 3636 1072 3682; x_wconf 88' lang='lat' dir='ltr'><strong>runt</strong></span> <span class='ocrx_word' id='word_1_240' title='bbox 1121 3638 1242 3680; x_wconf 83' lang='lat' dir='ltr'><strong>ante</strong></span> <span class='ocrx_word' id='word_1_241' title='bbox 1300 3639 1414 3679; x_wconf 88' lang='lat' dir='ltr'><strong>vos.</strong></span> <span class='ocrx_word' id='word_1_242' title='bbox 1459 3623 1566 3677; x_wconf 80' lang='lat' dir='ltr'><strong>Vos</strong></span> <span class='ocrx_word' id='word_1_243' title='bbox 1607 3623 1733 3674; x_wconf 88' lang='lat' dir='ltr'><strong>estis</strong></span> <span class='ocrx_word' id='word_1_244' title='bbox 1776 3622 1848 3673; x_wconf 87' lang='lat' dir='ltr'><strong>sal</strong></span> <span class='ocrx_word' id='word_1_245' title='bbox 1896 3633 2085 3674; x_wconf 88' lang='lat' dir='ltr'><strong>terrae.</strong></span> <span class='ocrx_word' id='word_1_246' title='bbox 2143 3620 2293 3686; x_wconf 82' lang='lat' dir='ltr'><strong>Quod</strong></span> <span class='ocrx_word' id='word_1_247' title='bbox 2341 3622 2382 3674; x_wconf 87' lang='lat' dir='ltr'><strong>si</strong></span> <span class='ocrx_word' id='word_1_248' title='bbox 2424 3621 2504 3674; x_wconf 85' lang='lat' dir='ltr'><strong>sal</strong></span> 
     </span>
    </p>
   </div>
   <div class='ocr_carea' id='block_1_54' title="bbox 949 3690 2498 3760">
    <p class='ocr_par' dir='ltr' id='par_1_54' title="bbox 949 3690 2498 3760">
     <span class='ocr_line' id='line_1_54' title="bbox 949 3690 2498 3760; baseline -0.007 -8"><span class='ocrx_word' id='word_1_249' title='bbox 949 3699 1226 3752; x_wconf 80' lang='lat' dir='ltr'><strong>cvanuerit</strong></span> <span class='ocrx_word' id='word_1_250' title='bbox 1246 3734 1261 3760; x_wconf 89' lang='lat'><strong>,</strong></span> <span class='ocrx_word' id='word_1_251' title='bbox 1290 3697 1339 3747; x_wconf 91' lang='lat' dir='ltr'><strong>iu</strong></span> <span class='ocrx_word' id='word_1_252' title='bbox 1371 3707 1477 3760; x_wconf 90' lang='lat' dir='ltr'><strong>quo</strong></span> <span class='ocrx_word' id='word_1_253' title='bbox 1503 3692 1755 3744; x_wconf 78' lang='lat' dir='ltr'><strong>salietur?</strong></span> <span class='ocrx_word' id='word_1_254' title='bbox 1784 3691 1847 3742; x_wconf 88' lang='lat' dir='ltr'><strong>ad</strong></span> <span class='ocrx_word' id='word_1_255' title='bbox 1875 3690 2097 3742; x_wconf 88' lang='lat' dir='ltr'><strong>nihilum</strong></span> <span class='ocrx_word' id='word_1_256' title='bbox 2136 3692 2274 3760; x_wconf 85' lang='lat' dir='ltr'><strong>valet</strong></span> <span class='ocrx_word' id='word_1_257' title='bbox 2296 3691 2427 3760; x_wconf 82' lang='lat' dir='ltr'><strong>ultra</strong></span> <span class='ocrx_word' id='word_1_258' title='bbox 2459 3692 2498 3754; x_wconf 74' lang='lat'><strong>‘,</strong></span> 
     </span>
    </p>
   </div>
   <div class='ocr_carea' id='block_1_55' title="bbox 949 3759 2497 3821">
    <p class='ocr_par' dir='ltr' id='par_1_55' title="bbox 949 3759 2497 3821">
     <span class='ocr_line' id='line_1_55' title="bbox 949 3759 2497 3821; baseline -0.008 0"><span class='ocrx_word' id='word_1_259' title='bbox 949 3771 1050 3821; x_wconf 84' lang='lat' dir='ltr'><strong>nisi</strong></span> <span class='ocrx_word' id='word_1_260' title='bbox 1078 3776 1134 3820; x_wconf 85' lang='lat' dir='ltr'><strong>ut</strong></span> <span class='ocrx_word' id='word_1_261' title='bbox 1163 3759 1401 3819; x_wconf 79' lang='lat' dir='ltr'><strong>mittatur</strong></span> <span class='ocrx_word' id='word_1_262' title='bbox 1433 3762 1572 3814; x_wconf 91' lang='lat' dir='ltr'><strong>foras</strong></span> <span class='ocrx_word' id='word_1_263' title='bbox 1599 3778 1610 3810; x_wconf 88' lang='lat'>:</span> <span class='ocrx_word' id='word_1_264' title='bbox 1643 3770 1695 3813; x_wconf 89' lang='lat' dir='ltr'><strong>et</strong></span> <span class='ocrx_word' id='word_1_265' title='bbox 1719 3761 2057 3812; x_wconf 77' lang='lat' dir='ltr'><strong>conculcetur</strong></span> <span class='ocrx_word' id='word_1_266' title='bbox 2083 3760 2148 3811; x_wconf 91' lang='lat' dir='ltr'><strong>ab</strong></span> <span class='ocrx_word' id='word_1_267' title='bbox 2176 3759 2497 3810; x_wconf 85' lang='lat' dir='ltr'><strong>hominibus.</strong></span> 
     </span>
    </p>
   </div>
   <div class='ocr_carea' id='block_1_56' title="bbox 955 3827 2502 3896">
    <p class='ocr_par' dir='ltr' id='par_1_56' title="bbox 955 3827 2502 3896">
     <span class='ocr_line' id='line_1_56' title="bbox 955 3827 2502 3896; baseline -0.007 -4"><span class='ocrx_word' id='word_1_268' title='bbox 955 3839 1057 3892; x_wconf 74' lang='lat' dir='ltr'><strong>Vos</strong></span> <span class='ocrx_word' id='word_1_269' title='bbox 1087 3840 1217 3891; x_wconf 81' lang='lat' dir='ltr'><strong>estis</strong></span> <span class='ocrx_word' id='word_1_270' title='bbox 1244 3837 1332 3888; x_wconf 79' lang='lat' dir='ltr'><strong>lux</strong></span> <span class='ocrx_word' id='word_1_271' title='bbox 1372 3834 1392 3862; x_wconf 84' lang='grc'><em>³</em></span> <span class='ocrx_word' id='word_1_272' title='bbox 1430 3829 1628 3885; x_wconf 69' lang='lat' dir='ltr'><strong>monili.</strong></span> <span class='ocrx_word' id='word_1_273' title='bbox 1663 3827 1774 3881; x_wconf 88' lang='lat' dir='ltr'><strong>Non</strong></span> <span class='ocrx_word' id='word_1_274' title='bbox 1804 3838 1975 3896; x_wconf 88' lang='lat' dir='ltr'><strong>potest</strong></span> <span class='ocrx_word' id='word_1_275' title='bbox 2019 3830 2206 3881; x_wconf 85' lang='lat' dir='ltr'><strong>civitas</strong></span> <span class='ocrx_word' id='word_1_276' title='bbox 2249 3828 2502 3881; x_wconf 73' lang='lat' dir='ltr'><strong>abscondi</strong></span> 
     </span>
    </p>
   </div>
   <div class='ocr_carea' id='block_1_57' title="bbox 951 3897 2499 3974">
    <p class='ocr_par' dir='ltr' id='par_1_57' title="bbox 951 3897 2499 3974">
     <span class='ocr_line' id='line_1_57' title="bbox 951 3897 2499 3974; baseline -0.006 -16"><span class='ocrx_word' id='word_1_277' title='bbox 951 3922 1110 3974; x_wconf 85' lang='lat' dir='ltr'><strong>supra</strong></span> <span class='ocrx_word' id='word_1_278' title='bbox 1163 3916 1392 3958; x_wconf 91' lang='lat' dir='ltr'><strong>montem</strong></span> <span class='ocrx_word' id='word_1_279' title='bbox 1443 3901 1631 3974; x_wconf 85' lang='lat' dir='ltr'><strong>posita.</strong></span> <span class='ocrx_word' id='word_1_280' title='bbox 1651 3897 1844 3974; x_wconf 68' lang='lat' dir='ltr'><strong>Neque</strong></span> <span class='ocrx_word' id='word_1_281' title='bbox 1863 3898 2181 3974; x_wconf 45' lang='lat' dir='ltr'><strong>.aCCCIldUlll</strong></span> <span class='ocrx_word' id='word_1_282' title='bbox 2211 3897 2499 3974; x_wconf 72' lang='lat' dir='ltr'><strong>lucernam,</strong></span> 
     </span>
    </p>
   </div>
   <div class='ocr_carea' id='block_1_58' title="bbox 953 3965 2502 4041">
    <p class='ocr_par' dir='ltr' id='par_1_58' title="bbox 953 3965 2502 4041">
     <span class='ocr_line' id='line_1_58' title="bbox 953 3965 2502 4041; baseline -0.006 -15"><span class='ocrx_word' id='word_1_283' title='bbox 953 3965 1231 4041; x_wconf 58' lang='lat' dir='ltr'><strong>et&#39;ponunt</strong></span> <span class='ocrx_word' id='word_1_284' title='bbox 1254 3989 1366 4026; x_wconf 89' lang='lat' dir='ltr'><strong>eam</strong></span> <span class='ocrx_word' id='word_1_285' title='bbox 1398 3965 1495 4024; x_wconf 79' lang='lat' dir='ltr'><strong>sub</strong></span> <span class='ocrx_word' id='word_1_286' title='bbox 1543 3967 1753 4041; x_wconf 79' lang='lat' dir='ltr'><strong>modio;</strong></span> <span class='ocrx_word' id='word_1_287' title='bbox 1787 3966 1877 4041; x_wconf 80' lang='lat' dir='ltr'><strong>sed</strong></span> <span class='ocrx_word' id='word_1_288' title='bbox 1899 3981 2056 4034; x_wconf 88' lang='lat' dir='ltr'><strong>super</strong></span> <span class='ocrx_word' id='word_1_289' title='bbox 2106 3965 2502 4041; x_wconf 60' lang='lat' dir='ltr'><strong>candelabrum,</strong></span> 
     </span>
    </p>
   </div>
   <div class='ocr_carea' id='block_1_59' title="bbox 957 4035 2509 4105">
    <p class='ocr_par' dir='ltr' id='par_1_59' title="bbox 957 4035 2509 4105">
     <span class='ocr_line' id='line_1_59' title="bbox 957 4035 2509 4105; baseline -0.006 -10"><span class='ocrx_word' id='word_1_290' title='bbox 957 4035 1233 4095; x_wconf 57' lang='lat' dir='ltr'><strong>ut&#39;luceat</strong></span> <span class='ocrx_word' id='word_1_291' title='bbox 1277 4041 1517 4094; x_wconf 91' lang='lat' dir='ltr'><strong>omnibus</strong></span> <span class='ocrx_word' id='word_1_292' title='bbox 1560 4037 1646 4105; x_wconf 85' lang='lat' dir='ltr'><strong>qui</strong></span> <span class='ocrx_word' id='word_1_293' title='bbox 1705 4041 1755 4089; x_wconf 94' lang='lat' dir='ltr'><strong>in</strong></span> <span class='ocrx_word' id='word_1_294' title='bbox 1811 4037 1969 4089; x_wconf 86' lang='lat' dir='ltr'><strong>domo</strong></span> <span class='ocrx_word' id='word_1_295' title='bbox 2018 4047 2154 4088; x_wconf 90' lang='lat' dir='ltr'><strong>sunt.</strong></span> <span class='ocrx_word' id='word_1_296' title='bbox 2189 4035 2279 4089; x_wconf 88' lang='lat' dir='ltr'><strong>Sic</strong></span> <span class='ocrx_word' id='word_1_297' title='bbox 2335 4035 2509 4086; x_wconf 85' lang='lat' dir='ltr'><strong>luceat</strong></span> 
     </span>
    </p>
   </div>
   <div class='ocr_carea' id='block_1_60' title="bbox 956 4105 2505 4170">
    <p class='ocr_par' dir='ltr' id='par_1_60' title="bbox 956 4105 2505 4170">
     <span class='ocr_line' id='line_1_60' title="bbox 956 4105 2505 4170; baseline -0.006 -6"><span class='ocrx_word' id='word_1_298' title='bbox 956 4113 1043 4165; x_wconf 82' lang='lat' dir='ltr'><strong>lux</strong></span> <span class='ocrx_word' id='word_1_299' title='bbox 1112 4119 1282 4162; x_wconf 87' lang='lat' dir='ltr'><strong>vestra</strong></span> <span class='ocrx_word' id='word_1_300' title='bbox 1333 4125 1508 4163; x_wconf 89' lang='lat' dir='ltr'><strong>coram</strong></span> <span class='ocrx_word' id='word_1_301' title='bbox 1563 4105 1896 4170; x_wconf 86' lang='lat' dir='ltr'><strong>hominibus,</strong></span> <span class='ocrx_word' id='word_1_302' title='bbox 1951 4113 2010 4158; x_wconf 92' lang='lat' dir='ltr'><strong>ut</strong></span> <span class='ocrx_word' id='word_1_303' title='bbox 2072 4106 2283 4159; x_wconf 85' lang='lat' dir='ltr'><strong>videant</strong></span> <span class='ocrx_word' id='word_1_304' title='bbox 2331 4113 2505 4156; x_wconf 88' lang='lat' dir='ltr'><strong>vestra</strong></span> 
     </span>
    </p>
   </div>
   <div class='ocr_carea' id='block_1_61' title="bbox 957 4173 2505 4245">
    <p class='ocr_par' dir='ltr' id='par_1_61' title="bbox 957 4173 2505 4245">
     <span class='ocr_line' id='line_1_61' title="bbox 957 4173 2505 4245; baseline -0.005 -12"><span class='ocrx_word' id='word_1_305' title='bbox 957 4182 1093 4234; x_wconf 88' lang='lat' dir='ltr'><strong>bona</strong></span> <span class='ocrx_word' id='word_1_306' title='bbox 1151 4194 1334 4245; x_wconf 83' lang='lat' dir='ltr'><strong>Opera,</strong></span> <span class='ocrx_word' id='word_1_307' title='bbox 1383 4187 1436 4230; x_wconf 93' lang='lat' dir='ltr'><strong>et</strong></span> <span class='ocrx_word' id='word_1_308' title='bbox 1479 4177 1499 4207; x_wconf 82' lang='grc'>⁸</span> <span class='ocrx_word' id='word_1_309' title='bbox 1551 4177 1844 4245; x_wconf 78' lang='lat' dir='ltr'><strong>glorificent</strong></span> <span class='ocrx_word' id='word_1_310' title='bbox 1895 4183 2092 4242; x_wconf 84' lang='lat' dir='ltr'><strong>patrem</strong></span> <span class='ocrx_word' id='word_1_311' title='bbox 2126 4182 2382 4245; x_wconf 77' lang='lat' dir='ltr'><strong>vestrum,</strong></span> <span class='ocrx_word' id='word_1_312' title='bbox 2415 4173 2505 4240; x_wconf 89' lang='lat' dir='ltr'><strong>qui</strong></span> 
     </span>
    </p>
   </div>
   <div class='ocr_carea' id='block_1_62' title="bbox 957 4244 2506 4312">
    <p class='ocr_par' dir='ltr' id='par_1_62' title="bbox 957 4244 2506 4312">
     <span class='ocr_line' id='line_1_62' title="bbox 957 4244 2506 4312; baseline -0.004 -10"><span class='ocrx_word' id='word_1_313' title='bbox 957 4251 1009 4302; x_wconf 89' lang='lat' dir='ltr'><strong>in</strong></span> <span class='ocrx_word' id='word_1_314' title='bbox 1052 4244 1214 4301; x_wconf 71' lang='lat' dir='ltr'><strong>coelis</strong></span> <span class='ocrx_word' id='word_1_315' title='bbox 1267 4256 1366 4299; x_wconf 87' lang='lat' dir='ltr'><strong>est.</strong></span> <span class='ocrx_word' id='word_1_316' title='bbox 1419 4244 1587 4298; x_wconf 87' lang='lat' dir='ltr'><strong>Nolite</strong></span> <span class='ocrx_word' id='word_1_317' title='bbox 1619 4257 1801 4312; x_wconf 88' lang='lat' dir='ltr'><strong>putare</strong></span> <span class='ocrx_word' id='word_1_318' title='bbox 1841 4246 2084 4311; x_wconf 87' lang='lat' dir='ltr'><strong>quoniam</strong></span> <span class='ocrx_word' id='word_1_319' title='bbox 2114 4245 2236 4298; x_wconf 88' lang='lat' dir='ltr'><strong>veni</strong></span> <span class='ocrx_word' id='word_1_320' title='bbox 2295 4244 2506 4298; x_wconf 84' lang='lat' dir='ltr'><strong>solvere</strong></span> 
     </span>
    </p>
   </div>
   <div class='ocr_carea' id='block_1_63' title="bbox 959 4313 2502 4387">
    <p class='ocr_par' dir='ltr' id='par_1_63' title="bbox 959 4313 2502 4387">
     <span class='ocr_line' id='line_1_63' title="bbox 959 4313 2502 4387; baseline -0.005 -15"><span class='ocrx_word' id='word_1_321' title='bbox 959 4320 1150 4387; x_wconf 86' lang='lat' dir='ltr'><strong>legem,</strong></span> <span class='ocrx_word' id='word_1_322' title='bbox 1177 4325 1266 4367; x_wconf 86' lang='lat' dir='ltr'><strong>aut</strong></span> <span class='ocrx_word' id='word_1_323' title='bbox 1317 4313 1626 4387; x_wconf 73' lang='lat' dir='ltr'><strong>prophetas:</strong></span> <span class='ocrx_word' id='word_1_324' title='bbox 1648 4329 1757 4387; x_wconf 69' lang='lat' dir='ltr'><strong>non</strong></span> <span class='ocrx_word' id='word_1_325' title='bbox 1789 4315 1909 4364; x_wconf 87' lang='lat' dir='ltr'><strong>veni</strong></span> <span class='ocrx_word' id='word_1_326' title='bbox 1935 4314 2165 4387; x_wconf 74' lang='lat' dir='ltr'><strong>solvere,</strong></span> <span class='ocrx_word' id='word_1_327' title='bbox 2195 4314 2286 4365; x_wconf 86' lang='lat' dir='ltr'><strong>sed</strong></span> <span class='ocrx_word' id='word_1_328' title='bbox 2329 4313 2502 4364; x_wconf 85' lang='lat' dir='ltr'><strong>adiui-</strong></span> 
     </span>
    </p>
   </div>
   <div class='ocr_carea' id='block_1_64' title="bbox 958 4380 2501 4457">
    <p class='ocr_par' dir='ltr' id='par_1_64' title="bbox 958 4380 2501 4457">
     <span class='ocr_line' id='line_1_64' title="bbox 958 4380 2501 4457; baseline -0.008 -15"><span class='ocrx_word' id='word_1_329' title='bbox 958 4380 1124 4457; x_wconf 72' lang='lat' dir='ltr'><strong>plei&#39;e.</strong></span> <span class='ocrx_word' id='word_1_330' title='bbox 1139 4380 1182 4438; x_wconf 69' lang='grc' dir='ltr'>Α</span> <span class='ocrx_word' id='word_1_331' title='bbox 1193 4400 1308 4437; x_wconf 88' lang='lat' dir='ltr'><strong>men</strong></span> <span class='ocrx_word' id='word_1_332' title='bbox 1320 4380 1438 4435; x_wconf 77' lang='lat' dir='ltr'><strong>dico</strong></span> <span class='ocrx_word' id='word_1_333' title='bbox 1452 4381 1616 4443; x_wconf 81' lang='lat' dir='ltr'><strong>vobis,</strong></span> <span class='ocrx_word' id='word_1_334' title='bbox 1632 4380 1828 4432; x_wconf 68' lang='lat' dir='ltr'><strong>donec—1</strong></span> <span class='ocrx_word' id='word_1_335' title='bbox 1840 4387 2048 4431; x_wconf 76' lang='lat' dir='ltr'><strong>ranseat</strong></span> <span class='ocrx_word' id='word_1_336' title='bbox 2057 4385 2261 4457; x_wconf 72' lang='lat' dir='ltr'><strong>coelum</strong></span> <span class='ocrx_word' id='word_1_337' title='bbox 2278 4392 2329 4432; x_wconf 91' lang='lat' dir='ltr'><strong>et</strong></span> <span class='ocrx_word' id='word_1_338' title='bbox 2342 4393 2501 4457; x_wconf 78' lang='lat' dir='ltr'><strong>terra,</strong></span> 
     </span>
    </p>
   </div>
   <div class='ocr_carea' id='block_1_65' title="bbox 952 4446 2504 4526">
    <p class='ocr_par' dir='ltr' id='par_1_65' title="bbox 952 4446 2504 4526">
     <span class='ocr_line' id='line_1_65' title="bbox 952 4446 2504 4526; baseline -0.011 -16"><span class='ocrx_word' id='word_1_339' title='bbox 952 4446 1061 4526; x_wconf 72' lang='lat' dir='ltr'><strong>iota</strong></span> <span class='ocrx_word' id='word_1_340' title='bbox 1084 4471 1262 4515; x_wconf 89' lang='lat' dir='ltr'><strong>unum,</strong></span> <span class='ocrx_word' id='word_1_341' title='bbox 1289 4459 1534 4526; x_wconf 74' lang='lat' dir='ltr'><strong>autuiius</strong></span> <span class='ocrx_word' id='word_1_342' title='bbox 1551 4463 1684 4526; x_wconf 75' lang='lat' dir='ltr'><strong>apex</strong></span> <span class='ocrx_word' id='word_1_343' title='bbox 1726 4463 1829 4526; x_wconf 81' lang='lat' dir='ltr'><strong>non</strong></span> <span class='ocrx_word' id='word_1_344' title='bbox 1857 4446 2218 4526; x_wconf 54' lang='lat' dir='ltr'><strong>praeteribit}:</strong></span> <span class='ocrx_word' id='word_1_345' title='bbox 2246 4448 2504 4526; x_wconf 29' lang='lat' dir='ltr'><strong>legendo-</strong></span> 
     </span>
    </p>
   </div>
   <div class='ocr_carea' id='block_1_66' title="bbox 957 4515 2507 4585">
    <p class='ocr_par' dir='ltr' id='par_1_66' title="bbox 957 4515 2507 4585">
     <span class='ocr_line' id='line_1_66' title="bbox 957 4515 2507 4585; baseline -0.004 -10"><span class='ocrx_word' id='word_1_346' title='bbox 957 4515 1054 4581; x_wconf 75' lang='lat' dir='ltr'><strong>iicc</strong></span> <span class='ocrx_word' id='word_1_347' title='bbox 1069 4527 1090 4556; x_wconf 72' lang='grc'><strong>⁸</strong></span> <span class='ocrx_word' id='word_1_348' title='bbox 1111 4526 1284 4577; x_wconf 86' lang='lat' dir='ltr'><strong>omnia</strong></span> <span class='ocrx_word' id='word_1_349' title='bbox 1305 4524 1444 4574; x_wconf 78' lang='lat' dir='ltr'><strong>fiant.</strong></span> <span class='ocrx_word' id='word_1_350' title='bbox 1469 4519 1564 4584; x_wconf 88' lang='lat' dir='ltr'><strong>Qui</strong></span> <span class='ocrx_word' id='word_1_351' title='bbox 1589 4515 1714 4585; x_wconf 80' lang='lat' dir='ltr'><strong>ergo</strong></span> <span class='ocrx_word' id='word_1_352' title='bbox 1742 4516 1963 4585; x_wconf 78' lang='lat' dir='ltr'><strong>solverit</strong></span> <span class='ocrx_word' id='word_1_353' title='bbox 1981 4529 2138 4585; x_wconf 78' lang='lat' dir='ltr'><strong>unum</strong></span> <span class='ocrx_word' id='word_1_354' title='bbox 2161 4515 2227 4568; x_wconf 89' lang='lat' dir='ltr'><strong>de</strong></span> <span class='ocrx_word' id='word_1_355' title='bbox 2253 4515 2507 4569; x_wconf 87' lang='lat' dir='ltr'><strong>mandatis</strong></span> 
     </span>
    </p>
   </div>
   <div class='ocr_carea' id='block_1_67' title="bbox 957 4583 2507 4653">
    <p class='ocr_par' dir='ltr' id='par_1_67' title="bbox 957 4583 2507 4653">
     <span class='ocr_line' id='line_1_67' title="bbox 957 4583 2507 4653; baseline -0.009 -3"><span class='ocrx_word' id='word_1_356' title='bbox 957 4596 1071 4650; x_wconf 79' lang='lat' dir='ltr'><strong>iSIis</strong></span> <span class='ocrx_word' id='word_1_357' title='bbox 1102 4592 1330 4648; x_wconf 86' lang='lat' dir='ltr'><strong>minimis</strong></span> <span class='ocrx_word' id='word_1_358' title='bbox 1351 4632 1364 4653; x_wconf 95' lang='lat'><strong>,</strong></span> <span class='ocrx_word' id='word_1_359' title='bbox 1411 4600 1461 4643; x_wconf 91' lang='lat' dir='ltr'><strong>et</strong></span> <span class='ocrx_word' id='word_1_360' title='bbox 1485 4583 1725 4642; x_wconf 79' lang='lat' dir='ltr'><strong>docuerit</strong></span> <span class='ocrx_word' id='word_1_361' title='bbox 1750 4585 1824 4637; x_wconf 77' lang='lat' dir='ltr'><strong>sic</strong></span> <span class='ocrx_word' id='word_1_362' title='bbox 1850 4583 2391 4653; x_wconf 81' lang='lat' dir='ltr'><strong>homines,_minimiis</strong></span> <span class='ocrx_word' id='word_1_363' title='bbox 2421 4600 2507 4653; x_wconf 82' lang='lat' dir='ltr'><strong>vo-</strong></span> 
     </span>
    </p>
   </div>
   <div class='ocr_carea' id='block_1_68' title="bbox 957 4649 2504 4730">
    <p class='ocr_par' dir='ltr' id='par_1_68' title="bbox 957 4649 2504 4730">
     <span class='ocr_line' id='line_1_68' title="bbox 957 4649 2504 4730; baseline -0.009 -12"><span class='ocrx_word' id='word_1_364' title='bbox 957 4667 1158 4718; x_wconf 84' lang='lat' dir='ltr'><strong>cabitur</strong></span> <span class='ocrx_word' id='word_1_365' title='bbox 1189 4665 1236 4715; x_wconf 91' lang='lat' dir='ltr'><strong>in</strong></span> <span class='ocrx_word' id='word_1_366' title='bbox 1262 4649 1420 4730; x_wconf 80' lang='lat' dir='ltr'><strong>regno</strong></span> <span class='ocrx_word' id='word_1_367' title='bbox 1437 4659 1706 4712; x_wconf 80' lang='lat' dir='ltr'><strong>caelorum</strong></span> <span class='ocrx_word' id='word_1_368' title='bbox 1739 4654 1879 4730; x_wconf 87' lang='lat' dir='ltr'><strong>_:_qui</strong></span> <span class='ocrx_word' id='word_1_369' title='bbox 1910 4659 2086 4730; x_wconf 69' lang='lat' dir='ltr'><strong>autem</strong></span> <span class='ocrx_word' id='word_1_370' title='bbox 2119 4649 2383 4730; x_wconf 84' lang='lat' dir='ltr'><strong>fecerit_et</strong></span> <span class='ocrx_word' id='word_1_371' title='bbox 2413 4652 2504 4704; x_wconf 89' lang='lat' dir='ltr'><strong>do-</strong></span> 
     </span>
    </p>
   </div>
   <div class='ocr_carea' id='block_1_69' title="bbox 958 4721 2505 4798">
    <p class='ocr_par' dir='ltr' id='par_1_69' title="bbox 958 4721 2505 4798">
     <span class='ocr_line' id='line_1_69' title="bbox 958 4721 2505 4798; baseline -0.008 -12"><span class='ocrx_word' id='word_1_372' title='bbox 958 4733 1158 4797; x_wconf 83' lang='lat' dir='ltr'><strong>cuerit,</strong></span> <span class='ocrx_word' id='word_1_373' title='bbox 1186 4735 1205 4763; x_wconf 80' lang='grc'>³</span> <span class='ocrx_word' id='word_1_374' title='bbox 1237 4721 1347 4785; x_wconf 47' lang='lat' dir='ltr'><strong>bicv</strong></span> <span class='ocrx_word' id='word_1_375' title='bbox 1364 4742 1584 4798; x_wconf 84' lang='lat' dir='ltr'><strong>magnus</strong></span> <span class='ocrx_word' id='word_1_376' title='bbox 1606 4721 1880 4798; x_wconf 76' lang='lat' dir='ltr'><strong>vocabitur</strong></span> <span class='ocrx_word' id='word_1_377' title='bbox 1924 4723 1976 4798; x_wconf 88' lang='lat' dir='ltr'><strong>i_ii</strong></span> <span class='ocrx_word' id='word_1_378' title='bbox 2010 4734 2172 4798; x_wconf 73' lang='lat' dir='ltr'><strong>regno</strong></span> <span class='ocrx_word' id='word_1_379' title='bbox 2211 4721 2505 4798; x_wconf 77' lang='lat' dir='ltr'><strong>coeloruin.</strong></span> 
     </span>
    </p>
   </div>
   <div class='ocr_carea' id='block_1_70' title="bbox 963 4789 2505 4865">
    <p class='ocr_par' dir='ltr' id='par_1_70' title="bbox 963 4789 2505 4865">
     <span class='ocr_line' id='line_1_70' title="bbox 963 4789 2505 4865; baseline -0.008 -10"><span class='ocrx_word' id='word_1_380' title='bbox 963 4802 1089 4854; x_wconf 89' lang='lat' dir='ltr'><strong>Dico</strong></span> <span class='ocrx_word' id='word_1_381' title='bbox 1113 4789 1252 4854; x_wconf 77' lang='lat' dir='ltr'><strong>enim</strong></span> <span class='ocrx_word' id='word_1_382' title='bbox 1282 4799 1430 4853; x_wconf 83' lang='lat' dir='ltr'><strong>vobis</strong></span> <span class='ocrx_word' id='word_1_383' title='bbox 1451 4789 1477 4860; x_wconf 60' lang='grc' dir='ltr'><em>ζ</em></span> <span class='ocrx_word' id='word_1_384' title='bbox 1498 4797 1618 4865; x_wconf 83' lang='lat' dir='ltr'><strong>quia</strong></span> <span class='ocrx_word' id='word_1_385' title='bbox 1645 4794 1748 4848; x_wconf 82' lang='lat' dir='ltr'><strong>nisi</strong></span> <span class='ocrx_word' id='word_1_386' title='bbox 1774 4791 2128 4865; x_wconf 75' lang='lat' dir='ltr'><strong>abundaverit</strong></span> <span class='ocrx_word' id='word_1_387' title='bbox 2153 4789 2356 4856; x_wconf 75' lang='lat' dir='ltr'><strong>iustitia</strong></span> <span class='ocrx_word' id='word_1_388' title='bbox 2386 4804 2505 4865; x_wconf 79' lang='lat' dir='ltr'><strong>ves-</strong></span> 
     </span>
    </p>
   </div>
   <div class='ocr_carea' id='block_1_71' title="bbox 962 4859 2509 4936">
    <p class='ocr_par' dir='ltr' id='par_1_71' title="bbox 962 4859 2509 4936">
     <span class='ocr_line' id='line_1_71' title="bbox 962 4859 2509 4936; baseline -0.007 -15"><span class='ocrx_word' id='word_1_389' title='bbox 962 4880 1035 4922; x_wconf 81' lang='lat' dir='ltr'><strong>ira</strong></span> <span class='ocrx_word' id='word_1_390' title='bbox 1068 4871 1184 4936; x_wconf 69' lang='lat' dir='ltr'><strong>plus</strong></span> <span class='ocrx_word' id='word_1_391' title='bbox 1205 4883 1357 4936; x_wconf 88' lang='lat' dir='ltr'><strong>quam</strong></span> <span class='ocrx_word' id='word_1_392' title='bbox 1385 4859 1688 4921; x_wconf 71' lang='lat' dir='ltr'><strong>Scribarum</strong></span> <span class='ocrx_word' id='word_1_393' title='bbox 1708 4905 1720 4928; x_wconf 90' lang='lat'><strong>,</strong></span> <span class='ocrx_word' id='word_1_394' title='bbox 1753 4873 1807 4918; x_wconf 90' lang='lat' dir='ltr'><strong>et</strong></span> <span class='ocrx_word' id='word_1_395' title='bbox 1835 4862 2266 4936; x_wconf 75' lang='lat' dir='ltr'><strong>Pharisaeorum,</strong></span> <span class='ocrx_word' id='word_1_396' title='bbox 2301 4873 2404 4936; x_wconf 72' lang='lat' dir='ltr'><strong>non</strong></span> <span class='ocrx_word' id='word_1_397' title='bbox 2428 4859 2509 4911; x_wconf 87' lang='lat' dir='ltr'><strong>in-</strong></span> 
     </span>
    </p>
   </div>
   <div class='ocr_carea' id='block_1_72' title="bbox 959 4928 2506 5005">
    <p class='ocr_par' dir='ltr' id='par_1_72' title="bbox 959 4928 2506 5005">
     <span class='ocr_line' id='line_1_72' title="bbox 959 4928 2506 5005; baseline -0.008 -13"><span class='ocrx_word' id='word_1_398' title='bbox 959 4928 1161 4992; x_wconf 80' lang='lat' dir='ltr'><strong>trabitis</strong></span> <span class='ocrx_word' id='word_1_399' title='bbox 1191 4928 1240 4989; x_wconf 80' lang='lat' dir='ltr'><strong>iii</strong></span> <span class='ocrx_word' id='word_1_400' title='bbox 1269 4951 1484 5005; x_wconf 77' lang='lat' dir='ltr'><strong>regnum</strong></span> <span class='ocrx_word' id='word_1_401' title='bbox 1528 4936 1817 5005; x_wconf 80' lang='lat' dir='ltr'><strong>caelorum.</strong></span> <span class='ocrx_word' id='word_1_402' title='bbox 1868 4930 2103 5005; x_wconf 82' lang='lat' dir='ltr'><strong>Audistis</strong></span> <span class='ocrx_word' id='word_1_403' title='bbox 2141 4929 2265 4997; x_wconf 83' lang='lat' dir='ltr'><strong>quia</strong></span> <span class='ocrx_word' id='word_1_404' title='bbox 2307 4928 2506 5005; x_wconf 75' lang='lat' dir='ltr'><strong>dictum</strong></span> 
     </span>
    </p>
   </div>
   <div class='ocr_carea' id='block_1_73' title="bbox 960 4997 2504 5073">
    <p class='ocr_par' dir='ltr' id='par_1_73' title="bbox 960 4997 2504 5073">
     <span class='ocr_line' id='line_1_73' title="bbox 960 4997 2504 5073; baseline -0.008 -11"><span class='ocrx_word' id='word_1_405' title='bbox 960 5018 1040 5062; x_wconf 90' lang='lat' dir='ltr'><strong>est</strong></span> <span class='ocrx_word' id='word_1_406' title='bbox 1069 5007 1089 5037; x_wconf 83' lang='grc'><strong>⁶</strong></span> <span class='ocrx_word' id='word_1_407' title='bbox 1120 4997 1356 5073; x_wconf 69' lang='lat' dir='ltr'><strong>aiiiiquis</strong></span> <span class='ocrx_word' id='word_1_408' title='bbox 1384 5022 1396 5056; x_wconf 90' lang='lat'><strong>:</strong></span> <span class='ocrx_word' id='word_1_409' title='bbox 1429 5003 1542 5073; x_wconf 74' lang='lat' dir='ltr'><strong>Non</strong></span> <span class='ocrx_word' id='word_1_410' title='bbox 1567 5001 1774 5056; x_wconf 86' lang='lat' dir='ltr'><strong>occides</strong></span> <span class='ocrx_word' id='word_1_411' title='bbox 1805 5019 1822 5073; x_wconf 10' lang='lat'><strong>:7</strong></span> <span class='ocrx_word' id='word_1_412' title='bbox 1837 5004 1938 5073; x_wconf 82' lang='lat' dir='ltr'><strong>qui</strong></span> <span class='ocrx_word' id='word_1_413' title='bbox 1984 5009 2161 5073; x_wconf 81' lang='lat' dir='ltr'><strong>autem</strong></span> <span class='ocrx_word' id='word_1_414' title='bbox 2212 4997 2504 5073; x_wconf 73' lang='lat' dir='ltr'><strong>occiderit,</strong></span> 
     </span>
    </p>
   </div>
   <div class='ocr_carea' id='block_1_74' title="bbox 959 5068 2504 5142">
    <p class='ocr_par' dir='ltr' id='par_1_74' title="bbox 959 5068 2504 5142">
     <span class='ocr_line' id='line_1_74' title="bbox 959 5068 2504 5142; baseline -0.008 -10"><span class='ocrx_word' id='word_1_415' title='bbox 959 5093 1080 5132; x_wconf 89' lang='lat' dir='ltr'><strong>reus</strong></span> <span class='ocrx_word' id='word_1_416' title='bbox 1108 5077 1208 5130; x_wconf 91' lang='lat' dir='ltr'><strong>erit</strong></span> <span class='ocrx_word' id='word_1_417' title='bbox 1226 5068 1442 5142; x_wconf 81' lang='lat' dir='ltr'><strong>judicio.</strong></span> <span class='ocrx_word' id='word_1_418' title='bbox 1467 5072 1575 5142; x_wconf 85' lang='lat' dir='ltr'><strong>Ego</strong></span> <span class='ocrx_word' id='word_1_419' title='bbox 1603 5079 1778 5127; x_wconf 85' lang='lat' dir='ltr'><strong>autem</strong></span> <span class='ocrx_word' id='word_1_420' title='bbox 1798 5068 1915 5123; x_wconf 89' lang='lat' dir='ltr'><strong>dico</strong></span> <span class='ocrx_word' id='word_1_421' title='bbox 1945 5071 2093 5124; x_wconf 88' lang='lat' dir='ltr'><strong>vobis</strong></span> <span class='ocrx_word' id='word_1_422' title='bbox 2121 5086 2134 5123; x_wconf 90' lang='lat'><strong>:</strong></span> <span class='ocrx_word' id='word_1_423' title='bbox 2159 5069 2282 5138; x_wconf 90' lang='lat' dir='ltr'><strong>quia</strong></span> <span class='ocrx_word' id='word_1_424' title='bbox 2309 5068 2504 5132; x_wconf 86' lang='lat' dir='ltr'><strong>omnis,</strong></span> 
     </span>
    </p>
   </div>
   <div class='ocr_carea' id='block_1_75' title="bbox 956 5141 1480 5218">
    <p class='ocr_par' dir='ltr' id='par_1_75' title="bbox 956 5141 1480 5218">
     <span class='ocr_line' id='line_1_75' title="bbox 956 5141 1480 5218; baseline -0.017 -15"><span class='ocrx_word' id='word_1_425' title='bbox 956 5149 1044 5218; x_wconf 89' lang='lat' dir='ltr'><strong>qui</strong></span> <span class='ocrx_word' id='word_1_426' title='bbox 1069 5141 1310 5202; x_wconf 81' lang='lat' dir='ltr'><strong>irascitur</strong></span> <span class='ocrx_word' id='word_1_427' title='bbox 1332 5141 1480 5197; x_wconf 82' lang='lat' dir='ltr'><strong>fratri</strong></span> 
     </span>
    </p>
   </div>
   <div class='ocr_carea' id='block_1_76' title="bbox 944 3243 1316 3305">
    <p class='ocr_par' dir='ltr' id='par_1_76' title="bbox 944 3243 1316 3305">
     <span class='ocr_line' id='line_1_76' title="bbox 944 3243 1316 3305; baseline -0.008 -8"><span class='ocrx_word' id='word_1_428' title='bbox 944 3245 1064 3297; x_wconf 86' lang='lat' dir='ltr'><strong>veni</strong></span> <span class='ocrx_word' id='word_1_429' title='bbox 1090 3243 1316 3305; x_wconf 83' lang='lat' dir='ltr'><strong>solvere.</strong></span> 
     </span>
    </p>
   </div>
   <div class='ocr_carea' id='block_1_77' title="bbox 946 3310 1318 3378">
    <p class='ocr_par' dir='ltr' id='par_1_77' title="bbox 946 3310 1318 3378">
     <span class='ocr_line' id='line_1_77' title="bbox 946 3310 1318 3378; baseline -0.008 -13"><span class='ocrx_word' id='word_1_430' title='bbox 946 3311 1041 3365; x_wconf 91' lang='lat' dir='ltr'><strong>sed</strong></span> <span class='ocrx_word' id='word_1_431' title='bbox 1062 3310 1318 3378; x_wconf 87' lang='lat' dir='ltr'><strong>adimple-</strong></span> 
     </span>
    </p>
   </div>
   <div class='ocr_carea' id='block_1_78' title="bbox 1479 299 3628 392">
    <p class='ocr_par' dir='ltr' id='par_1_78' title="bbox 1479 299 3628 392">
     <span class='ocr_line' id='line_1_78' title="bbox 1479 299 3628 392; baseline -0.006 0"><span class='ocrx_word' id='word_1_432' title='bbox 1479 313 1739 392; x_wconf 80' lang='lat' dir='ltr'><strong>EUSEBll</strong></span> <span class='ocrx_word' id='word_1_433' title='bbox 1782 329 2107 388; x_wconf 79' lang='lat' dir='ltr'><strong>VERCELL.</strong></span> <span class='ocrx_word' id='word_1_434' title='bbox 2151 326 2586 386; x_wconf 73' lang='lat' dir='ltr'><strong>EVANGELlUM</strong></span> <span class='ocrx_word' id='word_1_435' title='bbox 2624 327 2762 385; x_wconf 75' lang='lat' dir='ltr'><strong>CUM</strong></span> <span class='ocrx_word' id='word_1_436' title='bbox 2801 299 3025 384; x_wconf 61' lang='lat' dir='ltr'><strong>VARUS</strong></span> <span class='ocrx_word' id='word_1_437' title='bbox 3059 327 3210 384; x_wconf 87' lang='lat' dir='ltr'><strong>COD.</strong></span> <span class='ocrx_word' id='word_1_438' title='bbox 3249 321 3628 384; x_wconf 71' lang='lat' dir='ltr'><strong>COLLATUH.</strong></span> 
     </span>
    </p>
   </div>
   <div class='ocr_carea' id='block_1_79' title="bbox 221 14 2376 81">
    <p class='ocr_par' dir='ltr' id='par_1_79' title="bbox 221 14 2160 81">
     <span class='ocr_line' id='line_1_79' title="bbox 221 14 2160 81; baseline -0.006 -31"><span class='ocrx_word' id='word_1_439' title='bbox 221 14 2160 81; x_wconf 61' lang='lat'><strong>—-._==________</strong></span> 
     </span>
    </p>
   </div>
   <div class='ocr_carea' id='block_1_80' title="bbox 4071 321 4176 374">
    <p class='ocr_par' dir='ltr' id='par_1_80' title="bbox 4071 321 4176 374">
     <span class='ocr_line' id='line_1_80' title="bbox 4071 321 4176 374; baseline 0.01 -1"><span class='ocrx_word' id='word_1_440' title='bbox 4071 321 4176 374; x_wconf 70' lang='lat' dir='ltr'><strong>IGl</strong></span> 
     </span>
    </p>
   </div>
   <div class='ocr_carea' id='block_1_81' title="bbox 3032 436 3727 495">
    <p class='ocr_par' dir='ltr' id='par_1_81' title="bbox 3032 436 3727 495">
     <span class='ocr_line' id='line_1_81' title="bbox 3032 436 3727 495; baseline -0.01 -1"><span class='ocrx_word' id='word_1_441' title='bbox 3032 438 3256 495; x_wconf 75' lang='lat' dir='ltr'><strong>CODEX</strong></span> <span class='ocrx_word' id='word_1_442' title='bbox 3296 436 3727 494; x_wconf 73' lang='lat' dir='ltr'><strong>VEBONENSIS.</strong></span> 
     </span>
    </p>
   </div>
   <div class='ocr_carea' id='block_1_82' title="bbox 2608 528 3798 596">
    <p class='ocr_par' dir='ltr' id='par_1_82' title="bbox 2608 528 3798 596">
     <span class='ocr_line' id='line_1_82' title="bbox 2608 528 3798 596; baseline -0.003 -16"><span class='ocrx_word' id='word_1_443' title='bbox 2608 528 2814 582; x_wconf 82' lang='lat' dir='ltr'><strong>fuerant</strong></span> <span class='ocrx_word' id='word_1_444' title='bbox 2839 538 2965 583; x_wconf 89' lang='lat' dir='ltr'><strong>ante</strong></span> <span class='ocrx_word' id='word_1_445' title='bbox 2987 543 3112 596; x_wconf 87' lang='lat' dir='ltr'><strong>vos,</strong></span> <span class='ocrx_word' id='word_1_446' title='bbox 3419 528 3524 580; x_wconf 90' lang='lat' dir='ltr'><strong>lum</strong></span> <span class='ocrx_word' id='word_1_447' title='bbox 3556 535 3608 579; x_wconf 89' lang='lat' dir='ltr'><strong>et</strong></span> <span class='ocrx_word' id='word_1_448' title='bbox 3638 536 3798 586; x_wconf 87' lang='lat' dir='ltr'><strong>terra,</strong></span> 
     </span>
    </p>
   </div>
   <div class='ocr_carea' id='block_1_83' title="bbox 2607 597 3728 666">
    <p class='ocr_par' dir='ltr' id='par_1_83' title="bbox 2607 597 3728 666">
     <span class='ocr_line' id='line_1_83' title="bbox 2607 597 3728 666; baseline 0.002 -20"><span class='ocrx_word' id='word_1_449' title='bbox 2607 609 2782 666; x_wconf 80' lang='lat' dir='ltr'><strong>patres</strong></span> <span class='ocrx_word' id='word_1_450' title='bbox 2805 614 3009 652; x_wconf 89' lang='lat' dir='ltr'><strong>eorum.</strong></span> <span class='ocrx_word' id='word_1_451' title='bbox 3408 597 3518 665; x_wconf 83' lang='lat' dir='ltr'><strong>jota</strong></span> <span class='ocrx_word' id='word_1_452' title='bbox 3549 610 3728 657; x_wconf 88' lang='lat' dir='ltr'><strong>unum.</strong></span> 
     </span>
    </p>
   </div>
   <div class='ocr_carea' id='block_1_84' title="bbox 2609 667 3820 732">
    <p class='ocr_par' dir='ltr' id='par_1_84' title="bbox 2609 667 3820 732">
     <span class='ocr_line' id='line_1_84' title="bbox 2609 667 3820 732; baseline -0.005 -12"><span class='ocrx_word' id='word_1_453' title='bbox 2609 667 2690 720; x_wconf 75' lang='grc'><strong>15.</strong></span> <span class='ocrx_word' id='word_1_454' title='bbox 2733 667 2837 721; x_wconf 82' lang='lat' dir='ltr'><strong>Vos</strong></span> <span class='ocrx_word' id='word_1_455' title='bbox 2867 671 2994 722; x_wconf 78' lang='lat' dir='ltr'><strong>estis</strong></span> <span class='ocrx_word' id='word_1_456' title='bbox 3034 667 3134 723; x_wconf 83' lang='lat' dir='ltr'><strong>sal.</strong></span> <span class='ocrx_word' id='word_1_457' title='bbox 3179 709 3191 721; x_wconf 96' lang='lat'><strong>.</strong></span> <span class='ocrx_word' id='word_1_458' title='bbox 3236 709 3248 722; x_wconf 94' lang='lat'><strong>.</strong></span> <span class='ocrx_word' id='word_1_459' title='bbox 3293 707 3306 721; x_wconf 93' lang='lat'><strong>.</strong></span> <span class='ocrx_word' id='word_1_460' title='bbox 3415 668 3495 720; x_wconf 90' lang='lat' dir='ltr'><strong>vel</strong></span> <span class='ocrx_word' id='word_1_461' title='bbox 3526 680 3659 718; x_wconf 84' lang='lat' dir='ltr'><strong>unus</strong></span> <span class='ocrx_word' id='word_1_462' title='bbox 3688 677 3820 732; x_wconf 79' lang='lat' dir='ltr'><strong>apex</strong></span> 
     </span>
    </p>
   </div>
   <div class='ocr_carea' id='block_1_85' title="bbox 2605 738 3783 803">
    <p class='ocr_par' dir='ltr' id='par_1_85' title="bbox 2605 738 3783 803">
     <span class='ocr_line' id='line_1_85' title="bbox 2605 738 3783 803; baseline -0.003 -13"><span class='ocrx_word' id='word_1_463' title='bbox 2605 738 2880 792; x_wconf 80' lang='lat' dir='ltr'><strong>evanueiit</strong></span> <span class='ocrx_word' id='word_1_464' title='bbox 2905 779 2918 799; x_wconf 93' lang='lat'><strong>,</strong></span> <span class='ocrx_word' id='word_1_465' title='bbox 2947 739 2995 790; x_wconf 93' lang='lat' dir='ltr'><strong>in</strong></span> <span class='ocrx_word' id='word_1_466' title='bbox 3417 753 3523 790; x_wconf 92' lang='lat' dir='ltr'><strong>non</strong></span> <span class='ocrx_word' id='word_1_467' title='bbox 3552 743 3783 803; x_wconf 44' lang='lat' dir='ltr'><strong>praeterj</strong></span> 
     </span>
    </p>
   </div>
   <div class='ocr_carea' id='block_1_86' title="bbox 2603 801 3852 874">
    <p class='ocr_par' dir='ltr' id='par_1_86' title="bbox 2603 801 3852 874">
     <span class='ocr_line' id='line_1_86' title="bbox 2603 801 3852 874; baseline 0 -19"><span class='ocrx_word' id='word_1_468' title='bbox 2603 820 2706 874; x_wconf 87' lang='lat' dir='ltr'><strong>quo</strong></span> <span class='ocrx_word' id='word_1_469' title='bbox 2733 807 2986 861; x_wconf 77' lang='lat' dir='ltr'><strong>salietur?</strong></span> <span class='ocrx_word' id='word_1_470' title='bbox 3421 807 3510 859; x_wconf 92' lang='lat' dir='ltr'><strong>ibit</strong></span> <span class='ocrx_word' id='word_1_471' title='bbox 3533 801 3564 857; x_wconf 82' lang='lat' dir='ltr'><strong>a</strong></span> <span class='ocrx_word' id='word_1_472' title='bbox 3588 805 3732 871; x_wconf 87' lang='lat' dir='ltr'><strong>lege,</strong></span> <span class='ocrx_word' id='word_1_473' title='bbox 3757 801 3852 860; x_wconf 82' lang='lat' dir='ltr'><strong>do-</strong></span> 
     </span>
    </p>
   </div>
   <div class='ocr_carea' id='block_1_87' title="bbox 2603 874 3715 930">
    <p class='ocr_par' dir='ltr' id='par_1_87' title="bbox 2603 874 3715 930">
     <span class='ocr_line' id='line_1_87' title="bbox 2603 874 3715 930; baseline -0.003 -2"><span class='ocrx_word' id='word_1_474' title='bbox 2603 875 2669 928; x_wconf 91' lang='lat' dir='ltr'><strong>ad</strong></span> <span class='ocrx_word' id='word_1_475' title='bbox 2697 876 2915 930; x_wconf 87' lang='lat' dir='ltr'><strong>nihilum</strong></span> <span class='ocrx_word' id='word_1_476' title='bbox 2948 891 3038 930; x_wconf 87' lang='lat' dir='ltr'><strong>va-</strong></span> <span class='ocrx_word' id='word_1_477' title='bbox 3421 891 3516 928; x_wconf 81' lang='lat' dir='ltr'><strong>iiec</strong></span> <span class='ocrx_word' id='word_1_478' title='bbox 3542 874 3715 928; x_wconf 87' lang='lat' dir='ltr'><strong>omnia</strong></span> 
     </span>
    </p>
   </div>
   <div class='ocr_carea' id='block_1_88' title="bbox 2607 945 3560 1015">
    <p class='ocr_par' dir='ltr' id='par_1_88' title="bbox 2607 945 3560 1015">
     <span class='ocr_line' id='line_1_88' title="bbox 2607 945 3560 1015; baseline -0.001 -19"><span class='ocrx_word' id='word_1_479' title='bbox 2607 945 2675 996; x_wconf 90' lang='lat' dir='ltr'><strong>let</strong></span> <span class='ocrx_word' id='word_1_480' title='bbox 2699 947 2770 1015; x_wconf 74' lang='grc' dir='ltr'><strong>(τι)</strong></span> <span class='ocrx_word' id='word_1_481' title='bbox 2789 989 2801 1010; x_wconf 88' lang='grc'><strong><em>,</em></strong></span> <span class='ocrx_word' id='word_1_482' title='bbox 2836 947 3016 999; x_wconf 73' lang='lat' dir='ltr'><strong>nisiut</strong></span> <span class='ocrx_word' id='word_1_483' title='bbox 3046 948 3171 1002; x_wconf 87' lang='lat' dir='ltr'><strong>mit-</strong></span> <span class='ocrx_word' id='word_1_484' title='bbox 3419 949 3560 997; x_wconf 81' lang='lat' dir='ltr'><strong>fiant.</strong></span> 
     </span>
    </p>
   </div>
   <div class='ocr_carea' id='block_1_89' title="bbox 2606 1013 3809 1076">
    <p class='ocr_par' dir='ltr' id='par_1_89' title="bbox 2606 1013 3809 1076">
     <span class='ocr_line' id='line_1_89' title="bbox 2606 1013 3809 1076; baseline 0 -12"><span class='ocrx_word' id='word_1_485' title='bbox 2606 1013 2895 1070; x_wconf 37' lang='lat' dir='ltr'><strong>tatur&#39;foris</strong></span> <span class='ocrx_word' id='word_1_486' title='bbox 2925 1035 2934 1067; x_wconf 93' lang='lat'>:</span> <span class='ocrx_word' id='word_1_487' title='bbox 2964 1027 3017 1070; x_wconf 87' lang='lat' dir='ltr'><strong>et</strong></span> <span class='ocrx_word' id='word_1_488' title='bbox 3045 1031 3172 1071; x_wconf 85' lang='lat' dir='ltr'><strong>con-</strong></span> <span class='ocrx_word' id='word_1_489' title='bbox 3417 1015 3498 1068; x_wconf 89' lang='grc'><strong>19.</strong></span> <span class='ocrx_word' id='word_1_490' title='bbox 3543 1014 3638 1076; x_wconf 86' lang='lat' dir='ltr'><strong>Qui</strong></span> <span class='ocrx_word' id='word_1_491' title='bbox 3666 1013 3809 1066; x_wconf 91' lang='lat' dir='ltr'><strong>enim</strong></span> 
     </span>
    </p>
   </div>
   <div class='ocr_carea' id='block_1_90' title="bbox 3415 1086 3809 1137">
    <p class='ocr_par' dir='ltr' id='par_1_90' title="bbox 3415 1086 3809 1137">
     <span class='ocr_line' id='line_1_90' title="bbox 3415 1086 3809 1137; baseline -0.01 0"><span class='ocrx_word' id='word_1_492' title='bbox 3415 1086 3626 1137; x_wconf 87' lang='lat' dir='ltr'><strong>solverit</strong></span> <span class='ocrx_word' id='word_1_493' title='bbox 3649 1097 3809 1134; x_wconf 90' lang='lat' dir='ltr'><strong>unum</strong></span> 
     </span>
    </p>
   </div>
   <div class='ocr_carea' id='block_1_91' title="bbox 3415 1152 3761 1207">
    <p class='ocr_par' dir='ltr' id='par_1_91' title="bbox 3415 1152 3761 1207">
     <span class='ocr_line' id='line_1_91' title="bbox 3415 1152 3761 1207; baseline -0.012 0"><span class='ocrx_word' id='word_1_494' title='bbox 3415 1152 3761 1207; x_wconf 85' lang='lat' dir='ltr'><strong>deinandans</strong></span> 
     </span>
    </p>
   </div>
   <div class='ocr_carea' id='block_1_92' title="bbox 3415 1223 3813 1282">
    <p class='ocr_par' dir='ltr' id='par_1_92' title="bbox 3415 1223 3813 1282">
     <span class='ocr_line' id='line_1_92' title="bbox 3415 1223 3813 1282; baseline -0.008 -8"><span class='ocrx_word' id='word_1_495' title='bbox 3415 1224 3524 1275; x_wconf 86' lang='lat' dir='ltr'><strong>istis</strong></span> <span class='ocrx_word' id='word_1_496' title='bbox 3554 1223 3783 1275; x_wconf 79' lang='lat' dir='ltr'><strong>minimis</strong></span> <span class='ocrx_word' id='word_1_497' title='bbox 3801 1262 3813 1282; x_wconf 92' lang='lat'><strong>,</strong></span> 
     </span>
    </p>
   </div>
   <div class='ocr_carea' id='block_1_93' title="bbox 3414 1291 3727 1346">
    <p class='ocr_par' dir='ltr' id='par_1_93' title="bbox 3414 1291 3727 1346">
     <span class='ocr_line' id='line_1_93' title="bbox 3414 1291 3727 1346; baseline -0.013 0"><span class='ocrx_word' id='word_1_498' title='bbox 3414 1303 3467 1346; x_wconf 89' lang='lat' dir='ltr'><strong>et</strong></span> <span class='ocrx_word' id='word_1_499' title='bbox 3491 1291 3727 1345; x_wconf 84' lang='lat' dir='ltr'><strong>docuerit</strong></span> 
     </span>
    </p>
   </div>
   <div class='ocr_carea' id='block_1_94' title="bbox 3413 1362 3794 1422">
    <p class='ocr_par' dir='ltr' id='par_1_94' title="bbox 3413 1362 3794 1422">
     <span class='ocr_line' id='line_1_94' title="bbox 3413 1362 3794 1422; baseline -0.008 -7"><span class='ocrx_word' id='word_1_500' title='bbox 3413 1365 3487 1416; x_wconf 86' lang='lat' dir='ltr'><strong>sic</strong></span> <span class='ocrx_word' id='word_1_501' title='bbox 3517 1362 3756 1414; x_wconf 86' lang='lat' dir='ltr'><strong>homines</strong></span> <span class='ocrx_word' id='word_1_502' title='bbox 3779 1398 3794 1422; x_wconf 93' lang='lat'><strong>,</strong></span> 
     </span>
    </p>
   </div>
   <div class='ocr_carea' id='block_1_95' title="bbox 3413 1431 3776 1485">
    <p class='ocr_par' dir='ltr' id='par_1_95' title="bbox 3413 1431 3776 1485">
     <span class='ocr_line' id='line_1_95' title="bbox 3413 1431 3776 1485; baseline -0.011 -1"><span class='ocrx_word' id='word_1_503' title='bbox 3413 1431 3656 1485; x_wconf 87' lang='lat' dir='ltr'><strong>minimus</strong></span> <span class='ocrx_word' id='word_1_504' title='bbox 3687 1444 3776 1481; x_wconf 82' lang='lat' dir='ltr'><strong>vo-</strong></span> 
     </span>
    </p>
   </div>
   <div class='ocr_carea' id='block_1_96' title="bbox 3410 1502 3795 1554">
    <p class='ocr_par' dir='ltr' id='par_1_96' title="bbox 3410 1502 3795 1554">
     <span class='ocr_line' id='line_1_96' title="bbox 3410 1502 3795 1554; baseline -0.008 0"><span class='ocrx_word' id='word_1_505' title='bbox 3410 1503 3612 1554; x_wconf 86' lang='lat' dir='ltr'><strong>cabitur</strong></span> <span class='ocrx_word' id='word_1_506' title='bbox 3639 1502 3688 1553; x_wconf 94' lang='lat' dir='ltr'><strong>iii</strong></span> <span class='ocrx_word' id='word_1_507' title='bbox 3714 1514 3795 1551; x_wconf 56' lang='lat' dir='ltr'><strong>re</strong></span> 
     </span>
    </p>
   </div>
   <div class='ocr_carea' id='block_1_97' title="bbox 3409 1572 3844 1638">
    <p class='ocr_par' dir='ltr' id='par_1_97' title="bbox 3409 1572 3844 1638">
     <span class='ocr_line' id='line_1_97' title="bbox 3409 1572 3844 1638; baseline -0.011 -15"><span class='ocrx_word' id='word_1_508' title='bbox 3409 1585 3511 1638; x_wconf 84' lang='lat' dir='ltr'><strong>gno</strong></span> <span class='ocrx_word' id='word_1_509' title='bbox 3541 1572 3805 1638; x_wconf 85' lang='lat' dir='ltr'><strong>caelorum</strong></span> <span class='ocrx_word' id='word_1_510' title='bbox 3831 1583 3844 1617; x_wconf 88' lang='lat'><strong>:</strong></span> 
     </span>
    </p>
   </div>
   <div class='ocr_carea' id='block_1_98' title="bbox 3406 1637 3867 1707">
    <p class='ocr_par' dir='ltr' id='par_1_98' title="bbox 3406 1637 3867 1707">
     <span class='ocr_line' id='line_1_98' title="bbox 3406 1637 3867 1707; baseline -0.002 -15"><span class='ocrx_word' id='word_1_511' title='bbox 3406 1637 3492 1707; x_wconf 83' lang='lat' dir='ltr'><strong>qui</strong></span> <span class='ocrx_word' id='word_1_512' title='bbox 3521 1651 3694 1692; x_wconf 89' lang='lat' dir='ltr'><strong>autem</strong></span> <span class='ocrx_word' id='word_1_513' title='bbox 3727 1637 3867 1691; x_wconf 82' lang='lat' dir='ltr'><strong>lece-</strong></span> 
     </span>
    </p>
   </div>
   <div class='ocr_carea' id='block_1_99' title="bbox 3409 1711 3764 1762">
    <p class='ocr_par' dir='ltr' id='par_1_99' title="bbox 3409 1711 3764 1762">
     <span class='ocr_line' id='line_1_99' title="bbox 3409 1711 3764 1762; baseline -0.006 0"><span class='ocrx_word' id='word_1_514' title='bbox 3409 1711 3475 1762; x_wconf 90' lang='lat' dir='ltr'><strong>rit</strong></span> <span class='ocrx_word' id='word_1_515' title='bbox 3495 1720 3545 1762; x_wconf 90' lang='lat' dir='ltr'><strong>et</strong></span> <span class='ocrx_word' id='word_1_516' title='bbox 3568 1711 3764 1762; x_wconf 85' lang='lat' dir='ltr'><strong>docue-</strong></span> 
     </span>
    </p>
   </div>
   <div class='ocr_carea' id='block_1_100' title="bbox 3410 1778 3866 1842">
    <p class='ocr_par' dir='ltr' id='par_1_100' title="bbox 3410 1778 3866 1842">
     <span class='ocr_line' id='line_1_100' title="bbox 3410 1778 3866 1842; baseline -0.009 -11"><span class='ocrx_word' id='word_1_517' title='bbox 3410 1778 3477 1831; x_wconf 86' lang='lat' dir='ltr'><strong>rit</strong></span> <span class='ocrx_word' id='word_1_518' title='bbox 3496 1782 3567 1831; x_wconf 80' lang='lat' dir='ltr'><strong>sic</strong></span> <span class='ocrx_word' id='word_1_519' title='bbox 3589 1818 3603 1842; x_wconf 91' lang='lat'><strong>,</strong></span> <span class='ocrx_word' id='word_1_520' title='bbox 3641 1780 3724 1831; x_wconf 89' lang='lat' dir='ltr'><strong>liic</strong></span> <span class='ocrx_word' id='word_1_521' title='bbox 3756 1791 3866 1829; x_wconf 86' lang='lat' dir='ltr'><strong>ma-</strong></span> 
     </span>
    </p>
   </div>
   <div class='ocr_carea' id='block_1_101' title="bbox 3405 1847 3766 1916">
    <p class='ocr_par' dir='ltr' id='par_1_101' title="bbox 3405 1847 3766 1916">
     <span class='ocr_line' id='line_1_101' title="bbox 3405 1847 3766 1916; baseline 0 -16"><span class='ocrx_word' id='word_1_522' title='bbox 3405 1862 3535 1916; x_wconf 81' lang='lat' dir='ltr'><strong>gnus</strong></span> <span class='ocrx_word' id='word_1_523' title='bbox 3556 1863 3679 1900; x_wconf 86' lang='lat' dir='ltr'><strong>voca</strong></span> <span class='ocrx_word' id='word_1_524' title='bbox 3689 1847 3766 1900; x_wconf 78' lang='lat' dir='ltr'><strong>bi-</strong></span> 
     </span>
    </p>
   </div>
   <div class='ocr_carea' id='block_1_102' title="bbox 3407 1919 3753 1986">
    <p class='ocr_par' dir='ltr' id='par_1_102' title="bbox 3407 1919 3753 1986">
     <span class='ocr_line' id='line_1_102' title="bbox 3407 1919 3753 1986; baseline 0.003 -17"><span class='ocrx_word' id='word_1_525' title='bbox 3407 1928 3487 1970; x_wconf 92' lang='lat' dir='ltr'><strong>tur</strong></span> <span class='ocrx_word' id='word_1_526' title='bbox 3511 1919 3559 1969; x_wconf 91' lang='lat' dir='ltr'><strong>in</strong></span> <span class='ocrx_word' id='word_1_527' title='bbox 3592 1932 3753 1986; x_wconf 82' lang='lat' dir='ltr'><strong>regno</strong></span> 
     </span>
    </p>
   </div>
   <div class='ocr_carea' id='block_1_103' title="bbox 3406 1987 3693 2039">
    <p class='ocr_par' dir='ltr' id='par_1_103' title="bbox 3406 1987 3693 2039">
     <span class='ocr_line' id='line_1_103' title="bbox 3406 1987 3693 2039; baseline -0.007 0"><span class='ocrx_word' id='word_1_528' title='bbox 3406 1987 3693 2039; x_wconf 87' lang='lat' dir='ltr'><strong>caelorum.</strong></span> 
     </span>
    </p>
   </div>
   <div class='ocr_carea' id='block_1_104' title="bbox 3404 2055 3985 2108">
    <p class='ocr_par' dir='ltr' id='par_1_104' title="bbox 3404 2055 3985 2108">
     <span class='ocr_line' id='line_1_104' title="bbox 3404 2055 3985 2108; baseline -0.003 -1"><span class='ocrx_word' id='word_1_529' title='bbox 3404 2055 3489 2108; x_wconf 74' lang='lat'><strong>20.</strong></span> <span class='ocrx_word' id='word_1_530' title='bbox 3537 2058 3660 2108; x_wconf 90' lang='lat' dir='ltr'><strong>Dico</strong></span> <span class='ocrx_word' id='word_1_531' title='bbox 3688 2063 3863 2107; x_wconf 89' lang='lat' dir='ltr'><strong>autem</strong></span> <span class='ocrx_word' id='word_1_532' title='bbox 3886 2067 3985 2105; x_wconf 80' lang='lat' dir='ltr'><strong>vo-</strong></span> 
     </span>
    </p>
   </div>
   <div class='ocr_carea' id='block_1_105' title="bbox 3403 2123 3982 2192">
    <p class='ocr_par' dir='ltr' id='par_1_105' title="bbox 3403 2123 3982 2192">
     <span class='ocr_line' id='line_1_105' title="bbox 3403 2123 3982 2192; baseline -0.003 -14"><span class='ocrx_word' id='word_1_533' title='bbox 3403 2124 3481 2178; x_wconf 89' lang='lat' dir='ltr'><strong>bis</strong></span> <span class='ocrx_word' id='word_1_534' title='bbox 3499 2166 3512 2186; x_wconf 90' lang='grc'><em>,</em></span> <span class='ocrx_word' id='word_1_535' title='bbox 3539 2127 3655 2192; x_wconf 86' lang='lat' dir='ltr'><strong>quia</strong></span> <span class='ocrx_word' id='word_1_536' title='bbox 3683 2125 3781 2177; x_wconf 86' lang='lat' dir='ltr'><strong>nisi</strong></span> <span class='ocrx_word' id='word_1_537' title='bbox 3808 2123 3982 2176; x_wconf 63' lang='lat' dir='ltr'><strong>abii.-</strong></span> 
     </span>
    </p>
   </div>
   <div class='ocr_carea' id='block_1_106' title="bbox 3403 2196 3789 2261">
    <p class='ocr_par' dir='ltr' id='par_1_106' title="bbox 3403 2196 3789 2261">
     <span class='ocr_line' id='line_1_106' title="bbox 3403 2196 3789 2261; baseline -0.003 -14"><span class='ocrx_word' id='word_1_538' title='bbox 3403 2197 3609 2248; x_wconf 85' lang='lat' dir='ltr'><strong>davcrit</strong></span> <span class='ocrx_word' id='word_1_539' title='bbox 3635 2196 3789 2261; x_wconf 87' lang='lat' dir='ltr'><strong>justi—</strong></span> 
     </span>
    </p>
   </div>
   <div class='ocr_carea' id='block_1_107' title="bbox 3409 2265 3859 2333">
    <p class='ocr_par' dir='ltr' id='par_1_107' title="bbox 3409 2265 3859 2333">
     <span class='ocr_line' id='line_1_107' title="bbox 3409 2265 3859 2333; baseline 0 -17"><span class='ocrx_word' id='word_1_540' title='bbox 3409 2265 3478 2316; x_wconf 88' lang='lat' dir='ltr'><strong>tia</strong></span> <span class='ocrx_word' id='word_1_541' title='bbox 3511 2273 3686 2316; x_wconf 87' lang='lat' dir='ltr'><strong>vestra</strong></span> <span class='ocrx_word' id='word_1_542' title='bbox 3718 2265 3859 2333; x_wconf 78' lang='lat' dir='ltr'><strong>plus-</strong></span> 
     </span>
    </p>
   </div>
   <div class='ocr_carea' id='block_1_108' title="bbox 3403 2334 3798 2404">
    <p class='ocr_par' dir='ltr' id='par_1_108' title="bbox 3403 2334 3798 2404">
     <span class='ocr_line' id='line_1_108' title="bbox 3403 2334 3798 2404; baseline 0 -19"><span class='ocrx_word' id='word_1_543' title='bbox 3403 2349 3558 2404; x_wconf 90' lang='lat' dir='ltr'><strong>quam</strong></span> <span class='ocrx_word' id='word_1_544' title='bbox 3589 2334 3798 2404; x_wconf 73' lang='lat' dir='ltr'><strong>Scriba-</strong></span> 
     </span>
    </p>
   </div>
   <div class='ocr_carea' id='block_1_109' title="bbox 3404 2401 3871 2471">
    <p class='ocr_par' dir='ltr' id='par_1_109' title="bbox 3404 2401 3871 2471">
     <span class='ocr_line' id='line_1_109' title="bbox 3404 2401 3871 2471; baseline -0.004 -14"><span class='ocrx_word' id='word_1_545' title='bbox 3404 2401 3517 2457; x_wconf 74' lang='lat' dir='ltr'><strong>rum</strong></span> <span class='ocrx_word' id='word_1_546' title='bbox 3541 2448 3553 2467; x_wconf 86' lang='lat'><strong>,</strong></span> <span class='ocrx_word' id='word_1_547' title='bbox 3588 2413 3641 2457; x_wconf 92' lang='lat' dir='ltr'><strong>et</strong></span> <span class='ocrx_word' id='word_1_548' title='bbox 3671 2401 3871 2471; x_wconf 56' lang='lat' dir='ltr'><strong>Pliari-f</strong></span> 
     </span>
    </p>
   </div>
   <div class='ocr_carea' id='block_1_110' title="bbox 2603 1085 3054 1141">
    <p class='ocr_par' dir='ltr' id='par_1_110' title="bbox 2603 1085 3054 1141">
     <span class='ocr_line' id='line_1_110' title="bbox 2603 1085 3054 1141; baseline -0.002 -3"><span class='ocrx_word' id='word_1_549' title='bbox 2603 1085 2837 1139; x_wconf 84' lang='lat' dir='ltr'><strong>Culcetur</strong></span> <span class='ocrx_word' id='word_1_550' title='bbox 2865 1088 2930 1141; x_wconf 89' lang='lat' dir='ltr'><strong>ab</strong></span> <span class='ocrx_word' id='word_1_551' title='bbox 2959 1087 3054 1138; x_wconf 90' lang='lat' dir='ltr'><strong>bo-</strong></span> 
     </span>
    </p>
   </div>
   <div class='ocr_carea' id='block_1_111' title="bbox 2604 1155 2854 1209">
    <p class='ocr_par' dir='ltr' id='par_1_111' title="bbox 2604 1155 2854 1209">
     <span class='ocr_line' id='line_1_111' title="bbox 2604 1155 2854 1209; baseline 0.016 -4"><span class='ocrx_word' id='word_1_552' title='bbox 2604 1155 2854 1209; x_wconf 89' lang='lat' dir='ltr'><strong>minibus.</strong></span> 
     </span>
    </p>
   </div>
   <div class='ocr_carea' id='block_1_112' title="bbox 2604 1223 3239 1292">
    <p class='ocr_par' dir='ltr' id='par_1_112' title="bbox 2604 1223 3239 1292">
     <span class='ocr_line' id='line_1_112' title="bbox 2604 1223 3239 1292; baseline 0.002 -15"><span class='ocrx_word' id='word_1_553' title='bbox 2604 1223 2690 1277; x_wconf 83' lang='grc'><strong>14.</strong></span> <span class='ocrx_word' id='word_1_554' title='bbox 2736 1231 2837 1292; x_wconf 79' lang='lat' dir='ltr'><strong>vos</strong></span> <span class='ocrx_word' id='word_1_555' title='bbox 2864 1226 2992 1280; x_wconf 89' lang='lat' dir='ltr'><strong>estis</strong></span> <span class='ocrx_word' id='word_1_556' title='bbox 3026 1223 3113 1279; x_wconf 81' lang='lat' dir='ltr'><strong>lux</strong></span> <span class='ocrx_word' id='word_1_557' title='bbox 3145 1225 3239 1278; x_wconf 85' lang='lat' dir='ltr'><strong>bu-</strong></span> 
     </span>
    </p>
   </div>
   <div class='ocr_carea' id='block_1_113' title="bbox 2604 1295 3064 1360">
    <p class='ocr_par' dir='ltr' id='par_1_113' title="bbox 2604 1295 3064 1360">
     <span class='ocr_line' id='line_1_113' title="bbox 2604 1295 3064 1360; baseline 0.011 -16"><span class='ocrx_word' id='word_1_558' title='bbox 2604 1295 2688 1360; x_wconf 86' lang='lat' dir='ltr'><strong>jus</strong></span> <span class='ocrx_word' id='word_1_559' title='bbox 2715 1295 2916 1349; x_wconf 90' lang='lat' dir='ltr'><strong>mundi.</strong></span> <span class='ocrx_word' id='word_1_560' title='bbox 2947 1295 3064 1349; x_wconf 90' lang='lat' dir='ltr'><strong>Non</strong></span> 
     </span>
    </p>
   </div>
   <div class='ocr_carea' id='block_1_114' title="bbox 2605 1366 2991 1430">
    <p class='ocr_par' dir='ltr' id='par_1_114' title="bbox 2605 1366 2991 1430">
     <span class='ocr_line' id='line_1_114' title="bbox 2605 1366 2991 1430; baseline 0.013 -15"><span class='ocrx_word' id='word_1_561' title='bbox 2605 1374 2779 1430; x_wconf 87' lang='lat' dir='ltr'><strong>potest</strong></span> <span class='ocrx_word' id='word_1_562' title='bbox 2806 1366 2991 1419; x_wconf 82' lang='lat' dir='ltr'><strong>civitas</strong></span> 
     </span>
    </p>
   </div>
   <div class='ocr_carea' id='block_1_115' title="bbox 2604 1445 3017 1501">
    <p class='ocr_par' dir='ltr' id='par_1_115' title="bbox 2604 1445 3017 1501">
     <span class='ocr_line' id='line_1_115' title="bbox 2604 1445 3017 1501; baseline 0.01 -16"><span class='ocrx_word' id='word_1_563' title='bbox 2604 1447 2760 1501; x_wconf 88' lang='lat' dir='ltr'><strong>supra</strong></span> <span class='ocrx_word' id='word_1_564' title='bbox 2788 1445 3017 1489; x_wconf 88' lang='lat' dir='ltr'><strong>montem</strong></span> 
     </span>
    </p>
   </div>
   <div class='ocr_carea' id='block_1_116' title="bbox 2607 1504 3064 1568">
    <p class='ocr_par' dir='ltr' id='par_1_116' title="bbox 2607 1504 3064 1568">
     <span class='ocr_line' id='line_1_116' title="bbox 2607 1504 3064 1568; baseline 0.002 -14"><span class='ocrx_word' id='word_1_565' title='bbox 2607 1505 2771 1568; x_wconf 84' lang='lat' dir='ltr'><strong>posita</strong></span> <span class='ocrx_word' id='word_1_566' title='bbox 2796 1504 3064 1558; x_wconf 86' lang='lat' dir='ltr'><strong>abscondi.</strong></span> 
     </span>
    </p>
   </div>
   <div class='ocr_carea' id='block_1_117' title="bbox 2605 1571 3101 1639">
    <p class='ocr_par' dir='ltr' id='par_1_117' title="bbox 2605 1571 3101 1639">
     <span class='ocr_line' id='line_1_117' title="bbox 2605 1571 3101 1639; baseline 0.008 -16"><span class='ocrx_word' id='word_1_567' title='bbox 2605 1571 2781 1639; x_wconf 75' lang='lat' dir='ltr'><strong>Neque</strong></span> <span class='ocrx_word' id='word_1_568' title='bbox 2810 1574 3101 1627; x_wconf 76' lang='lat' dir='ltr'><strong>accendunt</strong></span> 
     </span>
    </p>
   </div>
   <div class='ocr_carea' id='block_1_118' title="bbox 2609 1641 3105 1704">
    <p class='ocr_par' dir='ltr' id='par_1_118' title="bbox 2609 1641 3105 1704">
     <span class='ocr_line' id='line_1_118' title="bbox 2609 1641 3105 1704; baseline 0.008 -12"><span class='ocrx_word' id='word_1_569' title='bbox 2609 1641 2690 1694; x_wconf 90' lang='grc'><strong>15.</strong></span> <span class='ocrx_word' id='word_1_570' title='bbox 2733 1642 3020 1704; x_wconf 84' lang='lat' dir='ltr'><strong>lucernam.</strong></span> <span class='ocrx_word' id='word_1_571' title='bbox 3050 1652 3105 1696; x_wconf 81' lang='lat' dir='ltr'><strong>et</strong></span> 
     </span>
    </p>
   </div>
   <div class='ocr_carea' id='block_1_119' title="bbox 2610 1712 3074 1778">
    <p class='ocr_par' dir='ltr' id='par_1_119' title="bbox 2610 1712 3074 1778">
     <span class='ocr_line' id='line_1_119' title="bbox 2610 1712 3074 1778; baseline 0.009 -16"><span class='ocrx_word' id='word_1_572' title='bbox 2610 1719 2808 1778; x_wconf 90' lang='lat' dir='ltr'><strong>ponunt</strong></span> <span class='ocrx_word' id='word_1_573' title='bbox 2835 1726 2950 1765; x_wconf 86' lang='lat' dir='ltr'><strong>eam</strong></span> <span class='ocrx_word' id='word_1_574' title='bbox 2976 1712 3074 1766; x_wconf 84' lang='lat' dir='ltr'><strong>sub</strong></span> 
     </span>
    </p>
   </div>
   <div class='ocr_carea' id='block_1_120' title="bbox 2609 1780 2924 1843">
    <p class='ocr_par' dir='ltr' id='par_1_120' title="bbox 2609 1780 2924 1843">
     <span class='ocr_line' id='line_1_120' title="bbox 2609 1780 2924 1843; baseline 0.01 -12"><span class='ocrx_word' id='word_1_575' title='bbox 2609 1780 2803 1843; x_wconf 89' lang='lat' dir='ltr'><strong>modio,</strong></span> <span class='ocrx_word' id='word_1_576' title='bbox 2833 1782 2924 1834; x_wconf 89' lang='lat' dir='ltr'><strong>sed</strong></span> 
     </span>
    </p>
   </div>
   <div class='ocr_carea' id='block_1_121' title="bbox 2605 1851 2987 1917">
    <p class='ocr_par' dir='ltr' id='par_1_121' title="bbox 2605 1851 2987 1917">
     <span class='ocr_line' id='line_1_121' title="bbox 2605 1851 2987 1917; baseline 0.008 -16"><span class='ocrx_word' id='word_1_577' title='bbox 2605 1863 2761 1917; x_wconf 86' lang='lat' dir='ltr'><strong>supra</strong></span> <span class='ocrx_word' id='word_1_578' title='bbox 2791 1851 2987 1904; x_wconf 86' lang='lat' dir='ltr'><strong>cande-</strong></span> 
     </span>
    </p>
   </div>
   <div class='ocr_carea' id='block_1_122' title="bbox 2602 1918 3014 1981">
    <p class='ocr_par' dir='ltr' id='par_1_122' title="bbox 2602 1918 3014 1981">
     <span class='ocr_line' id='line_1_122' title="bbox 2602 1918 3014 1981; baseline 0.007 -11"><span class='ocrx_word' id='word_1_579' title='bbox 2602 1918 2826 1981; x_wconf 84' lang='lat' dir='ltr'><strong>labrum,</strong></span> <span class='ocrx_word' id='word_1_580' title='bbox 2855 1930 2910 1972; x_wconf 91' lang='lat' dir='ltr'><strong>ut</strong></span> <span class='ocrx_word' id='word_1_581' title='bbox 2934 1921 3014 1973; x_wconf 85' lang='lat' dir='ltr'><strong>lu-</strong></span> 
     </span>
    </p>
   </div>
   <div class='ocr_carea' id='block_1_123' title="bbox 2602 1988 3111 2044">
    <p class='ocr_par' dir='ltr' id='par_1_123' title="bbox 2602 1988 3111 2044">
     <span class='ocr_line' id='line_1_123' title="bbox 2602 1988 3111 2044; baseline 0.01 -5"><span class='ocrx_word' id='word_1_582' title='bbox 2602 1988 2684 2040; x_wconf 91' lang='grc'><strong>16.</strong></span> <span class='ocrx_word' id='word_1_583' title='bbox 2727 1999 2844 2041; x_wconf 90' lang='lat' dir='ltr'><strong>ceat</strong></span> <span class='ocrx_word' id='word_1_584' title='bbox 2867 1989 3111 2044; x_wconf 80' lang='lat' dir='ltr'><strong>omnibus</strong></span> 
     </span>
    </p>
   </div>
   <div class='ocr_carea' id='block_1_124' title="bbox 2595 2057 2944 2125">
    <p class='ocr_par' dir='ltr' id='par_1_124' title="bbox 2595 2057 2944 2125">
     <span class='ocr_line' id='line_1_124' title="bbox 2595 2057 2944 2125; baseline 0.009 -17"><span class='ocrx_word' id='word_1_585' title='bbox 2595 2058 2682 2125; x_wconf 91' lang='lat' dir='ltr'><strong>qui</strong></span> <span class='ocrx_word' id='word_1_586' title='bbox 2708 2058 2756 2108; x_wconf 94' lang='lat' dir='ltr'><strong>in</strong></span> <span class='ocrx_word' id='word_1_587' title='bbox 2786 2057 2944 2112; x_wconf 91' lang='lat' dir='ltr'><strong>domo</strong></span> 
     </span>
    </p>
   </div>
   <div class='ocr_carea' id='block_1_125' title="bbox 2597 2128 2959 2180">
    <p class='ocr_par' dir='ltr' id='par_1_125' title="bbox 2597 2128 2959 2180">
     <span class='ocr_line' id='line_1_125' title="bbox 2597 2128 2959 2180; baseline 0 -1"><span class='ocrx_word' id='word_1_588' title='bbox 2597 2135 2737 2179; x_wconf 81' lang='lat' dir='ltr'><strong>sunt.</strong></span> <span class='ocrx_word' id='word_1_589' title='bbox 2770 2128 2854 2179; x_wconf 89' lang='lat' dir='ltr'><strong>Sic</strong></span> <span class='ocrx_word' id='word_1_590' title='bbox 2882 2129 2959 2180; x_wconf 87' lang='lat' dir='ltr'><strong>lti-</strong></span> 
     </span>
    </p>
   </div>
   <div class='ocr_carea' id='block_1_126' title="bbox 2597 2196 3025 2251">
    <p class='ocr_par' dir='ltr' id='par_1_126' title="bbox 2597 2196 3025 2251">
     <span class='ocr_line' id='line_1_126' title="bbox 2597 2196 3025 2251; baseline 0.007 -3"><span class='ocrx_word' id='word_1_591' title='bbox 2597 2206 2714 2249; x_wconf 91' lang='lat' dir='ltr'><strong>ceat</strong></span> <span class='ocrx_word' id='word_1_592' title='bbox 2737 2196 2820 2249; x_wconf 79' lang='lat' dir='ltr'><strong>lux</strong></span> <span class='ocrx_word' id='word_1_593' title='bbox 2850 2207 3025 2251; x_wconf 86' lang='lat' dir='ltr'><strong>vestra</strong></span> 
     </span>
    </p>
   </div>
   <div class='ocr_carea' id='block_1_127' title="bbox 2595 2266 2978 2320">
    <p class='ocr_par' dir='ltr' id='par_1_127' title="bbox 2595 2266 2978 2320">
     <span class='ocr_line' id='line_1_127' title="bbox 2595 2266 2978 2320; baseline 0.003 -2"><span class='ocrx_word' id='word_1_594' title='bbox 2595 2280 2772 2319; x_wconf 89' lang='lat' dir='ltr'><strong>coram</strong></span> <span class='ocrx_word' id='word_1_595' title='bbox 2805 2266 2978 2320; x_wconf 81' lang='lat' dir='ltr'><strong>homi-</strong></span> 
     </span>
    </p>
   </div>
   <div class='ocr_carea' id='block_1_128' title="bbox 2595 2336 2960 2401">
    <p class='ocr_par' dir='ltr' id='par_1_128' title="bbox 2595 2336 2960 2401">
     <span class='ocr_line' id='line_1_128' title="bbox 2595 2336 2960 2401; baseline 0.008 -14"><span class='ocrx_word' id='word_1_596' title='bbox 2595 2336 2768 2401; x_wconf 89' lang='lat' dir='ltr'><strong>nibus,</strong></span> <span class='ocrx_word' id='word_1_597' title='bbox 2803 2346 2858 2389; x_wconf 93' lang='lat' dir='ltr'><strong>ut</strong></span> <span class='ocrx_word' id='word_1_598' title='bbox 2883 2338 2960 2390; x_wconf 85' lang='lat' dir='ltr'><strong>vi-</strong></span> 
     </span>
    </p>
   </div>
   <div class='ocr_carea' id='block_1_129' title="bbox 2593 2405 3054 2471">
    <p class='ocr_par' dir='ltr' id='par_1_129' title="bbox 2593 2405 3054 2471">
     <span class='ocr_line' id='line_1_129' title="bbox 2593 2405 3054 2471; baseline 0.009 -15"><span class='ocrx_word' id='word_1_599' title='bbox 2593 2405 2752 2456; x_wconf 91' lang='lat' dir='ltr'><strong>deant</strong></span> <span class='ocrx_word' id='word_1_600' title='bbox 2779 2421 2941 2471; x_wconf 86' lang='lat' dir='ltr'><strong>opera</strong></span> <span class='ocrx_word' id='word_1_601' title='bbox 2963 2421 3054 2460; x_wconf 83' lang='lat' dir='ltr'><strong>ve-</strong></span> 
     </span>
    </p>
   </div>
   <div class='ocr_carea' id='block_1_130' title="bbox 2591 2474 3799 2542">
    <p class='ocr_par' dir='ltr' id='par_1_130' title="bbox 2591 2474 3799 2542">
     <span class='ocr_line' id='line_1_130' title="bbox 2591 2474 3799 2542; baseline 0 -16"><span class='ocrx_word' id='word_1_602' title='bbox 2591 2483 2700 2526; x_wconf 88' lang='lat' dir='ltr'><strong>stra</strong></span> <span class='ocrx_word' id='word_1_603' title='bbox 2721 2474 2879 2536; x_wconf 88' lang='lat' dir='ltr'><strong>bona,</strong></span> <span class='ocrx_word' id='word_1_604' title='bbox 2913 2485 2967 2529; x_wconf 87' lang='lat' dir='ltr'><strong>et</strong></span> <span class='ocrx_word' id='word_1_605' title='bbox 3404 2488 3613 2527; x_wconf 76' lang='lat' dir='ltr'><strong>seorum</strong></span> <span class='ocrx_word' id='word_1_606' title='bbox 3636 2514 3650 2536; x_wconf 90' lang='lat'><strong>,</strong></span> <span class='ocrx_word' id='word_1_607' title='bbox 3679 2488 3799 2542; x_wconf 84' lang='lat' dir='ltr'><strong>|non</strong></span> 
     </span>
    </p>
   </div>
   <div class='ocr_carea' id='block_1_131' title="bbox 2593 2543 3745 2612">
    <p class='ocr_par' dir='ltr' id='par_1_131' title="bbox 2593 2543 3745 2612">
     <span class='ocr_line' id='line_1_131' title="bbox 2593 2543 3745 2612; baseline -0.002 -17"><span class='ocrx_word' id='word_1_608' title='bbox 2593 2544 2934 2612; x_wconf 85' lang='lat' dir='ltr'><strong>inaguiliceut</strong></span> <span class='ocrx_word' id='word_1_609' title='bbox 3406 2543 3669 2597; x_wconf 87' lang='lat' dir='ltr'><strong>intrabitis</strong></span> <span class='ocrx_word' id='word_1_610' title='bbox 3693 2543 3745 2594; x_wconf 90' lang='lat' dir='ltr'><strong>in</strong></span> 
     </span>
    </p>
   </div>
   <div class='ocr_carea' id='block_1_132' title="bbox 2595 2612 3816 2680">
    <p class='ocr_par' dir='ltr' id='par_1_132' title="bbox 2595 2612 3816 2680">
     <span class='ocr_line' id='line_1_132' title="bbox 2595 2612 3816 2680; baseline -0.002 -15"><span class='ocrx_word' id='word_1_611' title='bbox 2595 2623 2796 2680; x_wconf 91' lang='lat' dir='ltr'><strong>patrem</strong></span> <span class='ocrx_word' id='word_1_612' title='bbox 2829 2629 2935 2668; x_wconf 87' lang='lat' dir='ltr'><strong>ve-</strong></span> <span class='ocrx_word' id='word_1_613' title='bbox 3402 2628 3620 2680; x_wconf 73' lang='lat' dir='ltr'><strong>regnum</strong></span> <span class='ocrx_word' id='word_1_614' title='bbox 3642 2612 3816 2665; x_wconf 84' lang='lat' dir='ltr'><strong>caelo-</strong></span> 
     </span>
    </p>
   </div>
   <div class='ocr_carea' id='block_1_133' title="bbox 2592 2683 3539 2751">
    <p class='ocr_par' dir='ltr' id='par_1_133' title="bbox 2592 2683 3539 2751">
     <span class='ocr_line' id='line_1_133' title="bbox 2592 2683 3539 2751; baseline -0.001 -16"><span class='ocrx_word' id='word_1_615' title='bbox 2592 2690 2782 2746; x_wconf 91' lang='lat' dir='ltr'><strong>strum,</strong></span> <span class='ocrx_word' id='word_1_616' title='bbox 2809 2683 2899 2751; x_wconf 89' lang='lat' dir='ltr'><strong>qui</strong></span> <span class='ocrx_word' id='word_1_617' title='bbox 2929 2692 3009 2738; x_wconf 87' lang='lat' dir='ltr'><strong>est</strong></span> <span class='ocrx_word' id='word_1_618' title='bbox 3404 2698 3539 2736; x_wconf 90' lang='lat' dir='ltr'><strong>rum.</strong></span> 
     </span>
    </p>
   </div>
   <div class='ocr_carea' id='block_1_134' title="bbox 2593 2751 3904 2820">
    <p class='ocr_par' dir='ltr' id='par_1_134' title="bbox 2593 2751 3904 2820">
     <span class='ocr_line' id='line_1_134' title="bbox 2593 2751 3904 2820; baseline -0.001 -15"><span class='ocrx_word' id='word_1_619' title='bbox 2593 2753 2643 2805; x_wconf 93' lang='lat' dir='ltr'><strong>in</strong></span> <span class='ocrx_word' id='word_1_620' title='bbox 2674 2754 2855 2806; x_wconf 88' lang='lat' dir='ltr'><strong>caelis.</strong></span> <span class='ocrx_word' id='word_1_621' title='bbox 3403 2752 3490 2804; x_wconf 77' lang='grc'><strong>21.</strong></span> <span class='ocrx_word' id='word_1_622' title='bbox 3519 2751 3754 2804; x_wconf 83' lang='lat' dir='ltr'><strong>Audistis</strong></span> <span class='ocrx_word' id='word_1_623' title='bbox 3781 2752 3904 2820; x_wconf 89' lang='lat' dir='ltr'><strong>quia</strong></span> 
     </span>
    </p>
   </div>
   <div class='ocr_carea' id='block_1_135' title="bbox 2597 2821 3834 2892">
    <p class='ocr_par' dir='ltr' id='par_1_135' title="bbox 2597 2821 3834 2892">
     <span class='ocr_line' id='line_1_135' title="bbox 2597 2821 3834 2892; baseline 0.002 -20"><span class='ocrx_word' id='word_1_624' title='bbox 2597 2821 2682 2874; x_wconf 87' lang='grc'><strong>17.</strong></span> <span class='ocrx_word' id='word_1_625' title='bbox 2726 2822 2898 2875; x_wconf 82' lang='lat' dir='ltr'><strong>Nolite</strong></span> <span class='ocrx_word' id='word_1_626' title='bbox 2922 2830 3108 2892; x_wconf 78' lang='lat' dir='ltr'><strong>putare</strong></span> <span class='ocrx_word' id='word_1_627' title='bbox 3404 2822 3600 2874; x_wconf 90' lang='lat' dir='ltr'><strong>dictum</strong></span> <span class='ocrx_word' id='word_1_628' title='bbox 3633 2830 3714 2892; x_wconf 73' lang='lat' dir='ltr'><strong>est</strong></span> <span class='ocrx_word' id='word_1_629' title='bbox 3740 2837 3834 2874; x_wconf 84' lang='lat' dir='ltr'><strong>an-</strong></span> 
     </span>
    </p>
   </div>
   <div class='ocr_carea' id='block_1_136' title="bbox 2592 2889 3864 2958">
    <p class='ocr_par' dir='ltr' id='par_1_136' title="bbox 2592 2889 3864 2958">
     <span class='ocr_line' id='line_1_136' title="bbox 2592 2889 3864 2958; baseline 0.005 -18"><span class='ocrx_word' id='word_1_630' title='bbox 2592 2892 2716 2956; x_wconf 91' lang='lat' dir='ltr'><strong>quia</strong></span> <span class='ocrx_word' id='word_1_631' title='bbox 2745 2893 2866 2945; x_wconf 89' lang='lat' dir='ltr'><strong>veni</strong></span> <span class='ocrx_word' id='word_1_632' title='bbox 2923 2889 2937 2892; x_wconf 72' lang='grc'><em>’</em></span> <span class='ocrx_word' id='word_1_633' title='bbox 3404 2892 3561 2958; x_wconf 89' lang='lat' dir='ltr'><strong>tiquis</strong></span> <span class='ocrx_word' id='word_1_634' title='bbox 3595 2908 3604 2939; x_wconf 87' lang='lat'>:</span> <span class='ocrx_word' id='word_1_635' title='bbox 3632 2889 3747 2944; x_wconf 82' lang='lat' dir='ltr'><strong>Non</strong></span> <span class='ocrx_word' id='word_1_636' title='bbox 3777 2906 3864 2946; x_wconf 85' lang='lat' dir='ltr'><strong>oc-</strong></span> 
     </span>
    </p>
   </div>
   <div class='ocr_carea' id='block_1_137' title="bbox 2595 2960 3802 3026">
    <p class='ocr_par' dir='ltr' id='par_1_137' title="bbox 2595 2960 3802 3026">
     <span class='ocr_line' id='line_1_137' title="bbox 2595 2960 3802 3026; baseline 0.003 -15"><span class='ocrx_word' id='word_1_637' title='bbox 2595 2960 2803 3013; x_wconf 85' lang='lat' dir='ltr'><strong>solvere</strong></span> <span class='ocrx_word' id='word_1_638' title='bbox 2832 2961 2909 3013; x_wconf 84' lang='lat' dir='ltr'><strong>le-</strong></span> <span class='ocrx_word' id='word_1_639' title='bbox 3403 2963 3566 3025; x_wconf 88' lang='lat' dir='ltr'><strong>cides,</strong></span> <span class='ocrx_word' id='word_1_640' title='bbox 3594 2962 3682 3026; x_wconf 91' lang='lat' dir='ltr'><strong>qui</strong></span> <span class='ocrx_word' id='word_1_641' title='bbox 3711 2977 3802 3014; x_wconf 87' lang='lat' dir='ltr'><strong>au-</strong></span> 
     </span>
    </p>
   </div>
   <div class='ocr_carea' id='block_1_138' title="bbox 2595 3029 3746 3098">
    <p class='ocr_par' dir='ltr' id='par_1_138' title="bbox 2595 3029 3746 3098">
     <span class='ocr_line' id='line_1_138' title="bbox 2595 3029 3746 3098; baseline 0.002 -17"><span class='ocrx_word' id='word_1_642' title='bbox 2595 3043 2736 3094; x_wconf 79' lang='lat' dir='ltr'><strong>gem,</strong></span> <span class='ocrx_word' id='word_1_643' title='bbox 2759 3039 2850 3082; x_wconf 90' lang='lat' dir='ltr'><strong>aut</strong></span> <span class='ocrx_word' id='word_1_644' title='bbox 2873 3043 2990 3098; x_wconf 92' lang='lat' dir='ltr'><strong>pro-</strong></span> <span class='ocrx_word' id='word_1_645' title='bbox 3405 3039 3508 3083; x_wconf 89' lang='lat' dir='ltr'><strong>tem</strong></span> <span class='ocrx_word' id='word_1_646' title='bbox 3537 3029 3746 3084; x_wconf 85' lang='lat' dir='ltr'><strong>occide-</strong></span> 
     </span>
    </p>
   </div>
   <div class='ocr_carea' id='block_1_139' title="bbox 2597 3098 3750 3164">
    <p class='ocr_par' dir='ltr' id='par_1_139' title="bbox 2597 3098 3750 3164">
     <span class='ocr_line' id='line_1_139' title="bbox 2597 3098 3750 3164; baseline 0.003 -15"><span class='ocrx_word' id='word_1_647' title='bbox 2597 3098 2783 3164; x_wconf 87' lang='lat' dir='ltr'><strong>pbetas</strong></span> <span class='ocrx_word' id='word_1_648' title='bbox 2814 3115 2826 3149; x_wconf 92' lang='lat'>:</span> <span class='ocrx_word' id='word_1_649' title='bbox 2862 3113 2965 3150; x_wconf 92' lang='lat' dir='ltr'><strong>non</strong></span> <span class='ocrx_word' id='word_1_650' title='bbox 3404 3102 3491 3158; x_wconf 88' lang='lat' dir='ltr'><strong>rit.</strong></span> <span class='ocrx_word' id='word_1_651' title='bbox 3515 3113 3635 3152; x_wconf 79' lang='lat' dir='ltr'><strong>reus</strong></span> <span class='ocrx_word' id='word_1_652' title='bbox 3647 3101 3750 3153; x_wconf 89' lang='lat' dir='ltr'><strong>erit</strong></span> 
     </span>
    </p>
   </div>
   <div class='ocr_carea' id='block_1_140' title="bbox 2596 3168 3616 3235">
    <p class='ocr_par' dir='ltr' id='par_1_140' title="bbox 2596 3168 3616 3235">
     <span class='ocr_line' id='line_1_140' title="bbox 2596 3168 3616 3235; baseline 0 -17"><span class='ocrx_word' id='word_1_653' title='bbox 2596 3169 2715 3220; x_wconf 90' lang='lat' dir='ltr'><strong>veni</strong></span> <span class='ocrx_word' id='word_1_654' title='bbox 2745 3168 2953 3220; x_wconf 87' lang='lat' dir='ltr'><strong>solvere</strong></span> <span class='ocrx_word' id='word_1_655' title='bbox 2972 3208 2987 3231; x_wconf 96' lang='lat'><strong>,</strong></span> <span class='ocrx_word' id='word_1_656' title='bbox 3401 3168 3616 3235; x_wconf 84' lang='lat' dir='ltr'><strong>judicio.</strong></span> 
     </span>
    </p>
   </div>
   <div class='ocr_carea' id='block_1_141' title="bbox 2598 3237 3029 3304">
    <p class='ocr_par' dir='ltr' id='par_1_141' title="bbox 2598 3237 3029 3304">
     <span class='ocr_line' id='line_1_141' title="bbox 2598 3237 3029 3304; baseline 0.005 -17"><span class='ocrx_word' id='word_1_657' title='bbox 2598 3237 2690 3288; x_wconf 87' lang='lat' dir='ltr'><strong>sed</strong></span> <span class='ocrx_word' id='word_1_658' title='bbox 2721 3237 3029 3304; x_wconf 88' lang='lat' dir='ltr'><strong>adimplere.</strong></span> 
     </span>
    </p>
   </div>
   <div class='ocr_carea' id='block_1_142' title="bbox 2602 3306 3046 3361">
    <p class='ocr_par' dir='ltr' id='par_1_142' title="bbox 2602 3306 3046 3361">
     <span class='ocr_line' id='line_1_142' title="bbox 2602 3306 3046 3361; baseline 0.005 -3"><span class='ocrx_word' id='word_1_659' title='bbox 2602 3306 2687 3359; x_wconf 89' lang='grc'><strong>18.</strong></span> <span class='ocrx_word' id='word_1_660' title='bbox 2730 3308 2895 3359; x_wconf 83' lang='lat' dir='ltr'><strong>Amen</strong></span> <span class='ocrx_word' id='word_1_661' title='bbox 2928 3307 3046 3361; x_wconf 89' lang='lat' dir='ltr'><strong>dico</strong></span> 
     </span>
    </p>
   </div>
   <div class='ocr_carea' id='block_1_143' title="bbox 2599 3375 2974 3438">
    <p class='ocr_par' dir='ltr' id='par_1_143' title="bbox 2599 3375 2974 3438">
     <span class='ocr_line' id='line_1_143' title="bbox 2599 3375 2974 3438; baseline 0.011 -14"><span class='ocrx_word' id='word_1_662' title='bbox 2599 3375 2770 3438; x_wconf 86' lang='lat' dir='ltr'><strong>vobis,</strong></span> <span class='ocrx_word' id='word_1_663' title='bbox 2800 3376 2974 3428; x_wconf 88' lang='lat' dir='ltr'><strong>donec</strong></span> 
     </span>
    </p>
   </div>
   <div class='ocr_carea' id='block_1_144' title="bbox 2602 3453 2986 3499">
    <p class='ocr_par' dir='ltr' id='par_1_144' title="bbox 2602 3453 2986 3499">
     <span class='ocr_line' id='line_1_144' title="bbox 2602 3453 2986 3499; baseline 0.005 -3"><span class='ocrx_word' id='word_1_664' title='bbox 2602 3453 2836 3499; x_wconf 84' lang='lat' dir='ltr'><strong>transeat</strong></span> <span class='ocrx_word' id='word_1_665' title='bbox 2864 3460 2986 3499; x_wconf 86' lang='lat' dir='ltr'><strong>cac-</strong></span> 
     </span>
    </p>
   </div>
   <div class='ocr_carea' id='block_1_145' title="bbox 3411 3236 3947 3305">
    <p class='ocr_par' dir='ltr' id='par_1_145' title="bbox 3411 3236 3947 3305">
     <span class='ocr_line' id='line_1_145' title="bbox 3411 3236 3947 3305; baseline 0.007 -17"><span class='ocrx_word' id='word_1_666' title='bbox 3411 3237 3499 3289; x_wconf 68' lang='grc'><strong>22.</strong></span> <span class='ocrx_word' id='word_1_667' title='bbox 3535 3237 3644 3305; x_wconf 79' lang='lat' dir='ltr'><strong>Ego</strong></span> <span class='ocrx_word' id='word_1_668' title='bbox 3666 3247 3840 3291; x_wconf 89' lang='lat' dir='ltr'><strong>autem</strong></span> <span class='ocrx_word' id='word_1_669' title='bbox 3865 3236 3947 3292; x_wconf 84' lang='lat' dir='ltr'><strong>di-</strong></span> 
     </span>
    </p>
   </div>
   <div class='ocr_carea' id='block_1_146' title="bbox 3411 3307 3875 3374">
    <p class='ocr_par' dir='ltr' id='par_1_146' title="bbox 3411 3307 3875 3374">
     <span class='ocr_line' id='line_1_146' title="bbox 3411 3307 3875 3374; baseline 0 -17"><span class='ocrx_word' id='word_1_670' title='bbox 3411 3321 3474 3357; x_wconf 93' lang='lat' dir='ltr'><strong>co</strong></span> <span class='ocrx_word' id='word_1_671' title='bbox 3506 3309 3655 3358; x_wconf 80' lang='lat' dir='ltr'><strong>vobis</strong></span> <span class='ocrx_word' id='word_1_672' title='bbox 3684 3325 3693 3355; x_wconf 95' lang='lat'>:</span> <span class='ocrx_word' id='word_1_673' title='bbox 3735 3307 3875 3374; x_wconf 91' lang='lat' dir='ltr'><strong>quod</strong></span> 
     </span>
    </p>
   </div>
   <div class='ocr_carea' id='block_1_147' title="bbox 3411 3379 3817 3441">
    <p class='ocr_par' dir='ltr' id='par_1_147' title="bbox 3411 3379 3817 3441">
     <span class='ocr_line' id='line_1_147' title="bbox 3411 3379 3817 3441; baseline 0 -15"><span class='ocrx_word' id='word_1_674' title='bbox 3411 3379 3580 3426; x_wconf 88' lang='lat' dir='ltr'><strong>omnis</strong></span> <span class='ocrx_word' id='word_1_675' title='bbox 3609 3379 3693 3441; x_wconf 90' lang='lat' dir='ltr'><strong>qui</strong></span> <span class='ocrx_word' id='word_1_676' title='bbox 3719 3379 3817 3427; x_wconf 80' lang='lat' dir='ltr'><strong>ira-</strong></span> 
     </span>
    </p>
   </div>
   <div class='ocr_carea' id='block_1_148' title="bbox 3410 3446 3748 3497">
    <p class='ocr_par' dir='ltr' id='par_1_148' title="bbox 3410 3446 3748 3497">
     <span class='ocr_line' id='line_1_148' title="bbox 3410 3446 3748 3497; baseline 0 0"><span class='ocrx_word' id='word_1_677' title='bbox 3410 3449 3572 3497; x_wconf 84' lang='lat' dir='ltr'><strong>scitur</strong></span> <span class='ocrx_word' id='word_1_678' title='bbox 3602 3446 3748 3497; x_wconf 87' lang='lat' dir='ltr'><strong>fratri</strong></span> 
     </span>
    </p>
   </div>
   <div class='ocr_carea' id='block_1_149' title="bbox 3056 3533 3696 3590">
    <p class='ocr_par' dir='ltr' id='par_1_149' title="bbox 3056 3533 3696 3590">
     <span class='ocr_line' id='line_1_149' title="bbox 3056 3533 3696 3590; baseline -0.006 -2"><span class='ocrx_word' id='word_1_679' title='bbox 3056 3535 3280 3590; x_wconf 76' lang='lat' dir='ltr'><strong>CODEX</strong></span> <span class='ocrx_word' id='word_1_680' title='bbox 3316 3533 3696 3588; x_wconf 69' lang='lat' dir='ltr'><strong>BRIXIANUS.</strong></span> 
     </span>
    </p>
   </div>
   <div class='ocr_carea' id='block_1_150' title="bbox 2603 3624 4178 3693">
    <p class='ocr_par' dir='ltr' id='par_1_150' title="bbox 2603 3624 4178 3693">
     <span class='ocr_line' id='line_1_150' title="bbox 2603 3624 4178 3693; baseline 0.002 -18"><span class='ocrx_word' id='word_1_681' title='bbox 2603 3628 2687 3693; x_wconf 91' lang='lat' dir='ltr'><strong>qui</strong></span> <span class='ocrx_word' id='word_1_682' title='bbox 2713 3627 2919 3678; x_wconf 89' lang='lat' dir='ltr'><strong>fuerunt</strong></span> <span class='ocrx_word' id='word_1_683' title='bbox 2948 3638 3066 3679; x_wconf 85' lang='lat' dir='ltr'><strong>ante</strong></span> <span class='ocrx_word' id='word_1_684' title='bbox 3099 3642 3212 3680; x_wconf 87' lang='lat' dir='ltr'><strong>vos.</strong></span> <span class='ocrx_word' id='word_1_685' title='bbox 3240 3626 3341 3678; x_wconf 75' lang='lat' dir='ltr'><strong>Vos</strong></span> <span class='ocrx_word' id='word_1_686' title='bbox 3367 3626 3493 3678; x_wconf 83' lang='lat' dir='ltr'><strong>estis</strong></span> <span class='ocrx_word' id='word_1_687' title='bbox 3516 3625 3592 3677; x_wconf 87' lang='lat' dir='ltr'><strong>sal</strong></span> <span class='ocrx_word' id='word_1_688' title='bbox 3618 3635 3773 3677; x_wconf 76' lang='lat' dir='ltr'><strong>terrae</strong></span> <span class='ocrx_word' id='word_1_689' title='bbox 3799 3624 3851 3677; x_wconf 90' lang='lat' dir='ltr'><strong>Si</strong></span> <span class='ocrx_word' id='word_1_690' title='bbox 3876 3633 4059 3677; x_wconf 84' lang='lat' dir='ltr'><strong>autem</strong></span> <span class='ocrx_word' id='word_1_691' title='bbox 4095 3627 4178 3678; x_wconf 75' lang='lat' dir='ltr'><strong>sal</strong></span> 
     </span>
    </p>
   </div>
   <div class='ocr_carea' id='block_1_151' title="bbox 2607 3695 4176 3761">
    <p class='ocr_par' dir='ltr' id='par_1_151' title="bbox 2607 3695 4176 3761">
     <span class='ocr_line' id='line_1_151' title="bbox 2607 3695 4176 3761; baseline 0 -16"><span class='ocrx_word' id='word_1_692' title='bbox 2607 3698 2971 3747; x_wconf 82' lang='lat' dir='ltr'><strong>tatuuiiilucrit</strong></span> <span class='ocrx_word' id='word_1_693' title='bbox 3001 3699 3176 3761; x_wconf 86' lang='lat' dir='ltr'><strong>inquo</strong></span> <span class='ocrx_word' id='word_1_694' title='bbox 3204 3696 3517 3748; x_wconf 84' lang='lat' dir='ltr'><strong>salietur.ad</strong></span> <span class='ocrx_word' id='word_1_695' title='bbox 3549 3695 3767 3746; x_wconf 84' lang='lat' dir='ltr'><strong>iiiliiluin</strong></span> <span class='ocrx_word' id='word_1_696' title='bbox 3795 3695 4176 3747; x_wconf 64' lang='lat' dir='ltr'><strong>valebit&#39;ultra</strong></span> 
     </span>
    </p>
   </div>
   <div class='ocr_carea' id='block_1_152' title="bbox 2607 3764 4130 3820">
    <p class='ocr_par' dir='ltr' id='par_1_152' title="bbox 2607 3764 4130 3820">
     <span class='ocr_line' id='line_1_152' title="bbox 2607 3764 4130 3820; baseline 0 -6"><span class='ocrx_word' id='word_1_697' title='bbox 2607 3766 2702 3815; x_wconf 88' lang='lat' dir='ltr'><strong>nisi</strong></span> <span class='ocrx_word' id='word_1_698' title='bbox 2734 3773 2789 3815; x_wconf 94' lang='lat' dir='ltr'><strong>ut</strong></span> <span class='ocrx_word' id='word_1_699' title='bbox 2812 3766 3049 3817; x_wconf 72' lang='lat' dir='ltr'><strong>mittatur</strong></span> <span class='ocrx_word' id='word_1_700' title='bbox 3089 3767 3229 3818; x_wconf 85' lang='lat' dir='ltr'><strong>foras</strong></span> <span class='ocrx_word' id='word_1_701' title='bbox 3258 3780 3310 3820; x_wconf 88' lang='lat' dir='ltr'><strong>et</strong></span> <span class='ocrx_word' id='word_1_702' title='bbox 3338 3767 3671 3816; x_wconf 86' lang='lat' dir='ltr'><strong>conculcetur</strong></span> <span class='ocrx_word' id='word_1_703' title='bbox 3701 3767 3766 3814; x_wconf 82' lang='lat' dir='ltr'><strong>ab</strong></span> <span class='ocrx_word' id='word_1_704' title='bbox 3796 3764 4130 3817; x_wconf 86' lang='lat' dir='ltr'><strong>hominibus.</strong></span> 
     </span>
    </p>
   </div>
   <div class='ocr_carea' id='block_1_153' title="bbox 2675 3832 4174 3901">
    <p class='ocr_par' dir='ltr' id='par_1_153' title="bbox 2675 3832 4174 3901">
     <span class='ocr_line' id='line_1_153' title="bbox 2675 3832 4174 3901; baseline 0.001 -18"><span class='ocrx_word' id='word_1_705' title='bbox 2675 3832 2780 3885; x_wconf 81' lang='lat' dir='ltr'><strong>Vos</strong></span> <span class='ocrx_word' id='word_1_706' title='bbox 2809 3834 2937 3886; x_wconf 87' lang='lat' dir='ltr'><strong>estis</strong></span> <span class='ocrx_word' id='word_1_707' title='bbox 2980 3837 3064 3887; x_wconf 77' lang='lat' dir='ltr'><strong>lux</strong></span> <span class='ocrx_word' id='word_1_708' title='bbox 3095 3838 3273 3888; x_wconf 90' lang='lat' dir='ltr'><strong>mundi</strong></span> <span class='ocrx_word' id='word_1_709' title='bbox 3321 3836 3427 3888; x_wconf 76' lang='lat' dir='ltr'><strong>Non</strong></span> <span class='ocrx_word' id='word_1_710' title='bbox 3461 3844 3630 3901; x_wconf 73' lang='lat' dir='ltr'><strong>potest</strong></span> <span class='ocrx_word' id='word_1_711' title='bbox 3675 3836 3859 3885; x_wconf 78' lang='lat' dir='ltr'><strong>civitas</strong></span> <span class='ocrx_word' id='word_1_712' title='bbox 3904 3835 4174 3886; x_wconf 69' lang='lat' dir='ltr'><strong>abscondi</strong></span> 
     </span>
    </p>
   </div>
   <div class='ocr_carea' id='block_1_154' title="bbox 2609 3905 4176 3968">
    <p class='ocr_par' dir='ltr' id='par_1_154' title="bbox 2609 3905 4176 3968">
     <span class='ocr_line' id='line_1_154' title="bbox 2609 3905 4176 3968; baseline 0.002 -16"><span class='ocrx_word' id='word_1_713' title='bbox 2609 3915 2765 3968; x_wconf 82' lang='lat' dir='ltr'><strong>supra</strong></span> <span class='ocrx_word' id='word_1_714' title='bbox 2791 3915 3020 3956; x_wconf 86' lang='lat' dir='ltr'><strong>montem</strong></span> <span class='ocrx_word' id='word_1_715' title='bbox 3045 3906 3348 3957; x_wconf 89' lang='lat' dir='ltr'><strong>constituta.</strong></span> <span class='ocrx_word' id='word_1_716' title='bbox 3375 3905 3549 3968; x_wconf 70' lang='lat' dir='ltr'><strong>Neque</strong></span> <span class='ocrx_word' id='word_1_717' title='bbox 3572 3905 3866 3953; x_wconf 76' lang='lat' dir='ltr'><strong>iii-cendunt</strong></span> <span class='ocrx_word' id='word_1_718' title='bbox 3889 3905 4176 3955; x_wconf 84' lang='lat' dir='ltr'><strong>lucernam</strong></span> 
     </span>
    </p>
   </div>
   <div class='ocr_carea' id='block_1_155' title="bbox 2608 3972 4170 4038">
    <p class='ocr_par' dir='ltr' id='par_1_155' title="bbox 2608 3972 4170 4038">
     <span class='ocr_line' id='line_1_155' title="bbox 2608 3972 4170 4038; baseline 0.001 -17"><span class='ocrx_word' id='word_1_719' title='bbox 2608 3982 2660 4022; x_wconf 86' lang='lat' dir='ltr'><strong>et</strong></span> <span class='ocrx_word' id='word_1_720' title='bbox 2690 3979 2887 4038; x_wconf 87' lang='lat' dir='ltr'><strong>ponunt</strong></span> <span class='ocrx_word' id='word_1_721' title='bbox 2918 3986 3033 4022; x_wconf 88' lang='lat' dir='ltr'><strong>eam</strong></span> <span class='ocrx_word' id='word_1_722' title='bbox 3064 3975 3160 4023; x_wconf 83' lang='lat' dir='ltr'><strong>sub</strong></span> <span class='ocrx_word' id='word_1_723' title='bbox 3204 3974 3394 4022; x_wconf 82' lang='lat' dir='ltr'><strong>modio.</strong></span> <span class='ocrx_word' id='word_1_724' title='bbox 3440 3972 3527 4022; x_wconf 74' lang='lat' dir='ltr'><strong>sed</strong></span> <span class='ocrx_word' id='word_1_725' title='bbox 3561 3987 3716 4034; x_wconf 80' lang='lat' dir='ltr'><strong>super</strong></span> <span class='ocrx_word' id='word_1_726' title='bbox 3757 3972 4170 4023; x_wconf 79' lang='lat' dir='ltr'><strong>candelabrum.</strong></span> 
     </span>
    </p>
   </div>
   <div class='ocr_carea' id='block_1_156' title="bbox 2611 4040 3681 4106">
    <p class='ocr_par' dir='ltr' id='par_1_156' title="bbox 2611 4040 3681 4106">
     <span class='ocr_line' id='line_1_156' title="bbox 2611 4040 3681 4106; baseline -0.004 -16"><span class='ocrx_word' id='word_1_727' title='bbox 2611 4049 2665 4091; x_wconf 88' lang='lat' dir='ltr'><strong>ut</strong></span> <span class='ocrx_word' id='word_1_728' title='bbox 2692 4041 2862 4091; x_wconf 80' lang='lat' dir='ltr'><strong>luceat</strong></span> <span class='ocrx_word' id='word_1_729' title='bbox 2888 4043 3130 4092; x_wconf 78' lang='lat' dir='ltr'><strong>omnith</strong></span> <span class='ocrx_word' id='word_1_730' title='bbox 3161 4043 3246 4106; x_wconf 88' lang='lat' dir='ltr'><strong>qui</strong></span> <span class='ocrx_word' id='word_1_731' title='bbox 3279 4043 3326 4090; x_wconf 91' lang='lat' dir='ltr'><strong>in</strong></span> <span class='ocrx_word' id='word_1_732' title='bbox 3357 4040 3515 4090; x_wconf 87' lang='lat' dir='ltr'><strong>domo</strong></span> <span class='ocrx_word' id='word_1_733' title='bbox 3544 4049 3681 4089; x_wconf 80' lang='lat' dir='ltr'><strong>sunt.</strong></span> 
     </span>
    </p>
   </div>
   <div class='ocr_carea' id='block_1_157' title="bbox 2679 4107 4178 4162">
    <p class='ocr_par' dir='ltr' id='par_1_157' title="bbox 2679 4107 4178 4162">
     <span class='ocr_line' id='line_1_157' title="bbox 2679 4107 4178 4162; baseline -0.001 0"><span class='ocrx_word' id='word_1_734' title='bbox 2679 4110 2764 4162; x_wconf 87' lang='lat' dir='ltr'><strong>Sic</strong></span> <span class='ocrx_word' id='word_1_735' title='bbox 2793 4109 2965 4161; x_wconf 86' lang='lat' dir='ltr'><strong>luceat</strong></span> <span class='ocrx_word' id='word_1_736' title='bbox 2992 4113 3074 4162; x_wconf 76' lang='lat' dir='ltr'><strong>lux</strong></span> <span class='ocrx_word' id='word_1_737' title='bbox 3104 4121 3276 4162; x_wconf 74' lang='lat' dir='ltr'><strong>vestra</strong></span> <span class='ocrx_word' id='word_1_738' title='bbox 3308 4123 3483 4160; x_wconf 85' lang='lat' dir='ltr'><strong>coram</strong></span> <span class='ocrx_word' id='word_1_739' title='bbox 3518 4107 3834 4158; x_wconf 84' lang='lat' dir='ltr'><strong>hominibus.</strong></span> <span class='ocrx_word' id='word_1_740' title='bbox 3863 4116 3919 4157; x_wconf 91' lang='lat' dir='ltr'><strong>ut</strong></span> <span class='ocrx_word' id='word_1_741' title='bbox 3946 4108 4178 4160; x_wconf 79' lang='lat' dir='ltr'><strong>videant</strong></span> 
     </span>
    </p>
   </div>
   <div class='ocr_carea' id='block_1_158' title="bbox 2607 4180 4174 4244">
    <p class='ocr_par' dir='ltr' id='par_1_158' title="bbox 2607 4180 4174 4244">
     <span class='ocr_line' id='line_1_158' title="bbox 2607 4180 4174 4244; baseline -0.001 -15"><span class='ocrx_word' id='word_1_742' title='bbox 2607 4191 2764 4244; x_wconf 86' lang='lat' dir='ltr'><strong>Opera</strong></span> <span class='ocrx_word' id='word_1_743' title='bbox 2802 4189 2972 4231; x_wconf 63' lang='lat' dir='ltr'><strong>vestra</strong></span> <span class='ocrx_word' id='word_1_744' title='bbox 3007 4182 3161 4232; x_wconf 80' lang='lat' dir='ltr'><strong>b0iia.</strong></span> <span class='ocrx_word' id='word_1_745' title='bbox 3189 4180 3548 4244; x_wconf 80' lang='lat' dir='ltr'><strong>etgltirilicetit</strong></span> <span class='ocrx_word' id='word_1_746' title='bbox 3579 4189 3778 4242; x_wconf 76' lang='lat' dir='ltr'><strong>patiem</strong></span> <span class='ocrx_word' id='word_1_747' title='bbox 3812 4186 4044 4227; x_wconf 69' lang='lat' dir='ltr'><strong>Vcstrtliii</strong></span> <span class='ocrx_word' id='word_1_748' title='bbox 4081 4197 4174 4244; x_wconf 75' lang='lat' dir='ltr'><strong>qui</strong></span> 
     </span>
    </p>
   </div>
   <div class='ocr_carea' id='block_1_159' title="bbox 2608 4246 4180 4315">
    <p class='ocr_par' dir='ltr' id='par_1_159' title="bbox 2608 4246 4180 4315">
     <span class='ocr_line' id='line_1_159' title="bbox 2608 4246 4180 4315; baseline -0.001 -16"><span class='ocrx_word' id='word_1_749' title='bbox 2608 4248 2657 4299; x_wconf 91' lang='lat' dir='ltr'><strong>in</strong></span> <span class='ocrx_word' id='word_1_750' title='bbox 2688 4249 2850 4300; x_wconf 67' lang='lat' dir='ltr'><strong>caelis</strong></span> <span class='ocrx_word' id='word_1_751' title='bbox 2881 4261 2980 4300; x_wconf 89' lang='lat' dir='ltr'><strong>est.</strong></span> <span class='ocrx_word' id='word_1_752' title='bbox 3024 4249 3196 4302; x_wconf 75' lang='lat' dir='ltr'><strong>Nolite</strong></span> <span class='ocrx_word' id='word_1_753' title='bbox 3243 4261 3442 4315; x_wconf 86' lang='lat' dir='ltr'><strong>putare.</strong></span> <span class='ocrx_word' id='word_1_754' title='bbox 3495 4263 3740 4313; x_wconf 74' lang='lat' dir='ltr'><strong>quoniam</strong></span> <span class='ocrx_word' id='word_1_755' title='bbox 3789 4247 3906 4295; x_wconf 87' lang='lat' dir='ltr'><strong>veni</strong></span> <span class='ocrx_word' id='word_1_756' title='bbox 3935 4246 4180 4315; x_wconf 59' lang='lat' dir='ltr'><strong>solvi-re</strong></span> 
     </span>
    </p>
   </div>
   <div class='ocr_carea' id='block_1_160' title="bbox 2605 4313 4172 4386">
    <p class='ocr_par' dir='ltr' id='par_1_160' title="bbox 2605 4313 4172 4386">
     <span class='ocr_line' id='line_1_160' title="bbox 2605 4313 4172 4386; baseline -0.003 -17"><span class='ocrx_word' id='word_1_757' title='bbox 2605 4315 2771 4382; x_wconf 87' lang='lat' dir='ltr'><strong>legem</strong></span> <span class='ocrx_word' id='word_1_758' title='bbox 2819 4329 2908 4369; x_wconf 91' lang='lat' dir='ltr'><strong>aut</strong></span> <span class='ocrx_word' id='word_1_759' title='bbox 2941 4313 3255 4386; x_wconf 50' lang='lat' dir='ltr'><strong>prophetas;</strong></span> <span class='ocrx_word' id='word_1_760' title='bbox 3292 4332 3392 4370; x_wconf 87' lang='lat' dir='ltr'><strong>noii</strong></span> <span class='ocrx_word' id='word_1_761' title='bbox 3445 4332 3558 4367; x_wconf 85' lang='lat' dir='ltr'><strong>veni</strong></span> <span class='ocrx_word' id='word_1_762' title='bbox 3602 4315 3805 4366; x_wconf 76' lang='lat' dir='ltr'><strong>solvere</strong></span> <span class='ocrx_word' id='word_1_763' title='bbox 3854 4313 3963 4386; x_wconf 72' lang='lat' dir='ltr'><strong>sed</strong></span> <span class='ocrx_word' id='word_1_764' title='bbox 3995 4316 4172 4366; x_wconf 82' lang='lat' dir='ltr'><strong>adim-</strong></span> 
     </span>
    </p>
   </div>
   <div class='ocr_carea' id='block_1_161' title="bbox 2609 4382 4180 4450">
    <p class='ocr_par' dir='ltr' id='par_1_161' title="bbox 2609 4382 4180 4450">
     <span class='ocr_line' id='line_1_161' title="bbox 2609 4382 4180 4450; baseline -0.001 -13"><span class='ocrx_word' id='word_1_765' title='bbox 2609 4387 2773 4450; x_wconf 91' lang='lat' dir='ltr'><strong>plere.</strong></span> <span class='ocrx_word' id='word_1_766' title='bbox 2821 4382 2986 4440; x_wconf 79' lang='lat' dir='ltr'><strong>Amen</strong></span> <span class='ocrx_word' id='word_1_767' title='bbox 3035 4382 3155 4440; x_wconf 76' lang='lat' dir='ltr'><strong>dico</strong></span> <span class='ocrx_word' id='word_1_768' title='bbox 3187 4389 3353 4438; x_wconf 86' lang='lat' dir='ltr'><strong>vobis.</strong></span> <span class='ocrx_word' id='word_1_769' title='bbox 3385 4387 3554 4438; x_wconf 87' lang='lat' dir='ltr'><strong>donec</strong></span> <span class='ocrx_word' id='word_1_770' title='bbox 3597 4394 3826 4435; x_wconf 79' lang='lat' dir='ltr'><strong>transeat</strong></span> <span class='ocrx_word' id='word_1_771' title='bbox 3851 4382 4064 4434; x_wconf 82' lang='lat' dir='ltr'><strong>caelum</strong></span> <span class='ocrx_word' id='word_1_772' title='bbox 4125 4398 4180 4436; x_wconf 87' lang='lat' dir='ltr'><strong>et</strong></span> 
     </span>
    </p>
   </div>
   <div class='ocr_carea' id='block_1_162' title="bbox 2607 4454 4178 4520">
    <p class='ocr_par' dir='ltr' id='par_1_162' title="bbox 2607 4454 4178 4520">
     <span class='ocr_line' id='line_1_162' title="bbox 2607 4454 4178 4520; baseline -0.001 -15"><span class='ocrx_word' id='word_1_773' title='bbox 2607 4463 2766 4505; x_wconf 90' lang='lat' dir='ltr'><strong>terra.</strong></span> <span class='ocrx_word' id='word_1_774' title='bbox 2799 4454 2906 4520; x_wconf 84' lang='lat' dir='ltr'><strong>jota</strong></span> <span class='ocrx_word' id='word_1_775' title='bbox 2938 4471 3097 4507; x_wconf 91' lang='lat' dir='ltr'><strong>unum</strong></span> <span class='ocrx_word' id='word_1_776' title='bbox 3149 4459 3228 4506; x_wconf 87' lang='lat' dir='ltr'><strong>vel</strong></span> <span class='ocrx_word' id='word_1_777' title='bbox 3282 4472 3415 4507; x_wconf 88' lang='lat' dir='ltr'><strong>unus</strong></span> <span class='ocrx_word' id='word_1_778' title='bbox 3460 4471 3610 4520; x_wconf 80' lang='lat' dir='ltr'><strong>apex.</strong></span> <span class='ocrx_word' id='word_1_779' title='bbox 3664 4469 3765 4505; x_wconf 85' lang='lat' dir='ltr'><strong>non</strong></span> <span class='ocrx_word' id='word_1_780' title='bbox 3798 4454 4124 4519; x_wconf 87' lang='lat' dir='ltr'><strong>praeteribit</strong></span> <span class='ocrx_word' id='word_1_781' title='bbox 4151 4471 4178 4504; x_wconf 86' lang='lat' dir='ltr'><strong>a</strong></span> 
     </span>
    </p>
   </div>
   <div class='ocr_carea' id='block_1_163' title="bbox 2608 4521 4180 4589">
    <p class='ocr_par' dir='ltr' id='par_1_163' title="bbox 2608 4521 4180 4589">
     <span class='ocr_line' id='line_1_163' title="bbox 2608 4521 4180 4589; baseline 0.001 -17"><span class='ocrx_word' id='word_1_782' title='bbox 2608 4521 2741 4589; x_wconf 87' lang='lat' dir='ltr'><strong>lege.</strong></span> <span class='ocrx_word' id='word_1_783' title='bbox 2777 4521 2942 4575; x_wconf 87' lang='lat' dir='ltr'><strong>donec</strong></span> <span class='ocrx_word' id='word_1_784' title='bbox 2975 4527 3149 4576; x_wconf 90' lang='lat' dir='ltr'><strong>omnia</strong></span> <span class='ocrx_word' id='word_1_785' title='bbox 3188 4529 3326 4575; x_wconf 85' lang='lat' dir='ltr'><strong>tiant.</strong></span> <span class='ocrx_word' id='word_1_786' title='bbox 3362 4525 3458 4589; x_wconf 90' lang='lat' dir='ltr'><strong>Qui</strong></span> <span class='ocrx_word' id='word_1_787' title='bbox 3482 4525 3622 4576; x_wconf 87' lang='lat' dir='ltr'><strong>enim</strong></span> <span class='ocrx_word' id='word_1_788' title='bbox 3645 4525 3862 4574; x_wconf 77' lang='lat' dir='ltr'><strong>solverit</strong></span> <span class='ocrx_word' id='word_1_789' title='bbox 3895 4537 4062 4574; x_wconf 85' lang='lat' dir='ltr'><strong>unum</strong></span> <span class='ocrx_word' id='word_1_790' title='bbox 4113 4527 4180 4575; x_wconf 74' lang='lat' dir='ltr'><strong>de</strong></span> 
     </span>
    </p>
   </div>
   <div class='ocr_carea' id='block_1_164' title="bbox 2607 4589 4176 4646">
    <p class='ocr_par' dir='ltr' id='par_1_164' title="bbox 2607 4589 4176 4646">
     <span class='ocr_line' id='line_1_164' title="bbox 2607 4589 4176 4646; baseline 0.001 -6"><span class='ocrx_word' id='word_1_791' title='bbox 2607 4589 2866 4641; x_wconf 85' lang='lat' dir='ltr'><strong>mandatis</strong></span> <span class='ocrx_word' id='word_1_792' title='bbox 2895 4591 3010 4643; x_wconf 88' lang='lat' dir='ltr'><strong>istis</strong></span> <span class='ocrx_word' id='word_1_793' title='bbox 3034 4595 3261 4645; x_wconf 87' lang='lat' dir='ltr'><strong>minimis</strong></span> <span class='ocrx_word' id='word_1_794' title='bbox 3283 4605 3334 4646; x_wconf 92' lang='lat' dir='ltr'><strong>et</strong></span> <span class='ocrx_word' id='word_1_795' title='bbox 3366 4602 3602 4645; x_wconf 80' lang='lat' dir='ltr'><strong>docuerit</strong></span> <span class='ocrx_word' id='word_1_796' title='bbox 3634 4607 3707 4642; x_wconf 84' lang='lat' dir='ltr'><strong>sic</strong></span> <span class='ocrx_word' id='word_1_797' title='bbox 3743 4593 3986 4644; x_wconf 86' lang='lat' dir='ltr'><strong>homines</strong></span> <span class='ocrx_word' id='word_1_798' title='bbox 4012 4593 4176 4643; x_wconf 82' lang='lat' dir='ltr'><strong>inini-</strong></span> 
     </span>
    </p>
   </div>
   <div class='ocr_carea' id='block_1_165' title="bbox 2608 4659 4184 4735">
    <p class='ocr_par' dir='ltr' id='par_1_165' title="bbox 2608 4659 4184 4735">
     <span class='ocr_line' id='line_1_165' title="bbox 2608 4659 4184 4735; baseline 0.004 -27"><span class='ocrx_word' id='word_1_799' title='bbox 2608 4673 2728 4735; x_wconf 71' lang='lat' dir='ltr'><strong>mus</strong></span> <span class='ocrx_word' id='word_1_800' title='bbox 2746 4659 3023 4735; x_wconf 78' lang='lat' dir='ltr'><strong>vocabitur</strong></span> <span class='ocrx_word' id='word_1_801' title='bbox 3039 4665 3087 4714; x_wconf 92' lang='lat' dir='ltr'><strong>in</strong></span> <span class='ocrx_word' id='word_1_802' title='bbox 3115 4677 3272 4730; x_wconf 87' lang='lat' dir='ltr'><strong>regno</strong></span> <span class='ocrx_word' id='word_1_803' title='bbox 3293 4667 3573 4735; x_wconf 80' lang='lat' dir='ltr'><strong>caelorum.</strong></span> <span class='ocrx_word' id='word_1_804' title='bbox 3591 4677 3675 4728; x_wconf 88' lang='lat' dir='ltr'><strong>qui</strong></span> <span class='ocrx_word' id='word_1_805' title='bbox 3698 4671 3869 4711; x_wconf 86' lang='lat' dir='ltr'><strong>autem</strong></span> <span class='ocrx_word' id='word_1_806' title='bbox 3891 4660 4108 4714; x_wconf 86' lang='lat' dir='ltr'><strong>fecerit.</strong></span> <span class='ocrx_word' id='word_1_807' title='bbox 4131 4673 4184 4714; x_wconf 82' lang='lat' dir='ltr'><strong>et</strong></span> 
     </span>
    </p>
   </div>
   <div class='ocr_carea' id='block_1_166' title="bbox 2609 4727 4180 4798">
    <p class='ocr_par' dir='ltr' id='par_1_166' title="bbox 2609 4727 4180 4798">
     <span class='ocr_line' id='line_1_166' title="bbox 2609 4727 4180 4798; baseline 0.003 -22"><span class='ocrx_word' id='word_1_808' title='bbox 2609 4727 2676 4798; x_wconf 78' lang='lat' dir='ltr'><strong>ita</strong></span> <span class='ocrx_word' id='word_1_809' title='bbox 2699 4727 2954 4781; x_wconf 91' lang='lat' dir='ltr'><strong>docuerit.</strong></span> <span class='ocrx_word' id='word_1_810' title='bbox 2979 4730 3060 4783; x_wconf 89' lang='lat' dir='ltr'><strong>hic</strong></span> <span class='ocrx_word' id='word_1_811' title='bbox 3079 4727 3292 4798; x_wconf 73' lang='lat' dir='ltr'><strong>magnus</strong></span> <span class='ocrx_word' id='word_1_812' title='bbox 3309 4727 3669 4784; x_wconf 84' lang='lat' dir='ltr'><strong>vocabitur.iii</strong></span> <span class='ocrx_word' id='word_1_813' title='bbox 3692 4745 3850 4798; x_wconf 81' lang='lat' dir='ltr'><strong>regno</strong></span> <span class='ocrx_word' id='word_1_814' title='bbox 3872 4733 4180 4784; x_wconf 82' lang='lat' dir='ltr'><strong>caelorum.</strong></span> 
     </span>
    </p>
   </div>
   <div class='ocr_carea' id='block_1_167' title="bbox 2612 4795 4182 4867">
    <p class='ocr_par' dir='ltr' id='par_1_167' title="bbox 2612 4795 4182 4867">
     <span class='ocr_line' id='line_1_167' title="bbox 2612 4795 4182 4867; baseline 0.004 -22"><span class='ocrx_word' id='word_1_815' title='bbox 2612 4795 2734 4867; x_wconf 80' lang='lat' dir='ltr'><strong>Dico</strong></span> <span class='ocrx_word' id='word_1_816' title='bbox 2755 4798 2893 4849; x_wconf 89' lang='lat' dir='ltr'><strong>enim</strong></span> <span class='ocrx_word' id='word_1_817' title='bbox 2927 4800 3090 4867; x_wconf 82' lang='lat' dir='ltr'><strong>vobis.</strong></span> <span class='ocrx_word' id='word_1_818' title='bbox 3122 4795 3239 4867; x_wconf 82' lang='lat' dir='ltr'><strong>quia</strong></span> <span class='ocrx_word' id='word_1_819' title='bbox 3269 4802 3363 4852; x_wconf 80' lang='lat' dir='ltr'><strong>nisi</strong></span> <span class='ocrx_word' id='word_1_820' title='bbox 3392 4795 3954 4866; x_wconf 76' lang='lat' dir='ltr'><strong>abunilaveritjustitia</strong></span> <span class='ocrx_word' id='word_1_821' title='bbox 3995 4814 4182 4854; x_wconf 82' lang='lat' dir='ltr'><strong>vestra</strong></span> 
     </span>
    </p>
   </div>
   <div class='ocr_carea' id='block_1_168' title="bbox 2609 4863 4186 4940">
    <p class='ocr_par' dir='ltr' id='par_1_168' title="bbox 2609 4863 4186 4940">
     <span class='ocr_line' id='line_1_168' title="bbox 2609 4863 4186 4940; baseline 0.006 -26"><span class='ocrx_word' id='word_1_822' title='bbox 2609 4863 2883 4940; x_wconf 78' lang='lat' dir='ltr'><strong>plusquam</strong></span> <span class='ocrx_word' id='word_1_823' title='bbox 2919 4863 3218 4940; x_wconf 73' lang='lat' dir='ltr'><strong>Scribarum</strong></span> <span class='ocrx_word' id='word_1_824' title='bbox 3247 4878 3299 4922; x_wconf 90' lang='lat' dir='ltr'><strong>et</strong></span> <span class='ocrx_word' id='word_1_825' title='bbox 3323 4871 3722 4940; x_wconf 83' lang='lat' dir='ltr'><strong>Pharisaeorum</strong></span> <span class='ocrx_word' id='word_1_826' title='bbox 3754 4863 3866 4923; x_wconf 74' lang='lat' dir='ltr'><strong>non</strong></span> <span class='ocrx_word' id='word_1_827' title='bbox 3899 4871 4186 4923; x_wconf 80' lang='lat' dir='ltr'><strong>intrabitis</strong></span> 
     </span>
    </p>
   </div>
   <div class='ocr_carea' id='block_1_169' title="bbox 2610 4936 4186 5013">
    <p class='ocr_par' dir='ltr' id='par_1_169' title="bbox 2610 4936 4186 5013">
     <span class='ocr_line' id='line_1_169' title="bbox 2610 4936 4186 5013; baseline 0.003 -30"><span class='ocrx_word' id='word_1_828' title='bbox 2610 4936 2662 5013; x_wconf 63' lang='lat' dir='ltr'><strong>in</strong></span> <span class='ocrx_word' id='word_1_829' title='bbox 2694 4948 2857 5013; x_wconf 66' lang='lat' dir='ltr'><strong>regno</strong></span> <span class='ocrx_word' id='word_1_830' title='bbox 2883 4936 3166 5013; x_wconf 79' lang='lat' dir='ltr'><strong>caelorum.</strong></span> <span class='ocrx_word' id='word_1_831' title='bbox 3189 4940 3557 5013; x_wconf 76' lang='lat' dir='ltr'><strong>Audistisquia</strong></span> <span class='ocrx_word' id='word_1_832' title='bbox 3587 4938 3780 4990; x_wconf 82' lang='lat' dir='ltr'><strong>dictum</strong></span> <span class='ocrx_word' id='word_1_833' title='bbox 3805 4949 3886 5013; x_wconf 77' lang='lat' dir='ltr'><strong>est</strong></span> <span class='ocrx_word' id='word_1_834' title='bbox 3909 4945 4186 5013; x_wconf 81' lang='lat' dir='ltr'><strong>antiquis.</strong></span> 
     </span>
    </p>
   </div>
   <div class='ocr_carea' id='block_1_170' title="bbox 2610 4955 4182 5074">
    <p class='ocr_par' dir='ltr' id='par_1_170' title="bbox 2610 4955 4182 5074">
     <span class='ocr_line' id='line_1_170' title="bbox 2611 4955 4182 5006; baseline 0.004 -25"><span class='ocrx_word' id='word_1_835' title='bbox 2611 4955 2662 4982; x_wconf 93' lang='lat' dir='ltr'><strong>Ill</strong></span> <span class='ocrx_word' id='word_1_836' title='bbox 2694 4955 2854 5000; x_wconf 84' lang='lat' dir='ltr'><strong>regno</strong></span> <span class='ocrx_word' id='word_1_837' title='bbox 2883 4955 3166 4992; x_wconf 85' lang='lat' dir='ltr'><strong>caeiorum.</strong></span> <span class='ocrx_word' id='word_1_838' title='bbox 3189 4955 3420 4990; x_wconf 69' lang='lat' dir='ltr'><strong>nuaisus</strong></span> <span class='ocrx_word' id='word_1_839' title='bbox 3481 4955 3557 4989; x_wconf 89' lang='lat' dir='ltr'><strong>uia</strong></span> <span class='ocrx_word' id='word_1_840' title='bbox 3587 4955 3780 4990; x_wconf 82' lang='lat' dir='ltr'><strong>uictum</strong></span> <span class='ocrx_word' id='word_1_841' title='bbox 3805 4955 3886 4990; x_wconf 73' lang='lat' dir='ltr'><strong>ess</strong></span> <span class='ocrx_word' id='word_1_842' title='bbox 3909 4955 4182 5006; x_wconf 76' lang='lat' dir='ltr'><strong>antiquis.</strong></span> 
     </span>
     <span class='ocr_line' id='line_1_171' title="bbox 2610 4955 4182 5074; baseline 0.004 -22"><span class='ocrx_word' id='word_1_843' title='bbox 2610 4999 2722 5074; x_wconf 67' lang='lat' dir='ltr'><strong>Non</strong></span> <span class='ocrx_word' id='word_1_844' title='bbox 2749 5003 2957 5056; x_wconf 87' lang='lat' dir='ltr'><strong>occides</strong></span> <span class='ocrx_word' id='word_1_845' title='bbox 3009 5006 3098 5074; x_wconf 89' lang='lat' dir='ltr'><strong>qui</strong></span> <span class='ocrx_word' id='word_1_846' title='bbox 3128 5019 3299 5059; x_wconf 88' lang='lat' dir='ltr'><strong>autem</strong></span> <span class='ocrx_word' id='word_1_847' title='bbox 3332 4955 3605 5060; x_wconf 48' lang='lat' dir='ltr'><strong>occiilerit.</strong></span> <span class='ocrx_word' id='word_1_848' title='bbox 3639 5021 3758 5058; x_wconf 87' lang='lat' dir='ltr'><strong>reus</strong></span> <span class='ocrx_word' id='word_1_849' title='bbox 3788 5008 3894 5059; x_wconf 89' lang='lat' dir='ltr'><strong>erit</strong></span> <span class='ocrx_word' id='word_1_850' title='bbox 3941 5011 4182 5074; x_wconf 82' lang='lat' dir='ltr'><strong>judicio.</strong></span> 
     </span>
    </p>
   </div>
   <div class='ocr_carea' id='block_1_171' title="bbox 2609 5067 4188 5190">
    <p class='ocr_par' dir='ltr' id='par_1_171' title="bbox 2609 5067 4188 5190">
     <span class='ocr_line' id='line_1_172' title="bbox 2609 5067 4188 5190; baseline 0.006 -69"><span class='ocrx_word' id='word_1_851' title='bbox 2609 5067 2944 5190; x_wconf 30' lang='lat' dir='ltr'><strong>ngiautem</strong></span> <span class='ocrx_word' id='word_1_852' title='bbox 3016 5067 3135 5128; x_wconf 80' lang='lat' dir='ltr'><strong>dico</strong></span> <span class='ocrx_word' id='word_1_853' title='bbox 3185 5077 3333 5129; x_wconf 86' lang='lat' dir='ltr'><strong>vobis</strong></span> <span class='ocrx_word' id='word_1_854' title='bbox 3385 5076 3506 5144; x_wconf 86' lang='lat' dir='ltr'><strong>quia</strong></span> <span class='ocrx_word' id='word_1_855' title='bbox 3561 5079 3732 5129; x_wconf 89' lang='lat' dir='ltr'><strong>omnis</strong></span> <span class='ocrx_word' id='word_1_856' title='bbox 3787 5077 3874 5144; x_wconf 89' lang='lat' dir='ltr'><strong>qui</strong></span> <span class='ocrx_word' id='word_1_857' title='bbox 3925 5067 4188 5133; x_wconf 76' lang='lat' dir='ltr'><strong>irascitur</strong></span> 
     </span>
     <span class='ocr_line' id='line_1_173' title="bbox 2633 5155 2756 5190; baseline 0 0"><span class='ocrx_word' id='word_1_858' title='bbox 2633 5155 2658 5190; x_wconf 92' lang='lat' dir='ltr'><strong>r</strong></span> <span class='ocrx_word' id='word_1_859' title='bbox 2715 5155 2756 5190; x_wconf 92' lang='lat' dir='ltr'><strong>ri</strong></span> 
     </span>
    </p>
   </div>
   <div class='ocr_carea' id='block_1_172' title="bbox 2715 5155 2756 5191">
    <p class='ocr_par' dir='ltr' id='par_1_172' title="bbox 2715 5155 2756 5191">
     <span class='ocr_line' id='line_1_174' title="bbox 2715 5155 2756 5191; baseline 0 0"><span class='ocrx_word' id='word_1_860' title='bbox 2715 5155 2756 5191; x_wconf 81' lang='grc' dir='ltr'><strong>ΓΙ</strong></span> 
     </span>
    </p>
   </div>
   <div class='ocr_carea' id='block_1_173' title="bbox 1615 5247 3465 5314">
    <p class='ocr_par' dir='ltr' id='par_1_173' title="bbox 1615 5247 3465 5314">
     <span class='ocr_line' id='line_1_175' title="bbox 1615 5247 3465 5314; baseline 0.002 -8"><span class='ocrx_word' id='word_1_861' title='bbox 1615 5249 2000 5306; x_wconf 71' lang='lat' dir='ltr'><strong>VARIANTES</strong></span> <span class='ocrx_word' id='word_1_862' title='bbox 2037 5247 2409 5306; x_wconf 81' lang='lat' dir='ltr'><strong>LECTION</strong></span> <span class='ocrx_word' id='word_1_863' title='bbox 2447 5248 2710 5308; x_wconf 79' lang='lat' dir='ltr'><strong>CODICIS</strong></span> <span class='ocrx_word' id='word_1_864' title='bbox 2730 5250 2838 5308; x_wconf 77' lang='lat' dir='ltr'><strong>MS.</strong></span> <span class='ocrx_word' id='word_1_865' title='bbox 2869 5253 2928 5308; x_wconf 91' lang='lat' dir='ltr'><strong>S.</strong></span> <span class='ocrx_word' id='word_1_866' title='bbox 2970 5253 3465 5314; x_wconf 71' lang='lat' dir='ltr'><strong>GERMANENSIS.</strong></span> 
     </span>
    </p>
   </div>
   <div class='ocr_carea' id='block_1_174' title="bbox 1022 5367 1336 5430">
    <p class='ocr_par' dir='ltr' id='par_1_174' title="bbox 1022 5367 1336 5430">
     <span class='ocr_line' id='line_1_176' title="bbox 1022 5367 1336 5430; baseline -0.016 -11"><span class='ocrx_word' id='word_1_867' title='bbox 1022 5373 1038 5402; x_wconf 78' lang='grc' dir='ltr'><strong>ι</strong></span> <span class='ocrx_word' id='word_1_868' title='bbox 1070 5369 1218 5430; x_wconf 83' lang='lat' dir='ltr'><strong>valet,</strong></span> <span class='ocrx_word' id='word_1_869' title='bbox 1245 5367 1336 5415; x_wconf 87' lang='lat' dir='ltr'><strong>nisi</strong></span> 
     </span>
    </p>
   </div>
   <div class='ocr_carea' id='block_1_175' title="bbox 1019 5432 1214 5491">
    <p class='ocr_par' dir='ltr' id='par_1_175' title="bbox 1019 5432 1214 5491">
     <span class='ocr_line' id='line_1_177' title="bbox 1019 5432 1214 5491; baseline -0.005 -12"><span class='ocrx_word' id='word_1_870' title='bbox 1019 5434 1040 5462; x_wconf 80' lang='grc'>¹</span> <span class='ocrx_word' id='word_1_871' title='bbox 1072 5432 1214 5491; x_wconf 73' lang='lat' dir='ltr'><strong>huius</strong></span> 
     </span>
    </p>
   </div>
   <div class='ocr_carea' id='block_1_176' title="bbox 1022 5489 1386 5553">
    <p class='ocr_par' dir='ltr' id='par_1_176' title="bbox 1022 5489 1386 5553">
     <span class='ocr_line' id='line_1_178' title="bbox 1022 5489 1386 5553; baseline -0.019 -9"><span class='ocrx_word' id='word_1_872' title='bbox 1022 5493 1041 5524; x_wconf 79' lang='grc'><strong>³</strong></span> <span class='ocrx_word' id='word_1_873' title='bbox 1076 5489 1386 5553; x_wconf 73' lang='lat' dir='ltr'><strong>magniﬁcent</strong></span> 
     </span>
    </p>
   </div>
   <div class='ocr_carea' id='block_1_177' title="bbox 2677 5360 2850 5410">
    <p class='ocr_par' dir='ltr' id='par_1_177' title="bbox 2677 5360 2850 5410">
     <span class='ocr_line' id='line_1_179' title="bbox 2677 5360 2850 5410; baseline 0.006 -1"><span class='ocrx_word' id='word_1_874' title='bbox 2677 5360 2699 5391; x_wconf 76' lang='grc'><strong>⁸</strong></span> <span class='ocrx_word' id='word_1_875' title='bbox 2731 5361 2850 5410; x_wconf 85' lang='lat' dir='ltr'><strong>haec</strong></span> 
     </span>
    </p>
   </div>
   <div class='ocr_carea' id='block_1_178' title="bbox 2677 5424 3041 5485">
    <p class='ocr_par' dir='ltr' id='par_1_178' title="bbox 2677 5424 3041 5485">
     <span class='ocr_line' id='line_1_180' title="bbox 2677 5424 3041 5485; baseline -0.005 0"><span class='ocrx_word' id='word_1_876' title='bbox 2677 5424 3041 5485; x_wconf 60' lang='grc' dir='ltr'><strong>ξείενιηεειιω</strong></span> 
     </span>
    </p>
   </div>
   <div class='ocr_carea' id='block_1_179' title="bbox 2676 5483 2958 5534">
    <p class='ocr_par' dir='ltr' id='par_1_179' title="bbox 2676 5483 2958 5534">
     <span class='ocr_line' id='line_1_181' title="bbox 2676 5483 2958 5534; baseline 0 -2"><span class='ocrx_word' id='word_1_877' title='bbox 2676 5483 2697 5512; x_wconf 84' lang='grc'><strong>⁸</strong></span> <span class='ocrx_word' id='word_1_878' title='bbox 2728 5483 2958 5534; x_wconf 82' lang='lat' dir='ltr'><strong>est:Noii</strong></span> 
     </span>
    </p>
   </div>
   <div class='ocr_carea' id='block_1_180' title="bbox 2244 5580 2866 5641">
    <p class='ocr_par' dir='ltr' id='par_1_180' title="bbox 2244 5580 2866 5641">
     <span class='ocr_line' id='line_1_182' title="bbox 2244 5580 2866 5641; baseline 0.005 -3"><span class='ocrx_word' id='word_1_879' title='bbox 2244 5580 2603 5638; x_wconf 68' lang='lat' dir='ltr'><strong>BLANCllINl</strong></span> <span class='ocrx_word' id='word_1_880' title='bbox 2641 5582 2774 5640; x_wconf 57' lang='lat' dir='ltr'><strong>N01</strong></span> <span class='ocrx_word' id='word_1_881' title='bbox 2779 5584 2866 5641; x_wconf 69' lang='grc' dir='ltr'><strong>Ε.</strong></span> 
     </span>
    </p>
   </div>
   <div class='ocr_carea' id='block_1_181' title="bbox 1037 5678 2657 5758">
    <p class='ocr_par' dir='ltr' id='par_1_181' title="bbox 1037 5678 2657 5758">
     <span class='ocr_line' id='line_1_183' title="bbox 1037 5678 2657 5758; baseline -0.005 -18"><span class='ocrx_word' id='word_1_882' title='bbox 1037 5687 1110 5758; x_wconf 86' lang='grc' dir='ltr'><strong>(α)</strong></span> <span class='ocrx_word' id='word_1_883' title='bbox 1139 5689 1260 5743; x_wconf 81' lang='lat' dir='ltr'><strong>l’ost</strong></span> <span class='ocrx_word' id='word_1_884' title='bbox 1289 5687 1448 5755; x_wconf 79' lang='lat' dir='ltr'><strong>valet,</strong></span> <span class='ocrx_word' id='word_1_885' title='bbox 1472 5685 1622 5744; x_wconf 80' lang='lat' dir='ltr'><strong>deest</strong></span> <span class='ocrx_word' id='word_1_886' title='bbox 1647 5684 1820 5741; x_wconf 69' lang='lat' dir='ltr'><strong>aura:</strong></span> <span class='ocrx_word' id='word_1_887' title='bbox 1849 5689 1903 5738; x_wconf 89' lang='lat' dir='ltr'><strong>et</strong></span> <span class='ocrx_word' id='word_1_888' title='bbox 1931 5679 2006 5739; x_wconf 86' lang='lat' dir='ltr'><strong>ita</strong></span> <span class='ocrx_word' id='word_1_889' title='bbox 2031 5680 2288 5755; x_wconf 85' lang='lat' dir='ltr'><strong>in_Cant.,</strong></span> <span class='ocrx_word' id='word_1_890' title='bbox 2315 5678 2410 5737; x_wconf 87' lang='lat' dir='ltr'><strong>Gr.</strong></span> <span class='ocrx_word' id='word_1_891' title='bbox 2441 5687 2494 5735; x_wconf 88' lang='lat' dir='ltr'><strong>et</strong></span> <span class='ocrx_word' id='word_1_892' title='bbox 2543 5678 2657 5736; x_wconf 85' lang='lat' dir='ltr'><strong>Lat.</strong></span> 
     </span>
    </p>
   </div>
  </div>
