4288 6472
193 235 292 291 165

576 337 802 400 CODEX
840 337 1371 398 VERCELLENSIS.

193 452 288 493 suo
316 437 433 492 sine
457 451 581 492 cau-
1006 436 1093 489 26.
1139 437 1306 490 Amen
1338 433 1456 488 dico
1486 431 1613 496 tibi,

194 522 273 571 sa,
302 522 425 562 reus
453 508 558 562 erit
991 521 1109 559 non
1136 505 1284 559 exies
1316 505 1397 557 in-

185 578 404 647 judicio.
432 577 653 647 Quiau-
710 593 711 596 ‘
1004 575 1090 647 de,
1119 574 1289 647 donec
1313 573 1436 647 red-

192 644 295 703 tem
325 646 516 700 dixerit
539 646 647 701 fra-
1003 644 1098 698 das
1125 645 1352 699 novissi-

193 718 255 770 lri
281 732 398 779 suo.
427 718 585 770 racha
616 731 631 770 :
1004 730 1147 768 mum
1165 714 1431 783 quadran-
1476 756 1479 760 .

192 801 312 841 reus
331 787 432 841 erit
459 800 581 840 con-
1003 785 1093 838 27.
1124 782 1248 839 tem.
1273 782 1471 840 Audis-

188 858 330 910 cilio.
361 856 460 923 Qui
486 871 581 909 au—
1004 855 1070 908 tis
1096 856 1218 924 quia
1247 854 1446 924 dictum

192 934 297 981 tem
326 925 549 988 dixerit,
579 924 653 978 fa-
1000 934 1084 996 est
1217 942 1229 976 :
1260 923 1374 978 Non
1400 941 1554 982 moe-.

191 1005 279 1051 tue
309 1014 321 1047 :
347 1009 471 1050 reus
493 996 597 1049 erit
1009 992 1097 1049 28.
1121 992 1360 1048 caveris.
1389 996 1448 1051 E.
1479 1013 1511 1052 ο

188 1067 460 1132 gehennae
488 1063 566 1134 ig-
888 1088 891 1091 -
1011 1073 1188 1119 autem
1225 1065 1281 1117 d.
1327 1103 1338 1116 .
1383 1103 1398 1118 .
1445 1105 1457 1118 .
1501 1106 1516 1120 .
1561 1105 1576 1120 .
1619 1108 1633 1122 .
1677 1109 1692 1124 .
1738 1109 1753 1124 .

187 1135 278 1190 23.
315 1137 417 1190 nis.
447 1134 502 1189 Si
525 1148 656 1204 ergo
1002 1135 1286 1203 vobis:qu
1326 1174 1340 1188 .
1388 1175 1400 1187 .
1446 1176 1460 1188 .
1506 1154 1534 1188 .-
1568 1177 1580 1190 .
1617 1179 1630 1192 .
1677 1177 1692 1191 .
1739 1179 1752 1193 .

188 1204 383 1262 offeres
404 1218 597 1279 munus
1002 1219 1119 1279 n_._.
1156 1243 1170 1279 τ
1216 1243 1228 1256 .
1275 1243 1290 1256 .
1317 1245 1348 1279 _.
1391 1206 1578 1279 is,qui

1003 1272 1197 1327 viderit
1225 1274 1382 1327 muli-

1001 1357 1146 1398 erem
1176 1343 1242 1396 ad
1275 1359 1406 1397 con-

1002 1413 1381 1481 cupiscendum

1000 1497 1118 1538 eam
1138 1524 1154 1547 ,
1179 1482 1287 1551 jam
1315 1497 1463 1539 moe-

1001 1563 1150 1606 catus
1179 1564 1260 1606 €81
1291 1568 1408 1608 eam

1004 1621 1056 1676 in
1081 1623 1243 1676 corde
1275 1639 1395 1678 suo.

1003 1692 1093 1746 29.
1123 1691 1274 1758 Quod
1306 1693 1349 1747 si
1372 1694 1561 1751 oculus
1587 1704 1670 1750 tu-

1005 1778 1068 1817 us
1098 1764 1285 1817 dexter
1309 1778 1459 1818 scan-

1004 1832 1196 1887 dalizat
1223 1835 1310 1896 te,
1345 1850 1474 1889 erue

1005 1918 1125 1958 eum
1149 1943 1164 1968 ,
1192 1911 1245 1958 ct
1271 1903 1451 1972 proice

1007 1975 1103 2027 abs
1127 1982 1177 2026 te
1212 1990 1224 2026 :
1265 1973 1479 2041 expedit

971 2073 975 2075 λ
1008 2044 1148 2098 enim
1182 2043 1276 2096 tibi
1297 2052 1356 2097 ut

1010 2122 1191 2179 pereat
1221 2128 1381 2166 unum

1012 2181 1372 2235 membrorum

1010 2259 1220 2305 tuorum
1245 2292 1258 2315 ,
1281 2266 1439 2320 quam

1007 2329 1176 2376 totum
1210 2335 1405 2390 corpus

192 1284 336 1330 tuum
363 1274 428 1328 ad
450 1275 586 1328 alta-

190 1359 249 1399 re
265 1386 279 1410 ,
309 1353 363 1400 et
383 1344 454 1398 ibi
480 1357 646 1398 reme

191 1425 424 1469 moratus
454 1413 567 1467 fue-

191 1485 264 1538 ris
283 1485 404 1553 quia
432 1482 594 1553 frater

193 1552 312 1608 tuus
335 1553 493 1607 habet
518 1552 615 1608 ali-

191 1624 316 1689 quid
343 1622 624 1678 adversum

188 1692 277 1746 ει.
320 1703 370 1748 te
398 1709 410 1745 :
434 1693 677 1763 relinque

194 1763 268 1817 ibi
295 1777 486 1817 munus
517 1772 601 1816 tu-

194 1849 279 1886 um
302 1843 424 1887 ante
445 1832 580 1886 alta-

193 1918 272 1968 re,
301 1912 354 1958 et
383 1903 512 1957 vade
536 1904 649 1973 pri-

196 1989 258 2027 us
285 1973 594 2028 reconcilia-

197 2058 254 2097 re
283 2043 432 2097 fratri
464 2053 551 2096 tuo
586 2061 598 2096 :

195 2122 248 2166 et
269 2121 391 2167 tunc
415 2113 562 2168 veni-

197 2196 292 2235 ens
318 2182 476 2237 oﬂ‘ers
503 2197 623 2236 mu-

200 2266 298 2305 nus
321 2261 488 2305 tuum.

198 2321 287 2377 25.
331 2322 458 2376 Esto
487 2319 748 2375 consenti-
805 2360 807 2362 .

201 2406 295 2446 ens
320 2390 616 2445 adversari-
1011 2401 1159 2445 tuum
1189 2397 1276 2445 cat
1303 2391 1354 2444 i’n
1392 2407 1482 2461 ge-

202 2476 235 2516 o
263 2469 353 2515 tuo
375 2462 479 2516 cito
505 2461 630 2515 dum
1011 2463 1260 2516 bennam.

202 2545 260 2586 es
288 2547 406 2587 cum
437 2531 526 2586 illo
553 2531 606 2585 in
1011 2531 1099 2587 30.
1146 2569 1160 2584 .
1204 2569 1219 2584 .
1264 2572 1276 2584 .
1317 2530 1544 2586 dextera
1579 2547 1693 2586 ma-

201 2601 287 2655 via
318 2619 331 2654 :
364 2616 432 2656 ne
452 2600 588 2656 forte
1010 2617 1067 2655 n.
1112 2640 1123 2652 .
1169 2640 1183 2652 .
1229 2640 1242 2652 .
1285 2610 1372 2654 tua
1406 2615 1516 2655 sca.
1558 2640 1572 2655 .
1619 2641 1632 2654 .

202 2671 378 2726 tradat
403 2681 453 2725 te
474 2670 666 2726 adver-
1009 2671 1043 2724 d
1085 2700 1108 2722 ,ι
1140 2703 1159 2722 .
1201 2707 1215 2721 .
1257 2677 1312 2722 at
1337 2680 1433 2735 te,
1480 2709 1494 2723 .
1549 2706 1564 2723 .
1610 2709 1624 2723 .

204 2742 372 2795 sarius
391 2739 585 2809 indici,
616 2748 671 2794 et
730 2807 739 2809 _
1015 2779 1026 2791 .
1072 2779 1086 2793 .
1128 2749 1357 2807 eam,et
1385 2754 1504 2809 pro-
1553 2756 1562 2762 ’

197 2809 359 2879 judex
387 2807 560 2864 tradat
590 2819 642 2864 te
669 2807 772 2862 mi—
1016 2848 1026 2858 .
1071 2850 1084 2863 .
1132 2849 1146 2862 .
1190 2848 1204 2862 .
1245 2825 1271 2864 s
1303 2807 1400 2866 tef
1439 2849 1453 2863 .
1494 2850 1508 2864 .

203 2848 408 2934 bisti'o:
435 2887 488 2933 et
513 2848 567 2934 in
595 2848 714 2936 οἷπ-
1012 2878 1112 2934 dit.
1157 2885 1192 2932 .‘
1217 2848 1289 2933 .0.

203 2964 381 3005 cerem
408 2949 585 3006 mitta-
1017 2959 1075 3003 ut
1098 2958 1282 3020 pereat
1305 2965 1468 3006 unum

203 3019 299 3075 ris.
1018 3020 1381 3075 membrorum

628 3152 854 3209 CODEX
881 3151 1343 3210 CORBEIENSIS.

206 3258 304 3316 suo
321 3253 346 3281 ⁸
367 3245 483 3300 sinc
504 3259 682 3307 causa,
713 3260 834 3300 reus
854 3247 956 3300 erit
978 3246 1197 3316 judicio.
1240 3247 1338 3312 Qui
1367 3254 1545 3300 autem
1576 3245 1773 3300 dixerit

208 3314 358 3368 fratri
386 3329 484 3370 suo
516 3316 712 3369 :racba
747 3333 760 3369 :
789 3331 912 3370 reus
943 3318 1048 3372 erit
1095 3314 1342 3371 concilio.
1390 3316 1490 3384 Qui
1539 3325 1720 3371 autem
1749 3317 1764 3346 ί

207 3385 400 3439 dixerit
428 3385 575 3455 fratri
605 3399 723 3450 suo,
774 3386 950 3440 fatue:
984 3401 1105 3440 reus
1135 3388 1236 3440 erit
1281 3385 1554 3455 gehennae
1603 3387 1761 3455 ignis.

209 3456 264 3509 Si
288 3469 412 3524 ergo
454 3454 615 3510 offers
647 3470 835 3513 munus
863 3466 1007 3510 tuum
1035 3455 1100 3508 ad
1157 3454 1346 3520 altare,
1373 3464 1426 3509 et
1456 3456 1529 3508 ibi
1582 3454 1764 3508 recor-

209 3523 365 3578 datus
417 3525 575 3579 fueris
618 3527 738 3646 quia
787 3523 952 3606 frater
998 3533 1117 3578 tuus
1193 3527 1355 3579 habet
1416 3524 1612 3593 aliquid
1672 3525 1766 3578 ad-

210 3609 419 3646 versum
449 3607 500 3646 te
532 3613 545 3646 :
575 3610 631 3646 re
656 3610 815 3646 tnnue
861 3596 930 3646 lbl
961 3608 1150 3646 munus
1185 3603 1334 3646 tuum
1377 3602 1500 3646 ante
1557 3595 1761 3646 altare.

210 3609 419 3647 versum
449 3607 500 3648 te
532 3613 545 3646 :
575 3595 815 3662 relinque
861 3595 930 3648 ibi
961 3608 1150 3648 munus
1185 3603 1334 3649 tuum
1377 3602 1500 3647 ante
1557 3595 1726 3659 altare
1746 3635 1761 3659 ,

208 3673 262 3715 et
307 3663 436 3715 vade
477 3664 620 3728 prius
663 3664 993 3716 reconciliari
1037 3664 1183 3718 fratri
1233 3674 1322 3717 tuo
1357 3682 1368 3716 :
1401 3672 1455 3716 et
1505 3674 1630 3718 tunc
1678 3680 1767 3719 ve-

211 3731 366 3783 niens
394 3733 414 3762 ⁸
444 3730 577 3785 offer
608 3745 796 3785 munus
824 3739 993 3785 tuum.
1039 3732 1168 3786 Esto
1194 3734 1537 3788 consentiens
1572 3735 1770 3788 adver-

210 3798 353 3874 sario
379 3806 470 3853 tuo
499 3802 606 3874 cito
631 3801 841 3874 dtllnhea'
871 3803 923 3855 in
954 3802 1036 3855 via
1059 3818 1179 3856 cum
1203 3818 1312 3874 eo:
1339 3819 1404 3856 ne
1437 3803 1573 3874 ioue
1598 3804 1771 3859 tradat

212 3879 265 3923 te
292 3870 627 3925 adversarius
669 3871 833 3940 judici
856 3911 871 3937 ,
902 3883 952 3926 et
975 3873 1138 3940 judex
1183 3872 1355 3927 tradat
1391 3882 1444 3928 te
1483 3870 1768 3928 ministro:

208 3948 262 3993 et
291 3941 339 3994 in
367 3955 635 3995 carcerem
665 3943 910 3997 mittaris.
959 3947 1126 3997 Arnen
1173 3945 1289 3999 dico
1319 3943 1451 4008 tibi,
1485 3961 1587 3998 non
1626 3944 1772 3999 exies

211 4009 370 4083 inde,
411 4011 593 4083 donec
617 4011 808 4067 reddas
857 4014 1198 4067 novissimum
1242 4013 1610 4083 quadrantem.
1666 4015 1774 4068 Au-

210 4080 362 4135 distis
409 4083 528 4150 quia
565 4081 762 4136 dictum
810 4095 891 4137 est
931 4085 1202 4152 antiquis:
1231 4080 1336 4137 non
1384 4085 1767 4140 moecbaberis.

213 4152 323 4222 Ego
347 4163 520 4206 autem
544 4152 664 4205 dico
687 4153 835 4207 vobis
865 4170 879 4206 :
923 4155 1046 4222 quia
1071 4155 1272 4217 omnis,
1324 4155 1413 4220 qui
1441 4154 1630 4206 viderit
1659 4167 1774 4204 mu-

210 4221 393 4275 lierein
426 4222 494 4276 ad
520 4222 1001 4290 concupiscendum
1025 4237 1171 4286 eam,
1201 4223 1306 4286 jam
1349 4222 1661 4290 moechatus
1689 4229 1774 4273 est

210 4305 328 4346 eam
359 4293 410 4345 in
439 4291 600 4346 corde
627 4289 741 4344 suo.
774 4290 925 4356 Quod
956 4291 998 4343 si
1027 4290 1209 4344 oculus
1245 4300 1365 4342 tuus
1386 4289 1572 4343 dexter
1614 4305 1771 4343 scan-

212 4360 406 4416 dalizat
425 4371 476 4415 te
497 4403 511 4426 ,
536 4376 663 4415 erue
689 4375 807 4414 eum
831 4403 843 4424 ,
869 4370 921 4414 et
943 4360 1141 4429 projice
1165 4359 1257 4412 abs
1280 4368 1329 4413 te
1355 4376 1367 4411 :
1393 4361 1610 4428 expedit
1631 4361 1774 4416 enim

213 4430 234 4462 '
264 4441 318 4489 ut
346 4440 528 4499 pereat
561 4446 724 4484 unum
754 4432 1110 4484 membrorum
1142 4440 1347 4483 tuorum
1377 4471 1390 4492 ,
1422 4445 1578 4497 quam
1608 4441 1774 4483 totum

211 4515 406 4570 corpus
453 4510 597 4554 tuum
624 4499 646 4530 ⁸
691 4501 926 4570 mittatur
978 4504 1029 4554 in
1078 4499 1396 4568 gehennam.
1427 4501 1489 4554 Et
1514 4502 1556 4554 si
1588 4501 1777 4554 dextra

127 4576 129 4578 '
213 4569 403 4638 manus
453 4581 536 4623 tua
583 4569 907 4625 scandalizat
937 4579 1015 4632 te,
1041 4569 1255 4625 abscide
1278 4585 1397 4625 eam
1423 4612 1436 4633 ,
1475 4579 1531 4624 et
1577 4571 1778 4638 projice

213 4637 310 4694 abs
340 4649 428 4705 te;
473 4639 728 4709 expedit'
758 4639 853 4700 tibi
903 4649 960 4694 ut
993 4649 1176 4710 pereat
1201 4656 1362 4694 unum
1415 4637 1777 4694 membrorum

1144 225 1585 286 EVANGELIUM
1625 224 1986 287 SECUNDUM
2023 205 2446 288 Minimum.

1778 2756 1784 2761 ’
1868 2739 2039 2792 sarius
2059 2737 2225 2806 judici
2251 2777 2264 2799 ,
2292 2743 2348 2790 et

3331 225 3426 282 166

2279 337 2504 415 cooex
2544 338 2996 396 VERONENSIS.

2677 433 2766 487 26.
2809 434 2979 486 Amen
3006 430 3127 487 dico
3153 430 3265 495 tibi,

2677 519 2782 556 non
2806 503 2954 557 exies
2975 502 3054 559 in-

2675 573 2763 638 de,
2795 575 2969 626 donec
2997 571 3122 625 red-

2676 643 2769 707 das
2801 642 3063 712 usquead
3093 640 3322 695 nobissi-
3401 647 3408 654 ‘

2683 726 2825 766 mum
2860 711 3232 780 quadrantem.

2679 781 2768 835 27.
2810 782 3045 836 Audistis
3067 781 3194 850 quia

2682 851 2878 921 dictum
2902 848 3126 921 est(a)_:

2681 920 2794 975 Non
2826 919 3078 976 moecha;

1859 450 1956 489 suo
1985 438 2099 488 sine
2129 449 2254 488 cau-

1858 519 1916 557 sa
1934 546 1946 566 ,
1979 521 2100 559 reus
2127 505 2230 558 erit

1854 574 2075 641 judicio,
2108 575 2204 641 Qui
2233 589 2326 628 au-

1858 652 1966 698 tem
1989 645 2183 699 dixerit
2203 643 2312 700 fra-

1859 715 1925 768 tri
1947 728 2045 768 suo
2067 756 2081 778 ,
2111 714 2303 768 racha:

1859 798 1982 838 reus
2004 785 2103 839 erit
2129 798 2257 838 con-

1858 854 2004 908 cilio.
2034 854 2132 918 Qui
2157 869 2250 906 au-

1862 933 1964 978 tem
1996 923 2187 977 dixerit
2211 965 2225 986 ,
2253 923 2326 976 fa-

1862 1003 1984 1048 tuae
2013 1012 2024 1045 :
2052 1007 2172 1048 reus
2197 992 2298 1047 erit
2680 991 2769 1046 28.
2814 991 2973 1045 beris.
3010 989 3122 1061 Ego

1859 1064 2134 1133 gehennae
2151 1062 2312 1133 ignis.
2681 1072 2856 1133 autem
2887 1063 3006 1116 dico

1858 1132 1947 1186 25.
1980 1132 2037 1188 Si
2065 1131 2196 1200 ergo
2684 1131 2831 1185 vobis
2860 1149 2871 1181 :
2904 1145 3038 1201 quo-

1860 1202 2053 1257 oil‘eres
2084 1197 2274 1258 inimus
2683 1202 2822 1254 niam
2853 1197 3061 1266 omnes,
3102 1197 3192 1268 qui

1861 1281 2005 1325 tuum
2035 1271 2099 1324 ad
2128 1273 2265 1325 alta-
2681 1270 2875 1324 viderit
2907 1287 3019 1324 mu-

1860 1356 1919 1396 re
1947 1384 1960 1405 ,
1989 1350 2043 1394 et
2064 1341 2133 1394 ibi
2158 1355 2330 1405 reme-
2682 1341 2870 1394 lierem
2895 1339 2959 1393 ad
2982 1354 3112 1394 con-

1861 1420 2096 1464 moratus
2122 1409 2229 1463 fne-

1860 1482 1933 1535 ris
1949 1481 2068 1548 quia
2095 1480 2254 1534 frater

1862 1559 1981 1604 tuus
2002 1550 2160 1603 habet
2179 1549 2274 1602 ali-

1862 1619 1951 1673 24.
1981 1620 2103 1689 quid
2133 1619 2414 1678 adversum

1863 1690 1916 1744 te
1947 1707 1959 1743 :
1988 1690 2231 1757 relinque

1864 1759 1936 1813 ibi
1960 1775 2153 1813 munus

1861 1839 2010 1884 tuum
2039 1838 2164 1885 ante
2186 1829 2262 1883 al-

1864 1909 2000 1962 tare.
2020 1909 2074 1954 et
2094 1899 2253 1964 vade,

1862 1972 2008 2039 prius
2029 1971 2343 2026 reconcilia-

1862 2055 1922 2095 re
1965 2039 2114 2093 fratri
2136 2048 2256 2095 tuo:
2375 2053 2378 2055 λ

1863 2120 1916 2165 ει
1948 2119 2070 2164 tunc
2097 2125 2187 2163 νει

1862 2180 2014 2234 nicns
2041 2181 2203 2234 offers
2224 2194 2339 2233 mu-

1865 2265 1966 2303 nus
1987 2258 2158 2303 tuum.
2411 2296 2417 2301 .

1863 2322 1952 2374 25.
1995 2319 2122 2373 Esto
2146 2332 2375 2374 consen-

1869 2390 2005 2445 tiens
2029 2390 2283 2444 adversa-

1866 2462 1948 2515 rio
1972 2467 2065 2514 tuo
2089 2460 2196 2515 cito
2216 2475 2335 2516 cum
2350 2473 2409 2514 es

1867 2544 1985 2583 cum
2016 2529 2107 2582 illo
2138 2531 2188 2582 in

1867 2600 1950 2652 via
1981 2618 1994 2652 :
2029 2613 2107 2652 ne
2123 2598 2262 2654 forte

1869 2669 2043 2722 tradat
2070 2679 2120 2722 te
2145 2668 2325 2722 adver'

2681 1409 3062 1477 cupiscendum

2673 1495 2814 1543 eam,
2842 1479 2950 1548 jam
2979 1493 3123 1534 moe-
3157 1515 3163 1521 ι

2680 1550 2867 1606 chatus
2892 1557 2974 1603 est
2993 1563 3111 1603 eam

2683 1622 2736 1674 in
2768 1618 2933 1673 corde
2961 1633 3080 1672 suo.

2681 1690 2771 1744 29.
2812 1687 2965 1754 Quod
2998 1688 3044 1742 si
3075 1685 3260 1742 oculus

2684 1769 2805 1814 tuus
2833 1757 3022 1812 dexter
3048 1771 3204 1813 scan—

2686 1829 2882 1884 dalizat
2910 1837 2982 1894 te,
3014 1842 3144 1882 erue

2691 1914 2835 1961 eum,
2859 1906 2914 1952 et
2939 1899 3120 1965 proice

2690 1969 2786 2022 abs
2810 1977 2899 2022 te:
2929 1966 3145 2036 expedit

2691 2038 2834 2093 enim
2862 2036 2957 2091 tibi
2986 2046 3045 2091 ut

2689 2116 2874 2177 pereat
2900 2121 3067 2161 unum

2689 2177 3051 2237 membrorum

2690 2255 2927 2314 tuorum,
2954 2260 3110 2316 quam

2689 2317 2834 2387 quod
2855 2331 3051 2384 corpus
3077 2324 3230 2372 tuum

2690 2396 2860 2458 totum
2883 2395 2971 2440 eat
2992 2387 3044 2440 in
3067 2393 3168 2458 υθέ

2690 2456 2939 2511 bennam.

2687 2525 2776 2579 30.
2819 2525 2882 2579 Et
2902 2523 2948 2580 si
2974 2523 3194 2580 dextera
3223 2537 3335 2578 ma-

2683 2610 2786 2649 nus
2813 2604 2901 2648 tua
2927 2609 3075 2648 scan-

2687 2664 2884 2740 dalizat
2911 2674 2984 2730 te,
3012 2663 3200 2727 abside

2691 2749 2835 2800 eam,
2863 2744 2920 2790 et
2944 2749 3065 2804 pro-

2693 2805 2776 2860 ice
2805 2805 2900 2859 abs
2932 2815 2984 2859 te
3017 2821 3031 2858 ε
3063 2819 3144 2859 ex-

2691 2875 2841 2944 pedit
2859 2877 3002 2930 enim
3034 2874 3131 2929 tibi

1863 2808 2027 2890 iudex
2052 2805 2228 2890 tradat
2248 2807 2317 2871 [te
2343 2805 2446 2860 mi-

1869 2885 2043 2933 nistro
2067 2892 2081 2927 ε
2113 2885 2168 2932 et
2191 2885 2241 2932 in

1869 2962 2140 3004 carcerem
2167 2949 2294 3003 mit-
2687 2955 2748 2999 ut
2773 2954 2955 3014 pereat
2974 2959 3136 3000 unum

1873 3020 2024 3074 laris.
2336 3027 2337 3032 ‘
2692 3016 3057 3126 membrorum

2337 3151 2567 3210 CODEX
2593 3151 2984 3210 BRIXIANUS.

1879 3260 1979 3300 suo
2053 3243 2170 3299 sine
2239 3259 2399 3300 causa
2478 3259 2600 3299 reus
2652 3245 2754 3300 erit
2803 3245 3024 3314 judicio.
3093 3244 3193 3312 Qui
3266 3251 3443 3298 autem

1876 3316 2097 3380 dixerit,
2133 3314 2280 3368 fratri
2309 3329 2410 3369 suo
2445 3329 2535 3369 rac
2561 3314 2588 3352 δ
2618 3331 2668 3367 a.
2703 3330 2849 3378 ;reus
2903 3320 3004 3370 erit
3051 3314 3300 3370 concilio.
3344 3314 3446 3380 Qui

1871 3393 2046 3439 autem
2084 3384 2287 3454 dixerit
2315 3383 2478 3438 futue.
2532 3400 2656 3439 reus
2690 3389 2793 3439 erit
2842 3385 3118 3454 gehennae
3179 3385 3333 3453 ignis.
3383 3384 3441 3437 Si

1870 3470 1995 3523 ergo
2016 3453 2174 3508 offers
2203 3469 2394 3508 munus
2446 3464 2592 3508 tuum
2621 3454 2693 3515 ad
2729 3453 2918 3509 altare.
2951 3466 3005 3509 et
3036 3456 3102 3509 ibi
3135 3453 3444 3507 recordatus

1870 3523 2053 3577 fueris.
2087 3525 2206 3591 quia
2259 3524 2418 3578 frater
2467 3530 2590 3578 tuus
2620 3524 2780 3577 habet
2805 3525 3005 3591 aliquid
3057 3527 3336 3578 adversum
3370 3530 3439 3574 te.

1869 3594 2108 3662 relinque
2140 3593 2207 3646 ibi
2238 3608 2429 3647 munus
2453 3601 2602 3648 tuum
2626 3603 2750 3647 ante
2790 3595 2960 3649 altare
2991 3606 3010 3632 ε
3036 3605 3090 3647 et
3132 3593 3268 3662 vade
3296 3593 3443 3659 prius

1871 3659 2215 3720 reconciliare
2241 3663 2392 3717 fratri
2423 3673 2531 3717 tuo.
2550 3673 2606 3718 et
2637 3673 2760 3718 tunc
2791 3665 3010 3718 veniens
3032 3663 3192 3718 oii‘ers
3211 3659 3236 3697 ἀ
3253 3673 3445 3714 munus

1873 3743 2020 3788 tuum
2047 3774 2058 3786 .
2089 3734 2224 3788 Esto
2252 3733 2590 3792 consentiens
2614 3734 2922 3788 adversario
2953 3745 3040 3785 tuo
3064 3735 3190 3784 cito.
3214 3730 3337 3782 dum
3385 3742 3446 3782 es

1873 3805 1923 3858 in
1957 3806 2037 3856 via
2065 3819 2185 3857 cum
2211 3803 2321 3856 illo.
2353 3820 2421 3858 ne
2449 3803 2586 3857 forte
2608 3804 2780 3857 tradat
2803 3812 2853 3856 te
2876 3802 3209 3854 adversarius
3229 3798 3394 3867 judici
3420 3806 3443 3834 ο

1873 3874 2114 3942 ειμιάθκ
2139 3873 2312 3927 tradat
2338 3886 2386 3927 te
2413 3873 2674 3926 ministro.
2725 3882 2778 3926 et
2807 3873 2859 3942 in
2881 3885 3169 3942 carcerein
3194 3870 3441 3942 mittaris.

1873 3938 2042 3999 Amen
2069 3944 2188 3997 dico
2217 3945 2308 3996 tibi
2352 3959 2456 3996 non
2488 3945 2635 3997 exies
2661 3941 2784 3995 inde
2831 3940 3000 3993 donec
3045 3940 3236 3993 reddas
3269 3938 3447 3992 nobis-

1874 4015 2077 4093 simurn
2116 4013 2486 4093 quadrantem.

1944 4078 2178 4136 Audistis
2193 4082 2313 4147 quia
2335 4081 2534 4133 dictum
2552 4089 2632 4133 est
2645 4078 2718 4149 (a)
2741 4078 2854 4132 Non
2869 4093 3049 4134 moeca
3060 4078 3338 4149 veris.Ego
3356 4091 3448 4130 au-

1875 4158 1981 4204 tem
1996 4151 2112 4204 diCO
2127 4151 2275 4202 vobis
2294 4149 2412 4218 quia
2427 4151 2601 4202 omnis
2613 4150 2701 4218 qui
2721 4149 2912 4204 viderit
2930 4151 3211 4203 mulierem
3235 4149 3299 4201 ad
3317 4162 3449 4202 con-

1874 4218 2253 4287 cupiscendum
2269 4234 2383 4272 eam
2396 4220 2507 4287 jam
2532 4229 2802 4274 moecatus
2827 4229 2908 4272 est
2932 4235 3052 4273 eam
3077 4221 3130 4272 in
3154 4218 3314 4272 corde
3329 4231 3447 4270 suo.

1950 4289 2099 4354 Quod
2119 4290 2161 4342 si
2189 4291 2373 4344 oculus
2396 4299 2516 4343 tuus
2532 4289 2718 4344 dexter
2739 4289 3079 4344 scandalizat
3103 4301 3152 4342 te
3174 4303 3300 4343 erue
3321 4300 3446 4340 cum

1877 4369 1930 4414 et
1960 4361 2134 4434 proice
2164 4361 2260 4434 abs
2285 4369 2356 4414 te.
2388 4360 2602 4427 expedit
2641 4360 2787 4416 enim
2827 4361 2941 4414 tibi.
2969 4371 3024 4413 ut
3062 4368 3243 4427 pereat
3283 4370 3445 4434 unum

1879 4425 2248 4484 membrorum'
2267 4425 2473 4484 tuorum
2500 4446 2656 4498 quam
2683 4441 2851 4484 totum
2873 4425 3073 4496 corpus
3099 4441 3242 4481 tuum
3269 4425 3448 4498 mitta-

1881 4510 1964 4573 tur
1995 4503 2048 4554 in
2093 4501 2406 4573 gehennam.
2441 4494 2579 4555 Et'si
2608 4500 2828 4573 dextera
2857 4494 3048 4573 manus
3084 4508 3191 4550 tua.
3212 4494 3446 4573 scanda-

1881 4571 2001 4625 lizat
2034 4564 2118 4626 te?
2135 4571 2345 4626 abscide
2370 4585 2488 4625 eam
2514 4581 2566 4625 et
2615 4572 2797 4640 proice
2829 4570 2923 4624 abs
2955 4579 3030 4623 te.
3055 4564 3270 4636 expedit
3300 4564 3446 4618 enim
3487 4635 3490 4638 Q

1881 4642 1977 4695 tibi
2001 4650 2058 4696 ut
2081 4652 2256 4710 pereat
2279 4646 2441 4696 unum
2464 4641 2820 4696 membrorum

895 4751 1284 4809 V‘ARIANTES
1324 4751 1701 4810 LECTIONES
1739 4753 1999 4811 CODICIS
2027 4754 2138 4810 MS.
2177 4754 2238 4810 S.
2280 4751 2780 4811 GERMANENSIS.

283 4841 300 4873 ι
333 4840 531 4893 dixerit.
557 4837 689 4897 fatue

283 4904 305 4933 ³
335 4901 515 4955 ol‘eres

261 4963 303 5000 -³
334 4964 422 5013 tibi

1951 4845 1975 4877 ⁸
2007 4850 2088 4895 eat

1950 4908 1973 4939 ⁸
2008 4907 2140 4956 enim

1509 5053 1873 5115 BLANCHINI
1907 5053 2135 5112 NOTAE.

294 5153 319 5220 ξ
349 5143 545 5220 Eodem
589 5147 967 5220 modojegunt
989 5164 1176 5205 omnes
1210 5149 1380 5206 Latini
1409 5149 1594 5206 Patres
1632 5152 1799 5220 antis
1873 5165 2045 5215 causa,
2075 5147 2309 5204 radenda
2337 5161 2456 5204 esse
2483 5155 2536 5204 et
2569 5133 2906 5202 obliteranda
2938 5146 2989 5201 in
3015 5153 3163 5206 textu
3204 5143 3446 5216 Evangec

264 5215 454 5299 Elim?"
482 5216 734 5299 Qttlri'n-
759 5215 1054 5299 Τοξιίειιοῃ.
1203 5236 1288 5288 ιιι,
1317 5237 1464 5299 num.
1491 5220 1631 5299 8,_p.
1664 5221 1761 5299 6Q:
1797 5218 1821 5244 ³

276 5283 471 5354 ilarius,
506 5283 875 5363 incolumem.
909 5289 961 5342 in
992 5283 1328 5363 Hat‘thteum;
1351 5283 1671 5363 Augustinus
1701 5288 1769 5344 de

223 5355 486 5430 Sermone
506 5357 712 5430 Domini
752 5357 805 5411 in
842 5368 1026 5430 monte
1058 5360 1197 5430 lib.)
1219 5355 1378 5430 ,cap.
1409 5355 1471 5423 9';
1509 5359 1770 5430 Hierony-

223 5441 342 5480 mus
369 5428 596 5499 denique
617 5426 708 5482 lib.
737 5442 774 5482 tt
794 5426 1049 5499 adversus
1077 5426 1344 5499 Pelagiani
1375 5439 1429 5484 et
1455 5430 1544 5484 lib.
1578 5445 1594 5482 ι
1620 5426 1770 5482 Com-

224 5505 391 5552 ment.
417 5498 473 5553 in
507 5496 807 5566 Mattbaum
830 5537 848 5567 ,
871 5496 963 5556 ubi
994 5496 1151 5555 docet
1177 5496 1284 5560 duo
1310 5499 1425 5556 haec
1447 5500 1635 5574 verba,
1666 5499 1773 5553 ὠιε

1840 5251 1843 5255 ι
1874 5220 2004 5278 lico.

1933 5292 1974 5326 ὀ
1999 5289 2094 5343 Hic
2122 5299 2342 5358 apparet
2372 5286 2650 5358 manifeste
2669 5285 2868 5343 abusa
2892 5286 3130 5355 aspirata
3153 5286 3206 5340 ι.

1951 5371 1973 5428 ς
2000 5357 2260 5428 expuncta
2289 5368 2370 5413 est
2398 5375 2447 5410 m
2469 5357 2820 5426 finalis,jquae
2847 5363 3088 5427 apparet.
3143 5369 3158 5373 ’
3235 5366 3245 5374 '

1947 5427 1974 5466 ἀ
2005 5427 2210 5483 Extn'ta
2240 5438 2323 5483 est
2348 5444 2372 5482 ι
2401 5428 2597 5482 ﬁnalis.

1953 5509 1976 5537 ε
2001 5498 2208 5555 Extrita
2228 5506 2314 5554 est
2341 5497 2510 5556 altera
2537 5499 2574 5552 ἱ.

274 5627 380 5711 ’(ᾳ)
414 5627 540 5687 Post
563 5631 750 5687 dictum
775 5642 870 5700 est,
909 5630 1061 5690 deost
1081 5609 1320 5702 antiquis.
1355 5632 1422 5688 Et
1461 5633 1533 5688 ita
1557 5636 1614 5700 in
1638 5631 1759 5690 cod.

1881 5642 1937 5691 it.
1983 5640 2039 5692 et
2081 5632 2328 5691 Gothico.
