3902 6404
201 296 300 356 169

579 403 804 461 CODEX
840 404 1365 462 VERCELLENSIS.

196 496 392 562 dictum
423 502 507 550 est
533 512 546 548 :
575 495 664 550 Di-
1009 496 1168 550 Pater
1194 504 1369 550 vester
1387 507 1509 550 cae-

194 567 323 635 liges
358 566 656 635 proximum
1011 567 1158 620 lcstis
1181 565 1384 634 perfec-

197 634 362 697 tuum,
394 644 447 688 et
475 634 627 703 odies
1010 644 1095 690 tus
1121 647 1222 691 est.

192 720 324 828 21‘3"
324 719 492 828 {3313.
525 774 636 844 Ego
667 790 763 831 au-
1201 749 1430 808 CAPUT
1471 748 1556 850 vi.

192 853 297 899 tem
326 843 447 898 dico
471 845 627 900 vobis
657 862 670 897 :
1011 844 1061 895 l.
1106 841 1381 896 Attendite
1404 854 1468 894 ne
1493 852 1610 909 jus-

191 853 297 924 εει)
326 843 670 924 scmus;
1011 844 1088 924 ιο.

1009 922 1178 966 titiam
1210 922 1439 966 vestram

191 913 422 982 Diligite.
467 952 484 968 .
529 952 544 969 .
580 915 711 970 nim.
757 956 769 968 .
815 954 827 968 .

190 998 285 1038 cos
310 991 518 1039 vestros
541 1025 556 1050 ,
1007 982 1212 1037 faciatis
1236 995 1418 1035 coram

192 1054 247 1109 b.
290 1091 303 1106 .
349 1092 364 1105 .
403 1090 423 1108 .
466 1053 603 1108 acite
1006 1051 1341 1115 hominibus,
1377 1063 1433 1105 ut

191 1125 247 1177 h.
292 1146 307 1176 ι
348 1164 361 1178 .
413 1163 426 1176 .
467 1124 656 1178 odiunt
1007 1120 1290 1176 videamini
1320 1121 1388 1173 ab
1411 1122 1534 1176 eis:

191 1207 279 1248 vo.
324 1230 337 1245 .
383 1230 398 1247 .
429 1208 443 1245 ε
475 1202 530 1246 et
553 1207 606 1248 o.
653 1232 666 1244 .
712 1233 723 1245 .
1008 1190 1242 1259 alioquin
1266 1204 1471 1246 merce-

1005 1260 1126 1314 dem
1151 1273 1255 1314 non
1287 1261 1384 1312 ha-

1006 1329 1197 1384 bebitis
1228 1337 1368 1397 aput‘
1383 1329 1484 1384 Pa-

1007 1409 1141 1453 trem
1168 1409 1404 1454 vestrum
1425 1442 1441 1466 ,

1004 1469 1094 1537 qui
1121 1478 1202 1523 est
1228 1469 1280 1522 in
1302 1483 1424 1525 cae-

1003 1538 1057 1592 2.
1102 1538 1336 1592 lis.Cum
1366 1555 1456 1594 cr-

1004 1624 1073 1678 go
1101 1609 1232 1664 facis
1257 1608 1458 1664 elemo-

1007 1694 1211 1749 symam
1240 1720 1255 1742 ,
1286 1680 1397 1733 noli
1428 1687 1510 1734 tu-

1008 1750 1075 1804 ba
1100 1764 1292 1805 canere
1313 1763 1411 1801 an-

1010 1829 1062 1874 te
1093 1828 1142 1873 te
1162 1859 1179 1886 ,
1211 1820 1348 1873 sicut
1373 1819 1540 1890 hypo-

984 1889 1176 1943 °critae
1202 1890 1403 1943 faciunt

1007 1961 1060 2013 in
1089 1960 1392 2029 synagogis,

1006 2039 1062 2085 et
1092 2030 1144 2084 in
1173 2029 1337 2092 vicis,
1367 2037 1423 2082 ut

1006 2097 1364 2155 honorificen-

1006 2177 1093 2221 tur
1117 2166 1188 2221 ab
1212 2166 1444 2222 homini—

1005 2236 1126 2290 bus.
1154 2237 1326 2290 Amen
1351 2234 1472 2290 dico

1005 2305 1160 2360 vobis
1175 2346 1191 2372 ,
1222 2303 1422 2360 habent

1006 2374 1310 2431 mercedem

1006 2460 1182 2499 suam.

1008 2515 1061 2568 5.
1103 2514 1180 2569 Te
1205 2524 1384 2568 autem
1407 2515 1539 2570 faci-

1005 2593 1182 2638 entem
1211 2585 1416 2639 elemo-

1003 2669 1188 2724 synam
1205 2698 1218 2722 ,
1253 2654 1426 2709 nesci-

1005 2735 1060 2778 at
1086 2724 1299 2779 sinistra
1328 2734 1416 2776 tua

1005 2795 1131 2864 quid
1158 2791 1316 2851 faciAt
1341 2794 1472 2847 oes-

1005 2863 1060 2919 4.
1102 2873 1218 2920 tera
1242 2871 1366 2918 tua:
1395 2873 1454 2918 ut
1484 2863 1552 2918 sit

1007 2935 1313 3004 elemosyna

1007 3012 1094 3059 tua
1125 3005 1178 3059 in
1205 3004 1431 3059 abscon-

1008 3089 1092 3141 so,
1119 3083 1172 3129 et
1201 3083 1352 3144 pater
1380 3084 1461 3130 tu-

193 1263 397 1343 (a).pro
422 1262 524 1343 cal.
569 1303 583 1317 .
627 1301 641 1314 .
691 1302 702 1313 .

186 1340 400 1387 antibus
423 1374 437 1394 ,
465 1340 520 1387 et
545 1345 669 1401 per“-

186 1402 535 1527 i%““3?‘§3i’:
552 1415 655 1526 ιῖἶῖῗ
684 1417 698 1455 ³
730 1401 772 1471 Ῠ

187 1542 359 1610 patris
392 1541 557 1596 vestri

183 1612 276 1680 qui
300 1621 383 1666 est
404 1611 458 1666 in
485 1611 684 1668 caelis:

185 1683 282 1751 qui
305 1681 475 1736 solem
498 1696 588 1736 su-

189 1767 279 1806 um
310 1751 438 1807 oriri
456 1751 609 1820 jubet
636 1799 656 1807 -

187 1836 354 1890 super
380 1821 550 1876 bonos

183 1901 240 1946 et
268 1891 442 1945 malos
469 1910 482 1947 :
511 1901 564 1946 et
593 1891 708 1960 plu-

183 1969 242 2044 et
265 1975 432 2044 super
456 1963 632 2029 justos

184 2039 242 2083 et
270 2039 522 2096 iniustos.

182 2098 281 2180 {6.
321 2099 379 2156 Si
409 2101 550 2180 enim
579 2101 776 2174 diligi-_

183 2172 379 2240 tiseos
401 2172 492 2240 qui
515 2185 612 2224 vos

179 2239 454 2308 diligunt,
481 2253 643 2308 quam

179 2307 490 2362 mercedem

180 2374 456 2432 habebitis
476 2376 500 2429 ἲ
521 2391 654 2433 non-

180 2461 253 2502 ne
277 2456 333 2502 et
349 2445 594 2516 publica-

180 2518 235 2570 ni
267 2514 374 2572 hoc
402 2514 602 2570 faciunt
631 2515 655 2568 ?

180 2585 275 2640 47.
321 2585 390 2641 Ει
412 2585 462 2643 si
486 2585 731 2642 salutatis

180 2655 383 2711 fratres
409 2667 616 2711 vestros

183 2735 392 2778 tantum
407 2765 424 2790 ,
453 2726 582 2790 quid

178 2795 417 2863 amplius
451 2795 585 2850 faci-

182 2864 254 2918 tis
271 2870 296 2918 Ἰ
316 2879 495 2919 ηοιιιιε
522 2872 574 2920 ει
601 2863 686 2918 ιιι-

181 2935 296 2988 nici
322 2935 424 2989 hoc
447 2933 688 2991 falcium?

179 3004 273 3060 48.
301 3005 504 3075 Εειοιε
531 3021 661 3075 ergo
698 3019 795 3061 vos

181 3074 457 3145 perfecti,
482 3074 626 3132 sicut

605 3216 837 3273 CODEX
873 3214 1336 3271 CORBEIENSIS.

181 3313 388 3369 dictum
408 3318 491 3368 est
507 3327 522 3377 ;
536 3310 750 3385 _Diliges
770 3311 1067 3385 proximum
1100 3318 1291 3385 tuuml
1304 3316 1358 3385 et
1398 3305 1548 3385 odies
1579 3303 1765 3384 inimi-

182 3399 309 3439 cum
331 3376 514 3437 tuum.
535 3381 646 3450 Ego
661 3376 848 3435 autem
877 3379 996 3433 dico
1026 3380 1178 3450 vobis
1212 3396 1226 3431 :
1257 3376 1470 3446 Diligite
1521 3376 1765 3427 inimicos

183 3463 420 3518 vestros,
453 3447 748 3507 benefacite
777 3451 860 3522 his
879 3451 967 3518 qui
1001 3447 1229 3522 oderunt
1257 3461 1388 3522 vos:
1412 3454 1466 3498 et
1491 3453 1638 3522 orate
1667 3458 1765 3522 pro

187 3513 761 3591 persequentibus‘,et
783 3513 1228 3591 calumniantibus
1253 3515 1399 3591 vobis
1427 3531 1438 3565 :
1463 3522 1517 3591 ut
1531 3513 1647 3566 sitis
1669 3513 1764 3564 lilii

193 3584 381 3661 "patris'
406 3590 568 3661 vestri
599 3592 710 3658 qui
764 3591 818 3661 in
861 3589 1022 3642 caelis
1076 3595 1218 3661 est:
1271 3585 1361 3655 qui
1413 3584 1582 3661 solem
1610 3596 1762 3634 suntn

189 3654 328 3732 oriri
353 3661 375 3690 ¹
405 3659 534 3732 facit
553 3654 742 3732 usu—per
772 3660 965 3732 bonos
996 3667 1052 3711 et
1071 3658 1258 3732 Amalos
1293 3654 1396 3732 ':_et
1443 3654 1576 3722 pluit
1606 3665 1766 3732 super

185 3729 366 3798 justos
405 3736 459 3782 et
496 3726 740 3795 injustos.
769 3726 826 3780 Si
881 3728 1027 3798 _enim_
1070 3727 1097 3798 Ἀ
1133 3727 1365 3798 diligatis
1403 3739 1497 3779 eos
1535 3726 1622 3789 qui
1666 3735 1766 3798 vos

189 3791 451 3868 diligunt,
485 3791 652 3868 Aquam
685 3796 985 3868 mercedem
1004 3791 1269 3868 habetis?
1305 3808 1483 3868 nonne
1508 3803 1564 3846 et
1592 3791 1768 3859 publi-

191 3865 314 3922 cani
345 3867 448 3921 hoc
477 3865 721 3939 faciunt?
766 3867 831 3939 Et
858 3867 920 3939 si
942 3865 1296 3939 salutaveritis
1338 3866 1528 3918 fratres
1559 3872 1766 3939 vestros

198 3948 410 3994 tantum
435 3977 451 4002 ,
481 3937 608 4006 quid
654 3936 881 4004 amplius
910 3936 931 3966 ⁸
979 3935 1181 3990 facietis
1207 3935 1230 3987 ?
1261 3944 1463 4006 'nonne
1484 3942 1544 4006 _et
1566 3931 1766 4006 ethnici

198 4011 308 4066 hoc
359 4004 603 4062 faciunt?
659 4009 845 4061 Estote
895 4007 1072 4074 ergo“
1120 4019 1217 4060 vos
1269 4004 1674 4074 perfectisicnt
1713 4009 1768 4052 et

195 4081 356 4134 Pater
373 4087 555 4133 vester
597 4077 845 4132 caelestis
879 4070 1148 4145 perfectus
1179 4070 1288 4145 est:
1310 4073 1583 4145 Attendite
1627 4070 1666 4145 ‘_
1697 4083 1766 4145 ne

189 4149 724 4219 justitiatngvestram
770 4137 974 4219 faciatis
1013 4159 1224 4219 coram.
1253 4141 1595 4219 hominibus:

195 4203 486 4273 videamini
514 4217 580 4269 ab
607 4218 684 4269 eis
713 4208 1316 4282 :alioquinrnot‘cedem
1360 4223 1468 4282 non
1498 4203 1766 4258 habebitis

194 4291 341 4357 apud
370 4289 578 4342 Patrem
607 4294 843 4338 vestrum
869 4275 892 4343 ξ
913 4279 1001 4357 qui
1025 4280 1075 4357 i_n
1107 4278 1272 4333 coelis
1297 4284 1399 4330 est.
1431 4275 1606 4357 Quum
1634 4285 1763 4357 ergo

195 4348 333 4412 facis
359 4357 753 4424 cleemosynam
774 4390 791 4424 _.
845 4349 951 4402 noli
983 4348 1118 4424 tuba‘
1139 4359 1338 4424 canere
1362 4355 1486 4424 ante
1516 4351 1595 4424 te,
1627 4348 1765 4424 sicut

197 4427 514 4496 hypocritae
544 4413 740 4496 faciunt
766 4420 826 4496 in
868 4417 1149 4496 synagogis
1175 4459 1188 4482 ,
1216 4417 1238 4450 ⁸
1283 4415 1437 4496 ει
1491 4413 1661 4496 vicis,
1709 4419 1766 4496 ut

196 4483 625 4550 hbitorificentur
653 4492 718 4546 ab
766 4483 1093 4543 hominibus.
1124 4488 1291 4543 Amen
1345 4487 1464 4541 dico
1508 4483 1692 4542 vobis,
1743 4483 1764 4512 ⁰

196 4573 524 4632 receperunt
549 4559 847 4632 mercedem
879 4573 1048 4632 suam.
1075 4558 1152 4614 Te
1177 4557 1604 4632 autemlaciente
1623 4553 1766 4608 elee~

197 4625 483 4702 mosynam
507 4674 520 4694 ,
550 4632 748 4687 nesciat
775 4630 830 4686 ‘°.
849 4630 1179 4702 sinistraitua
1210 4629 1337 4702 quid
1359 4627 1520 4702 faciat
1545 4625 1765 4679 dextera

198 4712 292 4754 tua
324 4697 438 4755 Ξίιιι
476 4703 548 4756 sit
570 4703 906 4771 eleemosyna
944 4709 1029 4755 tua
1072 4701 1124 4756 in
1158 4702 1196 4731 “
1227 4697 1561 4760 abscondito,
1591 4702 1645 4748 et
1672 4708 1766 4762 pa-

198 4780 287 4827 ter
307 4779 429 4827 ιιιιιε
1226 4780 1229 4783 ”

1139 289 1574 348 EVANGELIUM
1604 283 1967 347 SECUNDUM
2009 282 2437 342 MATTHA‘SUM.

1856 489 2056 544 dictum
2083 497 2166 542 est
2198 505 2211 541 :
2235 489 2322 543 Di-

1855 1061 1948 1100 cos
1970 1053 2199 1110 vestros,

1856 1116 1991 1169 bene
2020 1114 2182 1170 facite

1856 1184 1959 1239 iiiis
1987 1187 2076 1255 qui
2107 1186 2298 1240 odiunt

1855 1269 1950 1308 vos
1975 1272 1987 1305 :
2018 1265 2071 1309 et
2100 1266 2251 1310 orate
2276 1255 2351 1324 (a)

1855 1339 1954 1394 pro
1976 1326 2180 1377 calum-

1855 1394 2125 1448 niantibus
2140 1431 2155 1454 ,
2184 1402 2238 1448 et
2267 1407 2386 1459 per-

1854 1461 2200 1533 sequentibus
2229 1477 2328 1533 vos
2353 1463 2422 1532 :1-

1854 1531 1947 1588 45.
1986 1542 2041 1586 ιιι
2067 1532 2186 1586 sitis
2213 1531 2310 1586 filii

1854 1603 2020 1672 patris
2037 1602 2201 1672 vestri
2227 1643 2241 1666 ,
2329 1663 2334 1667 λ

1854 1671 1945 1743 qui
1969 1673 2020 1727 in
2043 1671 2210 1727 caelis
2229 1680 2345 1728 est:

1855 1746 1944 1812 qui
1974 1743 2143 1799 solem

1853 1810 2008 1869 suum
2037 1810 2167 1867 oriri
2186 1810 2338 1880 jubet

1855 1898 2017 1953 super
2047 1882 2216 1938 malos

1855 1966 1910 2011 et
1937 1956 2108 2010 bonos
2132 1969 2144 2004 :
2177 1961 2235 2007 et

1854 2024 1990 2094 pluit
2016 2033 2180 2090 super
2215 2018 2392 2089 iustos

1855 2103 1911 2149 et
1939 2094 2187 2162 iniustos.

1852 2164 1945 2241 ιθ.
1967 2157 2025 2220 Si
2053 2161 2199 2241 enim
2221 2157 2398 2230 diligi-

1852 2236 1923 2289 tis
1950 2248 2064 2298 eos.
2091 2236 2184 2300 qui

1852 2319 1951 2359 vos
1976 2303 2223 2372 diligunt,

1856 2528 2035 2567 nonne
2061 2514 2115 2566 et
2143 2507 2318 2576 publi-

1853 2583 1942 2636 67.
1985 2581 2106 2636 cani
2129 2575 2233 2634 hoc
2253 2575 2331 2630 fa-

1856 2651 2037 2705 ciunt?
2062 2649 2129 2702 Et
2153 2648 2200 2700 si

1854 2719 2101 2774 salutatis
2132 2717 2234 2769 fra-

1856 2798 1968 2843 tres
1992 2795 2201 2842 VCSU‘OS

3316 287 3418 343 170

2274 395 2503 454 CODEX
2543 395 2982 453 VERONENSIS.

2669 487 2758 543 48.
2799 488 2983 542 ciunt?
3010 488 3162 542 Esto-

2671 566 2723 612 te
2753 573 2882 627 ergo
2913 569 2966 613 et
2987 573 3082 612 vos

1857 559 1988 626 liges
2010 558 2308 626 proximum

2673 627 2916 694 perfecti.
2940 629 3081 682 sicut

1858 639 2003 682 tuum
2024 667 2040 690 ,
2063 635 2118 680 et
2145 627 2295 683 odies

1859 697 2133 752 inimicum
2671 697 2828 751 Pater
2848 708 3028 752 vester
3053 738 3066 760 ,
3101 696 3178 767 (ὁ)

1858 777 2030 821 tuum.
2672 767 2840 834 qui'in
2869 769 3033 820 caelis
3063 776 3147 822 est
3169 768 3204 836 1-

1855 836 1946 892 44.
1986 836 2097 904 Ego
2123 851 2216 890 au-
2673 836 2940 904 perfectus
2961 849 3061 890 est.

2861 905 3084 960 CAPUT
3138 905 3226 960 Vl.

2745 976 2797 1029 1.
2840 975 3123 1029 Adtendite
3151 991 3219 1028 nc

2668 1044 2931 1112 justitiam
2974 1053 3205 1099 vestram

2674 1115 2877 1168 faciatis
2897 1129 3076 1168 coram

2673 1184 2999 1249 hominibus,
3024 1195 3077 1237 et

2674 1254 2960 1308 videamini
2991 1254 3057 1307 ab
3080 1254 3157 1309 eis
3182 1273 3194 1306 :

2672 1323 2907 1393 alioquin
2939 1339 3142 1378 merce-

2673 1392 2808 1447 dem’
2825 1409 2929 1447 non
2953 1393 3113 1448 habe-

2673 1462 2799 1516 bitis
2824 1470 2952 1528 aput
2981 1463 3080 1516 Pa-

2676 1538 2809 1586 trem
2839 1539 3097 1598 vestrum,

2675 1601 2764 1668 qui
2792 1600 2846 1654 in
2878 1602 3044 1656 caelis

2675 1669 2731 1742 2.
2768 1681 2873 1742 est.
2904 1673 3038 1742 cum
3068 1685 3197 1742 ergo

2679 1740 2842 1795 facies
2872 1741 3136 1812 elemosy-

2679 1825 2802 1864 nam
2826 1810 2933 1865 noli
2968 1810 3092 1866 tuba

2680 1894 2877 1934 canere
2899 1891 3028 1936 ante

2681 1959 2754 2020 te.
2778 1951 2918 2003 sicut
2939 1952 3107 2020 hypo—

2680 2017 2847 2072 critae
2874 2017 3080 2074 faciunt

2683 2087 2735 2141 in
2767 2091 3074 2159 synagogis,

2680 2166 2735 2211 et
2774 2158 2824 2210 in
2855 2158 3006 2224 vicis,
3041 2169 3099 2212 ut

2685 2228 3107 2283 honorificentur

2683 2298 2751 2352 ab
2782 2296 3108 2352 hominibus.

2682 2366 2851 2421 Amen
2876 2368 2996 2421 dico
3023 2368 3195 2439 vobis,
3223 2370 3296 2439 (ε)

2680 2447 3036 2506 perceperunt
3065 2438 3105 2506 σξη
3135 2438 3334 2493 merce-

2681 2507 2736 2558 3.
2777 2505 2898 2558 dem
2930 2505 3101 2560 suam.
3135 2507 3209 2562 Te
3235 2522 3330 2562 au-

1858 916 1963 961 tem
1995 905 2116 961 dico
2140 908 2329 963 vobis:

1859 975 2070 1046 Diligite
2093 975 2272 1031 inimi-

1891 2389 2012 2427 nam
2037 2385 2246 2426 merce-

1895 2459 1978 2497 em
2002 2438 2310 2496 habebitis?

2686 2583 2791 2628 tem
2823 2573 3106 2629 facientem
3132 2576 3247 2630 cle-

2683 2658 2984 2723 mosyttam,
3006 2646 3212 2700 nesciat

2683 2724 2901 2767 Sttttstra
2931 2725 3040 2779 lua,

2684 2783 2826 2852 quod
2857 2783 2984 2838 facit
3016 2785 3150 2838 dex-

2686 2863 2800 2907 tera
2825 2865 2910 2906 tua
2937 2873 2949 2905 :
2979 2864 3036 2907 ut
3065 2855 3134 2908 sit

2684 2924 2738 2976 4.
2779 2925 3090 2994 elemosyna

2685 3002 2773 3046 tua
2801 2993 2858 3046 in
2881 2993 3115 3048 abscon-

2684 3076 2768 3129 so,
2796 3071 2851 3117 et
2874 3072 3026 3132 pater
3050 3074 3192 3128 tuus,

2327 3196 2554 3253 CODEX
2593 3195 2871 3251 BRIXIAN
2879 3197 2980 3253 US.

1866 3294 2065 3348 dictum
2098 3299 2200 3345 est.
2225 3289 2423 3358 Diliges
2439 3287 2739 3358 proximum
2758 3296 2903 3340 tuum
2919 3297 2972 3358 et
3000 3287 3150 3344 odies
3164 3287 3435 3345 inimicum

1867 3375 2035 3417 tuum.
2053 3361 2164 3428 Ego
2193 3357 2514 3428 autemrdieo
2539 3357 2692 3428 yobis
2716 3357 2948 3426 Diligitei
2975 3357 3431 3416 nimicosvestros.

1866 3427 2166 3486 bencdicite
2197 3427 2776 3498 tnaledicentibusvos.
2798 3429 3097 3498 benefacite
3119 3429 3200 3480 his
3219 3430 3310 3498 qni
3344 3444 3438 3484 vos

1869 3505 2073 3554 odiunt.
2102 3506 2155 3553 ct
2178 3508 2328 3551 orate
2359 3495 2434 3567 (a)
2463 3511 2562 3567 pro
2581 3495 3033 3567 calumniantibus
3061 3497 3210 3551 vobis
3232 3495 3291 3552 et
3315 3513 3436 3566 per-

1869 3570 2215 3641 sequentibus
2239 3565 2384 3641 vos-14
2402 3575 2457 3618 ιιι
2476 3566 2593 3618 sitis
2621 3565 2729 3641 filii
2747 3565 2914 3641 patris
2947 3567 3107 3620 vestri
3134 3567 3224 3641 qui
3246 3567 3300 3620 in
3318 3565 3439 3622 eae-

1870 3634 2066 3696 lis—est.
2109 3634 2388 3706 quisoletn
2419 3651 2573 3706 suum
2606 3635 2733 3687 oriri
2783 3634 2908 3706 facit
2948 3649 3114 3703 super
3161 3636 3332 3690 bonos
3379 3644 3436 3692 ot

1868 3713 2072 3772 malos,
2105 3704 2158 3763 et
2187 3709 2330 3777 pluet
2354 3719 2518 3774 super
2539 3705 2713 3777 justos
2743 3713 2799 3758 et
2830 3704 3077 3777 injustas.

1941 3781 1997 3837 Si
2027 3781 2169 3834 enim
2187 3773 2435 3846 diligatis
2466 3789 2558 3827 eos
2587 3773 2677 3840 qui
2710 3788 2806 3846 vos
2817 3773 3076 3846 diligunt.
3105 3785 3262 3846 quam
3291 3788 3431 3846 mer-

1869 3851 2056 3908 cedem
2081 3841 2364 3903 habebitis.
2395 3859 2572 3898 nonne
2605 3854 2659 3896 et
2690 3841 2952 3906 publicani
2982 3841 3081 3892 hoc
3122 3841 3336 3896 faciunt.
3372 3843 3437 3898 Et

1869 3924 1917 3976 si
1947 3918 2190 3974 salutatis
2221 3916 2422 3970 amicos
2450 3921 2658 3965 vestros
2688 3921 2912 3979 tantum.
2944 3909 3068 3976 quid
3099 3911 3327 3979 amplius
3361 3915 3436 3966 fa-

1869 3991 2011 4046 citis.
2045 4003 2222 4042 nonne
2252 3993 2306 4038 et
2332 3981 2560 4053 gentiles
2596 3982 2695 4032 hoc
2730 3977 2949 4053 faciunt.
2979 3979 3164 4053 Estotc
3188 3977 3316 4048 ergo
3344 4000 3436 4038 vos

1869 4059 2090 4128 perfecti
2122 4056 2259 4128 sicut
2287 4048 2650 4128 Patecvcster
2685 4048 2930 4101 caelestis
2961 4050 3226 4128 perfectus
3245 4065 3348 4128 est.

1939 4123 2222 4178 Adtendite
2266 4136 2332 4173 ne
2361 4130 2385 4154 α
2415 4120 2776 4185 elemosynam
2825 4128 3058 4170 vestram
3103 4119 3310 4176 faciatis
3348 4140 3437 4177 en-

1867 4210 1981 4250 ram
2016 4189 2338 4260 hominibus.
2365 4186 2833 4260 u‘t‘videaminiab
2875 4189 2976 4241 eis.
3010 4190 3265 4260 alioquin.
3299 4209 3438 4247 nier-

1866 4263 2054 4318 cedem
2100 4274 2207 4313 non
2251 4257 2534 4314 habebitis.
2584 4267 2714 4326 aput
2743 4257 2954 4312 Patrem
2988 4257 3220 4315 vestrum
3251 4265 3338 4333 qui
3383 4265 3434 4317 in

1867 4334 2034 4389 caelis
2064 4339 2170 4385 est.

1937 4403 2067 4458 Cum
2097 4414 2225 4468 ergo
2253 4400 2382 4454 facis
2407 4399 2772 4469 elemosynam
2803 4398 2914 4453 noli
2942 4399 3064 4453 tuba
3093 4416 3284 4454 canere
3315 4412 3437 4454 ante

1871 4486 1940 4529 te.
1971 4475 2110 4528 sicut
2132 4471 2442 4540 hypocritae
2473 4471 2679 4540 faciunt
2696 4469 2754 4540 in
2774 4472 3058 4540 synagogis
3085 4480 3138 4522 et
3166 4471 3216 4520 in
3238 4470 3437 4540 plateis

1869 4556 1928 4600 ut
1953 4537 2370 4611 Inutiorificetitur
2393 4540 2460 4592 ab
2484 4537 2813 4611 hominibus.
2834 4541 3003 4611 Amen
3020 4538 3140 4589 dico
3164 4537 3333 4611 vobis.
3362 4540 3439 4607 (ιι)

1869 4621 2226 4686 perceperunt
2255 4610 2296 4678 -ιθ
2326 4609 2628 4686 mercedem
2653 4606 2847 4673 Lsuam.
2891 4607 2965 4684 Te
2985 4616 3178 4686 autem
3207 4606 3438 4686 faciente

1869 4674 2488 4753 elemosynam{nesciat
2517 4678 2732 4753 sinistra
2764 4686 2846 4753 tua
2872 4675 2997 4741 quid
3028 4674 3188 4728 faciat
3221 4675 3440 4732 dextera

1870 4767 1981 4822 tua,
2004 4765 2060 4808 ut
2079 4744 2151 4807 sit
2175 4750 2202 4788 δ
2227 4749 2536 4815 elemosyna
2566 4755 2653 4798 tua
2681 4745 2733 4796 in
2756 4744 3041 4809 absconso,
3073 4755 3127 4799 et
3145 4756 3298 4817 pater
3322 4755 3442 4804 tuus

1858 2870 2087 2921 tantum,
2118 2854 2247 2925 quid

1857 2929 2086 2997 amplius
2108 2925 2239 2980 faci-

1860 3000 1965 3052 tis?
1997 3011 2173 3052 nonne
2203 3004 2257 3048 ct

1859 3068 2075 3125 Ethnici
2097 3066 2200 3122 hoc
2226 3066 2294 3118 fa-

886 4884 1272 4943 VARIANTES
1314 4855 1692 4934 LECTIUNES
1731 4865 1990 4928 CODICIS
2027 4863 2139 4918 MS.
2183 4859 2238 4915 s.
2280 4851 2777 4912 GERMANENSIS.

264 4982 293 5074 ξ
322 4981 501 5090 $3331
526 4994 608 5033 vos
627 4989 966 5045 persecuntur,
993 4987 1044 5031 et
1061 4974 1409 5029 calumniantur
1432 4967 1570 5020 vobis

267 5049 293 5176 ἒ
320 5049 529 5176 iiiis

282 5169 303 5235 ξ
333 5165 523 5235 facitis?
545 5165 718 5235 Nonne
741 5175 793 5218 et
813 5174 989 5230 gentes
1011 5165 1129 5235 haec
1311 5223 1376 5235 ﬂ,
1426 5231 1447 5235 _
1465 5217 1673 5235 “JH.”
1700 5227 1750 5235 _._

265 5233 290 5326 ξ
325 5235 436 5342 et?
458 5217 581 5280 sient
598 5217 940 5282 Pater’vé'ster
964 5227 1115 5292 quiin
1136 5219 1290 5274 coelis
1305 5223 1399 5282 est,
1425 5217 1675 5282 perfectus
1698 5220 1774 5265 est

322 5305 386 5344 au
408 5301 489 5343 em

1940 4958 2051 5004 "ut

1941 5019 1962 5047 ⁸
1994 5021 2045 5064 ει
2067 5015 2117 5062 in
2137 5012 2313 5075 plateis
2334 5015 2387 5060 et
2407 5010 2458 5059 in
2482 5010 2596 5060 vicis

1940 5080 1981 5144 ᾗ
1995 5079 2348 5144 perceperunt.
2389 5134 2399 5144 .

1944 5135 2191 5186 “'manus
2209 5141 2293 5185 tua
2311 5135 2504 5186 sinistra

1944 5201 1987 5233 “

1507 5361 1866 5424 BLANCHJNI
1903 5355 2132 5416 ΝΟΤᾸΕ.

282 5483 306 5511 ³
336 5471 546 5529 Extrita
575 5480 658 5530 est
682 5487 733 5526 α.

284 5586 356 5656 (a)
382 5583 544 5641 Juxta
571 5585 813 5656 ordinem
843 5589 1017 5656 textus
1043 5577 1234 5656 graeci,
1265 5575 1396 5656 ὑπὲρ
1441 5582 1540 5633 τῶν
1568 5579 1765 5656 inuenti

1879 5591 1947 5656 to:
1971 5564 2151 5656 (ὑμεῖς)
2184 5565 2269 5620 καὶ
2295 5560 2579 5619 διωκόντων
2602 5553 2708 5624 (δμὰ

962 5635 992 5707 ὅ
1123 5635 1232 5710 τοίξ
1263 5635 1606 5726 οὐράνοῑς.·-·
1730 5643 1765 5702 ΙΙ

1879 5678 1885 5696 .
1908 5635 2062 5695 Cant.
2088 5635 2207 5691 Lat.

779 5747 1049 5809 ΡΑτιιοι..
1073 5743 1218 5808 ΧΠ.

1952 5449 1979 5486 ιι
2021 5445 2226 5502 Extrita
2254 5453 2338 5499 εει
2373 5458 2422 5495 a.

2713 5571 2839 5612 ς,-
2866 5549 2938 5619 (b)
2973 5547 3050 5604 lta
3078 5559 3134 5606 et
3153 5549 3306 5610 Cant.
3340 5555 3456 5615 Lat.

2918 5715 2958 5772 6
