3900 6436
471 288 565 341 1ῗ1

863 389 1095 445 CODEX
1140 387 1661 445 VERCELLENSIS.

1292 481 1433 533 enim
1468 488 1617 547 pater
1644 493 1763 533 ves-

1294 558 1398 613 ter,
1431 549 1558 618 quid
1591 562 1722 618 opus

1294 620 1362 671 sit
1384 620 1556 681 vobis,
1589 628 1710 672 ante

1294 704 1450 755 quam
1478 688 1669 756 petatis

1295 758 1346 811 9.
1390 759 1456 810 ab
1478 772 1562 811 eo.
1592 757 1680 811 Sic
1714 765 1894 811 autem

1295 827 1515 882 orabitis
1536 827 1681 879 illum
1702 848 1713 877 :

1297 896 1452 949 Pater
1481 905 1683 959 noster,

1294 967 1383 1035 qui
1407 980 1463 1019 es
1488 968 1539 1019 in
1568 964 1763 1021 caelis:

1295 1034 1653 1089 sanctificetut'

1296 1120 1487 1159 nomen
1512 1114 1656 1158 tuum
1669 1145 1682 1157 .

1297 1175 1383 1229 10.
1424 1175 1690 1228 Adveniat
1718 1188 1835 1243 reg-

1296 1260 1420 1297 num
1450 1256 1615 1297 tuum.
1646 1244 1732 1299 Fi-

1294 1324 1349 1367 at
1377 1314 1619 1367 voluntas
1646 1326 1734 1367 tua

1296 1383 1347 1436 in
1376 1384 1544 1447 caelo,
1578 1391 1631 1437 ct
1652 1384 1701 1437 in
1730 1392 1827 1438 ter-

1296 1454 1383 1506 11.
1426 1468 1555 1505 ram.
1587 1453 1781 1509 Panem
1825 1466 1945 1507 nos-

1298 1531 1438 1576 trum
1466 1523 1710 1577 cottidia—

1297 1608 1444 1646 num.
1491 1633 1503 1645 .
1550 1633 1561 1645 .
1607 1593 1759 1647 nobis

1299 1663 1385 1715 12.
1429 1662 1603 1714 hodie.
1630 1662 1694 1715 Et
1715 1662 1897 1716 remit—

1300 1740 1351 1783 te
1379 1731 1530 1784 nobis
1554 1730 1696 1783 debi-

1300 1808 1351 1851 ta
1383 1810 1582 1859 nostra,
1613 1801 1746 1853 sicut
1785 1809 1857 1855 et.
1904 1839 1918 1854 .
1968 1840 1979 1851 .
2028 1839 2041 1854 .

1308 1870 1436 1921 l3...
1470 1869 1798 1924 debitoribus
1826 1870 2046 1925 nostris.

1298 1938 1366 1994 Et
1392 1954 1458 1991 ne
1486 1954 1582 1991 nos
1609 1940 1827 1996 inducas

1300 2007 1351 2060 in
1378 2010 1678 2075 temptatio—
1874 2016 1882 2024 '

1301 2094 1441 2132 nem.
1480 2078 1584 2133 Sed
1613 2080 1761 2133 lihe—

1301 2164 1360 2232 τῆ
1387 2164 1482 2232 ηεξ»
1514 2164 1539 2201 η
1570 2150 1839 2232 malet“)-

1302 2218 1388 2273 11.
1423 2218 1476 2273 Si
1507 2220 1651 2273 enim
1680 2218 1897 2276 dimise-

476 503 563 550 tts,
581 485 669 554 qui
692 482 835 537 videt

477 559 529 611 in
552 556 832 619 absconso,

478 625 665 682 reddet
693 624 781 677 tibi
822 623 872 675 in

482 696 674 760 palam.

480 766 531 819 5.
569 762 701 818 Cum
729 770 905 816 autem
936 774 1054 816 ora-

482 836 570 899 tis,
600 850 701 887 non
732 833 881 886 eritis
991 886 993 889 ,

478 906 579 959 sic.
621 944 631 955 .
677 940 692 954 .
737 940 749 955 .
789 902 1000 973 ypoeri—

478 984 566 1037 tm,
591 988 679 1041 qu.
724 1011 736 1024 .
782 1012 795 1024 .
840 981 988 1024 mant

480 1052 619 1097 stare
646 1042 696 1095 in
725 1055 884 1108 syna—
1072 1048 1075 1051 ‘

478 1112 626 1234 goFis
646 1120 699 1165 et
733 1111 784 1163 in
816 1124 913 1162 an—

478 1198 543 1234 rzu
569 1183 611 1234 is
638 1181 913 1234 olataarun

475 1181 611 1253 gulis
638 1181 930 1249 platearum

476 1260 678 1307 stantes
701 1263 879 1311 orare,

476 1334 534 1375 ut
571 1320 845 1373 videantur

477 1391 545 1444 ab
573 1388 903 1443 hominibus:

475 1475 628 1513 amen
656 1458 771 1511 dico
799 1473 887 1512 vo-
966 1480 967 1483 η

476 1529 576 1595 bis,
620 1529 814 1581 habent
835 1542 978 1582 mer—

476 1599 658 1653 cedem
680 1612 849 1651 suam.

476 1668 529 1722 6.
570 1668 648 1721 Tu
672 1677 848 1721 autem
875 1682 996 1721 cum

477 1752 621 1801 Oras,
646 1737 779 1789 intra
803 1739 857 1789 in

479 1807 778 1861 CubiCulum
801 1815 884 1857 tu—

477 1891 591 1939 um,
622 1882 674 1927 et
702 1876 851 1929 cluso

477 1946 639 2007 osuo,
658 1959 749 1996 ora
780 1952 983 2011 patrem

480 2024 625 2069 tuum
651 2014 700 2066 iu
729 2014 954 2067 abscon—

478 2098 578 2147 so;
608 2093 657 2138 et
692 2091 838 2151 pater
872 2093 989 2135 tuus

478 2156 567 2223 qui
598 2153 732 2208 videt
760 2154 811 2205 iu
841 2154 962 2206 abs-

476 2222 874 2286 conso,reddet

478 2295 571 2349 tibi
603 2294 655 2346 in
690 2293 884 2361 palam.

479 2365 532 2417 7.
572 2364 797 2417 Orantes
825 2368 1025 2422 autem,

478 2434 644 2487 nolite
670 2433 893 2486 multum

480 2505 588 2578 loq.
636 2545 646 2556 .
696 2499 1023 2578 Lsicutetb—
1081 2567 1090 2578 .

476 2576 551 2628 ni.
598 2611 611 2625 .
658 2573 816 2627 .Pu.
864 2612 873 2621 .
909 2579 966 2623 nt
1010 2573 1149 2623 enim

478 2642 641 2713 quod.
684 2681 698 2695 .
746 2684 758 2695 .
800 2641 979 2695 multi-

419 2758 428 2771 .
482 2713 663 2780 loquio
682 2728 778 2767 suo
808 2727 901 2764 au-

482 2782 715 2837 diantur.

1303 2288 1418 2341 ritis
1447 2290 1674 2341 homini-

1300 2356 1400 2410 bus
1425 2368 1637 2425 peccata
1668 2376 1757 2415 eo-

1302 2442 1418 2480 rum
1446 2447 1456 2479 :
1489 2428 1722 2483 dimittet

1302 2497 1451 2551 vobis
1471 2498 1626 2553 Pater
1654 2515 1774 2555 ves-

1303 2576 1384 2620 ter
1414 2570 1503 2636 qui
1530 2576 1615 2623 est
1644 2570 1695 2623 in

1301 2636 1389 2690 l5.
1416 2639 1595 2692 caelis.
1620 2641 1714 2694 Sin
1736 2650 1913 2697 autem

1302 2724 1409 2761 non
1436 2710 1705 2765 remiserit
1744 2750 1758 2765 .
1805 2752 1817 2767 .
1863 2751 1876 2765 .

1304 2777 1606 2833 hominibus
1632 2798 1643 2833 :

482 2852 534 2906 8.
577 2851 748 2905 Nolite
775 2864 902 2917 ergo
929 2848 1080 2902 simi-
1306 2862 1405 2900 nec
1434 2849 1588 2902 l’ater
1613 2867 1732 2906 ves-

484 2922 618 2976 liare
651 2921 776 2976 illis.
802 2920 916 2976 Scit
1305 2925 1386 2970 ter
1408 2920 1645 2973 remittet

897 3026 1127 3083 CODEX
1164 3024 1635 3085 CORBEIENSIS.

486 3128 573 3198 qui
628 3123 774 3178 videt
827 3122 877 3175 in
927 3122 941 3151 ³
976 3118 1341 3198 abscondito,
1392 3119 1576 3198 reddet
1609 3120 1700 3174 tibi
1726 3124 1773 3198 _’.
1808 3122 1871 3176 Et
1892 3139 2056 3198 quum

487 3189 683 3257 oratis,
752 3209 856 3245 non
914 3191 1064 3243 eritis
1111 3189 1260 3260 _sicut
1302 3189 1614 3259 hypocriten.
1648 3194 1739 3260 qui
1792 3189 1972 3247 ama—nt
2002 3194 2053 3247 in

486 3265 771 3337 synagogis
795 3258 1174 3337 et_in_angulis
1205 3258 1497 3325 platearum
1532 3258 1761 3337 stantes
1785 3278 1964 3337 orare,
2001 3275 2056 3317 ut

490 3330 770 3388 videantur
821 3332 889 3385 ab
944 3330 1247 3381 hominibus
1280 3346 1293 3380 :
1323 3344 1476 3383 amen
1514 3330 1634 3384 dico
1678 3333 1831 3386 vobis
1854 3375 1867 3397 ,
1903 3349 2051 3389 rece-

493 3411 688 3475 perunt
729 3400 1028 3475 mercedem
1062 3413 1230 3452 suam.
1278 3397 1559 3475 Tu_aulem
1604 3418 1769 3469 quum
1824 3404 2003 3458 Ol'abis
2030 3444 2047 3469 ,

497 3470 719 3529 intrarin
737 3470 1034 3525 cubiculum
1064 3476 1230 3532 tmnn,
1258 3478 1309 3522 et
1330 3470 1508 3523 clauso
1536 3474 1696 3534 ostio,
1726 3488 1819 3525 ora
1850 3484 2053 3540 patrem

498 3556 645 3597 tuum
692 3545 741 3595 in
765 3542 1057 3601 absconso;
1091 3547 1145 3592 et
1167 3550 1313 3607 pater
1360 3550 1480 3593 tuus
1526 3542 1614 3610 qui
1644 3543 1787 3597 videt
1838 3545 1888 3597 in
1937 3546 2060 3599 abs-

424 3674 427 3677 ,
498 3628 664 3669 conso
686 3653 699 3675 ,
725 3611 911 3665 reddet
938 3610 1049 3663 tibi.

570 3684 633 3737 V.
665 3683 891 3736 Orantes
939 3692 1152 3741 autem,
1204 3679 1366 3749 nolite
1414 3681 1636 3732 multum
1680 3681 1866 3749 loqui,
1918 3684 2059 3736 sicut

499 3752 714 3807 etlmici.
736 3752 933 3803 Putant
954 3751 1093 3802 enim
1124 3748 1263 3816 quod
1287 3749 1336 3801 in
1367 3749 1705 3815 multiloqttio
1726 3765 1822 3803 suo
1851 3750 1869 3779 ³
1897 3766 2059 3805 exn“-

501 3824 729 3876 diantur.
756 3820 930 3874 Nolite
957 3835 1086 3887 ergo
1120 3818 1137 3847 ³
1168 3817 1447 3870 assimilari
1476 3819 1573 3871 eis.
1599 3820 1711 3875 Scit
1737 3820 1876 3873 enim
1910 3830 2059 3887 pater

502 3906 694 3957 vester,
726 3891 853 3960 quid
881 3891 1030 3943 vobis
1058 3902 1191 3960 opus
1213 3890 1312 3951 sit,
1342 3896 1623 3956 antequam
1654 3890 1842 3957 petatis
1874 3892 1891 3919 ⁵
1914 3906 2055 3945 eum.

502 3962 589 4014 Sic
618 3957 995 4028 ergo'orabitis
1021 3960 1039 3988 ⁰
1075 3977 1087 4009 :
1138 3957 1508 4028 Ρηιριχειοδιριε
1530 3999 1544 4019 ,
1577 3962 1662 4027 qui
1694 3975 1750 4011 es
1778 3962 1830 4011 iu
1860 3961 2010 4014 caelis
2045 3979 2059 4014 :

505 4026 856 4083 sanctilieelur
884 4045 1075 4082 nomen
1109 4037 1274 4080 tuum.
1302 4026 1491 4081 Veniat
1513 4026 1729 4097 regnum
1756 4039 1923 4083 tnum.
1948 4030 2073 4084 Fiat,

506 4099 746 4149 voluntas
779 4109 886 4159 tua,
920 4101 1055 4151 sicut
1086 4100 1136 4151 in
1168 4098 1327 4162 cmlo,
1357 4099 1484 4151 etin
1518 4109 1675 4151 terra.
1708 4100 1903 4152 Panem
1934 4116 2063 4153 nos-

504 4179 647 4219 trum
675 4174 701 4201 ι
729 4166 1053 4220 cotidianum
1088 4169 1151 4221 da
1185 4169 1338 4221 nobis
1366 4168 1540 4223 hodie.
1578 4168 1642 4221 Et
1672 4171 1875 4223 dimitte
1912 4171 2070 4224 nobis

506 4236 681 4288 debita
712 4247 889 4288 nostra
919 4276 933 4297 ,
985 4239 1120 4287 sicut
1164 4247 1216 4289 et
1266 4252 1361 4290 nos
1393 4237 1704 4292 dimittimus
1735 4240 2067 4294 debitoribus

508 4306 725 4359 uestris.
785 4304 848 4356 Et
892 4317 957 4355 ne
1007 4305 1223 4356 inducas
1278 4321 1377 4357 nos
1430 4306 1481 4357 in
1536 4312 1904 4362 tentatiOnem.
1958 4311 2065 4364 Sed

509 4376 674 4429 libera
720 4388 815 4427 nos
863 4386 889 4423 a
923 4373 1079 4424 malo.
1125 4372 1180 4424 Si
1230 4374 1370 4425 enim
1412 4374 1719 4427 dimiseritis
1767 4378 2071 4431 hominibus

543 4454 721 4498 eccata
752 4456 935 4496 eorum
963 4459 974 4492 :
1015 4440 1245 4493 dimittet
1270 4441 1287 4470 ⁷
1316 4448 1368 4492 et
1395 4441 1541 4493 vobis
1572 4443 1727 4496 Pater
1761 4456 1935 4498 vester
1960 4462 2071 4501 cce-

529 4516 657 4569 estis
679 4513 871 4568 delicta
902 4520 1099 4564 vestra.
1132 4510 1186 4563 Si
1218 4518 1392 4562 autem
1430 4526 1531 4562 non
1563 4511 1875 4568 dimiseritis
1901 4515 2074 4570 homi-

509 4585 665 4639 nibus
689 4601 700 4637 :
727 4598 824 4639 nec
847 4592 996 4652 pater
1018 4591 1193 4635 vester
1215 4579 1443 4633 dimittet

1008 276 1274 339 EUSEBII
1311 276 1645 335 VERCELL.
1688 273 2131 335 EVANGELIUM
2168 274 2311 336 CUM
2351 275 2571 334 VARUS
2609 274 2761 334 COD.
2793 272 3188 335 COLLATUM.

2141 480 2229 549 qui
2259 479 2402 535 videt
2427 488 2479 535 te

2141 551 2194 603 in
2226 551 2512 614 absconso,

2139 619 2327 674 reddet
2353 622 2446 675 tibi
2486 622 2541 674 in

2139 897 2277 978 sicut
2305 896 2621 978 hypocrita,

2139 977 2229 1033 qui
2258 977 2441 1021 amant

2140 1046 2283 1092 stare
2307 1037 2360 1089 in
2385 1052 2545 1107 syna-

2140 1107 2289 1175 gogis
2317 1115 2371 1160 et
2405 1122 2501 1161 an-

2139 1176 2278 1244 gulis
2316 1176 2614 1244 platearum

2140 1254 2344 1299 stantes
2374 1259 2553 1314 orare,

2142 1323 2199 1368 ut
2228 1314 2507 1370 videantur

2140 1383 2208 1438 ab
2238 1384 2574 1440 hominibus:
2606 1386 2607 1389 “

2142 1468 2294 1508 amen
2334 1455 2455 1509 dico
2482 1469 2578 1509 vo-

2050 1582 2053 1587 ,
2141 1522 2246 1587 bis,
2277 1534 2638 1593 perceperunt
2664 1539 2809 1581 mer-

2143 1593 2331 1647 cedem
2360 1608 2529 1646 suam.

2148 1662 2200 1716 6.
2242 1662 2320 1716 Tu
2350 1672 2525 1717 autem
2552 1678 2704 1717 cum.

2148 1746 2271 1787 oras
2287 1773 2300 1793 ,
2332 1732 2468 1785 intra
2497 1733 2548 1787 in

2150 1802 2449 1856 cubiculum
2480 1813 2649 1868 tuum,

2152 1882 2205 1925 et
2234 1872 2383 1925 cluso
2412 1874 2569 1937 ostio,

2151 1956 2247 1995 ora
2278 1950 2485 2010 patrem

3614 277 3717 334 178

2563 386 2796 445 ρουεχ
2826 373 3269 447 VER5NENSIS.

2961 482 3106 535 enim
3135 490 3284 550 pater
3312 497 3403 538 ve-

2961 560 3094 615 ster,
3128 552 3252 632 quid
3283 553 3433 610 tubis

2963 635 3097 687 opus
3129 631 3219 683 stt,
3252 632 3402 679 ante-

2142 690 2280 759 pala.
2963 704 3120 759 quam
3151 693 3343 759 petatis

2140 760 2193 833 5_.
2234 758 2303 811 Et
2327 772 2594 833 cumora-
2963 758 3016 812 9.
3058 761 3125 833 ab
3143 758 3231 833 eo.
3264 761 3352 819 Sic
3381 776 3513 833 ergo

2140 828 2229 890 tis,
2261 843 2367 881 non
2396 829 2549 884 eritis
2962 828 3207 885 orabitis.

2966 897 3128 954 Pater
3158 906 3364 965 noster,

2962 969 3051 1037 qui
3078 982 3136 1023 es
3160 969 3212 1024 in
3238 970 3441 1025 melis:

2964 1039 3336 1093 sanctilieetur‘

2966 1122 3163 1162 nomen
3192 1118 3362 1164 tuum.

2971 1176 3059 1231 10.
3100 1177 3362 1233 Adveniat
3386 1192 3472 1232 re-

2968 1261 3129 1315 gnum
3163 1256 3329 1301 tuum.
3358 1246 3483 1303 Fiat

2971 1317 3218 1371 voluntas
3250 1326 3337 1371 tua

2967 1386 3018 1439 in
3045 1388 3298 1449 caelo,.et
3321 1386 3373 1441 in

2969 1456 3057 1510 11.
3101 1465 3262 1511 terra.
3297 1456 3498 1512 Panem
3527 1470 3627 1512 no.-

2906 1591 2917 1599 .
2968 1526 3414 1599 strum_cottipd_ia-

2970 1610 3097 1648 num
3124 1596 3197 1648 da
3217 1597 3372 1650 nobis

2974 1665 3059 1719 12.
3103 1665 3281 1720 hodie.
3310 1666 3374 1720 Et
3394 1665 3582 1721 dimit-

2974 1742 3025 1788 te
3054 1734 3207 1789 nobis
3232 1735 3411 1789 debita

2975 1814 3176 1867 nOStra,
3210 1804 3346 1858 sicut
3373 1815 3427 1861 et
3458 1818 3559 1860 nos

2977 1875 3297 1928 remittimus
3324 1874 3594 1930 debitori-

2981 1944 3065 1997 15.
3099 1944 3195 1998 bus
3214 1944 3431 1998 nostris.
3456 1944 3525 1999 Et
3546 1960 3617 2000 ne
3640 1959 3740 2001 nos

2979 2011 3198 2067 inducas
3223 2014 3273 2084 in
3305 2014 3617 2084 temptatio-

2983 2098 3125 2137 nem.
3156 2082 3261 2137 Sed
3291 2082 3427 2137 libeé

2982 2168 3040 2224 ra
3068 2166 3165 2224 nos
3195 2168 3225 2207 a
3256 2153 3396 2224 malo
3427 2150 3527 2224 (ᾳ).

2985 2223 3073 2276 14.
3111 2222 3167 2277 Si
3193 2224 3335 2276 enim
3356 2222 3576 2278 dimise-

2986 2292 3102 2347 ritis
3142 2292 3377 2345 homini-

2158 2363 2212 2414 7.
2253 2361 2482 2415 Orantes
2507 2371 2707 2428 autem,
2987 2361 3085 2416 bus
3115 2371 3331 2431 peccata
3360 2375 3452 2417 eo-

2160 2432 2324 2485 nolite
2350 2433 2574 2484 multum
2988 2430 3155 2487 rum’:
3185 2430 3419 2486 dimittet

2161 2501 2326 2569 loqui,
2358 2500 2492 2555 sicut
2519 2500 2639 2554 etho
2990 2504 3141 2557 vobis
3169 2502 3223 2557 et
3251 2502 3407 2557 Pater
3436 2514 3560 2557 ves-

2161 2571 2287 2625 nici.
2325 2571 2513 2625 Putant
2544 2572 2687 2625 enim
2993 2585 3073 2627 ter

2162 2641 2303 2711 quod
2335 2641 2387 2693 in
2420 2641 2597 2694 multi—

2164 2712 2398 2780 loquium
2427 2726 2581 2765 suum

2165 2780 2541 2835 exaudiuntur.

2166 2850 2218 2905 8.
2260 2850 2434 2905 Nolite
2463 2864 2591 2920 ergo
2617 2849 2766 2905 simi-

2165 2920 2282 2976 lare
2304 2922 2400 2974 eis.
2435 2920 2548 2975 Scit

2154 2021 2301 2065 tttum
2334 2012 2385 2064 in
2417 2011 2640 2066 abscon-

2156 2096 2247 2145 so;
2280 2092 2331 2135 et
2362 2091 2511 2149 pater
2542 2090 2662 2136 tuus

2156 2154 2244 2220 qui
2273 2150 2416 2205 videt
2445 2162 2497 2205 te

2157 2222 2208 2275 in
2234 2222 2525 2287 absconso,
2546 2220 2735 2277 reddet

2159 2291 2248 2346 tibi
2277 2292 2328 2345 in
2361 2292 2497 2358 pala.

3098 2573 3184 2641 qui
3209 2581 3290 2627 est
3330 2570 3384 2625 in

2994 2642 3079 2696 15.
3122 2642 3303 2695 caelis.
3324 2641 3380 2695 Si
3417 2647 3597 2695 autem

2994 2727 3099 2767 non
3122 2710 3434 2765 remiseritis

2995 2781 3298 2836 hominibus

2997 2862 3210 2922 peccata
3243 2869 3255 2903 :
3280 2864 3381 2906 nec
3408 2847 3570 2905 Pater
3594 2864 3685 2904 ve-

2993 2932 3104 2978 ster
3118 2922 3355 2976 remittet

2621 3030 2851 3089 CODEX
2892 3031 3288 3090 BRIXIANUS.

2162 3121 2251 3191 qui
2275 3120 2419 3174 videt
2446 3122 2497 3174 in
2534 3120 2816 3189 absconso.
2846 3124 3037 3179 reddet
3077 3122 3171 3177 tibi
3217 3122 3270 3175 in
3318 3118 3625 3191 manifesto.
3678 3118 3745 3191 Et

2162 3188 2282 3246 eum
2310 3192 2493 3267 oratis.
2549 3188 2653 3267 non
2697 3192 2848 3267 eritis
2886 3196 3031 3267 sicut
3052 3192 3345 3262 hipocritae
3382 3188 3744 3267 quiamantin

2162 3264 2526 3334 synagogiset
2550 3261 2599 3314 in
2620 3264 2825 3334 angulis
2848 3261 3138 3334 platearum
3162 3272 3366 3334 stantes
3394 3275 3572 3334 orare.
3598 3269 3655 3312 ut
3677 3261 3747 3311 vi-

2164 3332 2391 3385 deantur
2417 3332 2483 3385 ab
2513 3331 3025 3389 hominibusfamen
3066 3334 3187 3389 dico
3215 3332 3364 3387 vobis
3408 3331 3530 3399 quia
3561 3341 3748 3399 perce-

2166 3411 2359 3471 perunt
2381 3403 2677 3456 mercedem
2700 3417 2871 3456 suam.
3254 3470 3265 3471 ί
3382 3469 3391 3471 _
3688 3418 3713 3437 ‘

2240 3483 2262 3509 ο
2296 3472 2375 3525 Tu
2402 3482 2576 3525 autem
2605 3487 2724 3525 eum
2765 3488 2891 3528 oras
2931 3475 3067 3527 intra
3106 3472 3158 3524 in
3185 3469 3489 3525 cubiculum
3521 3477 3669 3521 tuum
3697 3476 3753 3522 et

2165 3543 2417 3596 claudens
2444 3546 2637 3596 ostium
2668 3552 2813 3595 tuum
2843 3559 2936 3596 ora
2968 3549 3176 3611 patrem
3201 3549 3346 3594 tuum
3376 3540 3431 3611 in
3460 3538 3749 3611 absconso.

2167 3624 2221 3667 et
2261 3623 2410 3678 pater
2440 3623 2559 3665 tuus
2590 3614 2677 3678 qui
2726 3612 2869 3665 videt
2908 3608 3261 3665 in_absconso
3305 3609 3493 3663 reddet
3546 3608 3640 3661 tibi
3694 3610 3748 3661 in

2168 3680 2472 3734 manifesto.
2506 3682 2733 3734 Ot'antes
2762 3692 2962 3735 autem.
3000 3682 3163 3735 nolite
3186 3680 3407 3733 multum
3442 3678 3582 3745 loqui
3610 3679 3751 3732 sicut

2171 3752 2393 3831 ethnici.
2437 3749 2635 3831 ﬂutant
2675 3752 2817 3805 enim
2850 3752 2989 3831 quod
3018 3752 3069 3805 in
3097 3750 3431 3831 mttltiloquio
3460 3762 3558 3830 suo
3585 3762 3752 3831 exau-

2173 3819 2411 3873 diuntur.
2462 3820 2639 3874 Nolite
2666 3836 2793 3889 ergo
2822 3822 3060 3875 similare
3104 3822 3204 3875 eis.
3250 3819 3363 3874 Scit
3408 3820 3553 3889 enim
3601 3823 3755 3884 pater

2173 3900 2353 3943 vester
2376 3889 2499 3956 quid
2529 3903 2663 3957 opus
2699 3892 2769 3942 sit
2797 3889 2949 3943 vobis
2977 3897 3260 3957 antequam
3288 3888 3655 3957 petatisAeum.

2246 3960 2333 4012 Sic
2358 3954 2482 4027 ergo
2510 3954 2605 4012 vos
2635 3960 2871 4011 orabitis.
2900 3954 3266 4027 Paternoster
3287 3954 3375 4024 qui
3404 3969 3463 4008 es
3488 3954 3543 4006 in
3567 3954 3754 4008 caelis.

2178 4026 2539 4101 sanctiﬁeetur
2582 4042 2773 4101 tmtneu
2804 4036 2972 4101 tuum.
3008 4026 3268 4101 Advettiat
3314 4039 3533 4101 regnum
3558 4034 3756 4101 _tuum.

2178 4097 2297 4151 Fiat
2337 4098 2578 4150 voluntas
2614 4110 2698 4150 tua
2730 4098 2865 4151 sicut
2894 4099 2944 4150 in
2975 4095 3128 4149 caelo
3155 4104 3206 4149 et
3239 4096 3290 4147 in
3334 4091 3527 4146 teri-am
3558 4091 3759 4147 Panem

2179 4176 2419 4221 nostrum
2439 4168 2760 4222 cotidianum
2798 4170 2858 4221 da
2880 4168 3039 4221 'nobis
3063 4166 3241 4219 hodie.
3268 4164 3331 4216 Et
3355 4162 3581 4217 demitte
3605 4164 3761 4216 nobis

2181 4238 2358 4292 debita
2391 4250 2596 4292 nostra.
2647 4240 2782 4292 sicut
2824 4248 2877 4292 et
2932 4252 3029 4291 nos
3065 4234 3377 4289 dimittimus
3423 4231 3762 4285 debitoribus

2184 4311 2396 4362 nostris.
2452 4309 2516 4361 Et
2564 4325 2630 4363 ne
2662 4323 2758 4361 nos
2806 4308 3026 4361 inducas
3075 4308 3126 4360 in
3188 4302 3612 4372 temptationem.
3656 4300 3761 4357 Sed

2186 4376 2347 4430 libera
2378 4392 2474 4430 nos
2519 4394 2547 4430 a
2594 4380 2733 4431 malo
2762 4378 2858 4447 (α).
2891 4379 3139 4447 quoniam
3189 4387 3333 4447 tuum
3378 4381 3461 4427 est
3504 4385 3761 4447 regnum.

2183 4454 2243 4497 et
2273 4446 2456 4498 virtus.
2492 4457 2546 4499 et
2596 4440 2779 4515 gloria'
2820 4440 2874 4500 in
2908 4440 3171 4501 'saecula.
3239 4442 3429 4515 Amen.
3464 4511 3476 4515 Α
3500 4440 3555 4496 Si
3622 4442 3764 4515 enim

2188 4515 2497 4584 dimiseritis
2527 4511 2826 4569 hominibus
2853 4526 3072 4584 peccata
3113 4528 3318 4569 eorum.
3351 4511 3586 4566 dimittet
3612 4512 3764 4584 vobis

2184 4590 2244 4635 et
2271 4583 2429 4653 Pater
2453 4596 2629 4638 vester
2648 4588 2735 4653 qui
2764 4588 2817 4639 in
2846 4581 3007 4640 caelis
3035 4596 3137 4640 est.
3169 4584 3223 4639 Si
3250 4592 3429 4637 autem
3473 4595 3586 4653 non
3612 4581 3768 4636 dimi-

2187 4653 2365 4706 seritis
2392 4651 2695 4709 hominibus
2723 4667 2937 4724 peccata
2969 4670 3182 4721 eorum,
3222 4667 3319 4715 nec
3348 4660 3499 4723 pater
3537 4651 3769 4707 dimittet

1194 4759 1581 4818 VARIANTES
1620 4761 1998 4823 L‘EGTIONES
2042 4764 2307 4824 CODICIS
2338 4767 2447 4823 MS.
2485 4769 2539 4825 S.
2581 4769 3078 4827 GERMANENSIS.

578 4870 594 4896 ι

578 4870 594 4896 ι

577 4928 598 4956 ³
900 4922 1111 4988 orantes
1131 4925 1295 4988 autem
1318 4923 1466 4975 nolite
1492 4924 1695 4975 multum
1719 4922 1850 4988 loqui
1870 4925 1899 4965 b

582 4987 601 5016 ³
638 4988 682 5034 in
706 4983 1013 5043 multiloquio
1034 4983 1353 5033 exaudiantur

579 5048 601 5079 δ
633 5046 844 5096 similare
872 5045 942 5093 eis

2263 4869 2285 4901 ⁸
2316 4868 2376 4918 ab
2400 4884 2462 4920 eo

2267 4930 2288 4961 ⁸
2322 4944 2434 4979 eum

2270 4993 2288 5021 ⁷
2323 4993 2517 5043 dimittit
2538 4994 2677 5073 vobis
2701 4999 2755 5045 et
2773 4993 2921 5044 Pater
2940 4997 3107 5042 vester
3128 4989 3283 5052 quiin
3304 4987 3457 5040 caelis
3478 4993 3573 5039 est.

1810 5130 2174 5189 BLANCHINI
2220 5135 2449 5193 NOTIE.

597 5246 622 5271 τι
653 5233 1110 5311 Vulgatanrhanc
1137 5234 1415 5311 lectionem
1456 5240 1592 5311 apud
1638 5244 1891 5311 Cypriau.
1921 5287 1935 5311 ,
1967 5250 2098 5303 Am-

522 5308 705 5365 bros.,
742 5305 1020 5381 f\llgll.~.lill.
1068 5314 1119 5357 et
1150 5305 1584 5381 alios;_muttivit
1633 5305 1987 5381 Hieronymus
2040 5320 2093 5373 in

526 5373 1095 5455 supri-substantialent;
1125 5374 1215 5455 sed
1242 5376 1456 5455 verbum
1486 5373 1855 5455 quotidianum,
1881 5400 2095 5455 semper

530 5443 748 5495 retinuit
780 5442 1021 5495 Ecclesia
1052 5444 1101 5493 in
1130 5442 1381 5498 Oratione
1423 5446 1715 5504 Dominica.

606 5512 628 5544 ιι
656 5512 973 5580 Cyprianus,
997 5511 1171 5565 reddet
1197 5512 1283 5564 tibi
1297 5515 1484 5581 palam.
1511 5518 1733 5587 Propius
1750 5522 1817 5577 ad
1840 5524 2086 5581 Graecum

608 5642 678 5710 tu)
704 5641 855 5699 Deest
875 5645 1058 5712 Αηωιι,
1092 5646 1250 5701 etiam
1302 5645 1354 5700 in
1401 5647 1518 5701 cod.
1549 5648 1699 5705 (.ant.

2209 5250 2258 5327 ἐν
2304 5274 2376 5327 τῳ
2407 5262 2595 5327 φανερῷ
2626 5255 2833 5309 accedit
2877 5270 2979 5309 ms.
3014 5262 3193 5327 noster
3224 5254 3766 5327 San-Germauensis.

2208 5319 2285 5394 pe
2316 5319 2591 5394 bac’_vo6e',
2622 5328 2786 5393 palam
2809 5367 2823 5390 ,
2856 5326 3075 5379 consule
3104 5326 3460 5394 Augustinum
3492 5328 3591 5379 lib.
3636 5340 3674 5378 ιι
3703 5323 3770 5379 de

2206 5390 2380 5443 Serm.
2418 5390 2630 5445 Domini
2668 5396 2717 5448 in
2764 5404 2977 5459 monte;
3010 5404 3065 5447 et
3091 5390 3556 5451 Tltfhlaresehalli
3586 5394 3767 5451 obser-

2207 5461 2447 5513 vationes
2478 5463 2526 5513 in
2558 5461 2865 5519 Versionem
2893 5464 3192 5520 Gothicam.

2282 5541 2303 5566 ο
2347 5530 2531 5585 Deficit
2552 5531 2605 5584 in
2639 5530 2833 5590 Codice
2855 5535 2969 5591 haec
2996 5536 3267 5605 pericope.
