3900 6436
236 319 337 374 175

617 428 845 485 CODEX
883 428 1421 489 VERCELLENSIS.

230 518 382 573 vobis
419 526 633 587 peccata
1057 533 1171 576 zate
1200 532 1375 577 autem
1405 536 1496 574 vo-

229 596 428 642 vestra.
860 648 863 653 _
1060 592 1144 646 bis
1174 594 1491 646 thensauros

231 657 317 729 QG.
360 657 492 729 Cum
515 668 693 713 autem
716 656 796 729 jc-
1058 662 1110 729 in
1137 660 1333 717 caelis:
1365 662 1451 716 ubi

222 726 449 801 ἱμηξιίβ,
480 730 643 801 nolite
718 726 729 729 ⁷
1058 726 1232 801 neque
1263 746 1473 800 erugo,

226 798 345 851 lieri
364 799 507 871 sicut
532 800 629 871 hy-
832 868 835 871 _
1061 798 1232 870 neque
1264 798 1405 856 tinea

226 869 463 936 pocritae
494 869 617 923 tris-
832 869 835 871 ’
1055 869 1404 934 exterminat;

227 946 331 991 tes.
363 937 738 995 Exterminant
1053 952 1101 997 et
1135 941 1226 995 ubi
1260 941 1402 996 fures
1434 955 1537 995 non

225 1008 369 1061 enim
398 1008 559 1063 iacies
1053 1010 1310 1066 eiiodiunt
1327 1052 1342 1077 ,
1374 1018 1428 1066 et

225 1091 374 1143 suas,
409 1087 464 1131 ut
496 1092 651 1146 pare-
1052 1080 1141 1135 2t.
1185 1083 1442 1136 furantur.
1479 1079 1578 1136 Ubi

226 1158 322 1200 ant
353 1148 583 1201 homini-
1054 1152 1194 1205 enim
1222 1163 1301 1205 eet
1334 1151 1486 1206 then-

222 1216 326 1270 bus
345 1217 595 1286 jejunan-
1055 1235 1267 1275 saurum
1300 1229 1468 1283 tuum,

224 1294 329 1360 tes.
356 1288 527 1360 Amen
586 1358 592 1360 _
633 1357 640 1360 Α
684 1358 692 1360 4
1055 1292 1129 1345 ibi
1160 1292 1231 1360 (c)
1260 1291 1361 1344 erit
1385 1290 1426 1360 ἰ·
1449 1298 1502 1345 et
1523 1306 1617 1346 cor

221 1356 347 1431 dico
374 1357 541 1421 vobis,
575 1357 650 1431 (a)
682 1358 773 1413 ha-

221 1424 357 1481 bent
387 1424 593 1482 mercei

222 1494 349 1551 dem
381 1511 530 1550 suam
542 1536 554 1549 .

224 1565 315 1636 {17.
363 1565 464 1620 Vos
497 1606 512 1619 .
546 1606 559 1620 .
594 1606 607 1620 .
641 1577 772 1636 tem,
803 1582 921 1623 cum

213 1633 501 1705 jejunatis,
533 1652 601 1691 un
616 1670 629 1678 -

220 1710 373 1774 guite
398 1717 558 1775 caput

220 1785 460 1829 vestrum
482 1817 496 1841 ,
529 1785 582 1831 et
612 1776 692 1831 fa-

221 1845 364 1899 ciem
396 1854 626 1901 vestram
670 1889 689 1897 κ.

226 1913 313 1967 18.
346 1915 555 1988 labate,
589 1932 657 1972 ne
687 1933 779 1988 pa-

222 1986 389 2040 rentis
420 1986 590 2041 homi-

223 2053 383 2110 nibus
406 2056 655 2124 jejunan-

224 2131 340 2188 tes,
373 2128 464 2180 sed
498 2128 634 2195 patri
662 2143 778 2183 ves-

223 2200 331 2258 tro,
364 2196 454 2262 qui
486 2205 568 2251 est
597 2199 649 2251 in

222 2262 490 2318 absconso
513 2282 525 2317 :
566 2276 619 2319 et
649 2267 745 2321 Pa-

224 2340 309 2404 ter
332 2344 526 2398 vester,
558 2337 647 2404 qui

221 2401 367 2455 videt
397 2404 446 2455 in
470 2401 699 2458 abscon-

220 2485 306 2532 so.
338 2473 523 2527 reddet
552 2489 643 2528 vo-

221 2540 309 2595 bis
339 2542 391 2595 in
432 2544 624 2597 balant.

223 2557 315 2665 iis.
339 2557 813 2670 Ἐοῆἲὲῗιζέηςαυ-

1057 1368 1225 1415 tuum.

1053 1429 1141 1483 22.
1183 1431 1420 1485 Lucerna
1457 1446 1657 1501 corpo-

1057 1501 1131 1555 ris
1158 1501 1229 1554 tui
1261 1508 1344 1555 est
1363 1516 1463 1555 ocu
1476 1530 1494 1540 -

1054 1570 1138 1624 lus
1169 1582 1309 1625 tuus.
1334 1570 1387 1625 Si
1418 1585 1545 1626 ocu-

1056 1640 1138 1696 lus
1166 1649 1289 1695 tuus
1318 1643 1447 1695 sim-

1055 1711 1174 1779 plex
1201 1720 1283 1766 est
1311 1727 1322 1761 :
1355 1720 1521 1766 totum

1052 1794 1245 1847 corpus
1273 1790 1420 1834 tuum

1051 1851 1284 1905 lucidum
1315 1860 1416 1904 est.

1050 1920 1140 1975 2'5.
1180 1922 1233 1976 Si
1260 1932 1437 1975 autem
1461 1920 1650 1976 oculus

1051 1998 1172 2045 tuus
1202 2006 1428 2059 nequam
1456 2001 1538 2046 est
1563 2007 1577 2058 ;

1051 2068 1218 2114 totum
1257 2075 1451 2131 corpus

1053 2140 1204 2190 tuum.
1223 2140 1303 2185 te-

1053 2201 1339 2255 nebrosum

1050 2278 1152 2325 est.
1183 2269 1460 2323 Tenebrae

1052 2347 1173 2393 tuae
1201 2348 1431 2409 quantae

1051 2409 1213 2462 sunt?

1049 2478 1139 2531 2t.
1179 2477 1351 2533 Nemo
1381 2487 1555 2547 poteSt

1051 2548 1259 2603 duobus
1279 2549 1454 2603 domi-

1053 2619 1135 2671 nis
1159 2620 1359 2672 servire
1390 2636 1403 2670 :

225 2720 239 2733 .
291 2720 306 2734 .
351 2722 364 2735 .
405 2698 464 2735 re
494 2684 642 2739 vobis
1053 2694 1143 2740 aut
1172 2691 1310 2741 enim
1356 2701 1515 2740 unum

221 2751 543 2807 thensauros
574 2755 627 2809 in
656 2764 795 2810 terra
825 2774 838 2809 :

221 2821 316 2901 tibi
336 2836 525 2892 erugo,
556 2834 609 2879 ct

222 2899 371 2945 tinea
396 2903 577 2947 exter-

222 2961 393 3015 minat
419 2978 431 3013 :
462 2970 515 3016 et
542 2964 629 3019 ubi

220 3031 371 3085 fures
395 3031 582 3087 effodi-

224 3112 344 3176 t_n_it,
374 3110 428 3156 et
452 3103 654 3176 furan;
1002 3108 1003 3111 “
1053 3107 1167 3162 Non
1198 3109 1421 3176 potestis

220 3170 314 3224 20.
360 3182 460 3227 tur.
497 3174 569 3244 (ὁ)
595 3174 919 3230 Thensauri-
1055 3178 1163 3232 Deo
1189 3170 1393 3232 servire

646 3288 873 3344 CODEX
908 3290 1369 3347 CORBEIENSIS.

220 3372 601 3448 vobispcccata
624 3389 795 3431 vestra
807 3418 819 3429 .
835 3379 1005 3444 Quum
1021 3391 1194 3435 autem
1205 3380 1480 3448 jejunatis,
1498 3379 1661 3434 nolite
1676 3380 1791 3435 fleri

222 3446 360 3497 sicut
378 3444 687 3515 hypocrilae
710 3450 908 3504 tristes.
926 3444 1285 3503 Exterminant
1302 3452 1440 3503 enim
1462 3444 1621 3503 iacies
1642 3463 1789 3513 suas,

220 3521 284 3565 ut
302 3582 313 3587 _
336 3525 555 3581 pareant
581 3515 881 3572 hominibus
906 3520 1227 3587 jejunantes.
1262 3526 1426 3571 Amen
1455 3520 1576 3574 dico
1601 3519 1751 3572 vobis
1769 3558 1784 3582 ,

221 3582 352 3656 quia
373 3596 689 3656 receperunt
711 3582 1011 3642 mercedem
1042 3603 1211 3641 suam.
1244 3590 1257 3617 ³
1289 3587 1366 3640 'l‘u
1397 3599 1786 3656 antem,quum

215 3648 624 3723 jejunas,'nnge
663 3668 821 3723 caput
855 3668 1035 3719 tuum,
1064 3670 1116 3712 et
1147 3657 1332 3713 faciem
1368 3667 1515 3709 tuum
1551 3648 1701 3721 lava,
1728 3672 1794 3711 ne

222 3722 456 3798 videaris
485 3722 789 3798 hominibus
830 3727 1101 3793 jejunans,
1128 3730 1217 3779 sed
1260 3728 1390 3793 patri
1430 3735 1531 3798 tuo
1554 3768 1567 3789 ,
1596 3730 1684 3798 qui
1713 3737 1795 3781 est

224 3790 276 3840 in
308 3790 716 3863 absconsonznet
746 3790 899 3849 Pater
922 3798 941 3826 ³
971 3790 1119 3859 ιυυε,
1141 3798 1229 3863 qui
1261 3790 1399 3851 videt
1427 3797 1476 3849 in
1510 3790 1790 3861 absconso,

223 3858 415 3910 reddet
446 3860 559 3913 tibi.
609 3861 783 3916 Nolite
827 3858 1185 3919 thesaurizare
1233 3868 1380 3919 vobis
1429 3867 1709 3921 theSauros
1740 3858 1793 3920 in

223 3938 407 4001 teni-ra:
430 3928 521 3983 ubi
550 3945 768 4001 aerugo,
791 3944 846 3987 et
878 3936 1018 3989 tinea
1044 3936 1399 3991 ’cmerminat
1424 3955 1435 3988 :
1458 3948 1510 3989 et
1538 3938 1626 3990 ubi
1652 3938 1795 3991 fures

220 3996 573 4064 eﬂ'odiunt,et
598 3996 854 4058 furantur.
873 4006 1251 4061 'l‘hesaurizate
1272 4015 1448 4060 autem
1477 4007 1659 4061 vobis‘
1676 4012 1791 4062 the-

219 4081 440 4147 sanrnm
472 4071 522 4125 in
550 4073 703 4147 coelo
727 4090 749 4147 :7
770 4075 1050 4146 ubineque
1076 4091 1297 4147 aerugo,
1328 4092 1497 4146 neque
1526 4078 1665 4132 tinea
1698 4093 1793 4130 ex-

222 4140 506 4210 terminat;
533 4151 585 4195 et
614 4143 701 4197 ubi
734 4146 874 4199 iures
902 4140 1004 4200 no'u
1032 4140 1317 4210 elfodiiint,
1351 4149 1371 4177 “
1403 4140 1499 4201 nec
1530 4150 1788 4201 furantur.

220 4206 325 4263 Ubi
352 4211 495 4264 enim
522 4210 543 4242 ⁸
564 4220 645 4265 cst
674 4214 953 4270 thesaurus
983 4224 1122 4275 tuus.
1156 4217 1223 4269 ibi
1256 4219 1274 4247 ⁷
1302 4206 1380 4268 cst
1413 4225 1466 4268 et
1495 4232 1588 4269 cor
1620 4227 1786 4268 tuum.

219 4275 467 4350 Lucerna
520 4282 762 4350 Corporis
812 4286 884 4335 ttti
942 4296 1023 4338 est
1078 4286 1265 4337 oculus
1317 4295 1455 4336 tuus.
1504 4288 1557 4336 Si
1587 4286 1793 4336 8fuerit

218 4348 584 4420 oculusntuus
619 4348 856 4419 simplex
909 4370 922 4403 :
978 4359 1143 4406 totum
1194 4366 1387 4420 corpus
1459 4361 1602 4405 tuum
1654 4352 1788 4405 Inci-

218 4418 350 4471 dum
374 4418 495 4473 erit.
525 4419 580 4474 Si
603 4418 779 4474 autem
809 4422 994 4475 nculus
1022 4430 1142 4476 tuus
1172 4418 1340 4491 nequa
1383 4421 1543 4476 fuerit
1572 4439 1583 4472 :
1617 4434 1787 4477 totum

218 4502 419 4561 corpus
437 4498 584 4542 tuum
618 4496 953 4544 tenebrosum
982 4493 1101 4546 erit.
1125 4493 1180 4547 Si
1211 4507 1337 4561 ergo
1390 4492 1596 4553 lumen,
1645 4494 1786 4559 quod

219 4557 275 4609 in
301 4567 354 4612 te
377 4561 769 4632 est,‘tenebr.ie
798 4570 921 4614 sunt
956 4579 969 4614 :
1026 4564 1173 4632 ipsae
1221 4557 1473 4617 tenebrae
1521 4557 1788 4630 quantae“

139 4629 145 4637 '
213 4628 622 4698 erosit?Nemo
648 4640 823 4698 potest
871 4628 1076 4686 duobus
1111 4633 1341 4686 dominis
1400 4628 1644 4688 servire:
1699 4640 1791 4687 aut

220 4696 369 4749 enim
400 4713 561 4752 unum
587 4700 633 4759 Ψ
650 4696 773 4773 odio
802 4701 978 4767 habet,
1014 4711 1067 4758 et
1117 4703 1339 4757 alterum
1373 4704 1543 4773 diligit
1571 4721 1584 4756 :
1627 4714 1718 4758 aut
1746 4704 1786 4734 “

221 4771 758 4844 animusustinebit,
814 4780 868 4825 et
914 4775 1138 4829 alterum
1187 4771 1513 4829 contemnet.
1543 4773 1661 4829 Non
1692 4789 1790 4844 po-

221 4836 377 4890 testis
400 4835 510 4893 Deo
538 4842 745 4895 servire

1054 2758 1217 2822 odiet,
1249 2768 1299 2811 et
1323 2760 1459 2812 alic-

1052 2844 1168 2881 rum
1200 2829 1397 2881 amabit
1424 2846 1435 2880 :

1052 2905 1144 2951 aut
1164 2913 1323 2951 unum
1351 2914 1440 2965 pa-

1053 2969 1233 3032 tietur,
1264 2977 1318 3021 et
1346 2970 1568 3023 alterum

1053 3048 1380 3092 contemnet.

1190 316 1637 374 EVANGELIUM
1677 315 2045 376 secuaouu
2083 290 2507 373 Marrubii.

2331 423 2558 485 CODEX
2588 424 3030 483 VERONENSIS.

2737 528 2912 575 autem
2941 521 3091 576 vobis

2740 590 3054 647 thensauros

2736 661 2787 714 in
2816 661 3001 715 caelo:
3034 661 3121 717 ubi

2736 745 2908 799 neque
2937 746 3117 801 erugo,

2736 816 2908 868 neque
2936 800 3076 857 tinea

2738 869 3053 925 exterminat
3082 887 3096 934 ;

2736 950 2790 993 et
2812 938 2898 991 ubi
2933 939 3072 995 fures
3102 956 3206 998 non

2738 1008 3012 1074 effodiunt,
3045 1021 3097 1066 et

2737 1078 2826 1131 2t.
2869 1078 3124 1133 furantur.
3152 1080 3255 1140 Ubi

2740 1149 2879 1202 enim
2906 1149 3059 1203 fuerit
3087 1150 3241 1206 then-

2740 1232 2928 1271 saurus
2957 1227 3097 1283 tuus,

2743 1288 2813 1340 ibi
2845 1286 2914 1357 (ε)
2945 1289 3105 1359 erit-l-
3125 1300 3177 1345 et
3205 1306 3301 1347 cor

2744 1366 2911 1411 tuum.

2738 1426 2826 1501 22.
2864 1427 3102 1501 Lucerna
3131 1432 3371 1501 corporis

2735 1498 2811 1550 tui
2841 1507 2923 1549 est
2950 1500 3133 1554 oculus
3162 1498 3304 1556 tuus.

2732 1564 2822 1619 23.
2859 1568 2911 1621 Si
2947 1570 3090 1622 enim
3122 1573 3307 1627 oculus

2732 1643 2853 1706 tuus
2899 1638 3122 1706 simplex

2732 1703 2913 1768 fuerit,
2943 1703 3107 1761 totum

2734 1789 2925 1844 corpus
2953 1784 3099 1832 tuum
3128 1780 3256 1835 luci-

2732 1845 2854 1898 dum
2884 1847 3007 1900 erit.
3039 1848 3093 1901 Si
3122 1866 3218 1903 au-

2734 1923 2838 1968 tem
2863 1917 3048 1970 oculus
3077 1927 3198 1973 tuus

2730 2000 2903 2055 nequa
2927 1985 3121 2057 fuerit;

2732 2062 2900 2109 totum
2925 2072 3120 2125 corpus
3149 2070 3291 2114 tuum

2732 2126 3075 2180 tenebrosum
3101 2140 3199 2184 est.

2728 2192 2785 2247 Si
2813 2209 2941 2263 ergo
2972 2196 3150 2252 lttmen
3171 2238 3186 2263 ,

2725 2263 2867 2331 quod
2900 2267 2950 2317 in
2982 2274 3033 2318 te
3061 2276 3164 2331 est,

2727 2333 2979 2389 tenebrae
2993 2346 3116 2391 sunt
3142 2354 3155 2389 :

2726 2404 2841 2471 ipse
2867 2405 3119 2462 tenebrae

1914 518 2063 574 vobis
2092 531 2307 589 peceata

1912 599 2085 643 vestra
2099 630 2110 641 .

1915 661 1999 729 lb’.
2041 658 2173 713 Cum
2202 667 2378 715 autent
2403 660 2486 729 je-

1907 728 2130 797 junatis,
2160 729 2327 784 nolite

1911 798 2051 853 ﬁerit
2071 799 2206 852 sicut
2237 799 2335 869 hy-

1911 869 2146 936 pocritae
2168 870 2231 921 tri
2246 898 2262 909 -

1910 948 2039 992 stes.
2072 937 2440 992 Exterminant

1912 1011 2050 1061 enim
2080 1008 2243 1062 facies

1909 1093 2052 1142 suas,
2080 1089 2137 1131 ut
2161 1092 2323 1147 appa-

1909 1156 2058 1215 reant
2088 1148 2315 1201 homini-

1908 1217 2007 1271 bus
2024 1218 2272 1286 jejunan-

1909 1296 2007 1342 tes.
2032 1286 2202 1341 Amen

1905 1357 2027 1427 dico
2057 1357 2226 1420 vobis,
2260 1358 2333 1427 (a)

1905 1426 2102 1481 habent
2125 1426 2329 1481 merce-

1906 1495 2025 1550 dem
2048 1510 2219 1550 suam.

1904 1567 1992 1620 l7.
2031 1565 2140 1621 Vos
2176 1572 2376 1630 autem,
2401 1576 2519 1617 cum

1898 1636 2169 1705 jejunatis,
2198 1651 2293 1688 un-

1902 1708 2044 1775 guite
2074 1714 2232 1774 caput

1902 1772 2157 1837 vestrum,
2191 1784 2243 1829 et
2269 1772 2339 1826 fa-

1901 1846 2038 1901 ciem
2060 1854 2289 1899 vestram

1902 1918 1988 1970 18.
2031 1916 2223 1978 lavate,
2251 1928 2317 1969 ne
2339 1928 2429 1982 pa-

1899 1987 2063 2041 rcatis
2089 1986 2259 2039 homi-

1900 2056 2056 2110 nibus
2075 2056 2320 2123 jejunan-
2386 2058 2399 2073 '

1900 2134 2001 2190 tes,
2033 2125 2125 2179 sed
2150 2124 2283 2192 patri
2314 2137 2407 2177 ve-

1896 2206 2030 2258 stro,
2063 2196 2151 2262 qui
2183 2205 2268 2246 est
2287 2193 2337 2262 in

1895 2261 2157 2318 absconso
2188 2278 2200 2313 :
2233 2272 2285 2315 et
2308 2261 2405 2314 Pa-

1895 2343 2196 2393 ter.vester,
2229 2330 2318 2399 qui

1895 2403 2040 2457 videt
2062 2404 2110 2455 in
2140 2403 2353 2456 abscono

1860 2474 1861 2479 “
1893 2488 1975 2538 so,
2006 2473 2191 2526 reddet
2216 2486 2313 2525 νο·
2721 2485 2951 2594 guantae
2967 2478 3122 2530 sunt?

1894 2545 1975 2594 his
1998 2544 2048 2594 in
2078 2542 2273 2594 palam.
2760 2542 2813 2594 4.
2844 2544 3009 2594 Nemo
3033 2556 3122 2594 not

1894 2545 1975 2597 bis
1998 2544 2048 2596 in
2078 2542 2273 2611 palam.

1896 2614 1983 2669 19.
2024 2612 2197 2666 Nolite
2221 2612 2368 2666 vobis

1895 2683 2292 2737 thensaurizare

1894 2754 2210 2806 thensauros
2232 2752 2282 2805 in
2313 2762 2449 2815 terra
2486 2766 2497 2803 :

1893 2822 1983 2877 ubi
2003 2836 2189 2890 erugo,
2213 2830 2265 2875 et

1896 2894 2038 2946 tinea
2060 2902 2237 2945 exter-

2760 2542 2813 2596 4.
2844 2544 3009 2599 Nemo
3033 2556 3206 2613 potest

2723 2611 2935 2667 duobus
2955 2611 3125 2671 domi-

2725 2683 2806 2737 nis
2834 2683 3043 2739 sei-vire
3074 2703 3085 2737 :

2719 2762 2811 2806 aut
2838 2769 3000 2806 unum
3026 2755 3189 2823 odiet,

2719 2832 2773 2877 et
2792 2823 3018 2877 alterum
3040 2829 3245 2883 amavit
3274 2844 3287 2883 :

2720 2901 2811 2946 aut
2832 2909 2999 2965 unum
3025 2898 3129 2964 pati
3159 2912 3333 2965 erum,

2721 2970 2775 3017 et
2795 2963 3287 3021 alterum’contem-

2722 3041 2831 3103 net.
2860 3032 2973 3087 Non
3005 3038 3229 3103 potestis

2728 3102 2837 3157 Deo
2856 3102 3060 3160 servire
3086 3146 3101 3171 ,

1894 2964 2059 3016 minat
2088 2978 2100 3012 :
2128 2969 2181 3015 et
2208 2960 2327 3014 ubi'

1894 3032 2036 3087 fures
2066 3030 2195 3085 etle-

1892 3102 2061 3166 diunt,
2090 3110 2141 3155 et
2161 3100 2404 3154 furantur
2428 3100 2503 3171 (b)

1892 3172 1979 3228 20.
2022 3172 2438 3237 Thensaurizate

2356 3281 2588 3337 CODEX
2625 3282 3010 3342 BRIXIANUS.

1896 3375 2047 3429 vobis
2101 3382 2312 3445 peccata
2354 3380 2550 3445 vestra.
2597 3372 2729 3445 Cum
2779 3384 2954 3430 autem
2997 3375 3252 3445 jejunatis
3302 3382 3471 3437 nolite

1894 3446 2006 3497 fieri
2083 3445 2217 3497 sicut
2291 3442 2603 3511 hypocritae
2653 3443 2833 3499 tristes
2888 3442 3257 3504 Extertninant
3323 3454 3469 3505 enim

1888 3512 2053 3586 facies
2076 3527 2198 3586 snas
2242 3523 2294 3586 ut
2326 3523 2557 3586 pareant
2599 3512 2908 3569 hominibus
2931 3517 3258 3586 jejunantes.
3295 3520 3465 3575 Amen

1898 3582 2018 3636 dico
2058 3584 2226 3635 vobis.
2270 3580 2342 3651 (a)
2396 3593 2751 3651 perceperunt
2805 3580 3107 3642 mercedem
3160 3604 3328 3643 suam.
3386 3592 3463 3645 'l‘u

1899 3665 2077 3706 autem
2121 3652 2368 3720 jejunans
2414 3668 2590 3721 ungue
2620 3662 2977 3719 caputtuutn.
3012 3657 3277 3714 etfaciem
3321 3672 3463 3714 tuam

1901 3722 2037 3775 lava.
2075 3729 2130 3798 nt
2161 3738 2262 3798 non
2298 3722 2526 3798 videaris
2555 3722 2859 3780 hominibus
2902 3727 3152 3797 jejunans
3201 3730 3291 3783 scd
3325 3730 3464 3798 patri

1903 3803 1991 3846 tuo
2018 3793 2107 3863 qui
2130 3800 2210 3847 est
2239 3792 2289 3844 in
2322 3795 2602 3847 abscnnso.
2716 3850 2719 3853 _

1973 3866 2034 3916 Et
2064 3863 2217 3917 Pater
2248 3870 2368 3915 tnus
2391 3866 2477 3932 qui
2508 3864 2650 3916 videt
2709 3865 2758 3916 in
2802 3865 3083 3920 absconso.
3115 3865 3299 3919 reddet
3342 3866 3456 3920 tibi.

1899 3934 2070 3986 Nolite
2101 3932 2501 3988 thensaurizare
2529 3933 2679 3987 Vobis
2714 3934 3030 3987 thensauros
3071 3948 3231 4002 super
3263 3946 3458 3989 terram

1899 4004 1986 4059 ubi
2013 4003 2151 4057 tinea
2183 4014 2428 4073 etncrugo
2456 4003 2811 4057 exterminant
2833 4013 2885 4056 et
2915 4003 3000 4056 ubi
3028 4003 3173 4058 fures
3200 4003 3461 4061 etiodiunt

1897 4086 1950 4128 et
1976 4072 2215 4126 furantur

1966 4140 2381 4196 Thensaiirizate
2408 4150 2581 4195 autem
2622 4142 2771 4195 vobis
2827 4140 3142 4197 thensauros
3192 4144 3244 4198 in
3288 4147 3455 4201 caelo.

1898 4212 1982 4264 ubi
2014 4224 2182 4277 neque
2214 4213 2349 4278 tinea
2372 4226 2544 4278 neque
2573 4225 2734 4278 erngo
2764 4213 3148 4268 exterminant.
3177 4228 3228 4269 et
3257 4217 3344 4270 ubi
3372 4217 3457 4270 fu-

1894 4293 1979 4332 res
2030 4276 2133 4330 non
2209 4276 2471 4331 effodiunt
2549 4276 2862 4338 elfufantur.
2942 4280 3042 4337 Ubi
3104 4285 3245 4339 enim
3302 4289 3461 4343 fuerit

1895 4348 2213 4420 thensaurus
2240 4355 2436 4402 vester.
2468 4348 2574 4403 illic
2605 4348 2679 4420 (ε)
2708 4352 2810 4405 erit
2846 4350 2887 4420 ἰ-
2910 4362 2962 4406 et
2990 4367 3083 4407 cor
3128 4367 3383 4410 vestrum.

1963 4417 2204 4491 Lucerna
2232 4421 2471 4486 corporis
2492 4428 2574 4473 est
2596 4417 2803 4474 oculus.
2839 4417 2895 4477 Si
2934 4437 3062 4491 ergo
3092 4424 3251 4480 fuerit
3270 4429 3456 4481 oculus

1894 4496 2016 4542 tuus
2043 4489 2288 4555 simplex.
2338 4499 2502 4542 totum
2553 4504 2746 4559 corpus
2778 4502 2922 4546 tuum
2956 4489 3184 4547 lucidum
3230 4496 3346 4550 erit.
3396 4496 3453 4550 Si

1892 4570 2065 4634 autem
2089 4559 2272 4612 oculus
2294 4569 2413 4634 tuus
2418 4574 2665 4634 _u_equam_
2688 4560 2867 4615 fuerit.
2902 4570 3066 4634 totum
3089 4579 3280 4634 corpus
3302 4573 3450 4619 tuum

1895 4629 2233 4702 tenebrosum
2261 4632 2379 4683 erit.
2414 4629 2624 4702 Siergo
2652 4631 2831 4686 lumen
2861 4633 2999 4702 quod
3027 4634 3077 4686 in
3101 4642 3151 4688 te
3176 4629 3275 4688 est.
3304 4643 3453 4690 tene-
3517 4648 3522 4653 ’

1892 4700 2021 4753 brae
2045 4706 2184 4752 sunt.
2212 4700 2322 4767 ipse
2353 4700 2604 4754 tenebrae
2630 4710 2856 4769 quantae
2879 4700 3026 4755 aunt.

1964 4769 2128 4823 Nemo
2170 4781 2343 4839 poteSt
2373 4770 2579 4839 duobus
2621 4770 2850 4824 dominis
2894 4773 3115 4825 servire.
3166 4780 3259 4826 aut
3305 4774 3448 4830 enim

1892 4855 2057 4893 unum
2085 4838 2250 4893 odiet.
2283 4848 2337 4892 et
2360 4838 2585 4898 alterum
2613 4838 2815 4906 diliget.
2848 4848 2942 4893 aut
2984 4855 3090 4895 uno
3126 4842 3361 4900 obediet.
3394 4855 3449 4901 et

1891 4910 2116 4965 alterum
2137 4907 2442 4963 contemnit.
2468 4907 2581 4961 Non
2606 4910 2825 4975 potestis
2851 4910 2959 4966 Deo
2983 4912 3187 4968 servire

907 5014 1290 5073 VARIANTES
1330 5017 1698 5077 LECTIONES
1734 5020 1993 5077 CODICIS
2030 5018 2137 5074 MS.
2182 5019 2239 5074 S.
2280 5016 2781 5077 GERMANENSIS.

287 5096 439 5172 Yos
458 5106 620 5172 autem
643 5115 751 5151 cum
774 5102 1215 5172 jejunatis,_nngit_e
1244 5107 1401 5172 capita
1424 5118 1586 5172 vestra
1605 5118 1696 5172 ,Vet
1719 5112 1788 5160 fa—

210 5158 585 5235 eiem'vestratn
608 5158 791 5227 lavate;
810 5158 864 5215 tit
882 5179 979 5235 pun
1003 5158 1256 5219 videamini
1276 5158 1549 5221 Hominibus
1565 5158 1787 5235 jejunae-

220 5224 318 5290 tes,
342 5220 439 5290 sed
454 5220 583 5270 Patri
612 5220 790 5290 vestro,
812 5231 895 5290 qui
911 5266 925 5290 ,
959 5234 1053 5278 etc.

282 5282 306 5349 ξ
340 5287 563 5349 vester...
590 5286 724 5335 vobis
748 5282 797 5335 in
824 5282 977 5349 palam

287 5342 309 5374 ³
341 5344 668 5394 exterminant

282 5402 307 5496 ζ
340 5403 597 5496 tbesauros

340 5472 395 5515 et

1948 5108 1969 5138 ⁸
2002 5106 2150 5156 fuerit

1946 5170 1966 5199 "
2002 5172 2096 5217 erit

1946 5230 1970 5322 ξ
2001 5228 2201 5340 ignei-go
2221 5230 2392 5282 oculus
2416 5238 2525 5281 tuus
2540 5232 2747 5297 sintplex
2773 5231 2918 5284 fuerit

1953 5353 1993 5415 ξφ
2028 5354 2217 5403 odiet...
2240 5351 2415 5415 diliget

1952 5413 1992 5443 ίί
2030 5420 2113 5463 aut
2136 5416 2265 5464 enim
2288 5413 2434 5463 utinm
2459 5416 2669 5478 patietur

1483 5560 1502 5607 ι
1533 5536 1893 5594 BLANCHINI
1929 5537 2180 5595 nomn

254 5612 369 5739 0(So)
390 5613 552 5702 ‘Ante
578 5618 778 5684 habent,
805 5619 1119 5704 deestquia.
1158 5626 1218 5678 |~.'t
1247 5627 1315 5683 ita
1346 5630 1397 5683 in
1426 5630 1544 5685 cod.
1593 5627 1748 5685 Cant.
1778 5658 1850 5671 —
1868 5630 1945 5701 (b)
1978 5631 2109 5685 Hinc
2153 5645 2321 5699 usque
2342 5630 2408 5686 ad
2436 5640 2567 5685 vers.
2596 5622 2666 5678 27
2691 5625 2829 5695 «θρᾷ
2854 5639 2939 5682 vm
2965 5630 3139 5687 omnia
3160 5633 3352 5693 desunt
3392 5640 3449 5701 ln

327 5724 342 5739 .
368 5686 525 5739 Laut.
559 5687 651 5739 Gr.
690 5698 821 5739 teste
852 5692 1011 5739 Mittin
1032 5710 1081 5739 In
1103 5698 1307 5739 ιιηημηδ
1338 5730 1405 5739 _.
1432 5699 1502 5739 (Α
1532 5700 1604 5739 ιι,
1632 5708 1807 5739 im...
1832 5700 2050 5739 Crmnnc
2101 5700 2246 5739 ιη--.

221 5686 342 5741 cod.
368 5686 525 5741 Cant.
559 5687 651 5744 Gr.
690 5698 821 5745 teste
852 5686 1011 5747 Millio
1032 5694 1082 5748 in
1103 5698 1405 5765 append.—-
1432 5699 1502 5770 (ε)
1532 5700 1605 5755 Ita
1632 5708 1808 5758 textus
1832 5686 2072 5770 Graecus,
2100 5686 2248 5759 εσταὶ
