4288 6526
167 414 260 496 in
1102 397 1544 498 EVANGEblUu
1581 437 1948 501 SECUNDUM
1983 442 2408 509 muscum.

524 551 751 611 coosx
792 529 1320 613 vaseutssss.

165 645 321 702 Sufﬁc
359 682 375 699 .
410 655 432 696 '.
478 686 493 699 .
535 688 551 700 .
596 685 610 700 .
973 658 1096 704 ante
1129 661 1353 716 porcos:

162 716 352 771 malitia
379 730 492 770 sua.
973 735 1052 776 ne.
1070 718 1207 774 forte
1233 733 1365 774 con-

306 784 670 859 QAPUTAVII.
972 789 1180 844 culceu.
1219 827 1239 859 ί.
1288 827 1302 842 .
1330 801 1357 841 8
1380 802 1476 859 pe-

161 856 209 909 l.
236 855 408 938 Nolite
429 856 638 938 judica-

155 939 231 991 re,
262 935 319 979 ut
348 940 452 981 non
476 935 567 996 ju-

965 859 1120 914 dibus
1150 858 1282 941 suis,
1305 867 1361 913 et

964 944 1064 984 con
1071 944 1208 985 γει-δι
1227 969 1240 982 .
1287 967 1301 982 .
1346 965 1359 980 .

154 996 354 1050 dicetur
377 996 446 1052 de
473 1011 564 1052 νο·
966 995 1164 1054 dirum.
1209 1039 1221 1053 .
1267 1037 1282 1053 .
1327 1036 1342 1052 .

119 1063 121 1068 “
151 1065 203 1137 _2.
223 1065 332 1137 _bis.
356 1065 411 1137 ln
442 1081 548 1137 quo
570 1065 713 1122 enim
966 1071 1019 1123 7.
1049 1070 1242 1136 Petite,
1266 1078 1339 1125 et.
1386 1107 1400 1121 .
1441 1106 1456 1121 .
1501 1107 1514 1121 .

150 1134 575 1204 judiciojudica-
965 1149 1052 1193 tur
1077 1154 1164 1194 vo.
1210 1134 1234 1193 .V
1272 1177 1286 1191 .
1331 1179 1344 1192 .
1393 1178 1407 1192 .

147 1207 346 1275 veritis,
365 1206 576 1275 judica-
964 1211 1088 1275 rite,
1119 1219 1174 1263 et
1203 1210 1351 1264 inve-

146 1274 283 1329 bitttr
309 1274 378 1330 de
402 1276 555 1331 vobis
589 1295 602 1330 :

142 1354 197 1398 et
222 1346 271 1402 in
301 1361 402 1416 qua
431 1361 578 1416 men-

141 1428 260 1468 sura
286 1415 456 1470 mensi
480 1415 596 1470 fue-

140 1485 277 1549 ritis,
304 1486 553 1542 metietur

137 1554 307 1608 vobis.

135 1625 192 1678 3.
218 1625 351 1690 Quid
379 1634 558 1682 autem
579 1627 659 1682 vi-

142 1694 226 1748 dis
252 1694 507 1752 festucam

143 1766 199 1819 in
233 1767 390 1820 oculo
411 1768 518 1821 fra-

138 1833 238 1889 tris
259 1836 331 1889 tui
359 1854 372 1889 :
403 1846 456 1892 et
478 1845 587 1892 tra-

133 1904 279 1968 bem,
311 1921 430 1975 quas
451 1908 502 1961 in

132 1975 290 2029 oculo
318 1983 412 2030 tuo
445 1987 540 2044 est,

118 2059 246 2109 non
274 2047 519 2102 conside-

962 1280 1122 1334 nietis
1145 1298 1157 1332 :
1190 1280 1369 1347 pulsa-

962 1357 1034 1415 te,
1063 1358 1117 1405 et
1144 1348 1414 1420 aperietur

959 1421 1011 1472 8.
1054 1435 1152 1472 vo.
1179 1417 1211 1472 ”.
1257 1456 1271 1470 .
1301 1434 1349 1472 s.
1390 1417 1578 1474 Omnis

956 1490 1100 1543 enim
1119 1490 1211 1558 qui
1240 1502 1332 1557 pe-

960 1560 1044 1624 tit,
1078 1560 1302 1627 accipit:
1334 1567 1389 1613 et
1417 1560 1508 1628 qui

870 1652 874 1655 ·
954 1633 1180 1699 quaerit,
1210 1630 1358 1699 inve-

957 1698 1067 1754 nit:
1097 1708 1153 1754 et
1173 1698 1385 1768 pulsan-

958 1771 995 1823 ti
1023 1771 1310 1838 aperietur.

958 1839 1011 1893 9.
1052 1843 1160 1895 Aut
1183 1841 1302 1908 quis
1320 1853 1388 1893 ex
1413 1838 1567 1895 vobis

895 1969 897 1971 ,
957 1909 1118 1964 homo
1144 1909 1284 1975 cstfa
1316 1924 1421 1975 quo

957 1980 1090 2048 petit
1117 1979 1256 2033 illius
1278 1979 1394 2046 ejus

959 2065 1146 2118 panem
1161 2089 1178 2114 ,
1208 2063 1361 2102 num-

130 2115 263 2189 ras?
555 2187 561 2189 Α
954 2115 1081 2189 quid
1109 2119 1335 2188 lapidem

128 2185 186 2260 ἧς
213 2185 318 2260 Aut
335 2187 604 2260 quomodo
955 2185 1192 2260 porriget
1217 2190 1304 2260 ei?

128 2255 269 2311 dicis
293 2255 445 2312 fratri
955 2255 1042 2315 '10.
1085 2255 1190 2314 Ᾱιιι
1217 2259 1284 2313 si.
1330 2301 1344 2314 .
1390 2299 1403 2314 .
1433 2275 1517 2315 em

128 2335 229 2378 tuo
246 2342 276 2400 Δε
306 2325 447 2386 Sine.
460 2328 584 2384 eici-
954 2330 1106 2400 petit,
1135 2328 1392 2398 numquid

125 2408 220 2468 am
243 2394 501 2468 festucam
954 2394 1259 2468 serpentem

55 2535 60 2538 ⁵
127 2464 202 2518 de
232 2465 387 2521 oculo
413 2476 502 2521 tuo
523 2476 623 2538 :ct

133 2575 150 2588 .
171 2584 181 2600 ,
199 2575 214 2587 .
258 2575 274 2589 .
314 2550 438 2591 ecce
464 2537 627 2592 trabis

128 2614 221 2661 est
249 2605 302 2660 in
332 2607 485 2661 oculo
509 2608 646 2661 tuo?

128 2675 186 2730 5.
236 2675 540 2758 llzpocrita,
569 2677 650 2731 ei—

123 2759 193 2799 ce
220 2759 450 2812 primum

119 2821 339 2870 trabem
369 2817 435 2872 de
461 2832 594 2872 ocu.

117 2883 179 2938 lo
211 2895 325 2952 tuo,
355 2895 409 2940 et
428 2895 555 2941 tunc

115 2953 339 3008 videbis
364 2957 505 3012 eice-

114 3039 184 3078 re
216 3023 476 3080 festucam

114 3093 193 3148 de
221 3096 383 3152 oculo
404 3095 514 3152 fra-

111 3165 227 3230 tris
257 3169 352 3223 tui.

110 3235 173 3289 6.
222 3234 400 3292 Nolite
427 3233 738 3294 dare‘sanc-
835 3274 842 3277 -

113 3315 242 3359 tum
273 3308 534 3375 canibus,’

110 3391 306 3445 neque
334 3379 541 3432 miseri-

109 3447 190 3499 tis
215 3448 475 3517 margari-

107 3523 205 3570 ωε
237 3526 442 3573 νεειτίιε

957 2469 1020 2524 il
1042 2517 1045 2520 .
1087 2468 1307 2538 porrigit
1328 2468 1415 2523 ei?
1440 2469 1498 2523 Si

957 2553 1086 2620 ergo
1113 2551 1353 2620 vosocum

958 2608 1078 2662 sitis
1101 2608 1250 2676 mali,

960 2679 1128 2732 nostis
1152 2678 1290 2731 bona
1311 2677 1408 2731 da-

961 2746 1366 2801 .....filiis

961 2861 974 2872 .
1019 2858 1034 2871 .
1079 2858 1092 2870 .
1140 2817 1463 2885 .iszquan-

957 2898 1011 2943 to
1042 2889 1210 2956 magis
1243 2901 1334 2955 pa-

957 2969 1039 3014 ter
1063 2967 1258 3022 vester,

950 3031 1040 3098 qui
1066 3038 1148 3084 est
1172 3028 1223 3082 in
1254 3027 1436 3092 caelis,

909 3117 913 3120 ·
953 3099 1102 3156 dabit
1119 3099 1260 3154 bona
1282 3113 1367 3168 pe-

954 3170 1193 3225 tentibus
1216 3184 1295 3224 se.

957 3241 1042 3294 12.
1083 3239 1270 3294 Omnia
1299 3252 1426 3309 ergo
1453 3251 1620 3308 quae-

954 3325 1181 3378 cumque
1211 3311 1325 3363 vul-

962 3382 1030 3434 tis
1053 3390 1112 3433 ut
1132 3380 1327 3433 faciant

964 3450 1113 3520 vobis
1142 3451 1384 3504 homines
1410 3448 1492 3520 (a)

961 3519 1122 3585 bona,
1149 3520 1222 3574 ita
1248 3520 1287 3591 -ι-
1316 3528 1371 3574 et
1402 3534 1500 3573 vos

549 3633 780 3690 consx
817 3603 1284 3690 conssisusrs.

100 3719 336 3776 sumen
356 3721 458 3777 diei
488 3724 684 3778 malitia
707 3740 822 3779 sua.

195 3790 294 3845 VI.
319 3791 510 3865 Nolite;
535 3795 798 3865 judicare,
831 3806 889 3850 ut
919 3811 1022 3850 non
1068 3792 1402 3865 judicemini.
1443 3794 1498 3850 In
1530 3795 1546 3826 ¹
1574 3807 1704 3862 quo-

101 3874 403 3934 quumque
429 3861 566 3915 enim
593 3863 796 3931 judicio
819 3861 1209 3932 judicaveritis,
1242 3868 1261 3897 ³
1287 3861 1651 3934 judicabimini
1685 3883 1698 3918 :

97 3942 165 3982 et
201 3931 262 3980 in
289 3943 391 3997 qua
422 3946 667 3985 mensura
694 3931 861 3986 menSi
885 3935 1113 3997 fueritis,
1145 3935 1166 3964 ³
1195 3931 1506 3989 remetiatur
1530 3937 1698 3988 vobis.

97 3999 265 4064 Quid
312 4008 488 4053 autem
519 4001 666 4055 vides
693 4003 948 4057 festucam
997 4006 1047 4057 in
1075 4005 1229 4058 oettlo
1278 4005 1454 4057 fratris
1493 4005 1566 4057 tui
1603 4023 1614 4056 :
1647 4015 1703 4058 et

97 4069 337 4141 trabem
361 4071 413 4123 in
445 4072 598 4126 oculo
646 4083 737 4126 tuo
781 4090 889 4127 non
911 4074 1094 4128 vides?
1116 4075 1222 4128 Aut
1259 4073 1524 4141 quomodo
1554 4073 1700 4128 dices

94 4140 278 4193 fratri
321 4149 450 4194 tuo:
513 4141 642 4196 Sine
684 4142 892 4211 eiiciam
946 4145 1200 4198 festucam
1249 4140 1316 4198 de
1367 4146 1520 4197 oculo
1571 4157 1699 4198 tuo:

93 4219 350 4283 ct_ecce
403 4211 568 4266 trabis
612 4214 774 4267 estin
827 4216 984 4268 oculo
1034 4215 1164 4267 tuo?
1220 4214 1525 4283 Hypocrita,
1569 4215 1704 4281 ejicc

91 4279 359 4348 primum
415 4283 614 4335 trabem
675 4283 741 4336 de
801 4287 956 4338 oculo
1009 4294 1133 4346 tuo,
1198 4279 1436 4337 et'tunc
1498 4279 1703 4338 videbis

89 4352 326 4418 ejicere
364 4350 615 4405 festucam
671 4355 738 4406 de
785 4357 941 4407 oculo
995 4355 1171 4404 fratris
1217 4354 1310 4404 tui.
1362 4352 1538 4403 Nolite
1575 4353 1703 4403 dare

86 4431 370 4473 Sanctum
408 4424 648 4485 canibus,
700 4438 868 4491 neque
909 4425 930 4452 ⁸
971 4421 1190 4491 mittatis
1227 4419 1536 4488 margaritas
1565 4434 1700 4491 _ves-

88 4502 226 4543 tras
267 4502 392 4544 ante
422 4506 648 4558 porcos:
703 4487 956 4544 ne’furte
994 4490 1306 4542 conculcent
1351 4487 1441 4542 eas
1480 4487 1700 4555 pedibus

83 4561 226 4623 suis
247 4603 264 4625 ,
304 4573 358 4613 et
389 4563 631 4614 conversi
656 4562 676 4591 "
701 4562 1005 4628 dirumpant
1025 4573 1139 4612 vos.
1172 4559 1341 4612 Petite
1361 4599 1375 4620 ,
1408 4566 1463 4612 et
1485 4559 1697 4611 dabitur

88 4631 329 4682 vobis:
367 4632 618 4699 qumrite,
657 4643 710 4685 ct
738 4631 1051 4684 invenietis:
1087 4629 1316 4697 pulsate,
1355 4638 1410 4682 et
1432 4628 1706 4699 aperietur

80 4700 302 4752 vobis.
330 4698 512 4753 Oinnis
540 4704 680 4754 cnim
706 4701 795 4770 qui
827 4704 977 4768 petit,
1007 4700 1198 4767 accipit
1223 4718 1234 4751 :
1271 4709 1327 4770 et
1353 4698 1442 4766 qui
1472 4701 1700 4770 quaerit,

83 4771 364 4839 invenit:
399 4779 452 4822 et
485 4767 1032 4839 pttlsanti'aperictur.
1067 4775 1171 4822 Aut
1194 4769 1314 4839 quis
1342 4777 1423 4822 cst
1450 4783 1518 4822 ex
1554 4767 1704 4822 vobis

81 4838 296 4909 homp
322 4837 342 4866 ⁸
367 4836 523 4906 quem
554 4843 596 4892 si
622 4836 1003 4909 petieritﬁlius
1028 4854 1155 4893 suus
1183 4836 1373 4907 panem
1395 4880 1411 4903 ,
1442 4839 1701 4907 numquid

77 4905 360 4975 lapidem
386 4905 633 4978 porriget
657 4912 750 4964 ei?
789 4913 890 4967 Aut
925 4912 969 4964 si
1007 4905 1206 4978 piscem
1237 4911 1400 4976 petit,
1447 4905 1700 4977 numquid

75 4983 434 5049 serpentem
463 4979 482 5007 "
509 4983 729 5049 porrigit
747 4981 797 5033 ei
822 4983 842 5033 ?
864 4981 920 5035 Si
950 4994 1079 5047 ergo
1109 4993 1207 5031 vos
1227 4992 1388 5046 quum
1412 4979 1529 5031 sitis
1554 4981 1700 5040 mali,

78 5045 304 5100 n0stis
344 5046 476 5099 bona
507 5050 528 5079 ⁸
557 5045 684 5102 dare
712 5051 832 5104 filiis
860 5045 1049 5104 vestris
1073 5065 1086 5100 :
1129 5045 1330 5117 quanto
1357 5051 1524 5117 magis
1552 5057 1702 5116 pater

72 5125 330 5179 vester,
361 5117 448 5183 qui
482 5117 536 5171 in
576 5120 742 5174 coelis
779 5133 881 5184 est,
925 5119 1072 5173 dabit
1115 5118 1251 5171 bona
1286 5118 1584 5183 petentibus
1621 5133 1697 5170 se.

66 5185 322 5240 Omnia
345 5198 471 5260 ergo
495 5202 860 5260 quaecumque
891 5190 1050 5243 vultis
1070 5191 1089 5220 ³
1118 5199 1174 5242 ut
1209 5187 1407 5243 faciant
1430 5189 1580 5242 vobis
1608 5189 1704 5242 lto-

68 5260 336 5318 mines,
369 5254 411 5283 ¹⁰
438 5265 491 5308 et
518 5272 613 5310 vos

2251 564 2482 624 CODEX
2522 566 2968 625 VERONENSIS.

1820 650 2031 729 Sufficit
2055 653 2162 711 diei
2646 666 2771 713 ante
2802 672 2994 729 porcos
3017 674 3031 711 :

1820 723 2020 778 malitia
2645 744 2715 783 ne
2743 723 2879 784 forte
2906 745 3042 786 con-

1819 807 1939 848 sua.
2644 799 2858 869 culcent
2880 814 2972 854 eas
2999 813 3091 869 pe-

2007 905 2232 963 ολιδυτ
2643 868 3040 994 Staseas

1893 996 1946 1050 1'.
1971 995 2161 1078 _Nolite
2185 997 2382 1066 judica-
2643 1018 2894 1076 rumpant
2923 1024 3037 1065 vos.

1819 1080 1899 1150 re,
1929 1075 2222 1150 utnonju-
2644 1077 2696 1130 7.
2753 1075 2941 1150 Petite,
2967 1092 3022 1134 et
3045 1079 3196 1135 dabi-

1820 1136 2092 1219 dicemini.
2204 1207 2216 1218 _
2643 1139 2894 1204 turvobis
2926 1136 2940 1203 ξ
2968 1165 3130 1219 quae—

1819 1207 1874 1287 ?"
1897 1205 1981 1289 ΡΙ,
2003 1207 2275 1289 (ιὶιοεηίπι
2645 1220 2769 1282 rite,
2797 1229 2852 1273 et
2882 1205 3028 1274 inve?

1815 1276 2020 1358 judécjo
2045 1277 2246 1358 ἱμάῥρει-
2645 1276 2800 1344 nietis
2824 1306 2836 1340 :
2864 1291 3040 1357 pulsa-
3070 1299 3072 1302 '

1821 1347 2026 1426 peritis,
2054 1347 2254 1426 judica-
2647 1369 2718 1420 le,
2745 1369 2797 1412 et
2816 1347 3084 1426 aperietur

1820 1418 1964 1470 bitur
1993 1416 2058 1470 de
2088 1417 2238 1472 vobis
2266 1435 2279 1471 :
2644 1416 2716 1482 8.’
2747 1416 2914 1482 vobis.
2939 1428 3126 1486 Omnis

1821 1495 1873 1540 et
1899 1486 1951 1539 iit
1982 1500 2084 1553 qua
2112 1501 2261 1568 men-
2645 1498 2787 1552 enim
2817 1500 2906 1568 qui
2935 1515 3025 1566 pe-

1819 1570 1942 1636 sura
1974 1557 2142 1636 mensi
2160 1554 2282 1636 fue-
2644 1568 2726 1629 tit,
2756 1554 2948 1636 accipit
2973 1589 2986 1623 :
3012 1581 3067 1626 et

1820 1627 1960 1706 ritis,
1987 1627 2242 1706 _metietur
2640 1627 2732 1705 qui
2760 1627 2987 1706 quaerit,
3003 1643 3144 1697 inve-

1819 1695 1890 1778 de
1920 1695 2086 1778 vobis.
2153 1772 2164 1778 Δ
2320 1767 2331 1778 ο
2640 1695 2719 1778 {iit
2743 1725 2756 1760 :
2778 1695 2835 1760 et
2857 1695 3090 1776 pulsanti

1819 1767 1875 1843 ξ).
1916 1766 2050 1843 Quid
2081 1772 2256 1820 autem
2283 1767 2365 1821 vi-
2639 1775 2694 1830 9.
2739 1766 3030 1843 aperietur.
3050 1780 3158 1834 Aut

1814 1839 1909 1914 _des
1940 1837 2197 1914 festucam
2368 1860 2372 1863 λ
2639 1846 2758 1914 quis
2775 1837 2841 1900 ex
2864 1848 3015 1903 vobis

1813 1910 1878 1985 in_
1897 1906 2052 1985 oculo
2079 1906 2182 1959 fra-
2640 1906 2805 1970 liomo
2823 1931 2851 1969 a
2872 1932 2977 1985 quo

1813 1980 1910 2058 tris_
1939 1977 2010 2029 tui
2031 1986 2129 2058 aet
2636 1993 2784 2052 petet
2810 1977 2953 2041 illius
2977 1989 3092 2058 ejus

1815 2048 2018 2124 trabem
2047 2048 2100 2099 in
2635 2048 2846 2124 panem,
2867 2048 3020 2112 num:

1811 2118 2089 2194 oculo_t_uo
2108 2188 2132 2194 _
2635 2118 2761 2192 quid
2794 2118 3024 2194 lapidem

1811 2196 1930 2261 non
1944 2187 2133 2241 vides?
2250 2255 2265 2261 _
2629 2187 2863 2261 porrigit
2881 2198 2927 2249 ei
2957 2198 2979 2250 ?

1811 2258 1866 2339 4‘.
1905 2258 2012 2339 .Aut
2035 2255 2304 2339 quomodo
2629 2255 2741 2339 Ἡ).Δ
2779 2255 2885 2318 Aut
2912 2267 2954 2321 si
2985 2267 3185 2339 piscem

1811 2328 1947 2381 dicis
1976 2325 2126 2408 fratri
2206 2395 2220 2408 .
2636 2335 2790 2400 petit,
2809 2325 3062 2407 numquid

1813 2408 1905 2472 tuo
1930 2415 1942 2450 :
1981 2395 2118 2472 _Sine
2171 2395 2249 2450 ei-
2637 2395 2954 2472 serpentem

1812 2468 1946 2545 ciam
1973 2466 2230 2545 festucam
2634 2466 2742 2528 H.-
2769 2477 2990 2545 porrigit
3016 2477 3108 2531 ei?
3148 2475 3206 2531 Si

1811 2537 1879 2591 de
1904 2537 2063 2613 oculo
2088 2547 2179 2613 tuo
2212 2554 2226 2589 :
2253 2546 2309 2591 et
2635 2537 2886 2613 ergo-vos
2916 2537 3039 2600 cum
3165 2563 3177 2574 δ

1813 2622 1941 2681 ecce
1965 2605 2133 2681 trabis
2275 2677 2291 2681 Α
2633 2605 2754 2668 sitis
2780 2616 2925 2681 mali,

1811 2679 1959 2731 estin
1984 2678 2138 2731 oculo
2170 2677 2294 2732 tuo?
2635 2685 2804 2738 nostis
2824 2677 2961 2739 bona
2990 2687 3084 2741 da—

1812 2748 1866 2801 5.
1919 2746 2203 2827 Hypocrita
2223 2789 2239 2816 ,
2263 2748 2339 2802 ei-
2637 2762 2688 2806 ta
2710 2754 2838 2827 dare
2869 2755 2996 2809 ﬁliis

1811 2831 1875 2871 ce
1896 2826 2124 2894 primum
2634 2826 2865 2879 vestris:
2894 2832 3094 2894 quanto

1813 2887 2019 2964 _trabem
2045 2886 2114 2940 de
2142 2901 2260 2940 ocu-
2637 2895 2807 2964 magis
2836 2886 2986 2962 paier
3009 2911 3104 2949 ve-

1812 2956 1866 3034 lo
1886 2965 2006 3034 _tu_o_,
2033 2966 2089 3034 et
2116 2967 2240 3012 tunc
2639 2956 2774 3029 ειεξιτ,
2801 2956 2890 3034 qui
2921 2966 2973 3019 in

1812 3027 2018 3100 videbis
2045 3027 2209 3100 festu-
2638 3027 2802 3089 caelis
2820 3027 2925 3100 est,
2956 3036 3051 3089 da-

1813 3111 1930 3175 cam
1951 3097 2028 3175 _dc
2050 3099 2207 3175 oculo
2635 3104 2714 3157 bit
2740 3105 2874 3158 bona
2901 3097 3092 3175 peten-

1815 3167 1993 3220 fratris
2016 3169 2112 3222 tui.
2635 3175 2775 3228 tibus
2801 3189 2878 3228 se.

1813 3238 1866 3291 6.
1917 3237 2247 3316 Noliteudare
2275 3253 2397 3294 san-
2634 3244 2721 3297 12.
2776 3243 2965 3299 Omnia
2994 3259 3123 3316 ergo
3149 3259 3308 3316 quae-

1815 3319 1957 3362 ctum
1986 3308 2228 3376 canibus,

1816 3393 1990 3448 neque
2012 3380 2220 3433 miseri-

1816 3448 1884 3502 tis
1911 3448 2167 3516 margari-

1819 3529 1897 3572 tas
1921 3527 2127 3572 vestras

2632 3328 2860 3382 cumque
2893 3316 3006 3369 vul-

2635 3385 2703 3436 tis
2730 3393 2788 3437 ut
2810 3383 3003 3439 faciant

2634 3455 2789 3526 _vobis
2820 3455 3062 3526 homines
3115 3456 3190 3526 (α)

2634 3522 2797 3589 bona,
2823 3526 2890 3579 ita
2940 3525 2980 3594 -ι-
3027 3536 3082 3580 et
3099 3522 3196 3582 vos

2265 3634 2494 3692 CODEX
2530 3637 2918 3694 BRIXIANUS.

1807 3727 2077 3796 cogitavit.
2108 3726 2319 3800 Suflicit
2352 3728 2495 3800 enim
2523 3728 2626 3800 diei
2653 3729 2851 3782 malitia
2883 3744 2999 3800 sua.
3033 3729 3205 3786 Nolite
3232 3731 3374 3800 judi-

1807 3813 1929 3869 care
1951 3808 2015 3869 ut
2045 3813 2148 3869 non
2186 3797 2535 3869 jurdicemini,
2557 3798 2616 3852 In
2645 3813 2752 3866 quo
2777 3800 2918 3853 enim
2941 3799 3143 3868 judicio
3170 3797 3374 3869 judica-

1807 3868 1992 3920 veritis
2010 3910 2022 3931 ,
2052 3867 2415 3936 judicabimini
2441 3880 2496 3922 et
2525 3868 2578 3923 in
2605 3883 2709 3937 qua
2737 3867 2986 3922 mensura
3013 3867 3183 3922 mensi
3207 3870 3370 3921 fueri-A

1805 3940 1893 3990 tis.
1936 3939 2245 3993 remetietur
2266 3939 2436 3991 vobis.
2477 3938 2614 4004 Quid
2647 3947 2824 3992 autem
2855 3939 3002 3992 vides
3029 3938 3285 3992 festucam
3315 3938 3370 3990 in

1805 4008 1960 4061 oculo
1991 4006 2167 4062 fratris
2193 4008 2285 4060 tui.
2343 4017 2395 4060 et
2435 4007 2486 4060 in
2529 4016 2620 4062 tuo
2649 4009 2805 4060 oculo
2836 4007 3034 4060 trabem
3064 4021 3170 4058 non
3198 4007 3366 4059 vides.

1804 4077 1911 4131 Aut
1936 4079 2200 4144 quomodo
2221 4077 2356 4130 dicis
2379 4076 2526 4130 fratri
2560 4088 2649 4130 tuo
2696 4077 2823 4130 Sine
2879 4075 3062 4128 eiciam
3112 4074 3372 4129 festucam

1805 4149 1871 4200 de
1907 4146 2062 4199 oculo
2089 4156 2197 4200 tuo.
2226 4156 2280 4200 et
2312 4160 2437 4199 ecce
2478 4148 2641 4200 trabis
2685 4147 2736 4197 in
2778 4145 2934 4197 oculo
2967 4155 3078 4196 tuo.
3113 4144 3368 4213 Ypocrita

1805 4216 1919 4269 eice
1959 4219 2184 4282 primum
2238 4216 2438 4268 trabem
2483 4216 2549 4268 de
2586 4214 2742 4267 oculo
2773 4224 2861 4266 tuo
2903 4223 2956 4282 et
2994 4225 3120 4268 tunc
3163 4216 3367 4269 videbis

1804 4281 1977 4336 eicere
2003 4285 2258 4337 festucam
2285 4285 2351 4336 de
2380 4285 2535 4336 oculo
2563 4282 2742 4338 fratris
2772 4282 2871 4335 tui.
2895 4281 3070 4337 Nolite
3093 4285 3222 4339 dare
3245 4300 3370 4340 sau-

1805 4361 1946 4405 ctum
1993 4354 2212 4406 canibus
2267 4367 2437 4418 neque
2491 4352 2742 4404 miseritis
2794 4355 3109 4421 margaritas
3157 4366 3366 4410 vestras

1804 4432 1927 4474 ante
1955 4435 2168 4489 porcos.
2204 4437 2268 4475 nc
2286 4421 2496 4489 quando
2517 4423 2944 4476 conculcenteas
2975 4424 3200 4491 pedibus
3229 4428 3362 4478 suis.

1805 4502 1858 4545 et
1889 4492 2132 4546 conversi
2169 4491 2476 4560 diruinpant
2512 4505 2627 4544 vos.
2659 4492 2832 4545 Petite
2869 4501 2922 4545 et
2961 4494 3173 4547 dabitur
3217 4497 3369 4547 vobis

1807 4562 2044 4628 quaerite
2082 4572 2137 4615 et
2173 4562 2470 4616 invenietis.
2531 4561 2757 4630 pulsate.
2794 4571 2849 4616 et
2889 4565 3158 4630 aperietur
3198 4566 3366 4617 vobis.

1807 4632 1988 4684 Omnis
2015 4631 2156 4692 enim
2185 4635 2270 4701 qui
2302 4632 2430 4697 petit
2461 4631 2651 4700 accipit
2678 4640 2730 4684 et
2755 4633 2843 4700 qui
2871 4634 3075 4700 quaerit
3115 4635 3368 4686 inveniet.

1805 4711 1860 4754 et
1902 4701 2132 4768 pulsanti
2169 4703 2452 4770 aperietur.
2489 4705 2594 4754 Aut
2630 4701 2746 4769 quis
2783 4711 2864 4754 est
2903 4717 2968 4754 ex
3006 4702 3153 4753 vobis
3187 4704 3364 4754 homo.

1806 4786 1963 4840 quem
1985 4773 2028 4825 si
2062 4773 2272 4839 petierit
2302 4771 2440 4824 ﬁlius
2475 4772 2588 4838 ejus
2619 4785 2827 4838 panem.
2857 4770 3108 4837 numquid
3137 4770 3365 4837 lapidem

1807 4842 2030 4908 porrigit
2055 4842 2124 4895 ei.
2157 4841 2262 4895 Aut
2296 4841 2340 4894 si
2375 4843 2574 4908 piscem
2609 4841 2753 4908 petit.
2790 4841 3040 4904 numquid
3065 4850 3367 4906 serpentem

1807 4911 2028 4980 porrigit
2067 4912 2134 4964 ei.
2164 4912 2219 4964 Si
2250 4925 2378 4978 ergo
2416 4926 2509 4962 vus
2551 4925 2669 4962 cum
2713 4910 2829 4962 sitis
2859 4908 2981 4980 mali
3021 4913 3190 4962 nostis
3231 4909 3367 4962 bona

1811 4977 1934 5033 data
1966 4977 2106 5034 dare
2147 4979 2267 5034 filiis
2312 4977 2520 5032 vestris.
2553 4986 2751 5045 quanto
2797 4977 2965 5047 magis
2998 4989 3147 5047 pater
3193 4989 3370 5034 vester

1808 5052 1894 5118 qui
1923 5051 1971 5100 in
2003 5052 2166 5103 caelis
2191 5048 2435 5102 estdabit
2452 5047 2586 5100 bona
2611 5046 2911 5118 petentibus
2934 5046 3012 5100 se.

1875 5121 2061 5172 Omnia
2082 5132 2226 5186 ergo.
2253 5131 2584 5186 quacumque
2602 5115 2762 5170 vultis
2789 5125 2845 5171 ut
2865 5116 3062 5173 faciant
3086 5118 3234 5176 vobis
3264 5117 3362 5171 ho-

1875 5132 2061 5172 umma
2082 5132 2226 5186 ergo.
2292 5132 2500 5182 uacumc

1805 5189 1976 5242 mines
1997 5186 2098 5259 _(a).
2127 5189 2207 5240 sic
2245 5132 2288 5255 ’ἓ
2337 5195 2500 5240 etvos

819 5350 1200 5407 VARIANTES
1236 5347 1618 5406 LECTIONES
1656 5345 1914 5404 CODICIS
1952 5346 2062 5401 MS‘.
2098 5342 2160 5400 8.
2198 5341 2697 5401 GERMANENSIS.

144 5450 340 5502 “qu?

146 5509 176 5538 3
215 5496 534 5565 j'udtcabltnr
554 5496 618 5548 de
640 5499 777 5555 vobis
799 5515 811 5547 :

92 5563 514 5611 rt'eadem‘

142 5627 175 5656 δ
220 5621 480 5672 miseritis

137 5687 549 5744 ὀυ-τωρωι

1864 5437 1885 5468 ⁶
1918 5450 1946 5485 a
1968 5448 2066 5498 quo
2082 5436 2210 5498 petit
2229 5431 2356 5482 ﬁlius
2375 5432 2481 5492 ejus
2498 5445 2669 5494 panem

1858 5498 1883 5590 ι
1915 5499 2172 5609 me.

1857 5619 2038 5728 Ῑο¹ἶ⁰ιὲ³

1434 5760 1791 5817 BLANCHINI
1835 5759 2059 5817 NOTE.

155 5853 276 5925 (α)
355 5852 571 5919 Addunt
600 5853 732 5909 bona
755 5868 772 5908 .'
794 5862 848 5910 et
877 5854 947 5908 ita
986 5853 1285 5924 Cyprianus
1321 5856 1388 5909 de
1418 5856 1564 5910 Orat.
1594 5853 1804 5917 Domin.
1832 5854 2030 5908 Ibidem
2051 5850 2279 5917 additur,
2304 5851 2395 5913 ita,
2415 5849 2560 5913 juxta
2579 5857 2780 5904 textum
2805 5846 3044 5903 Graecum
3061 5847 3223 5905 οὔπω.
