3900 6368
510 440 607 495 179

896 546 1119 601 CODle
1166 545 1691 601 VERCELLENSIS.

515 641 673 695 facile
695 640 818 693 illis.
838 639 977 692 Haec
1331 639 1428 691 bor
1460 638 1596 690 bona
1626 653 1728 690 ma-

515 721 599 764 est
627 711 768 764 enim
801 710 922 774 lex,
941 718 993 765 et
1333 706 1413 760 los
1442 705 1644 760 fructus
1667 708 1741 759 fa-

516 780 834 848 Prophetae.
1332 790 1455 848 cere
1488 795 1499 829 ;
1533 792 1701 848 neque
1730 792 1813 831 ar-

518 851 603 903 15.
627 845 840 902 Ἰηιηιε
867 862 962 916 per
990 861 1084 901 an-
1334 845 1433 900 bor
1461 846 1596 916 mala
1626 848 1717 899 bo-

516 928 720 989 gustam
752 914 881 986 por-—
994 986 1003 989 _
1041 987 1050 989 _
1339 928 1440 989 nos
1467 914 1669 989 fruetus

514 983 621 1042 fam
648 1005 661 1040 :
695 983 771 1057 (α)
799 1001 953 1055 quam
978 986 1018 1056 -ι-
1040 987 1117 1041 la-
1341 984 1428 1057 l9_.
1486 983 1657 1038 facere
1690 1002 1702 1037 :
1733 983 1916 1039 Omnis

519 1068 567 1109 ta
591 1099 605 1122 ,
634 1065 688 1111 et
706 1053 965 1126 spatiosa
993 1053 1004 1056 ’
1333 1053 1667 1126 arbor,‘quae
1691 1069 1796 1108 non

516 1138 598 1182 est
627 1128 707 1180 via
724 1122 908 1196 [quae
1331 1123 1464 1196 facit
1491 1122 1718 1196 fructum

517 1197 665 1250 ducit
688 1197 752 1249 ad
783 1193 901 1264 per-
1330 1195 1526 1264 bonum
1539 1234 1553 1258 ,
1585 1193 1724 1264 exci-

517 1262 795 1329 ditionem,
826 1275 881 1319 et
1333 1263 1499 1325 ditur,
1522 1272 1575 1315 et
1605 1263 1655 1315 in
1687 1262 1764 1331 ig—

1287 1339 1291 1343 ’
1335 1347 1456 1387 nem
1486 1334 1743 1385 mittetur.

1334 1401 1426 1476 2i).
1473 1400 1632 1470 Igitur
1653 1417 1717 1455 ex
1741 1401 1880 1476 fruc-

1341 1472 1481 1525 tibus
1510 1486 1695 1525 eorum

517 1337 667 1389 multi
693 1344 817 1388 sunt

518 1406 609 1474 qui
634 1405 835 1459 intrant

519 1476 982 1541 peril.....

519 1544 605 1597 M.
656 1558 824 1613 angus
866 1583 880 1598 .
924 1580 937 1595 .
981 1581 995 1596 .
1040 1582 1054 1597 .
1104 1580 1117 1595 .

516 1622 568 1666 ta
596 1626 674 1667 est
697 1615 951 1682 via,quae

517 1682 660 1737 ducit
686 1682 748 1735 ad
772 1683 929 1737 vitam
964 1702 978 1737 :

519 1760 574 1807 et
599 1753 747 1817 pauci
775 1763 924 1817 sunt,

515 1826 605 1891 qui
633 1822 909 1876 inveniunt

517 1908 635 1947 eam
663 1896 676 1945 l
932 1924 935 1927 ‹

522 1962 605 2015 15.
656 1960 937 2015 Adtendite
964 1974 993 2013 a
1024 1958 1120 2013 fal-

521 2032 611 2109 sis'
627 2030 923 2109 prophetis,
988 2036 991 2039 '

522 2116 612 2167 qui
648 2110 866 2153 veniunt

523 2169 589 2222 ad
622 2185 715 2223 vos
745 2170 796 2223 in
826 2185 945 2225 ves-

524 2240 620 2292 titu
646 2240 844 2303 ovium,

523 2309 591 2361 ab
620 2310 758 2364 intus
783 2317 959 2364 autem

521 2386 648 2432 sunt
674 2380 780 2448 lupi
804 2394 956 2449 rapa-

527 2449 611 2501 16.
665 2463 755 2503 ces
785 2466 797 2500 :
825 2464 852 2501 a
880 2449 1137 2505 fructibus

522 2532 708 2571 eorum
736 2531 961 2587 cognos-

526 2588 659 2641 cetis
686 2600 800 2641 eos.

530 2657 792 2725 Numquid
821 2654 969 2714 colli-

532 2736 661 2799 gunt
688 2726 754 2780 de
775 2728 943 2799 spinis

534 2798 680 2862 uvas,
711 2807 802 2850 aut
829 2798 896 2851 de
924 2800 1091 2853 tribo-

538 2870 625 2923 17.
673 2867 736 2919 lis
768 2867 939 2920 ficus?
978 2867 1068 2925 Sic
1095 2882 1209 2923 om-

542 2941 624 2994 nis
652 2937 810 2992 arbor
835 2938 926 2992 bo-

544 3026 610 3064 na
644 3006 811 3062 bonos
834 3009 977 3064 fruc-

537 3123 550 3136 .
596 3096 657 3135 us
680 3081 804 3135 facit
833 3098 845 3132 :
876 3079 1013 3134 mala

532 3192 545 3204 .
600 3161 739 3204 utem
766 3152 922 3204 arbor

528 3261 543 3273 .
597 3232 778 3275 ruetus
799 3220 967 3274 malos

522 3290 669 3345 facit.
1354 3289 1606 3356 operarii.
1642 3328 1655 3342 .
1709 3327 1723 3341 .
1764 3284 1890 3356 iqui-

524 3363 614 3415 18.
656 3360 767 3417 Non
796 3368 971 3429 potest
1000 3373 1088 3413 ar-
1342 3360 1463 3411 tatis

944 3449 1177 3503 CODEX
1207 3448 1662 3503 CORBEIENSIS.

526 3542 681 3597 facite
730 3542 849 3594 illis.
888 3540 1024 3594 llaec
1077 3550 1157 3594 est
1194 3540 1335 3603 enim
1384 3540 1502 3605 lex,
1534 3549 1586 3592 et
1631 3538 1940 3605 PrOphetae.
2003 3538 2084 3592 ln-

528 3621 758 3679 trateper
786 3621 1057 3679 angustum
1084 3618 1289 3677 portam
1318 3628 1330 3665 :
1364 3611 1485 3678 quia
1519 3611 1619 3662 lata
1660 3618 1804 3678 porta
1826 3648 1841 3672 ,
1878 3616 1931 3659 et
1966 3623 2085 3676 spa-

530 3683 662 3733 tiosa
697 3683 710 3710 ¹
752 3684 862 3741 via,
918 3696 1050 3747 quae
1098 3680 1241 3733 ducit
1293 3681 1356 3732 ad
1412 3679 1781 3748 perditiOuetn,
1836 3685 1890 3729 et
1935 3679 2084 3730 multi

527 3760 647 3805 sunt
681 3752 765 3817 qui
801 3750 995 3802 intrant
1045 3765 1135 3815 per
1187 3765 1325 3801 enm.
1358 3751 1525 3814 Quam
1580 3757 1796 3815 angusta
1840 3748 1859 3777 '
1897 3757 2043 3813 porta
2067 3786 2080 3807 ,

524 3834 577 3875 et
630 3832 773 3874 arcta
825 3824 927 3883 via,
958 3834 1093 3886 quae
1134 3818 1301 3871 ducit-
1330 3820 1395 3870 ad
1442 3820 1717 3886 vitamtet
1750 3816 1894 3882 pauci
1926 3825 2079 3886 sunt,

526 3895 613 3959 qui
652 3889 926 3959 inveniunt
968 3884 1111 3941 eam!
1139 3886 1413 3959 Attendite
1441 3885 1459 3914 ³
1503 3900 1531 3959 a
1600 3884 1743 3959 falsis
1788 3884 2080 3959 prophetis,

527 3952 615 4028 qui
646 3954 860 4013 veniunt
892 3960 955 4011 ad
982 3974 1071 4010 vos
1106 3960 1158 4009 in
1182 3958 1201 3986 ⁸
1226 3957 1556 4009 vestimentis
1581 3955 1779 4028 ovium,
1834 3952 2087 4005 inti-inse-

527 4024 621 4083 cus
670 4040 844 4083 autem
901 4037 1024 4081 sunt
1064 4028 1167 4094 lupi
1222 4041 1438 4094 rapaces
1484 4043 1495 4077 :
1538 4038 1568 4076 a
1610 4024 1863 4094 fructibus
1902 4038 2087 4075 eorum

532 4101 858 4167 cognoscetis
881 4114 993 4152 eos.
1018 4093 1569 4167 Nntnquid’colligtmt
1610 4094 1675 4167 de
1715 4093 1881 4167 Spi‘nis
1925 4107 2085 4167 uvas,

532 4162 623 4219 aut
661 4168 727 4220 de
762 4170 964 4221 tribulis
1002 4169 1131 4220 licus
1152 4162 1186 4219 ’3⁷
1213 4169 1299 4220 Sic
1349 4162 1740 4219 ortit‘iis’arbor
1789 4164 1923 4215 bona
1981 4162 2087 4214 fru-

532 4246 647 4288 ctus
698 4237 861 4289 bonos
909 4239 1032 4290 facit
1071 4256 1082 4290 :
1117 4238 1250 4289 mala
1297 4246 1472 4291 autem
1506 4236 1661 4289 arbor
1686 4234 1704 4264 ⁸
1732 4234 1931 4287 fructus
1974 4247 2087 4285 nia-

539 4306 617 4358 los
645 4303 786 4357 facit.
805 4306 917 4358 Non
936 4315 1106 4372 potest
1126 4309 1285 4360 arbor
1308 4309 1442 4362 bona
1468 4306 1670 4359 fructus
1692 4304 1857 4357 malos
1873 4302 2082 4357 facere:

535 4389 706 4443 neque
746 4374 905 4425 arbor
937 4376 1073 4425 mala
1114 4376 1313 4428 fructus
1344 4378 1512 4429 bonos
1543 4377 1716 4429 facere
1750 4391 1761 4426 ;
1791 4373 1976 4427 Omnis
2001 4388 2085 4425 ar-

535 4442 654 4509 bor,
686 4456 822 4511 quae
849 4456 949 4494 non
975 4442 1096 4511 facit
1118 4443 1341 4495 lructum
1368 4446 1558 4495 bonum
1578 4482 1592 4507 ,
1622 4444 1892 4495 excidetur
1915 4450 2006 4507 ,κει
2037 4445 2087 4495 in

535 4510 714 4583 ignem
729 4514 746 4542 ⁷
780 4510 1120 4583 ιιιὶιιίιυινηΕιι
1143 4512 1394 4583 fructibus
1414 4527 1596 4583 eorum
1619 4510 1952 4583 cognoscetis
1973 4525 2085 4562 eos.

530 4578 645 4637 Non
675 4581 863 4645 omnis,
891 4582 976 4649 qui
1004 4579 1132 4633 dicit
1158 4578 1307 4645 milii,
1342 4580 1583 4643 Domine,
1618 4579 1853 4649 Domine,
1884 4578 1903 4609 '
1928 4578 2089 4631 intra-

536 4655 611 4707 bit
647 4654 697 4707 in
728 4648 947 4723 regnum
975 4650 1241 4723 caelorum
1269 4666 1281 4700 :
1315 4648 1407 4703 sed
1428 4653 1446 4682 θ
1470 4650 1557 4723 qui
1603 4648 1723 4723 facit
1763 4649 2088 4723 voluntatem

536 4723 704 4777 Patris
746 4717 876 4786 inci,
911 4722 999 4791 qui
1030 4720 1087 4791 in
1109 4720 1272 4791 coelis
1300 4728 1383 4772 est
1405 4760 1419 4784 ,
1468 4719 1646 4791 Wipse
1677 4718 1895 4791 intrabit
1922 4717 2090 4791 in_re-

534 4807 690 4858 gnutn
724 4786 1011 4846 eucluru'm.
1044 4790 1189 4843 Multi
1221 4790 1401 4843 dicent
1445 4786 1570 4841 mihi
1618 4787 1671 4840 in
1704 4788 1790 4839 illa
1828 4788 1951 4839 die:
1984 4788 2088 4841 D0-

538 4862 702 4923 mine,
764 4864 1016 4927 Domine,
1071 4878 1174 4913 non
1230 4876 1295 4913 ne
1346 4860 1397 4913 iu
1441 4858 1655 4912 nomine
1711 4867 1801 4910 tuo
1857 4858 2085 4925 prophe-

541 4929 785 4992 lavimus,
831 4944 881 4982 et
914 4932 964 4982 in
1013 4931 1225 4985 nomine
1271 4942 1360 4983 tuo
1408 4928 1681 4983 daemOnia
1726 4928 2006 4995 ejecitnus,
2036 4937 2088 4982 et

544 5000 595 5050 in
653 5006 743 5049 tuo
802 5003 1014 5050 nomine
1057 5001 1281 5053 virtutes
1316 5002 1507 5053 multas
1564 4998 1820 5053 fecimus?
1855 4997 1920 5050 Et
1965 5008 2089 5053 tunc

541 5069 579 5099 “
613 5067 905 5138 conlitebor
956 5068 1060 5138 illis
1093 5084 1106 5118 :
1136 5072 1267 5132 Quia
1322 5085 1603 5138 numquam
1658 5071 1777 5122 novi
1810 5082 1900 5122 vos
1933 5086 1945 5121 :
1975 5069 2085 5123 dis-

528 5137 703 5193 cedite
728 5152 755 5188 a
784 5151 868 5191 me
896 5135 986 5204 qui
1012 5139 1305 5204 Operamini
1330 5135 1681 5205 iniquitatem.

1339 1542 1672 1608 cognoscetis

1337 1611 1427 1663 21.
1473 1624 1583 1664 eos.
1617 1609 1731 1664 Non
1762 1625 1869 1663 om-

1341 1681 1551 1749 nis,qui
1578 1680 1709 1734 dicit

1332 1750 1497 1811 mihi,
1530 1750 1750 1804 Domine
1774 1789 1789 1816 ,
1825 1749 2082 1814 Domine,

1340 1818 1558 1871 intrabit
1587 1820 1638 1871 in
1666 1834 1785 1888 rcg-

1332 1902 1457 1941 num
1484 1889 1753 1942 caelorum
1784 1906 1797 1941 :

1333 1958 1424 2011 sed
1458 1957 1544 2025 qui
1574 1956 1699 2011 facit

1334 2027 1575 2081 voluntat
1618 2066 1632 2079 .
1686 2068 1698 2079 .
1756 2067 1769 2079 .
1833 2067 1845 2079 .

1335 2095 1542 2150 Patri.
1602 2137 1615 2150 .
1679 2134 1692 2149 .
1756 2136 1769 2149 .

1338 2168 1389 2220 in
1414 2165 1580 2220 caelis
1602 2173 1704 2232 est,
1735 2168 1814 2236 ip-

1337 2251 1401 2291 se
1428 2236 1642 2290 intravit
1671 2237 1721 2289 in

1340 2319 1505 2375 regno
1534 2305 1709 2375 caelo-

1342 2374 1432 2429 2‘2’.
1481 2390 1620 2428 rum.
1652 2374 1785 2431 Mul-

1344 2447 1387 2515 ti
1414 2444 1591 2515 dicent
1612 2443 1740 2498 mihi
1863 2511 1867 2515 _

1345 2514 1399 2567 in
1432 2515 1516 2566 illa
1542 2513 1666 2568 die:
1703 2513 1942 2577 Domine,

1347 2584 1589 2647 Domine,
1621 2597 1724 2637 non
1754 2599 1820 2638 ne
1850 2583 1902 2637 in

1349 2654 1565 2707 nomine
1593 2662 1681 2705 tuo

1350 2724 1689 2793 prophetavi—
1728 2782 1729 2785 η

1352 2792 1470 2848 mus
1492 2834 1505 2856 ,
1529 2802 1582 2847 et
1602 2792 1655 2846 in
1678 2807 1776 2847 no-

1352 2864 1495 2918 mine
1523 2874 1613 2917 tuo
1638 2865 1760 2919 dae-

1354 2939 1529 2992 monia
1559 2936 1722 3001 ejeci-

1352 3009 1442 3062 25.
1473 3008 1627 3059 mus?
1658 3006 1722 3059 Et
1742 3015 1866 3059 tunc
1890 3002 1969 3057 di-

1362 3092 1478 3133 cam
1503 3078 1608 3132 illis
1636 3094 1649 3129 :
1678 3076 1809 3140 Quia

1360 3165 1465 3201 non
1495 3147 1616 3201 novi
1648 3161 1742 3200 vos
1770 3164 1781 3197 :

1358 3218 1619 3272 discedite
1642 3232 1671 3269 a
1702 3230 1785 3271 me

1038 434 1302 493 EUSEBII
1340 432 1672 491 VERCELL.
1719 433 2151 490 ICVANGELIUM
2192 436 2329 491 CUM
2360 434 2587 491 VARllS
2618 434 2767 491 COD.
2801 431 3185 491 COLLATUM.

3646 431 3788 502 «so

2596 540 2819 603 CODEX
2860 544 3303 603 VERONENSIS.

2995 640 3160 693 malos
3189 637 3388 692 fructos

2994 711 3167 763 facere
3185 750 3199 771 ,
3229 723 3401 776 neque
3426 707 3594 762 arbor

2993 778 3128 831 mala
3173 778 3338 830 bonos
3358 776 3562 832 fructos

2994 849 3078 903 19.
3114 847 3287 901 facere
3316 862 3327 898 :
3353 846 3540 900 Omnis

2999 934 3123 987 ergo
3152 917 3331 987 arbor.

2997 986 3131 1056 quae
3162 1002 3266 1056 non
3298 986 3422 1040 facit

2999 1055 3224 1110 fructum
3258 1055 3453 1110 bonum
3480 1096 3495 1122 ,

3001 1124 3295 1186 excidelur,
3321 1135 3375 1195 et

2996 1197 3045 1248 in
3072 1198 3244 1264 ignem
3269 1196 3389 1264 mit-

2993 1265 3081 1319 20.
3098 1263 3104 1264 ⁷
3119 1271 3275 1318 tetur.
3309 1263 3489 1334 Itaque

2997 1350 3063 1389 ex
3090 1334 3351 1389 fructibus

2999 1420 3183 1458 eorum
3214 1403 3553 1472 cognoscetis
3578 1418 3697 1459 eos.

3000 1473 3089 1526 21.
3119 1474 3231 1528 Νοη
3254 1474 3426 1527 omnis
3448 1514 3462 1537 ,

3002 1548 3088 1610 qui
3114 1544 3240 1597 dicit
3267 1543 3393 1596 mihi

3003 1612 3225 1666 Domine
3247 1654 3260 1677 ,
3292 1613 3537 1679 Domine,

3006 1682 3223 1736 intrabit
3252 1684 3301 1735 in
3334 1699 3419 1737 re-

2996 1765 3153 1821 gnum
3186 1754 3456 1807 caelorum
3488 1769 3503 1807 :

3002 1821 3095 1875 sed
3122 1821 3205 1875 his
3225 1823 3359 1889 ,‘qui

3002 1890 3126 1945 facit
3150 1882 3472 1946 voluntatem

3005 1960 3176 2014 Patris
3206 1962 3309 2015 mei
3332 2001 3347 2026 ,

3000 2031 3091 2097 qui
3122 2031 3174 2083 in
3205 2033 3368 2085 caelis
3394 2040 3497 2095 est,

3008 2098 3122 2167 ipse
3149 2100 3368 2152 intrabit
3392 2102 3442 2153 in

3004 2182 3221 2235 regnum
3246 2168 3542 2223 caelorum.

3005 2235 3095 2290 22.
3125 2236 3270 2291 Multi
3305 2239 3436 2293 mihi

3008 2307 3188 2362 dicent
3215 2308 3267 2359 itt
3292 2306 3381 2361 illa
3446 2308 3449 2309 ⁷

3009 2376 3095 2431 die
3128 2394 3141 2430 :
3169 2377 3390 2431 Domine
3407 2419 3424 2445 ,

3012 2447 3236 2501 Domine
3255 2486 3273 2513 ,
3304 2464 3411 2504 non
3443 2462 3512 2504 ne

2996 2520 3062 2570 'in
3085 2518 3298 2573 nomine
3322 2527 3411 2572 tuo

3012 2585 3482 2668 prophetavimus._
3502 2598 3558 2642 et

3011 2656 3063 2710 in
3096 2656 3307 2709 nomine
3336 2666 3427 2711 tuo
3452 2656 3581 2711 dae-

3013 2723 3187 2779 monia
3217 2726 3497 2794 eiecimus,

3014 2806 3069 2850 et
3097 2796 3146 2847 in
3176 2803 3264 2849 tuo
3291 2796 3507 2850 nomine

2175 639 2329 691 facite
2356 638 2478 691 illis.

2177 708 2320 761 Haec
2340 717 2427 769 est
2451 709 2589 762 enim

2178 777 2283 839 lex,
2311 786 2365 830 et
2395 777 2524 830 Pro-

2177 848 2392 915 pltetae.

2180 917 2266 971 15.
2307 916 2504 971 Intrate
2535 930 2628 980 per
2653 931 2746 969 an-

2179 995 2387 1054 gustam
2421 1002 2543 1052 por-

2182 1066 2286 1108 tam
2322 1071 2333 1106 :
2363 1055 2440 1123 (a)
2468 1069 2624 1123 quam
2677 1054 2718 1125 -ι-
2764 1056 2831 1110 la—

2184 1132 2233 1177 ta
2253 1165 2267 1188 ,
2300 1133 2354 1203 et
2382 1125 2616 1194 spatiosa

2182 1204 2261 1247 est
2287 1208 2367 1246 vna
2386 1234 2401 1258 ,
2433 1210 2571 1263 quae

2182 1264 2320 1333 ducit
2356 1264 2421 1317 ad
2456 1280 2575 1333 per-

2182 1332 2434 1386 ditionem
2458 1332 2471 1397 ,
2501 1343 2553 1389 et

2184 1401 2339 1455 multi
2365 1412 2488 1456 sunt

2183 1473 2273 1539 qui
2297 1472 2496 1526 intrant

2190 1540 2276 1594 l4.
2312 1557 2556 1608 peream.
2586 1540 2752 1608 Quam

2185 1622 2403 1679 angusta
2436 1621 2585 1677 porta
2607 1653 2622 1677 ,

2184 1689 2239 1734 et
2265 1690 2407 1733 arcta
2436 1689 2517 1733 est
2546 1682 2628 1733 via
2653 1722 2667 1746 ,

2185 1764 2319 1818 quae
2341 1749 2485 1803 ducit
2507 1749 2572 1803 ad

2187 1821 2353 1872 vitam
2385 1837 2397 1871 :
2425 1829 2478 1873 et
2500 1819 2650 1888 pauci

2187 1898 2341 1953 sunt,
2367 1890 2455 1958 qui
2485 1892 2630 1944 inve-

2188 1960 2341 2012 niunt
2370 1974 2487 2012 eam
2510 1960 2523 2011 Ξ

2189 2029 2277 2082 15.
2305 2028 2573 2083 Attendite
2612 2030 2766 2085 vobis

2191 2113 2217 2150 a
2249 2095 2397 2150 falsis
2428 2098 2659 2165 pr0plie-

2192 2167 2289 2229 tis,
2322 2168 2410 2235 qui
2439 2167 2657 2223 veniunt

2189 2237 2254 2289 ad
2279 2251 2377 2290 vos
2406 2236 2457 2289 in
2487 2252 2580 2290 ve-

2189 2308 2319 2362 stitu
2346 2306 2557 2373 ovium,

2196 2378 2337 2430 intus
2366 2385 2540 2430 autem

2193 2456 2319 2500 suot
2349 2446 2454 2513 lttpi
2480 2460 2633 2513 rapa.

2198 2517 2284 2570 16.
2314 2529 2445 2568 ees:
2478 2531 2504 2567 a
2536 2517 2797 2572 lruetibtts

2194 2599 2379 2639 eorum
2409 2599 2603 2654 cogno.

2196 2655 2358 2709 scetis
2386 2668 2497 2707 eos.

2197 2726 2332 2780 Num
2364 2726 2623 2796 colligunt

2200 2796 2268 2850 de
2293 2796 2463 2866 spinis
2487 2813 2614 2851 uvas
2633 2839 2648 2864 ,

2203 2877 2294 2921 aut
2329 2865 2395 2919 de
2424 2868 2628 2922 tribolis
2671 2865 2837 2920 ficus?

2206 2939 2291 2991 17.
2318 2938 2407 2991 Sic
2444 2938 2617 2991 omnis
2646 2936 2804 2989 arbor

2203 3009 2341 3061 bona
2373 3009 2539 3061 bonos
2571 3005 2680 3059 fru-

2200 3089 2316 3131 ctos
2345 3077 2469 3132 facit
2497 3094 2509 3129 :
2540 3077 2679 3129 mala

2201 3158 2375 3201 autem
2399 3149 2559 3201 arbor

2202 3219 2371 3271 malos
2394 3220 2589 3272 fructos
2910 3240 2917 3243 ν
3014 3233 3042 3270 a
3074 3233 3155 3270 me
3185 3232 3370 3271 omnes

2209 3289 2289 3343 l8.
2323 3288 2464 3343 facit.
2498 3290 2609 3343 Non
2641 3303 2733 3358 po-
3014 3287 3103 3355 qui
3131 3288 3423 3353 operamini

2204 3367 2308 3413 test
2337 3360 2496 3413 arbor
2527 3359 2662 3413 bona
3014 3358 3369 3425 iniquitatem.

2643 3446 2869 3502 CODEX
2914 3445 3295 3501 BRIXIANUS.

2190 3537 2345 3591 facile
2377 3537 2499 3591 illis.
2530 3536 2697 3589 Haec
2729 3545 2809 3589 est
2838 3535 2977 3587 enim
3008 3534 3088 3586 lex
3120 3542 3171 3584 et
3200 3532 3516 3599 Prophetae.
3562 3532 3760 3588 Intrate

2190 3624 2285 3675 per
2303 3617 2573 3675 angustam
2604 3616 2830 3674 portam.
2858 3605 2974 3670 quia
3009 3605 3107 3653 lata
3139 3612 3309 3675 porta.
3342 3603 3643 3675 ctspa‘tiosa
3680 3606 3759 3657 \‘ia

2189 3672 2323 3744 quae
2353 3672 2495 3729 ducit
2523 3672 2979 3744 adiperditionetn
3011 3681 3061 3724 et
3095 3672 3242 3723 inulti
3276 3683 3399 3744 sunt
3425 3672 3512 3741 qni
3560 3674 3761 3726 intrant

2193 3734 2285 3813 per
2328 3761 2463 3797 eam.
2496 3734 2662 3808 Quam
2694 3752 2909 3809 angusta
2945 3751 3091 3809 porta
3120 3751 3171 3793 et
3194 3752 3308 3813 orta
3336 3743 3415 3794 via
3444 3734 3587 3811 quae
3612 3744 3758 3794 dnr-it

2192 3812 2256 3866 ad
2285 3816 2445 3865 vitam
2484 3826 2534 3865 et
2569 3813 2718 3879 pauci
2748 3821 2871 3864 sunt
2914 3814 2999 3877 qui
3031 3812 3303 3865 inveniunt
3332 3828 3472 3866 eam.

2265 3884 2552 3936 Adtendite
2596 3892 2770 3937 autem
2812 3898 2839 3934 a
2884 3881 3027 3934 falsis
3070 3883 3359 3949 preplietis.
3407 3884 3496 3950 qui
3535 3887 3760 3937 veniunt

2187 3955 2253 4007 ad
2285 3968 2377 4005 vos
2401 3956 2452 4006 in
2488 3955 2674 4006 vestitu
2703 3957 2901 4005 ovium.
2936 3954 3258 4005 intrinsecus
3287 3960 3462 4004 autem
3490 3964 3620 4006 sunt
3649 3956 3757 4023 lupi

2188 4038 2429 4091 rapaces.
2482 4039 2508 4075 a
2541 4023 2797 4075 fructibus
2820 4036 3001 4073 eorum
3034 4023 3368 4091 cognoscetis
3389 4036 3504 4075 eos.

2261 4093 2524 4161 Numquid
2573 4092 2829 4158 colligunt
2863 4091 2935 4161 de
2965 4090 3128 4157 spinis
3163 4105 3290 4142 uvas
3329 4099 3417 4142 aut
3448 4091 3516 4144 de
3548 4094 3757 4148 tribolis

2191 4164 2341 4217 ficus.
2372 4160 2459 4216 Sic
2480 4163 2652 4216 omnis
2675 4162 2833 4213 arbor
2861 4160 2993 4211 bona
3018 4161 3219 4212 fructus
3243 4161 3408 4211 honos
3439 4164 3582 4212 facit.
3618 4167 3754 4216 mala

2188 4242 2365 4288 autem
2397 4235 2557 4285 arbor
2586 4232 2786 4285 fructus
2828 4231 2995 4283 malos
3042 4230 3183 4283 facit.
3224 4229 3335 4282 Non
3380 4239 3559 4298 potest
3598 4236 3758 4287 arbor

2190 4306 2325 4358 bona
2359 4304 2561 4357 fructus
2596 4304 2762 4355 malos
2785 4300 2958 4355 facere
2982 4315 3153 4369 neque
3184 4301 3344 4353 arbor
3380 4304 3515 4352 mala
3547 4300 3751 4356 fructus

2191 4376 2361 4428 bonos
2392 4374 2590 4428 facere.

2259 4446 2443 4497 Omnis
2470 4445 2610 4497 enim
2640 4444 2817 4496 arbor.
2847 4457 2979 4510 quae
3000 4456 3103 4494 non
3137 4440 3261 4494 facit
3288 4440 3519 4510 fructum
3553 4440 3754 4497 bonum

2190 4514 2469 4566 excidetur
2513 4522 2567 4565 et
2615 4515 2665 4564 in
2708 4522 2879 4580 ignem
2925 4512 3157 4565 mittetur
3207 4510 3371 4578 [gitur
3418 4525 3446 4561 a
3496 4509 3759 4565 fructibus

2189 4597 2371 4635 eorum
2400 4590 2699 4634 εοιιοδεειιε
2725 4594 2835 4632 808.

2262 4650 2374 4703 Non
2404 4652 2578 4708 omnis
2608 4651 2694 4716 qui
2719 4649 2846 4701 dicit
2872 4649 2999 4702 milii
3030 4650 3253 4703 Domine
3280 4649 3500 4701 Domine
3542 4650 3759 4706 intravit

2193 4720 2243 4772 in
2288 4734 2452 4787 regno
2480 4720 2773 4773 caelorum.
2825 4721 2915 4773 sed
2957 4722 3043 4787 qui
3070 4719 3191 4771 facit
3223 4719 3551 4773 voluntatem
3586 4723 3758 4777 Patris

2191 4792 2293 4843 mei
2318 4790 2452 4857 ,'qui
2486 4790 2535 4841 iu
2566 4790 2727 4843 caelis
2765 4799 2867 4842 est.
2913 4789 3059 4841 Multi
3100 4789 3226 4840 milii
3251 4789 3434 4842 dicunt
3466 4792 3516 4845 in
3547 4792 3637 4846 illa
3673 4794 3756 4847 die

2194 4861 2433 4913 Domine.
2498 4860 2736 4931 Domine.
2802 4873 2975 4911 noone
3007 4859 3076 4931 in
3124 4868 3214 4931 tuo
3254 4862 3469 4931 nomine
3524 4864 3758 4931 protllie-

2191 4932 2433 4984 tavimus.
2496 4940 2549 4983 et
2612 4930 2664 4983 in
2739 4938 2828 4981 tuo
2878 4929 3111 5001 nomine
3147 4930 3425 5001 daemonia
3475 4929 3755 5001 eiecimus.

2189 5012 2243 5055 et
2293 5004 2345 5055 in
2397 5007 2486 5053 tuo
2518 5003 2730 5053 nomine
2758 5000 2981 5052 virtutes
3009 4998 3200 5051 multas
3235 4999 3481 5057 fecimus.
3506 4998 3599 5055 'Et
3630 5013 3757 5057 tunc

2190 5070 2483 5143 confitebor
2509 5070 2615 5143 illis
2646 5072 2777 5137 Quia
2808 5086 2910 5123 nun
2941 5070 3061 5123 novi
3091 5084 3184 5123 vos
3210 5070 3469 5127 discedite
3494 5088 3523 5125 a
3556 5089 3643 5129 me
3667 5073 3769 5143 qui

2188 5141 2480 5209 Operamini
2521 5142 2852 5209 iniquitatem

3017 2868 3238 2918 virtutes
3266 2866 3457 2921 multas

3013 2935 3101 2989 25.
3146 2937 3401 2991 fecimus?
3440 2946 3491 2991 et

2982 3060 2991 3069 ,
3017 3014 3143 3060 tunc
3177 3002 3368 3073 jurabo

3018 3075 3152 3129 illis:
3187 3077 3315 3143 Quia
3348 3091 3453 3131 non
3484 3075 3613 3131 nobi

3015 3161 3141 3200 vos:
3179 3148 3438 3202 discedite
3552 3146 3553 3149 “

1222 5226 1608 5283 VARIANTES
1648 5228 2017 5288 LECTIONES
2043 5230 2304 5297 CODICIS
2332 5230 2441 5285 MS.
2481 5231 2538 5286 S.
2572 5231 3068 5289 GERMANENSIS.

594 5342 609 5372 ί
648 5344 724 5389 est
746 5339 823 5386 via

589 5405 609 5434 ¹
644 5407 722 5452 est
744 5404 881 5463 porta

594 5467 612 5495 ³
646 5463 779 5512 vobis

596 5528 615 5555 δ
649 5525 826 5573 vestitu
846 5522 1023 5584 ovium,
1048 5522 1177 5572 intus

598 5588 617 5615 ‘
648 5587 769 5634 bona
792 5584 931 5632 arbor
954 5584 1123 5645 bonos,
1149 5590 1243 5634 etc.

602 5647 617 5674 ⁸
647 5645 795 5696 malos
817 5645 1000 5695 fructus

2254 5341 2275 5407 ἶ
2310 5342 2543 5407 mittetur.
2567 5342 2733 5407 Itaque

2253 5402 2276 5433 ⁸
2309 5402 2522 5450 introibit

2256 5462 2277 5494 ν
2311 5461 2359 5509 hi
2382 5466 2460 5522 qui
2489 5461 2667 5515 faciunt

2261 5522 2303 5553 ιο
2338 5523 2429 5584 ipsi
2455 5524 2696 5584 intrabunt

2263 5584 2303 5613 ¹¹
2335 5583 2485 5633 dicam
2508 5583 2633 5634 illis:
2652 5590 2761 5649 quia
2783 5602 2875 5639 non
2899 5594 3004 5643 novi
3031 5604 3114 5642 vos

1848 5728 2207 5788 ΒιΑΝεηιΝι
2234 5728 2451 5789 ΝΟΤιλΕ.

645 5830 717 5901 (α)
747 5831 965 5904 Vulgata
992 5836 1175 5892 Latina
1204 5839 1396 5911 vertit,
1425 5835 1577 5907 quia,
1605 5850 1819 5893 sumens
1840 5833 1915 5892 ὁτι
1933 5824 1955 5903 ,“
1976 5848 2069 5907 pro
2114 5835 2181 5898 ὡς
2220 5832 2568 5889 Hellenistice.
