3900 6380
144 459 245 517 181

524 570 753 629 CODEX
792 569 1327 628 VERCELLENSIS.

134 663 231 718 24.
271 663 462 717 Omnis
488 702 503 726 ,
533 662 624 731 qui
651 661 799 717 audit
964 668 1163 715 masset
1188 660 1345 715 Jesus
1381 677 1503 715 ver-

132 732 303 786 verba
325 746 475 798 mea,
506 738 562 785 et
962 731 1025 783 ba
1052 731 1200 793 haec,
1233 732 1393 785 mira-

132 802 269 856 facit
295 815 357 855 ea
380 842 399 863 ,
429 798 579 854 simi—
961 799 1158 854 bantur
1191 810 1301 854 tur-

134 871 207 924 lis
235 878 320 923 est
342 869 460 924 viro
488 883 579 923 sa-
961 869 1062 925 bae
1087 884 1250 938 super
1274 870 1403 924 doc-

200 976 215 991 .
262 938 424 1004 .enti,
452 938 545 1008 qui
574 952 667 995 ae—
963 940 1157 993 trinam
1186 939 1325 1008 ejus.

135 1045 150 1059 .
204 1046 219 1060 .
266 1049 280 1061 .
349 1006 620 1064 cavitdo-
960 1008 1049 1063 29.
1098 1006 1228 1062 Erat
1253 1010 1398 1064 enim
1422 1011 1520 1066 do-

129 1092 286 1132 mum
317 1090 465 1132 suam
491 1091 583 1131 su-
962 1092 1093 1133 cens
1117 1093 1213 1132 eos
1241 1080 1381 1133 sicut

128 1145 226 1200 25.
259 1162 367 1229 _p_ra
386 1155 539 1229 petra
572 1164 586 1203 :
618 1146 741 1204 des-
962 1156 1281 1229 potestatem
1310 1149 1404 1229 lia-

129 1216 322 1271 cendit
350 1216 523 1284 pluvia
543 1256 560 1282 ,
960 1216 1094 1272 hens
1115 1258 1128 1281 ,
1154 1232 1258 1271 non
1290 1218 1429 1273 sicut

129 1285 473 1341 advenerunt
961 1286 1183 1341 Scribae
1212 1300 1421 1353 eorum,

129 1355 360 1410 flumina
374 1396 389 1421 ,
421 1353 585 1410 ﬂave-
959 1365 1012 1410 et
1035 1356 1332 1411 Pharisaei.

129 1433 266 1480 runt
293 1425 437 1478 venti
459 1464 474 1485 .
498 1433 553 1477 et

130 1462 553 1548 LBZLJEPHAE“
1136 1462 1362 1519 CAPUT
1395 1464 1526 1519 VIII.

129 1564 188 1617 in
211 1562 432 1617 domum
460 1560 606 1615 illam
628 1601 645 1626 ,
693 1574 709 1590 εκ
1034 1553 1166 1608 1.Ει
1194 1553 1542 1609 descendent.
1589 1593 1602 1608 .

129 1630 599 1683 etnoncecidit;

128 1696 357 1749 fundata
379 1696 524 1749 enim
960 1727 978 1744 .
1021 1731 1035 1743 .
1082 1728 1097 1742 .
1141 1731 1155 1746 .
1200 1728 1215 1744 .
1259 1731 1273 1745 .
1319 1731 1335 1745 .
1382 1733 1393 1745 .
1441 1704 1523 1749 .nt

129 1775 565 1834 eratsuprape-
963 1799 977 1814 .
1058 1800 1071 1814 .
1153 1800 1165 1812 .
1246 1802 1260 1815 .
1340 1804 1355 1817 .
1432 1802 1447 1815 .
1527 1804 1539 1816 .
1620 1804 1633 1817 .
1688 1802 1706 1819 .

131 1844 294 1889 tram.
681 1861 694 1871 ο

70 1920 73 1921 ⁷
127 1904 225 1959 26.
270 1903 343 1975 Et
369 1905 567 1969 omnis,
598 1904 690 1975 qui
718 1917 813 1960 au—

128 1975 213 2027 dit
236 1974 399 2029 verba
421 1989 539 2029 mea

130 2044 272 2098 haec
290 2082 308 2109 ,
331 2052 387 2098 et
407 2058 515 2099 non
543 2042 625 2097 fa-

126 2112 205 2168 cit
232 2127 295 2168 ea
317 2154 335 2180 ,
363 2112 557 2169 similis

128 2190 219 2237 est
259 2224 274 2237 .
319 2223 336 2241 .
367 2182 451 2239 iro
473 2180 607 2239 stul-

132 2263 223 2313 to.
269 2288 285 2305 .
329 2291 344 2306 .
388 2293 403 2307 .
448 2250 706 2308 .ediflca-

128 2322 212 2375 vit
230 2321 449 2376 domum
472 2337 562 2377 su-

126 2404 219 2442 am
241 2404 392 2456 supr.
438 2429 451 2443 .
500 2430 515 2443 .
559 2429 573 2445 .

127 2459 225 2512 27.
267 2471 454 2521 renam
483 2475 498 2513 :
526 2467 583 2513 et
605 2456 723 2514 des.
770 2498 783 2511 .
829 2498 841 2511 .

128 2530 214 2583 dit
238 2529 446 2597 pluvia,
492 2569 506 2581 .
550 2568 564 2581 .
610 2566 623 2579 .

132 2606 352 2654 nerunt.
395 2638 410 2654 .
452 2639 467 2654 .
514 2640 527 2651 .
570 2636 586 2652 .

134 2746 268 2792 runt
293 2739 470 2804 venti,
493 2746 551 2793 et

133 2806 476 2863 offenderunt
504 2807 558 2862 in

135 2877 359 2931 domum
388 2877 531 2931 illam
549 2918 565 2943 ,

134 2955 191 3000 et
212 2946 410 3001 cecidit
428 2986 443 3012 ,
474 2957 528 3001 et
547 2947 661 3002 fac-

134 3025 188 3067 ta
211 3026 297 3070 est
324 3017 477 3071 ruina
501 3017 619 3087 ejus

957 1900 1011 1955 2.
1044 1900 1287 1970 leprosus
1317 1902 1433 1970 qui-

959 1972 1080 2024 dam
1108 1969 1350 2036 veniens,

958 2037 1215 2093 adorabat
1240 2054 1361 2094 eum

959 2109 1143 2163 dicens
1167 2126 1180 2160 :
1226 2108 1472 2175 Domine,
1504 2110 1549 2165 si

956 2179 1059 2245 vis,
1094 2184 1243 2247 potes
1272 2194 1360 2233 me

954 2249 1010 2303 ὅ.
1046 2247 1323 2301 mundare.
1358 2248 1423 2302 Et

955 2316 1250 2371 extendens

958 2400 1173 2438 manum
1204 2383 1382 2451 Jesus,
1478 2406 1485 2414 σ

943 2454 1130 2526 tetigit
1154 2467 1274 2526 eum
1292 2496 1306 2521 ,
1339 2454 1423 2509 di-

959 2523 1087 2577 cens
1108 2541 1120 2576 :
1165 2523 1294 2578 Volo
1320 2540 1475 2580 mun-

959 2592 1108 2648 dare.
1155 2592 1225 2646 Et
1250 2596 1425 2661 conti-

958 2678 1063 2715 nuo
1091 2664 1311 2716 munda-

959 2741 1012 2801 ta
1037 2740 1121 2785 est
1147 2732 1289 2799 lepra
1321 2734 1457 2801 ejus.

956 2800 1012 2855 ι.
1058 2802 1119 2855 Ει
1152 2802 1225 2855 ait
1254 2801 1327 2855 illi
1351 2800 1542 2859 Jesus:
1572 2803 1649 2859 vi-

958 2870 1047 2937 de,
1076 2871 1274 2926 nemini
1303 2872 1388 2926 di-

958 2942 1101 2995 xeris
1121 2958 1134 2993 :
1180 2940 1274 2995 sed
1303 2942 1459 3009 vade,

954 3011 1177 3065 ostende
1203 3020 1256 3065 te
1285 3026 1370 3066 sa-

128 3100 351 3211 animi;
361 3156 555 3212 factum
576 3165 660 3213 est
691 3174 705 3211 :
954 3080 1376 3216 ἓξξξῗιξιιῖηῗεῗῄ

129 3238 258 3281 cum
280 3241 531 3283 consum-
957 3220 1099 3290 Quod
1129 3234 1350 3290 praece-

452 3373 460 3381 ‘
547 3358 775 3415 CODEX
809 3350 1276 3414 CORBEIENSIS.

128 3454 322 3509 Omnis
346 3466 477 3522 ergo
505 3453 594 3522 qui
625 3451 771 3506 audit
798 3451 957 3522 verba
989 3464 1106 3522 mea
1132 3449 1148 3480 ί
1179 3449 1329 3522 haec,
1369 3455 1423 3522 et
1453 3448 1579 3522 facit
1608 3462 1700 3509 ea.

129 3518 537 3579 assimilabi'tur'
565 3523 679 3576 viro
717 3521 977 3591 sapienti,
1010 3519 1099 3591 qui
1129 3518 1423 3591 aedificavit
1484 3521 1699 3572 domum

127 3608 284 3647 suam
311 3608 471 3659 supra
504 3589 825 3659 petratn',et
846 3589 1126 3645 descendit
1150 3589 1347 3655 pluvia,
1364 3596 1418 3659 et
1441 3598 1701 3659 venerunt

129 3657 460 3727 flumina,et
487 3657 743 3717 [laverunt
776 3659 955 3721 venti,
993 3667 1046 3711 et
1076 3660 1345 3711 irrucrunt
1388 3658 1438 3709 in
1476 3657 1694 3710 domum

130 3734 299 3796 illam,
334 3744 389 3786 et
416 3748 520 3786 non
552 3733 746 3786 cecidit
779 3749 791 3783 :
821 3731 1031 3783 fundata
1075 3728 1217 3781 enim
1274 3738 1388 3781 erat
1422 3743 1582 3796 super
1610 3743 1700 3795 pe-

129 3811 290 3854 tram.
328 3801 391 3853 Et
411 3803 619 3864 omnis,
658 3800 749 3864 qui
774 3801 921 3853 audit
961 3800 1121 3853 verba
1162 3813 1277 3852 mea
1321 3797 1485 3862 haec,
1514 3807 1563 3851 et
1593 3812 1697 3851 non

130 3870 259 3924 facit
304 3884 404 3936 ea,
451 3870 642 3922 similis
668 3868 688 3900 ⁸
715 3871 817 3923 erit
864 3871 981 3921 viro
1022 3871 1219 3932 stulto,
1260 3868 1350 3936 qui
1402 3868 1699 3921 aediﬁcavit

127 3940 351 3993 domum
395 3954 546 3992 suam
597 3954 759 4007 super
799 3952 1013 3990 arenam
1040 3936 1176 3990 ":et
1200 3937 1478 3990 descendit
1501 3940 1697 4006 pluvia,

126 4020 181 4064 et
210 4021 472 4065 venerunt
498 4008 739 4074 ﬂumina,
770 4020 824 4063 et
848 4007 1116 4061 flaverunt
1142 4008 1314 4066 venti.
1346 4017 1398 4060 et
1430 4009 1701 4061 irruerunt

127 4080 180 4134 in
216 4080 435 4135 domum
480 4080 655 4143 illam,
704 4088 759 4145 et
803 4077 1030 4142 cecidit,
1084 4085 1137 4133 et
1180 4077 1202 4107 ⁸
1255 4078 1348 4131 fuit
1386 4080 1538 4131 ruina
1584 4078 1700 4147 ejus

128 4166 343 4205 manna.

250 4222 314 4275 ll.
368 4218 436 4275 Et
473 4219 669 4275 factum
712 4228 791 4273 est
821 4238 834 4273 :
863 4232 1024 4289 quum
1068 4225 1503 4289 consummasset
1544 4217 1699 4289 .lesus

130 4292 295 4347 verba
348 4293 501 4353 haec,
535 4286 935 4343 admirabantur
980 4286 1166 4339 turbae
1210 4301 1369 4352 super
1399 4288 1697 4337 doctrinam

126 4362 266 4431 ejus.
296 4361 423 4415 Erat
448 4360 599 4431 enim_
619 4360 818 4431 docens
841 4372 935 4409 eos
960 4358 1440 4431 sicut_pntesta_t‘e_m
1472 4354 1693 4431 liabens,

127 4421 181 4486 et
228 4448 334 4485 non
378 4432 517 4483 sicut
568 4428 787 4482 Scribae
826 4440 1047 4486 eorum,
1103 4423 1123 4451 '
1184 4430 1278 4473 aut
1329 4421 1624 4474 Pharisaei.
1677 4423 1696 4451 τ

128 4502 261 4557 Cum
298 4500 475 4555 autem
516 4496 881 4552 descendisset
923 4497 988 4547 de
1021 4501 1230 4553 monte,
1275 4502 1534 4559 srquulac
1578 4499 1701 4544 sunt

128 4587 251 4626 eum
278 4571 466 4625 turbae
496 4572 693 4622 multae
719 4584 731 4619 :
756 4575 811 4619 et
839 4577 962 4619 ecce
995 4566 1235 4631 leprosos
1264 4563 1284 4591 ⁸
1313 4562 1553 4625 veniens,
1576 4561 1693 4615 ado-

128 4644 267 4694 ravit
285 4656 407 4696 eum
437 4642 656 4693 dicens:
686 4637 926 4698 Domine,
951 4634 1105 4698 sivis,
1134 4640 1281 4699 potes
1310 4648 1391 4685 me
1419 4635 1699 4685 uumdare.

130 4711 197 4763 Et
223 4711 518 4764 extendens
543 4711 564 4742 ⁸
598 4722 833 4768 manum,
884 4703 1054 4773 tetigit
1092 4720 1211 4756 eum
1239 4743 1251 4762 ,
1295 4702 1479 4755 dicens
1511 4720 1525 4757 :
1571 4701 1702 4755 Volo

130 4780 410 4832 mundare.
437 4780 503 4833 Et
524 4776 803 4833 confestim
827 4777 1076 4829 nmndata
1090 4781 1171 4826 est
1199 4777 1342 4839 lepra
1369 4773 1503 4841 ejus.
1545 4773 1705 4827 Etait

130 4846 205 4901 illi
227 4847 386 4902 Jesus
412 4865 424 4899 :
476 4848 630 4914 Vide,
686 4847 881 4901 nemini
911 4843 1114 4899 dixeris
1139 4860 1150 4894 :
1172 4842 1272 4914 sed
1302 4842 1454 4909 vade,
1480 4843 1703 4898 ostende

129 4925 179 4971 te
208 4917 508 4982 sacerdoti,
536 4928 591 4973 et
618 4912 755 4972 effer
778 4930 994 4979 munus,
1044 4912 1185 4981 quod
1210 4927 1429 4982 praece-

1108 456 1555 513 EVANGELIUM
1599 454 1962 514 SECUNDUM
2003 452 2432 536 ΜΑΤΊῊᾸΞΗΜ.

3288 430 3411 507 tse’

2239 567 2463 623 CODEX
2510 566 2954 623 VERONENSIS.

1813 661 1903 714 '24.
1946 659 2133 716 Omnis
2160 675 2308 728 ergo,
2338 661 2427 729 qui
2633 658 2963 729 mirabantur

1815 731 1964 784 audit
1996 730 2154 782 verba
2186 744 2305 784 mea
2359 728 2367 729 “
2633 728 2820 782 turbae
2850 742 3012 796 Super

1814 801 1967 862 haec,
2001 808 2056 853 et
2085 798 2211 851 facit
2632 798 2931 851 doctrinam
2962 797 3101 866 ejus.

1815 885 1900 932 ea,
1929 868 2118 922 similis
2146 876 2229 921 est
2632 867 2721 921 29.
2768 866 2896 920 Erat
2922 870 3066 923 enim

1815 939 1929 991 viro
1954 936 2205 999 sapienti,
2633 936 2831 990 docens
2859 951 2953 989 eos

1888 1008 1901 1060 i
1932 1006 2229 1061 aedificavit
2634 1006 2771 1058 sicut
2801 1014 3121 1073 potestatem

1853 1090 2028 1129 omum
2059 1090 2211 1128 suam
2637 1074 2860 1137 habens,
2892 1090 2999 1128 nou

1814 1159 1971 1214 supra
2004 1153 2210 1213 petram
2231 1160 2246 1197 :
2637 1144 2775 1197 sicut
2802 1143 3037 1210 Scribae,
3066 1152 3121 1199 et

1812 1214 1904 1295 25.
1946 1214 2231 1295 descendit
2242 1214 2452 1295 plubia,
2637 1213 2911 1268 Pharisaei

1794 1283 2080 1338 'ﬂaverunt
2112 1283 2280 1349 venti,
2637 1298 2843 1337 eorum.
2868 1332 2873 1337 .

1814 1353 2149 1407 advenerunt

1812 1420 2057 1487 flumina,
2091 1432 2145 1476 et

1812 1464 2155 1545 3ᾰὲἱέἅὲἐῶ
2818 1466 3043 1522 CAPUT
3073 1464 3205 1521 vm.

1813 1559 1866 1613 in
1898 1560 2112 1614 domum
2143 1560 2309 1626 illam,

1812 1640 1867 1684 et
1897 1644 2001 1683 non
2032 1629 2225 1683 cecidit
2254 1648 2268 1683 :

1812 1698 2031 1753 fundata
2063 1700 2206 1753 enim

1812 1779 1931 1824 erat
1959 1782 2121 1837 super

1813 1838 1901 1893 26.
1947 1848 2175 1908 petram.
2220 1838 2286 1893 Et
2312 1839 2515 1905 omnis,

1815 1908 1905 1975 qui
1932 1908 2078 1961 audit
2106 1908 2269 1963 verba

1814 1992 1930 2031 mea
1963 1976 2116 2044 haec,
2147 1988 2202 2032 et

1813 2063 1921 2101 non
1953 2047 2076 2099 facit
2106 2062 2192 2110 ea,

1811 2115 2003 2170 similis
2030 2124 2112 2171 est
2135 2118 2253 2172 viro

1810 2186 1996 2249 Stulto,
2017 2187 2105 2252 qui
2135 2186 2282 2241 aedi-

1811 2254 1989 2307 flcabit
2022 2254 2239 2308 domum

1808 2336 1958 2392 suam
1990 2338 2148 2392 supra
2182 2324 2277 2376 ha-

1807 2390 1897 2445 27.
1940 2390 2163 2446 renam:
2209 2394 2474 2449 discendit

1810 2462 2006 2531 pluvia,
2038 2461 2299 2519 flaverunt

1810 2533 1977 2595 venti,
2007 2533 2342 2589 advenerunt

1808 2600 2046 2666 ﬂumina,
2070 2612 2126 2658 et

1807 2671 2149 2726 offenderunt
2183 2674 2235 2727 in

1806 2740 2025 2795 domum
2055 2742 2219 2806 illam,

1806 2819 1861 2864 et
1891 2811 2104 2876 cecidit,
2142 2821 2200 2865 et

1806 2878 1943 2932 facta
1976 2888 2059 2933 est
2089 2880 2237 2936 ruina

1806 2948 1924 3015 ejus
1950 2963 2161 3015 magna.

1805 3018 1895 3072 28.
1936 3018 1999 3071 Et
2027 3020 2220 3073 factum

1808 3096 1925 3143 est:
1963 3103 2082 3141 cum
2113 3104 2242 3143 con-

1808 3168 2129 3213 summasset
2156 3158 2314 3215 Jesus

1810 3230 1971 3283 verba
2004 3227 2158 3291 haec.
2180 3230 2274 3283 ad-

2270 3361 2501 3417 CODEX
2540 3360 2925 3418 BRIXIANUS.

1810 3450 1996 3522 Omnis
2041 3467 2169 3520 ergo
2206 3454 2294 3522 qui
2335 3452 2482 3507 audit
2516 3453 2675 3507 verba
2716 3468 2831 3506 mea
2878 3451 3009 3507 llaec
3034 3450 3235 3507 etfacit
3272 3466 3332 3506 ea
3356 3461 3380 3488 ι

1810 3521 2058 3575 similabo
2088 3521 2354 3575 eum’viro
2395 3524 2641 3590 sapienti.
2684 3525 2771 3591 qui
2819 3522 3121 3576 aedificavit
3168 3523 3381 3576 domum

1808 3606 1957 3643 suam
1980 3606 2138 3659 supra
2160 3601 2383 3659 petram.
2408 3602 2461 3646 et
2484 3594 2762 3646 descendit
2810 3592 3006 3660 pluvia.
3045 3603 3094 3645 et
3126 3602 3382 3645 venerunt

1809 3660 2045 3713 flumina.
2091 3670 2144 3714 et
2185 3661 2446 3715 flaverant
2484 3663 2647 3715 venti.
2674 3664 3061 3730 etinpegeruut
3091 3663 3143 3715 in
3166 3662 3380 3715 domum

1802 3732 1966 3783 illurn.
2018 3740 2072 3783 et
2120 3747 2223 3785 lt0u
2256 3746 2283 3783 c
2324 3730 2350 3768 ι’
2400 3732 2561 3785 ccidit
2582 3730 2793 3784 fundata
2824 3735 2965 3784 enim
2994 3740 3113 3784 erat
3142 3747 3200 3784 sn
3232 3744 3251 3768 ε
3286 3745 3377 3799 pe—

1804 3809 1955 3855 tram.
1989 3803 2239 3855 Elomnis
2268 3802 2353 3864 qui
2379 3803 2525 3855 audit
2552 3804 2709 3855 verba
2739 3817 2853 3854 mea
2890 3811 2945 3854 et
2989 3817 3094 3854 non
3136 3802 3255 3853 facit
3288 3814 3373 3850 ea.

1802 3873 2123 3925 similaliitur
2151 3874 2267 3926 viro
2305 3876 2485 3925 stulto.
2516 3874 2601 3942 qui
2634 3872 2934 3942 aedificavit
2974 3872 3187 3922 donmm
3230 3882 3379 3919 suam

1802 3956 1962 4008 Super
2014 3942 2285 3996 harenam.
2342 3950 2394 3993 et
2448 3941 2722 3995 descendit
2773 3941 2965 4008 pluvia.
3012 3948 3066 3991 et
3113 3946 3376 4008 venerunt
3428 3954 3433 3960 ’

1803 4006 2039 4064 ﬂumina.
2092 4021 2144 4065 et
2200 4012 2457 4064 llaverunt
2507 4017 2669 4064 venti.
2726 4006 2783 4063 et
2822 4010 3136 4075 inpegeruut
3183 4008 3230 4058 iu
3274 4006 3370 4057 du—

1804 4096 1946 4133 mum
2000 4082 2143 4133 illam
2187 4092 2240 4135 et
2276 4097 2305 4134 c
2335 4078 2359 4116 ά
2390 4082 2543 4134 ccidit
2585 4090 2631 4133 et
2674 4081 2806 4131 facta
2838 4077 2988 4127 ruina
3016 4077 3131 4143 ejus
3158 4090 3371 4139 magna.

1803 4151 1869 4203 Et
1898 4151 2090 4202 factmu
2122 4161 2221 4203 est.
2254 4167 2372 4203 cum
2404 4155 2825 4203 consuuuuatset
2848 4145 3006 4198 .lesus
3039 4148 3197 4198 verba
3226 4148 3380 4200 haec.

1801 4221 2204 4271 admirabuntur
2244 4221 2451 4271 turbae.
2494 4233 2651 4284 snper
2708 4217 3003 4268 doctrinam
3066 4217 3201 4284 ejus.
3253 4216 3380 4270 Erat

1801 4289 1941 4339 enim
1978 4289 2176 4338 ducens
2218 4301 2310 4340 eos
2355 4291 2491 4339 sicut
2525 4296 2838 4352 potestatem
2903 4286 3125 4340 habens.
3174 4299 3226 4340 et
3273 4300 3379 4339 non

1801 4357 1937 4407 sicut
1992 4354 2195 4407 Scribae
2255 4370 2461 4408 eorum.
2527 4357 2892 4409 Descendente
2946 4368 3124 4410 antem
3183 4372 3247 4411 eo
3313 4356 3380 4409 de

1803 4434 2005 4477 nmntc.
2050 4436 2263 4479 secutae
2311 4438 2433 4479 sunt
2478 4442 2597 4479 enm
2648 4428 2835 4481 turbae
2879 4428 3097 4480 multae.
3144 4427 3207 4479 Et
3253 4439 3381 4479 ecce

1804 4494 2047 4563 leprosns
2076 4498 2293 4565 quidam
2328 4500 2544 4551 veniens
2579 4498 2834 4551 adorabat
2866 4513 2987 4550 eum
3030 4497 3233 4549 dicens.
3281 4497 3382 4547 Do-

1805 4569 1946 4618 mine
1989 4565 2033 4618 si
2062 4567 2139 4620 vis
2188 4574 2337 4635 putes
2366 4584 2449 4621 me
2480 4568 2759 4622 mundare.
2792 4567 2858 4621 Et
2900 4577 3088 4620 extens
3116 4576 3137 4600 ε
3163 4579 3376 4635 inanunt

1803 4635 1981 4698 .Iesus.
2015 4633 2327 4707 tetigit—enm
2351 4639 2685 4707 dicensVolo
2714 4637 2989 4707 mundare.
3016 4637 3081 4707 l_'3_t_
3098 4633 3379 4707 confestim

1806 4709 2057 4760 mundata
2086 4702 2167 4761 est
2200 4710 2342 4776 lepra
2372 4710 2508 4777 ejus.
2544 4706 2612 4761 Et
2632 4710 2704 4760 ait
2736 4708 2810 4760 illi
2841 4706 2994 4777 Jesns
3022 4702 3380 4777 Vide_nemiui

1805 4777 2024 4831 dixeris.
2056 4778 2148 4832 sed
2183 4772 2316 4831 valle
2349 4772 2572 4833 ostende
2602 4787 2652 4831 te
2682 4775 2967 4831 sacerdoti.
3022 4782 3077 4827 et
3106 4772 3237 4825 ofl'er
3265 4788 3382 4824 tnu-

1805 4863 1923 4901 nus.
1970 4849 2108 4916 quod
2154 4852 2425 4916 praecepit

2638 1629 2689 1681 ι.
2730 1625 2799 1698 Et
2829 1624 3187 1680 descendente
3282 1693 3286 1698 .

2634 1710 2700 1750 eo
2727 1696 2793 1749 de
2821 1705 3023 1758 monte,

2634 1772 2850 1820 secutae
2879 1770 3007 1817 sunt

2632 1835 2684 1889 2.
2720 1849 2842 1889 eum
2874 1833 3063 1888 turbae

2636 1905 2833 1959 multae
2856 1922 2868 1957 :
2899 1912 2951 1957 et
2973 1917 3100 1957 ecce

2638 1975 2881 2044 leprosus
2906 1972 3122 2044 quidam

2635 2043 2878 2106 veniens,
2893 2043 3149 2098 adorabat

2634 2129 2756 2167 eum
2779 2114 2963 2167 dicens
2993 2131 3005 2165 :

2636 2182 2881 2245 Domine,
2902 2182 2961 2237 si.
2979 2183 3061 2236 vis

2635 2262 2785 2320 potes
2808 2266 2894 2303 me
2923 2266 3085 2305 mun-

2631 2325 2681 2377 5.
2724 2321 2876 2375 dare.
2912 2320 2977 2373 Et
3013 2330 3203 2377 extenv

2628 2392 2763 2446 dens
2795 2404 3008 2443 manum
3036 2401 3114 2445 te-

2635 2462 2752 2530 tigit
2773 2458 3103 2530 eum_._lesus,

2636 2528 2819 2585 dicens
2843 2547 2857 2583 :
2901 2528 3036 2584 Volo

2636 2601 2914 2654 mundare.
2942 2600 3011 2654 Et

2636 2669 2913 2725 confestim
2956 2671 3208 2725 mundata

2631 2747 2714 2791 est
2744 2739 2887 2807 lepra
2917 2738 3053 2804 ejus.

2630 2810 2684 2862 4.
2727 2808 2794 2861 Ει
2819 2807 2893 2858 ait
2919 2808 2995 2861 illi

2630 2878 2785 2933 .lesus
2819 2896 2831 2929 :
2864 2876 3004 2940 vide,

2631 2946 2833 3001 nemini
2859 2945 3058 3003 dixeris
3089 2966 3101 3001 :

2631 3018 2726 3073 sed
2758 3015 2910 3079 vade,
2942 3026 3121 3073 osten-

2629 3088 2695 3141 de
2725 3096 2775 3141 te
2793 3087 3081 3153 sacerdoti,

2631 3168 2685 3211 et
2706 3156 2869 3211 offers
2898 3172 3117 3224 munus,

2630 3226 2773 3297 quod
2797 3230 3067 3297 praecepit

815 5048 1203 5107 VARIANTES
1234 5046 1615 5105 LECTIONES
1651 5046 1912 5103 CODlClS
1950 5045 2057 5099 MS.
2102 5044 2157 5099 S.
2198 5040 2697 5098 GERMANENSIS.

189 5170 208 5200 ι
240 5178 371 5223 mea.
395 5172 449 5216 et
468 5165 582 5217 facit
597 5180 678 5228 ea,
701 5166 873 5217 similis
895 5174 981 5228 est
1031 5190 1035 5195 ο

188 5230 210 5260 ¹
246 5235 454 5292 petram.
473 5224 740 5292 Qeseendit
756 5228 944 5292 pluvia;
963 5226 1202 5277 (laverunt
1218 5226 1377 5288 venti;
1401 5224 1702 5275 advenerunt

130 5288 346 5401 adflicta,
370 5294 425 5338 et
444 5288 825 5342 oﬂ'enderunt'in
844 5288 1058 5352 dentium,
1086 5295 1181 5337 etc.

192 5414 215 5445 δ
248 5412 395 5461 maris
416 5425 428 5461 ε
447 5410 701 5473 descendit
738 5411 921 5473 pluvia;
947 5412 1187 5461 ﬂaverant
1218 5409 1375 5469 venti;
1401 5406 1703 5457 advenerunt

133 5476 347 5535 flumina,
374 5480 428 5523 et
452 5469 765 5522 oﬂenderun't
785 5474 837 5521 in
855 5469 1066 5533 domum,
1098 5479 1191 5522 etc.

1869 5161 1889 5189 ⁸
1921 5158 2041 5206 facta
2066 5165 2139 5206 est

1869 5219 1890 5249 ⁸
1926 5227 1976 5267 et
2000 5218 2264 5269 Pharisaei.

1868 5281 1886 5309 τ
1924 5278 1982 5328 Et
2002 5280 2334 5331 descendente
2358 5294 2419 5330 eo
2440 5282 2502 5329 de
2526 5288 2690 5331 monte

1868 5340 1889 5433 ξ
2138 5345 2341 5393 veniens
2358 5344 2585 5392 adorabat

1955 5416 2068 5453 esus

1436 5567 1795 5626 BLANCHINI
1832 5570 2059 5628 NOTAE.

207 5695 235 5723 ⁸
268 5685 361 5742 Sic
390 5685 444 5741 in
471 5681 688 5740 Codice.
729 5682 845 5739 Lita
872 5692 954 5739 est
977 5699 1028 5737 οη
1054 5684 1244 5739 ilnalis.

207 5754 237 5793 δ
270 5756 477 5812 Extrita
510 5763 596 5815 est
628 5770 678 5809 α.

214 5836 237 5865 ε
271 5827 589 5909 Autiquario
615 5824 862 5893 excidere
891 5832 1000 5881 tres
1032 5825 1141 5881 illa:
1177 5824 1360 5880 litterm
1396 5837 1501 5895 per.

1886 5683 1912 5722 ἀ
1949 5686 2157 5741 Extrila
2182 5694 2266 5740 est
2293 5704 2344 5741 a.

1887 5757 1912 5786 ⁸
1940 5756 2200 5813 Excidere
2226 5753 2543 5827 Antiquario
2568 5753 2758 5807 litterae
2787 5750 2904 5805 den.
