3900 6406
461 393 564 456 183

801 544 804 548 ι
843 505 1067 564 CODEX
1108 503 1633 561 VERCELLENSIS.

466 599 546 667 pit
569 598 796 669 Moyses,
829 601 881 652 in
1108 608 1110 610 '
1277 597 1364 669 ευ.
1410 595 1649 669 Audiens
1688 602 1863 647 autem

467 665 829 722 testimonium
1273 667 1429 722 Iesus
1469 665 1690 718 miratus

465 737 525 790 ill
559 776 573 792 .
608 775 622 790 .
661 776 674 791 .
709 776 724 790 .
756 774 770 789 .
805 776 821 791 .
857 777 869 791 .
1100 754 1102 756 ·
1277 748 1380 799 est,
1422 742 1478 788 et
1517 747 1742 800 sequen-

462 804 636 860 Post.
670 844 685 859 .
722 846 732 860 .
772 847 784 858 .
822 847 835 860 .
874 848 887 861 .
922 847 936 861 .
974 848 985 860 .
1021 851 1035 872 ,
1274 806 1417 858 tibus
1445 801 1705 872 sedixit:

465 875 520 930 5.
557 889 676 928 cum
704 874 919 930 introis-
1023 871 1028 872 7
1273 875 1445 928 Amen
1469 871 1588 925 dico
1613 883 1710 924 vo-

463 953 548 998 set
573 943 872 1013 Capharna-
1219 991 1221 995 .
1273 943 1377 1013 bis,
1404 941 1526 1010 quia
1555 940 1609 994 in
1635 937 1756 994 nul-

461 1028 574 1078 um,
605 1011 826 1068 accessit
1271 1011 1325 1065 lo
1356 1019 1553 1064 tantam

463 1083 528 1136 ad
556 1097 673 1137 cum
703 1084 817 1150 qui-
1272 1079 1439 1150 ﬁdem
1457 1079 1607 1150 inve-

461 1151 584 1204 dam
607 1146 802 1205 Centn-
1273 1151 1327 1202 ni
1345 1148 1398 1202 in
1423 1146 1667 1201 Istrahel.

459 1221 563 1289 rio,
591 1235 781 1289 rogans
809 1235 954 1282 eum,
1272 1219 1362 1289 μ.
1404 1218 1540 1289 Dico
1560 1223 1738 1289 autem
1759 1230 1852 1269 vo-

459 1288 513 1342 6.
551 1283 606 1343 et
629 1283 844 1342 dicens:
886 1290 1129 1355 Domine,
1271 1287 1376 1350 bis,
1402 1283 1543 1354 quod
1563 1284 1698 1338 mul-

457 1371 590 1424 puer
613 1373 766 1412 meus
797 1359 877 1424 ja-
1272 1357 1310 1408 ti
1336 1356 1402 1408 ab
1426 1355 1652 1424 oriente,

457 1422 542 1481 cet
567 1427 620 1480 in
649 1422 811 1480 domo
1269 1432 1325 1477 et
1343 1422 1619 1477 occidente

458 1496 798 1565 paralyticus,
1267 1494 1458 1565 veniet:
1499 1530 1515 1543 .
1561 1530 1575 1542 .
1617 1527 1631 1542 .

1268 1562 1520 1614 cumbunt
1546 1573 1665 1613 cum

1267 1629 1556 1690 Abraham,
1584 1637 1640 1681 et

1268 1698 1404 1761 Isac,
1426 1706 1479 1750 et
1503 1696 1666 1750 Iacob

456 1574 513 1616 et
541 1566 677 1618 male
704 1574 914 1632 torque-

457 1633 508 1686 7.
555 1643 658 1700 tur.
699 1633 766 1685 Et
790 1635 864 1686 ait

453 1701 530 1755 Illi
558 1700 744 1756 Iesus:
788 1702 899 1770 Ego
925 1717 1015 1756 vc-

454 1772 627 1834 niens,
655 1785 810 1826 cura-
840 1769 850 1770 “
1271 1769 1323 1819 in
1354 1779 1516 1833 regno
1543 1779 1664 1819 cae-

456 1839 508 1893 8.
550 1841 618 1894 bo
640 1854 783 1894 eum.
816 1839 884 1892 Et
908 1854 1022 1894 res-
1270 1836 1361 1887 12.
1402 1835 1614 1886 lorum:
1645 1834 1714 1885 Illi
1739 1847 1836 1886 au-

455 1907 700 1976 pondens
725 1909 864 1960 Cen-
1272 1911 1377 1976 tem
1407 1901 1556 1976 regni
1587 1902 1734 1957 ibttnt

457 1971 617 2039 iurio,
651 1977 724 2028 ait
753 1975 830 2028 illi
856 1995 870 2028 :
1273 1971 1325 2022 in
1351 1971 1597 2039 tenebras

457 2038 707 2117 Domine,
733 2057 838 2117 non
865 2056 983 2095 sum
1271 2038 1569 2117 exteriores
1587 2055 1600 2090 :
1629 2038 1670 2090 i-

457 2113 650 2178 dignus
677 2106 735 2166 ut
761 2113 842 2163 in-
1272 2107 1328 2160 bi
1349 2108 1450 2178 erit
1469 2106 1646 2178 ﬂetus,

459 2176 568 2234 tres
599 2181 698 2235 sub
725 2189 920 2234 tectum
1272 2185 1328 2230 et
1353 2176 1551 2229 stridor
1578 2176 1715 2230 den-

458 2265 635 2303 meum
656 2265 670 2307 :
713 2249 806 2303 sed
845 2258 962 2302 tan-
1272 2246 1424 2297 tium.

459 2329 568 2372 tum
596 2319 680 2373 dic
708 2333 831 2372 ver-
1275 2314 1362 2367 15.
1405 2313 1474 2366 Et
1501 2313 1637 2366 dixit
1660 2312 1861 2369 Centu-

461 2389 496 2440 b
530 2429 540 2438 .
578 2428 592 2443 .
627 2429 638 2440 .
676 2428 687 2440 .
722 2426 735 2440 .
767 2387 918 2440 nabi-
1275 2381 1413 2436 rioni
1445 2401 1458 2435 :
1489 2381 1657 2445 Vade,
1688 2383 1764 2437 si-s

463 2457 519 2511 9.
560 2496 572 2509 .
608 2495 620 2509 .
656 2495 668 2508 .
701 2497 714 2510 .
749 2497 761 2508 .
792 2471 879 2508 am
907 2463 964 2508 et
991 2468 1088 2522 ego
1276 2463 1367 2522 cut
1387 2449 1661 2522 credidisti

465 2525 624 2579 homo
663 2540 778 2579 sum
819 2524 918 2578 sub
1029 2519 1047 2522 ’
1278 2519 1502 2573 Iiattibi.
1530 2520 1593 2572 Et
1632 2533 1788 2573 sana-

464 2601 781 2664 potestatem
1277 2597 1474 2664 tuscst
1500 2603 1630 2656 puer
1658 2588 1816 2643 ex'il-

463 2657 804 2726 constitutus,
1278 2659 1328 2710 la
1360 2657 1510 2710 hora.

1279 2728 1368 2783 14.
1413 2726 1614 2779 Etcum
1640 2727 1817 2780 venis-

1280 2806 1364 2851 set
1387 2796 1542 2849 Iesus
1573 2800 1623 2848 in
1657 2798 1756 2848 do-

1281 2881 1425 2919 mum
1456 2865 1619 2930 Petri,
1652 2865 1733 2916 vi—

1282 2936 1361 2987 dit
1377 2948 1586 2986 socrum
1614 2934 1729 3001 ejus

1279 3005 1567 3072 iacentem,
1597 3013 1650 3055 et
1677 3001 1757 3055 fe-

1284 3073 1623 3126 bricitantem
1649 3087 1661 3122 :

1286 3140 1374 3195 15.
1415 3148 1470 3194 et
1489 3140 1660 3208 tetigit
1684 3154 1799 3192 ma-

899 3283 1126 3339 CODEX
1155 3279 1614 3337 CORBEIENSIS.

470 3377 549 3447 pit
569 3376 807 3447 Moyses,
829 3374 909 3447 ‘in
935 3373 1293 3428 testimonium
1326 3370 1449 3447 illis.
1475 3370 1511 3447 ξ,
1535 3369 1710 3447 Quum
1734 3375 1908 3447 autem
1949 3369 2033 3447 in-

475 3438 690 3500 iroisse't
716 3443 1106 3513 Capharnaum,
1159 3440 1383 3513 accessit
1428 3438 1511 3491 ad
1541 3453 1661 3492 eum
1693 3440 1712 3468 ²
1749 3438 2023 3513 Centurio,

473 3527 668 3584 rogans
697 3509 840 3575 eum,
869 3522 924 3566 et
950 3512 1163 3565 dicens:
1197 3510 1441 3584 Domine,
1473 3509 1935 3584 puer_me_us_j_acet
1970 3510 2023 3562 in

475 3576 636 3653 duino
665 3584 1004 3653 paralyticus,
1029 3591 1081 3634 et
1111 3579 1246 3653 male
1273 3587 1566 3653 torque_tur.
1591 3577 1746 3630 Etait
1757 3576 1834 3653 illi
1854 3577 2024 3653 Iesus:

473 3655 586 3721 Ego
617 3652 637 3684 ³
668 3645 880 3707 "veniam
902 3693 915 3710 .
962 3661 1014 3704 et
1040 3651 1237 3721 curabo
1258 3662 1398 3701 eum.
1447 3647 1514 3721 Et
1545 3646 1870 3721 respondens
1894 3645 2032 3721 Cen-

475 3716 648 3783 turio,
691 3723 823 3776 dixit
849 3740 860 3775 :
903 3720 1128 3774 Domine
1171 3733 1276 3770 non
1295 3732 1409 3768 sum
1435 3718 1625 3784 dignus
1655 3723 1711 3766 ut
1741 3717 1904 3768 intres
1933 3716 2032 3768 sub

475 3803 671 3848 teetum
703 3807 907 3845 meum:
937 3790 1030 3842 sed
1064 3796 1264 3840 tantum
1285 3786 1370 3838 dic
1404 3783 1648 3842 verbum,
1671 3793 1724 3835 et
1765 3783 2034 3835 sanabitur

474 3878 606 3928 puer
626 3876 798 3916 meus.
823 3860 955 3914 Nam
987 3867 1041 3910 et
1068 3871 1164 3925 ego
1196 3855 1354 3928 hoino
1381 3868 1504 3928 sum
1524 3852 1665 3928 sub.b
1686 3859 2032 3928 potestatem,

474 3920 676 3986 habens
705 3933 804 3985 sub
830 3945 914 3985 me
946 3920 1162 3988 milites,
1190 3934 1242 3977 et
1269 3923 1389 3976 dico
1420 3923 1567 3974 huic:
1594 3920 1757 3981 Vade,
1791 3930 1844 3973 et
1871 3921 2032 3984 vadit;

473 4011 530 4055 et
556 4001 678 4062 alio,
702 4001 860 4063 Veni,
888 4009 942 4052 et
971 3997 1147 4057 venit;
1177 4003 1233 4046 et
1261 4005 1422 4046 servo
1449 4005 1566 4043 meo
1592 3991 1645 4052 ⁵,
1687 3989 1791 4042 Fac
1815 3991 1944 4053 hoc,
1986 4001 2038 4043 et

475 4069 620 4123 facit.
664 4071 896 4123 Audiens
937 4075 1111 4121 autem
1142 4063 1298 4117 Iesus
1344 4063 1564 4113 miratus
1603 4068 1717 4121 est,
1742 4068 1796 4110 et
1817 4075 2038 4126 sequen-

476 4138 618 4191 tibus
677 4153 734 4189 se
785 4139 970 4190 dixit:
1015 4137 1184 4189 Amen
1255 4132 1376 4184 dico
1449 4130 1636 4190 vobis,
1705 4144 1808 4180 non
1864 4129 2036 4180 inveni

478 4206 500 4236 ⁸
531 4215 724 4260 tantam
770 4209 924 4260 lideni
973 4209 1024 4258 in
1058 4202 1244 4258 Israel.
1292 4202 1418 4253 Dico
1456 4207 1630 4252 autem
1681 4199 1849 4261 vobis,
1898 4198 2036 4265 quod

478 4275 631 4329 multi
660 4277 726 4327 ab
747 4281 974 4335 oriente,
1000 4284 1054 4326 ct
1082 4271 1359 4326 occidente
1390 4269 1624 4332 venient,
1659 4274 1712 4320 et
1733 4270 2043 4322 recumbent

475 4359 597 4398 cum
618 4343 902 4404 Abraham,
931 4353 982 4392 et
1008 4342 1172 4404 Isaac,
1202 4339 1436 4392 etIacob
1465 4340 1515 4389 in
1547 4352 1710 4404 regno
1729 4338 1998 4390 coelorum
2028 4356 2039 4389 :

478 4414 574 4468 Iilii
601 4423 776 4467 autem
810 4410 957 4477 regni
992 4411 1008 4437 ⁷
1041 4408 1338 4477 ejicientur_
1357 4409 1407 4456 iu
1437 4408 1680 4477 tenebras
1704 4408 1998 4477 exteriores
2028 4424 2041 4458 :

474 4484 550 4539 ibi
586 4485 689 4538 erit
737 4473 894 4536 ﬂetus
924 4481 967 4540 ⁸,
996 4486 1051 4529 et
1089 4475 1282 4527 stridor
1311 4473 1569 4524 dentium.
1616 4473 1681 4523 Et
1730 4473 1860 4524 dixit
1896 4473 2046 4526 Iesus

475 4551 789 4608 Centurioni
822 4567 834 4602 :
867 4548 1033 4607 Vade,
1065 4553 1118 4596 et
1146 4545 1282 4595 sicut
1307 4540 1577 4593 credidisti
1607 4541 1696 4590 ﬁat
1722 4542 1836 4593 tibi.
1869 4540 1936 4593 Et
1966 4558 2039 4593 sa~

477 4631 634 4678 natus
659 4631 742 4676 est
774 4634 909 4690 puer
935 4620 955 4690 εξ
984 4619 1036 4669 in
1059 4616 1154 4690 _il_l_a
1183 4613 1332 4664 hora.
1365 4609 1609 4688 thuum
1639 4610 1870 4662 venisset
1897 4609 2050 4690 Iesus

478 4697 534 4748 in
559 4678 793 4748 domum'
815 4687 991 4749 Petri,
1023 4684 1154 4736 vidit
1187 4694 1398 4736 socrum
1431 4679 1544 4746 ejus
1569 4679 1854 4746 jaceiitcm,
1881 4690 1934 4732 ct
1977 4678 2051 4733 Ie-

475 4762 846 4818 briticantem:
879 4767 933 4813 et
963 4755 1133 4821 tetigit
1154 4767 1262 4806 ma-

469 2733 668 2787 habens
704 2734 803 2786 sub
832 2746 918 2785 me

469 2803 686 2864 milites,
728 2812 782 2854 et
818 2801 940 2854 dico

471 2871 625 2924 huic:
669 2870 834 2932 Vade,
875 2877 930 2922 et
958 2867 1136 2929 vadit;

471 2942 596 3002 alio,
639 2938 792 3001 Veni,
835 2946 888 2990 et

471 3009 616 3062 venit
639 3025 653 3072 ;
689 3018 742 3060 et
780 3020 935 3061 servo

468 3092 592 3133 meo
629 3077 769 3140 dico,
811 3075 916 3130 Fac

473 3147 594 3212 hoc,
639 3155 693 3200 et
730 3145 877 3200 facit.

986 393 1249 452 EUSEBII
1285 390 1620 450 VERCELL.
1663 388 2098 446 EVANGELIUM
2127 388 2268 446 CUM
2302 387 2530 446 VARIIS
2565 388 2720 445 COD.
2757 387 3142 446 οοιιΑτυΜ.
3186 434 3193 442 .

3579 382 3684 441 184

2547 501 2774 557 CODEX
2810 499 3255 556 VERONENSIS.

2118 591 2349 662 Moyses,
2366 593 2420 645 in
2439 601 2516 646 te.
2939 594 3023 662 I0.
3069 592 3298 647 Audiens
3325 598 3507 648 autem

2119 661 2428 732 stimonium
2449 661 2573 718 illis.
2933 661 3089 716 Iesus
3107 665 3327 717 miratus
3368 728 3399 732 _
3427 689 3455 730 _-

2118 731 2181 784 5.
2221 728 2349 801 Post
2377 733 2507 801 haec
2536 741 2734 798 autem,
2934 739 3036 801 est,
3063 740 3119 801 et
3145 728 3485 801 sequentibus

2117 814 2238 852 cum
2271 799 2543 856 introisset
2933 813 2993 856 se
3007 799 3171 854 dixit:

2118 866 2492 934 Chafarnaum,

2117 937 2338 990 accessit
2359 937 2426 990 ad
2451 954 2570 993 eum

2118 1005 2330 1073 quidam
2357 1008 2632 1072 Centurio,

2118 1090 2309 1144 rogans
2332 1089 2476 1141 eum,

2116 1155 2176 1196 et
2192 1143 2378 1196 dicens
2411 1162 2426 1198 :

2120 1211 2172 1266 6.
2217 1213 2454 1293 Domine,
2483 1230 2616 1284 puer

2116 1296 2267 1335 meus
2285 1294 2428 1350 jacet

2115 1352 2168 1419 in
2199 1351 2356 1404 domo
2385 1367 2536 1419 para-

2115 1418 2328 1488 Iyticus,
2360 1418 2414 1474 et
2442 1424 2580 1477 male

2117 1498 2410 1555 torquetur.

2116 1558 2170 1610 7.
2212 1558 2300 1610 Ait
2326 1557 2400 1614 illi
2422 1559 2580 1616 Iesus
2609 1581 2624 1616 :

2116 1625 2231 1694 Ego
2247 1623 2487 1694 veniam,

2117 1707 2170 1747 et
2200 1695 2398 1749 curabo

2934 870 3100 924 Amen
3121 869 3242 924 dico
3256 869 3428 935 vobis,

2903 959 2907 963 ’
2932 953 3035 992 non
3062 940 3237 993 inveni

2932 1018 3130 1061 tantam
3155 1009 3312 1062 Iidem

2932 1079 2984 1130 In
3015 1075 3258 1130 Istrahel.

2934 1146 3020 1200 II.
3064 1147 3190 1199 Dico
3214 1154 3394 1200 autem

2933 1214 3106 1279 vobis,
3135 1217 3276 1284 quod

2938 1285 3087 1336 multi
3118 1287 3184 1335 ab
3211 1285 3440 1346 oriente,

2935 1363 2991 1407 et
3017 1352 3292 1406 occidente

2934 1423 3176 1486 venient,
3207 1432 3263 1475 ct

2929 1491 3243 1544 recumbent

2929 1574 3048 1612 cum
3080 1559 3247 1613 Abra-

2935 1629 3077 1692 ham,
3099 1637 3153 1681 et
3174 1627 3305 1696 Isac,

2934 1708 2987 1751 et
3011 1697 3174 1751 Iacob
3202 1699 3252 1752 in

2937 1781 3102 1836 regno
3127 1769 3430 1836 caelorum:

2939 1835 3028 1890 12⁷.
3071 1835 3166 1889 ﬁlii
3186 1847 3360 1890 autem

2938 1906 3087 1971 regni
3118 1905 3272 1973 hujus

2931 1975 3085 2026 ibunt
3114 1973 3166 2025 in
3197 1975 3446 2028 tenebras

2931 2041 3227 2096 exteriores
3254 2061 3267 2096 :
3301 2043 3374 2096 ibi

2933 2111 3035 2165 erit
3059 2109 3217 2164 ﬂetus
3243 2152 3258 2175 ,

2930 2190 2985 2234 et
3017 2178 3213 2232 stridor
3241 2179 3500 2233 dentium.

2933 2248 3022 2302 15.
3063 2249 3128 2300 Ει
3147 2248 3280 2302 dixit
3297 2249 3455 2304 Iesus

2938 2318 3248 2372 Centurioni
3277 2337 3292 2371 :

2938 2386 3124 2450 Valde,
3156 2388 3295 2440 sicut
3321 2399 3438 2440 cre-

2943 2455 3124 2509 didisti
3152 2455 3244 2509 Iiat
3273 2456 3362 2510 tibi
3388 2493 3404 2519 ,

2118 1777 2262 1818 eum.

2117 1835 2168 1886 8.
2213 1832 2279 1885 Et
2297 1835 2626 1902 respondens

2113 1902 2389 1967 Centurio,
2424 1905 2497 1958 ait
2535 1906 2656 1959 illi:

2114 1971 2337 2024 Domine
2367 1987 2471 2025 non

2116 2053 2233 2091 sum
2259 2040 2448 2107 dignus
2469 2051 2527 2094 iit

2119 2109 2284 2160 intres
2309 2109 2408 2160 sub
2437 2117 2513 2164 te-

2117 2187 2261 2230 ctum
2288 2191 2462 2232 meum
2487 2197 2501 2233 :
2530 2181 2624 2233 sed

2118 2255 2322 2298 tantum
2345 2245 2430 2299 dic
2464 2262 2583 2301 ver-

2119 2313 2208 2378 bo,
2238 2323 2294 2368 et
2315 2316 2587 2370 sanabitur

2120 2383 2176 2436 9.
2216 2397 2362 2450 puer.
2387 2385 2517 2440 Nam
2543 2395 2598 2440 et

2119 2467 2220 2520 ego
2246 2451 2406 2519 homo
2429 2469 2547 2508 sum

2123 2522 2222 2574 sub
2244 2532 2503 2588 putestate
2943 2525 3009 2578 Et
3029 2535 3245 2580 sanatus

2123 2593 2464 2660 constitutus,
2939 2604 3022 2647 est
3049 2609 3181 2660 puer
3208 2609 3280 2648 ex

2123 2659 2325 2713 habens
2348 2662 2448 2715 sub
2939 2663 3030 2716 illa
3053 2659 3215 2717 hora.

2124 2743 2212 2782 me
2240 2729 2456 2793 milites,
2484 2740 2539 2785 et
2943 2731 3029 2784 14.
3059 2733 3122 2784 Et
3146 2745 3271 2785 cum
3295 2730 3475 2784 venis-

2125 2798 2247 2852 dico
2276 2798 2397 2854 huic
2420 2819 2433 2852 :
2464 2799 2634 2865 Vade,
2941 2809 3025 2854 set
3046 2799 3204 2854 Iesus
3227 2800 3283 2853 in

2127 2877 2183 2920 et
2205 2867 2350 2920 vadit
2373 2885 2388 2931 ;
2419 2878 2470 2923 et
2944 2868 3162 2923 domum
3188 2869 3366 2933 Petri,

2125 2937 2254 2999 alio,
2287 2936 2444 3003 Veni,
2475 2947 2530 2992 et
2947 2938 3077 2991 vidit
3105 2952 3318 2993 socrum

2130 3006 2301 3068 venit;
2330 3019 2384 3059 et
2411 3022 2565 3060 servo

2130 3089 2254 3129 meo
2283 3074 2424 3139 dico,
2456 3075 2562 3130 Fac

2135 3143 2257 3208 hoc,
2285 3154 2340 3197 et
2385 3146 2527 3197 iacit.

2948 3010 3066 3074 ejus
3088 3007 3378 3074 jacentem,

2949 3085 3005 3129 et
3033 3076 3420 3130 febricitantem
3449 3091 3462 3128 :

2948 3147 3038 3200 15.
3079 3155 3134 3200 et
3163 3146 3332 3214 tetigit
3355 3159 3571 3200 manum

2597 3281 2823 3338 CODEX
2862 3280 3248 3339 BRIXIANUS.

2140 3370 2346 3440 Moyses
2395 3373 2449 3425 in
2502 3372 2860 3426 testimonium
2928 3371 3052 3426 illis.
3118 3372 3245 3426 Post
3310 3371 3444 3424 haec
3501 3381 3702 3440 autem

2135 3439 2253 3494 eum
2310 3443 2580 3495 introisset
2629 3441 2679 3494 in
2736 3440 3125 3509 Capharnaum.
3182 3443 3404 3495 accessit
3451 3439 3519 3494 ad
3577 3452 3702 3493 enm

2129 3510 2379 3565 Centurio
2426 3526 2618 3579 rogans
2669 3526 2790 3564 eum
2841 3522 2893 3564 et
2921 3511 3124 3564 dicens.
3148 3511 3369 3562 Domine
3394 3523 3525 3577 puer
3550 3523 3703 3579 meus

2125 3580 2264 3648 jacet
2311 3582 2361 3632 in
2411 3577 2570 3633 domo
2620 3581 2959 3648 paralyticus.
3003 3590 3056 3632 et
3112 3580 3248 3648 male
3292 3587 3588 3648 torquetur.
3637 3577 3700 3631 Et

2131 3645 2205 3702 ait
2248 3650 2326 3702 illi
2369 3649 2542 3702 Iesus.
2598 3645 2708 3716 Ego
2755 3645 2974 3702 veniens
3024 3647 3224 3701 curabo
3283 3662 3426 3701 eum.
3471 3645 3538 3716 Et
3583 3660 3700 3699 res-

2133 3719 2370 3785 pondens
2407 3720 2456 3770 ei
2485 3715 2740 3769 Centurio
2796 3719 2869 3768 ait
2915 3717 3135 3770 Domine
3177 3733 3278 3770 non
3335 3732 3454 3770 sum
3505 3715 3697 3784 dignus

2133 3796 2192 3839 ut
2232 3787 2398 3839 intres
2439 3788 2536 3838 sub
2566 3795 2760 3838 tectum
2803 3801 3000 3838 meum.
3043 3786 3136 3840 sed
3178 3796 3378 3840 tantum
3419 3786 3506 3839 dic
3531 3787 3696 3838 verbo

2137 3867 2187 3924 et
2231 3855 2501 3907 sanabitur
2554 3870 2684 3922 puer
2741 3871 2909 3909 meus.
2959 3855 3086 3908 Nam
3130 3867 3183 3909 et
3223 3871 3321 3924 ego
3365 3856 3525 3909 homo
3574 3870 3694 3924 sum

2137 3923 2338 3976 habens
2367 3925 2464 3977 sub
2503 3934 2817 3992 potestatem
2867 3935 3039 3977 meam
3081 3923 3276 3977 milites
3311 3935 3365 3977 et
3407 3924 3528 3978 dico
3572 3923 3696 3976 huic

2137 3993 2283 4046 Vade
2311 4002 2364 4046 et
2393 3993 2554 4045 vadit.
2587 4004 2640 4046 et
2667 3994 2772 4046 alio
2800 3993 2952 4046 Veni.
2986 4004 3041 4046 et
3066 3996 3259 4048 veniet.
3285 4001 3338 4046 et
3374 4006 3530 4047 servo
3552 4006 3692 4045 meo.

2138 4061 2246 4115 Fac
2271 4062 2370 4116 hoc
2393 4071 2446 4114 et
2467 4061 2609 4114 facit.
2631 4063 2863 4115 Audiens
2892 4071 3065 4114 autem
3088 4061 3242 4114 Iesus
3270 4062 3489 4114 miratus
3516 4067 3618 4112 est.
3645 4069 3698 4112 et

2140 4131 2278 4183 dixit
2344 4132 2686 4197 sequentibus
2736 4146 2812 4184 se.
2866 4131 3034 4184 Amen
3098 4131 3217 4184 dico
3263 4129 3432 4182 vobis.
3493 4143 3590 4197 nec
3643 4129 3695 4180 in

2142 4199 2338 4256 Israhel
2349 4196 2543 4253 tantam
2558 4200 2711 4256 Iidem
2728 4201 2924 4254 inveni.
2944 4202 3252 4252 choautem
3266 4196 3546 4265 vobisquia
3565 4199 3697 4248 mul-

2143 4272 2179 4322 ti
2193 4271 2258 4324 ab
2272 4280 2294 4305 ίι
2315 4270 2518 4326 oriente
2547 4282 2599 4323 et
2626 4269 2900 4324 occidente
2928 4271 3204 4324 venientet
3223 4267 3694 4322 discumbentcuin

2143 4339 2409 4394 Abraham
2439 4347 2492 4393 et
2535 4339 2684 4394 Isaae
2714 4350 2769 4393 et
2794 4338 2959 4393 Iacob
2997 4343 3047 4391 in
3070 4353 3235 4407 regno
3262 4338 3555 4391 caelorum.
3600 4335 3695 4407 iiiii

2145 4419 2322 4462 autem
2347 4410 2497 4477 regni
2527 4409 2680 4476 hujus
2720 4411 3051 4477 expellentur
3084 4405 3155 4460 in“
3179 4407 3430 4477 tenebras
3463 4405 3698 4477 exterio-

2148 4493 2257 4529 res.
2288 4478 2355 4530 ibl
2383 4473 2488 4532 e'rit
2517 4473 2676 4532 ﬂetus
2700 4490 2753 4531 et
2779 4473 2976 4531 stridor
3002 4478 3260 4531 dentium.
3293 4474 3362 4529 Et
3384 4475 3518 4527 dixit
3541 4473 3698 4528 Iesus

2149 4545 2454 4598 Centurioni
2491 4546 2634 4599 Vade
2661 4555 2714 4599 et
2738 4548 2873 4600 sicut
2903 4547 3172 4600 credidisti
3204 4546 3296 4598 Iiat
3323 4537 3417 4597 tibi
3439 4541 3509 4598 Et
3533 4556 3696 4596 satia-

2154 4623 2235 4666 tus
2259 4624 2341 4667 est
2369 4629 2498 4680 puer
2524 4615 2574 4666 in
2607 4615 2693 4666 illa
2740 4616 2890 4668 hora.
2935 4617 2999 4670 Et
3026 4631 3147 4671 cum
3182 4614 3419 4667 venisset
3453 4611 3616 4667 Iesus
3641 4614 3699 4668 in

2152 4682 2366 4734 domum
2398 4683 2542 4754 Petri
2562 4683 2702 4754 vidit
2728 4698 2937 4738 socrum
2965 4686 3080 4754 ejus
3105 4685 3366 4754 jacentem
3396 4692 3451 4737 et
3478 4681 3695 4739 febrici-

2155 4761 2370 4820 tantem.
2400 4762 2454 4804 et
2480 4751 2507 4789 ιδ
2537 4753 2654 4821 tigit
2683 4769 2767 4807 ina

1160 4880 1551 4938 VARIANTES
1579 4879 1948 4938 LECTIONES
1976 4881 2236 4939 CODICIS
2272 4885 2382 4940 MS.
2423 4885 2481 4941 S.
2519 4883 3015 4946 GERMANENSIS.

539 5011 556 5039 ί
592 5005 709 5054 Post
729 5003 849 5050 haec
873 5003 1036 5047 autem
1058 5009 1166 5044 cum

537 5072 559 5099 ι
592 5064 785 5127 quidam

539 5131 560 5160 ³
592 5119 796 5175 veniens
813 5119 990 5169 curabo

534 5189 560 5220 δ
591 5186 681 5235 sub
702 5189 939 5246 po_test_ate
963 5177 1246 5228 constitutus
1265 5181 1317 5225 et
1336 5175 1491 5225 habeo

539 5250 561 5279 ³
592 5242 718 5305 dico,
743 5243 837 5292 Fac
860 5242 950 5288 hoc

550 5473 574 5500 ἰ
600 5461 787 5517 extrita
818 5465 902 5512 est
926 5456 1155 5523 aspirata
1183 5455 1235 5505 h.

548 5532 574 5568 ιι
603 5533 736 5584 forte
755 5522 1004 5582 excidere
1029 5523 1338 5591 Antiquario
1365 5522 1569 5590 priores
1597 5523 1787 5578 littera:
1818 5533 1882 5578 te.

412 5651 419 5656 .
554 5611 574 5635 ο
606 5600 860 5652 Dhservat
889 5598 1055 5649 Lucas
1084 5594 1366 5660 Brugcnsis
1392 5593 1445 5645 in
1469 5593 1618 5646 Notis
1635 5595 1699 5647 ad
1726 5595 1899 5647 varias
1923 5592 2030 5647 Iec-

484 5670 650 5720 tiunes
677 5668 996 5720 editionibus
1036 5663 1236 5718 Graecis
1266 5661 1858 5730 Evangeliigsecundum
1901 5663 2031 5718 Mat-

481 5746 692 5797 itneum,
723 5735 772 5786 in
804 5732 1072 5788 nonnullis
1111 5727 1501 5800 cxemplaribbs
1529 5727 1730 5788 Graecis
1757 5732 1870 5788 hac
1913 5745 2034 5788 esse

2204 4999 2225 5027 θ
2258 4999 2305 5044 in
2326 4997 2456 5046 nullo
2480 5004 2680 5056 tantam,
2703 5007 2798 5049 etc.

2203 5061 2220 5087 "
2258 5058 2398 5118 hujus
2421 5061 2557 5107 ibunt
2578 5061 2625 5106 in

2202 5120 2223 5149 ⁸
2255 5120 2503 5168 oculorum

2203 5183 2222 5211 ο
2257 5193 2319 5227 ex
2340 5180 2419 5227 illa
2443 5181 2559 5229 hora
2585 5183 2629 5227 °.
2653 5180 2713 5231 Et
2733 5193 2994 5230 conversus
3017 5181 3246 5232 Centurio
3268 5185 3314 5232 in
3348 5183 3539 5238 domum
3561 5198 3698 5236 suam

2142 5242 2314 5290 eadem
2335 5241 2449 5289 hora
2474 5242 2656 5290 invenit
2679 5255 2880 5304 puerum
2899 5254 3081 5291 sanum.
3102 5242 3161 5294 Et
3178 5258 3344 5307 quum,
3371 5246 3466 5296 etc.

1768 5340 2122 5405 BLANCHINI
2161 5341 2384 5396 ΝΟΤᾹΣ.

2125 5453 2300 5508 additi
2351 5464 2471 5523 post
2495 5471 2707 5511 versum
2737 5459 2804 5514 I3
2832 5477 2846 5514 :
2893 5458 2959 5512 Et
2987 5477 3213 5516 reversus
3238 5462 3476 5518 Centurio
3501 5463 3556 5517 in
3597 5462 3667 5518 do

2127 5540 2266 5603 {nunt
2296 5542 2440 5578 suam
2465 5529 2517 5580 in
2563 5528 2653 5580 illa
2696 5529 2808 5598 ipsa
2834 5530 2980 5594 hora,
3011 5533 3196 5603 invenit
3231 5532 3446 5603 pueritia
3487 5549 3686 5590 nam.
3717 5555 3721 5558 ’

2129 5591 2280 5648 Unde
2309 5604 2512 5668 certum
2542 5591 2727 5652 exstat
2743 5615 2846 5652 non
2877 5591 3076 5655 temere
3102 5591 3269 5655 fuisse
3293 5607 3490 5668 scripta
3516 5605 3585 5658 ab
3604 5602 3699 5659 In;

2131 5672 2370 5730 terprete
2402 5667 2586 5719 Latino
2614 5681 2714 5721 ms.
2744 5669 2942 5726 codicis
2969 5669 3030 5725 S.
3061 5669 3334 5725 Germani.
3363 5667 3560 5728 center
3585 5673 3686 5730 ista

2131 5735 2251 5786 cum
2283 5733 2458 5789 verbis
2487 5735 2640 5791 Lucae
2661 5751 2779 5806 cap.
2816 5753 2906 5803 vit,
2937 5753 3080 5795 vers.
3107 5735 3192 5791 10.
3383 5801 3388 5806 ,
3631 5784 3633 5786 ,
