3902 6444
106 446 194 501 675

998 438 1139 497 DUO
1180 439 1630 499 K.\l.F.t\'li\RlA
1671 436 2000 506 ANTIQUA.
2047 436 2440 495 ΡΒΕΡΑΤῙΟ.

3278 443 3385 499 671.

104 559 315 632 ejusdem
350 556 740 628 propemodum
774 557 985 623 formm,
1017 570 1071 611 at
1120 559 1276 614 anuis
1311 559 1423 615 fere
1454 569 1671 615 centum
1702 559 1753 618 Α
1782 557 2037 609 ininciuia-
2052 557 2337 625 digitorum
2358 569 2700 608 marmoreum
2725 554 2876 625 legite
2892 555 2961 607 ad
2982 554 3387 611 missasetwrca

106 669 230 723 prius
270 651 541 719 vulgatum
576 666 603 703 a
634 650 798 704 Furio
848 651 1097 721 Dionysio
1130 648 1406 705 Philocolo
1428 693 1443 717 ,
1479 661 1533 705 et
1571 649 1670 704 l'a-

101 747 270 799 lentino
297 786 309 808 ,
339 743 527 796 ue~cio
556 742 641 795 cui
672 784 683 805 ,
716 743 1059 813 inscriptum.
1117 742 1247 795 Illud
1281 760 1309 797 e
1342 760 1441 796 me.
1489 742 1675 796 itidem

104 849 293 900 DOstI'o,
343 835 441 888 sed
483 834 867 891 deﬁcientibus
917 843 1148 903 quatuor
1198 838 1498 902 I'llCttslhllS,
1548 837 1675 890 olim

100 932 249 987 edidit
274 928 521 999 IEgidius
552 930 853 985 Bucherius
886 930 936 984 iu
970 931 1365 985 commentario
1396 932 1461 984 de
1493 931 1678 985 Victo-

100 1025 153 1079 rii
200 1021 447 1088 Aquitani
508 1037 715 1076 eauonc
770 1024 1045 1089 paschali;
1098 1037 1240 1093 quod
1294 1025 1677 1080 Kalendarium

98 1130 226 1170 anno
253 1113 450 1169 Christi
480 1116 683 1185 vulgari
714 1132 901 1170 cccuv
933 1118 1305 1186 conscriptum
1346 1118 1463 1171 l'oit.

160 1207 207 1261 4.
235 1206 305 1261 De
330 1208 633 1278 supradicto
662 1207 987 1263 Kalendario
1017 1212 1273 1278 pra'fotar
1298 1208 1681 1262 Huc/terius.—

97 1303 166 1358 Ad
209 1301 591 1357 Kalendarium
639 1302 766 1355 illud
816 1304 893 1355 sic
936 1302 1199 1371 praefatur
1235 1302 1536 1355 Bucbcrius
1573 1320 1585 1354 :
1621 1302 1683 1356 Si

95 1402 217 1469 quod
241 1402 302 1454 de
328 1398 515 1453 horum
555 1400 917 1469 opusCHlornn.
949 1402 1091 1468 (qua:
1119 1416 1185 1453 ex
1218 1400 1411 1453 eodu'nt
1448 1416 1547 1452 tus.
1588 1416 1685 1451 no-

93 1500 195 1545 stro
216 1492 321 1561 jam
355 1496 711 1561 impresserat
743 1508 842 1544 suo
876 1492 926 1545 in
961 1496 1387 1559 continu-utario)
1418 1504 1566 1546 (elate
1589 1494 1685 1544 dn-

94 1584 220 1636 bium
263 1595 582 1647 superesset,
627 1587 721 1637 hoc
752 1587 904 1637 unico
958 1583 1278 1637 Kalendario
1326 1585 1441 1637 tolli
1494 1597 1683 1651 posset.

93 1676 385 1745 Pi'tccipuas
417 1680 551 1731 enim
581 1677 907 1731 Constantini
940 1677 1118 1747 Magni
1161 1680 1357 1745 [ilia/ne
1397 1677 1685 1731 Constantii

91 1772 145 1822 de
172 1770 400 1840 tyrannis
432 1770 764 1838 barbarisque
793 1771 1056 1830 victorias,
1081 1771 1215 1821 velut
1244 1770 1412 1821 adhuc
1442 1772 1684 1833 calentes,

88 1864 300 1924 exhibet,
335 1874 381 1916 et
414 1864 522 1916 suis
567 1862 747 1916 diebus
794 1864 1045 1928 assignat.
1096 1860 1234 1926 Quin
1266 1875 1309 1915 et
1340 1865 1390 1914 in
1426 1861 1687 1914 (lanarum

1782 652 2092 721 campanula
2130 650 2199 701 ad
2244 650 2575 702 elevationem
2607 649 2829 713 hostiw;
2861 664 2976 716 qua:
3006 649 3114 716 ipse
3145 650 3385 702 oculatus

1782 748 1884 798 ridi
1913 756 2170 799 scrutator
2195 744 2569 797 exactissimus.
2596 740 2721 797 Η.υο
2748 741 3017 808 Lubinus,
3042 742 3131 812 qui
3156 742 3384 798 nimium

1783 854 1881 891 nos
1915 850 2154 891 moratus
2183 836 2272 889 hic
2300 846 2405 891 est.

2051 932 2317 1003 appellata
2344 940 2420 983 est
2440 972 2454 995 ,
2488 945 2589 983 non
2620 929 2683 981 ab
2713 928 2821 981 alio
2856 927 3136 981 Valentino
3163 929 3250 997 qni
3275 928 3396 984 inde

1786 1041 1885 1075 non
1920 1033 2085 1093 potest
2115 1023 2217 1075 dici
2256 1024 2567 1075 christianus
2600 1038 2730 1076 esse.
2754 1051 2824 1061 —
2849 1021 2953 1076 l~la
2988 1022 3149 1091 igitur
3190 1022 3251 1090 S.
3287 1021 3392 1075 Va-

1786 1118 1971 1171 lentini
2015 1120 2234 1171 basilica
2265 1116 2331 1169 al)
2362 1117 2478 1185 ipso
2511 1128 2700 1170 sancto
2732 1116 2812 1170 sic
2845 1115 3189 1169 denominata
3224 1116 3390 1170 exsti-

1788 1212 1849 1264 tit
1894 1228 1996 1264 uou
2041 1226 2070 1264 a
2112 1211 2397 1263 Valentino
2441 1210 2712 1279 quondam
2761 1208 2882 1278 ejus
2928 1210 3250 1274 conditore,
3304 1207 3395 1278 qui

1788 1306 1965 1359 nullus
1999 1305 2084 1359 hic:
2116 1304 2232 1357 fuit.
2287 1302 2474 1370 Neque
2516 1304 2561 1357 is
2607 1302 2701 1355 illo
2751 1318 2818 1357 ex
2860 1302 3040 1371 capitc
3080 1302 3184 1355 dici
3218 1310 3397 1372 potest

1787 1396 2118 1451 Christianus
2151 1396 2338 1450 fuisse.
2372 1395 2427 1449 Si
2451 1395 2578 1464 quid
2605 1396 2789 1449 indicii
2819 1394 3057 1449 hominis
3084 1394 3390 1459 christiani,

1789 1500 1881 1542 aut
1917 1507 1966 1541 ιιι
1997 1490 2298 1558 scriptore,
2333 1498 2426 1542 aut
2458 1490 2508 1541 iu
2545 1488 2637 1541 illo
2669 1488 2755 1541 cui
2806 1488 3127 1557 inscriptum
3160 1502 3399 1557 opuscu-

1791 1582 1900 1635 lum
1945 1590 2064 1645 εει,
2097 1584 2391 1650 qlnrritur;
2422 1584 2538 1635 crui
2592 1581 2642 1634 id
2691 1580 2947 1646 deberet,
2978 1582 3059 1635 vel
3109 1595 3171 1635 ex
3216 1580 3399 1635 tabula

1791 1675 1927 1741 picta
1978 1690 2097 1741 qum
2148 1674 2474 1741 prmﬁgitur,
2507 1674 2590 1727 vel
2630 1689 2698 1729 ex
2741 1674 2933 1728 litteris
2972 1673 3398 1729 dominicatihus

1790 1778 1996 1837 septem
2040 1782 2157 1835 quu:
2191 1766 2431 1835 singulis
2458 1766 2652 1820 diebus
2681 1781 2833 1821 more
2858 1769 2903 1821 cl
2930 1765 3278 1821 ristiauorum
3305 1781 3397 1819 or-

1792 1860 1917 1914 dine
1965 1877 2087 1921 suo,
2122 1874 2225 1912 una
2264 1876 2388 1913 tum
2427 1872 2551 1913 octo
2589 1858 2998 1917 nundinalibus.
3030 1869 3396 1928 apponuntur.

88 1955 343 2009 natatibus
382 1955 619 2007 eumdem
651 1954 1046 2015 Constantium,
1082 1972 1208 2015 non,
1243 1965 1297 2006 ut
1324 1956 1546 2023 reliquos
1589 1956 1686 2006 ξιιμ
1718 1946 1765 2006 Β
1796 1956 2020 2025 Reliqua
2056 1956 2200 2009 cnim
2237 1957 2414 2008 omnia
2450 1966 2713 2027 apparent
2750 1958 2973 2025 prol'ana
3004 1969 3146 2010 cs~e.

87 2061 341 2117 peratores
381 2062 611 2102 mortuos
636 2092 648 2112 ,
694 2065 886 2111 mutu;
921 2051 1009 2101 sed
1052 2062 1103 2100 ut
1136 2051 1306 2101 adhuc
1338 2052 1682 2119 superstitem,

86 2155 311 2195 Dristtxt'st
364 2140 620 2210 appellat.
680 2142 933 2197 Unusrnli
985 2144 1204 2208 pretium
1253 2146 1539 2195 accendunt
1588 2161 1685 2195 non

84 2250 267 2302 pauca,
306 2247 411 2285 tuin
446 2234 514 2285 nd
543 2250 780 2289 sacram.
817 2243 924 2286 tum
953 2235 1019 2285 ad
1063 2236 1263 2286 civilem
1299 2236 1574 2287 Instorium
1603 2236 1687 2288 hic

84 2328 305 2394 prodita,
341 2326 465 2379 aliis
496 2327 723 2390 inlaeta;
756 2336 809 2377 ut
842 2336 950 2378 tute
976 2327 1137 2379 lector
1163 2368 1177 2391 ,
1212 2330 1387 2378 statim
1418 2345 1684 2396 agnosces.

84 2419 402 2484 Dolundum,
433 2431 659 2489 quatuor
690 2420 973 2485 mensibus,
1004 2421 1218 2483 Martio,
1245 2421 1438 2491 Aprili,
1477 2421 1619 2474 Maio
1647 2431 1691 2474 et

80 2511 236 2566 lanio
290 2526 592 2567 truncatum
623 2515 692 2567 ad
724 2532 814 2567 nos
844 2520 1208 2585 peruenisse...
1274 2517 1543 2570 Valentino
1577 2518 1688 2569 cni-

84 2607 196 2658 dain
227 2608 556 2670 inscribitur,
582 2608 710 2659 mihi
740 2611 985 2661 hactenus
1006 2610 1217 2677 ignoto;
1251 2610 1350 2660 nisi
1371 2611 1509 2678 quod
1532 2612 1690 2677 paulo

82 2710 197 2752 ante
226 2700 306 2771 (in
337 2702 602 2767 tialolngt)
635 2699 954 2753 PontiliCtttlt
988 2702 1382 2765 HOIItanmum)
1424 2704 1691 2756 basilicuttt

81 2810 109 2845 a
135 2791 281 2847 Julia
314 2794 564 2863 pontifice
602 2795 681 2845 ria
705 2790 994 2855 Flaminia,
1032 2794 1279 2845 tntlltmio
1314 2796 1535 2845 secunda
1564 2811 1691 2847 con—

80 2898 368 2945 structam.
423 2886 683 2940 Valentini
719 2886 1044 2957 appellatam
1077 2896 1266 2939 notem.
1309 2886 1385 2938 An
1419 2887 1553 2939 idem
1593 2888 1692 2952 sit,

83 2986 425 3054 cogitandum
457 2986 713 3052 relinquo.
748 2982 862 3035 {Non
896 2990 1102 3050 putem.

147 3079 197 3132 5.
247 3076 492 3131 Ecclesia
538 3076 601 3129 S.
664 3074 928 3129 Valentini
967 3075 1029 3127 ab
1062 3075 1177 3142 ipso
1220 3084 1397 3127 sancto
1428 3076 1695 3144 appellata

80 3172 432 3237 cst—Quia
486 3171 609 3225 istic
657 3171 760 3225 loci
811 3170 895 3221 \‘ia
948 3168 1211 3223 Flaminia
1258 3170 1397 3222 haud
1452 3172 1693 3237 procula

81 3276 242 3333 ponte
270 3264 460 3318 Mulvio
494 3262 739 3317 Ecclesia
770 3261 902 3315 olim
936 3260 1121 3323 stetit,
1155 3276 1182 3313 a
1208 3272 1389 3313 sancto
1424 3260 1696 3314 Valentino

79 3359 410 3427 appellata,
466 3371 573 3410 uoo
625 3372 652 3408 a
710 3355 999 3408 Valentino
1068 3354 1302 3421 quodam
1370 3336 1773 3414 conditore;c

79 3466 198 3506 Cum
234 3455 356 3524 ipse
382 3454 565 3507 Julius
596 3466 759 3519 supra
782 3450 995 3505 dicatur
1025 3450 1169 3503 illam
1195 3450 1537 3513 condidisse;
1561 3450 1701 3516 quod

80 3549 241 3601 etiam
278 3548 522 3602 afﬁrmat
568 3545 911 3607 Anasta~ius,
944 3561 1100 3596 unam
1134 3546 1305 3610 ipsum
1333 3545 1600 3597 basilicam
1632 3549 1705 3615 fe-

81 3641 210 3695 cisse
231 3644 404 3713 juxta
447 3644 641 3710 forum.
682 3649 731 3692 et
758 3639 919 3691 aliam
947 3639 1028 3691 vin
1062 3634 1363 3701 Flaminia;
1394 3638 1478 3689 ubi
1512 3649 1565 3693 et
1597 3654 1707 3693 ca:-

83 3734 378 3787 meterium
440 3732 600 3793 fecit,
630 3740 684 3785 et
730 3744 931 3797 corpus
958 3729 1015 3783 S.
1053 3729 1321 3782 Valentini
1351 3771 1365 3793 ,
1398 3731 1585 3783 eadem
1621 3732 1703 3784 via

79 3829 179 3881 sub
212 3828 461 3882 Claudio
509 3830 641 3896 imp.
675 3828 926 3882 decollati
950 3870 962 3889 ,
997 3829 1196 3896 p030".
1234 3827 1437 3881 Eadem
1474 3827 1705 3880 ecclesia

79 3919 283 3989 legitur
307 3920 461 3988 apud
488 3920 742 3974 eumdem
776 3922 1150 3983 Auastssium,
1173 3920 1372 3974 deinde
1398 3919 1578 3989 magni
1612 3934 1706 3973 ιιο-

80 4013 267 4079 minis,
302 4022 363 4069 et
394 4029 423 4064 a
459 4013 625 4066 variis
657 4014 1012 4081 pontiﬁcibus
1046 4024 1430 4077 restauratum,
1461 4022 1705 4067 ornatam

77 4116 129 4161 ct
177 4106 498 4161 honoribus
543 4116 758 4159 auctam
812 4104 1011 4169 fuisse,
1045 4115 1169 4175 puta
1203 4123 1229 4158 a
1264 4105 1575 4170 Theodoro,
1610 4105 1710 4158 sub

77 4215 287 4254 annum
343 4214 591 4263 ncchv;
643 4199 936 4253 Benedicto
972 4199 1012 4253 ll
1042 4241 1055 4263 ,
1084 4216 1366 4262 nccxuv;
1398 4199 1636 4253 Adriano
1666 4199 1706 4263 l,

78 4308 374 4356 pecuni;
414 4292 601 4346 Leone
631 4290 697 4346 Ill
718 4333 733 4357 ,
761 4302 814 4346 et
846 4291 1114 4361 Gregorio
1146 4291 1235 4347 iV.
1268 4291 1400 4347 Cum
1442 4306 1572 4346 vero
1609 4290 1709 4344 du-

76 4387 207 4442 dum
256 4386 418 4441 saria
473 4394 776 4454 temporum
822 4382 1037 4438 fortuna
1083 4385 1534 4453 lueritcullopsa.
1574 4387 1709 4437 situs

78 4489 264 4537 tamen
300 4480 433 4549 ejus
464 4479 726 4532 memoria
758 4494 863 4533 non
900 4479 1128 4531 omnino
1153 4477 1391 4539 interiit;
1418 4477 1710 4531 scribenti-

76 4573 176 4629 bus
209 4573 517 4635 Pauvinio,
546 4570 707 4625 Bosio
750 4580 805 4625 et
849 4570 1209 4635 Floravmite,
1246 4570 1410 4623 luisse
1455 4570 1505 4623 in
1555 4571 1711 4623 vinea

76 4667 286 4724 ibidem
324 4665 443 4721 loci
469 4707 484 4730 ,
518 4680 635 4733 qua-
666 4679 809 4718 nunc
842 4664 1067 4718 fratrum
1101 4664 1157 4717 S.
1191 4663 1477 4732 Augustini
1510 4674 1613 4719 cst.
1645 4663 1712 4718 Et

2065 2049 2525 2103 cliristiainis~esse
2571 2065 2589 2102 .'
2641 2048 2823 2102 Posset
2877 2053 3013 2119 forte
3061 2048 3295 2103 aliunde.
3330 2077 3406 2090 —

1793 2144 1996 2198 Tabula
2023 2143 2078 2197 in
2112 2144 2449 2210 lronIiSpicio
2483 2144 2656 2213 posita
2688 2152 3047 2213 repra-seotat
3076 2154 3288 2214 portam
3317 2143 3405 2199 cui

1798 2249 1973 2293 velum
2008 2240 2395 2308 praslcnditur,
2429 2241 2478 2293 iu
2506 2254 2680 2307 eoque
2712 2254 2928 2293 summo
2957 2240 3077 2295 Ιηεο
3109 2238 3403 2307 scriptum,

1803 2332 2075 2385 l'alcntine
2098 2375 2111 2394 ,
2145 2334 2335 2401 ﬂoreus
2366 2335 2419 2385 in
2450 2330 2581 2385 Deo.
2621 2330 2674 2386 In
2709 2332 2888 2386 medio
2919 2333 3258 2401 conspicitur
3288 2345 3406 2385 mo-

1798 2440 2139 2491 nogranuna,
2164 2426 2369 2478 ciiculo
2395 2426 2663 2479 inclusum
2694 2441 2814 2479 cum
2846 2424 2945 2477 lliS'
2966 2442 2997 2478 e
3021 2425 3236 2482 litteris.
3258 2422 3409 2479 varie

1796 2518 1939 2572 inter
1968 2533 2026 2571 se
2057 2518 2302 2587 implexis
2331 2536 2341 2566 :
2371 2517 2409 2571 Ι.
2444 2516 2507 2569 Β.
2538 2519 2602 2570 Α.
2636 2516 2697 2570 F.
2734 2516 2799 2569 γ.
2831 2516 2894 2571 Τ.
2930 2516 2991 2570 Ε.
3030 2515 3278 2584 (Edipus
3307 2531 3409 2570 cx-

1800 2613 1954 2679 ιιιιςιιι
1976 2651 1989 2673 ,
2023 2625 2131 2663 non
2164 2626 2283 2680 ego.
2320 2609 2459 2663 lnl'ra
2504 2609 2611 2663 dno
2652 2610 2795 2678 genii
2828 2609 2952 2663 hinc
2980 2620 3034 2664 et
3064 2608 3189 2663 inde
3216 2616 3409 2664 tenent

1799 2704 2033 2756 tabulam
2051 2703 2362 2773 oblongum,
2381 2704 2885 2772 incojusutrimquc
2902 2704 3053 2757 ansis
3077 2705 3190 2757 haec
3208 2703 3405 2758 verba;

1801 2795 1994 2849 Fuiius
2020 2796 2303 2867 Dionysius
2332 2796 2635 2850 Philocalus
2663 2798 2926 2860 titularit;
2972 2798 3024 2851 in
3054 2798 3233 2850 tabula
3278 2811 3413 2852 vero

1802 2888 1937 2955 ipsa,
1960 2890 2142 2940 ιιιυιιιο
2182 2888 2300 2943 loco
2340 2900 2393 2943 et
2432 2889 2747 2957 majuscmis
2770 2890 3032 2957 scriptum
3064 2908 3076 2941 :
3110 2888 3407 2954 Valentine,

1802 2983 1911 3053 lege
1927 2984 2029 3052 {e'ii
2050 2984 2171 3045 iter;
2191 2983 2536 3037 dextrorsum
2562 2996 2741 3037 autem
2772 3003 2783 3038 :
2824 2983 3107 3045 Valentine,
3128 2985 3284 3046 vivas.
3311 2985 3413 3053 ﬂo-

1802 3092 1911 3127 t'etts
1928 3092 1945 3137 ;
1977 3084 2032 3129 et
2052 3077 2427 3130 sinistrorsum
2452 3098 2465 3132 :
2490 3076 2776 3135 l’alentine.
2803 3078 2958 3143 vivas,
2981 3078 3223 3148 gaudeas.
3253 3077 3415 3133 Genii

1801 3170 1887 3238 qui
1918 3179 2132 3234 portant
2161 3169 2287 3222 alati
2311 3178 2457 3231 sUnt,
2482 3183 2645 3240 atque
2675 3170 2844 3224 rideri
2876 3181 3124 3238 passum,
3152 3171 3196 3225 si
3240 3170 3414 3226 ubera

1804 3274 2019 3332 spectes
2071 3264 2477 3332 protuberantia
2505 3305 2520 3330 ,
2565 3264 2853 3333 gentilium
2901 3279 3021 3319 esse
3077 3265 3320 3334 pictura;
3367 3264 3415 3321 si

1809 3357 2053 3425 pudenda
2090 3358 2248 3425 peplo
2278 3357 2515 3411 Sollicita
2549 3366 2716 3419 tecta,
2748 3358 2970 3428 angelos
2997 3358 3418 3415 diceres:certe

1808 3452 2101 3504 orcultatio
2131 3451 2265 3515 lurc,
2296 3451 2595 3519 gentilibus
2626 3452 2865 3517 insolita,
2898 3452 3099 3521 aliquid
3130 3452 3416 3509 modestitn

1809 3551 1971 3613 atque
2018 3544 2359 3597 verecundia:
2404 3543 2719 3599 christiana:
2770 3546 2934 3612 sapit.
2972 3545 3077 3601 Sed
3117 3561 3293 3616 neque
3332 3545 3421 3600 in-

1809 3637 2035 3704 scriptio
2065 3637 2249 3704 ﬂoreas
2271 3638 2323 3689 in
2348 3633 2482 3699 Deo,
2510 3637 2884 3704 gei.tilismuni
2913 3638 3060 3692 olet:
3087 3653 3262 3708 neque
3287 3653 3421 3709 gen-

1811 3728 1920 3781 tilis
1948 3726 2105 3783 facile
2136 3728 2283 3781 trudi
2319 3738 2499 3797 potest
2529 3728 2582 3783 in
2611 3745 2711 3781 suo
2739 3727 3068 3784 Kalendario
3096 3730 3418 3800 apposuisse

1811 3832 1969 3875 notas
2020 3822 2444 3876 chrisdauorum
2503 3822 2882 3877 dominicales.
2954 3822 3189 3878 Facilius
3238 3831 3421 3894 potest

1810 3914 1999 3978 credi,
2049 3914 2409 3969 christianum
2470 3916 2585 3969 suis
2635 3915 3054 3970 dominicalibus
3101 3914 3420 3986 adiunxisse

1815 4008 2144 4063 nundinales
2175 4023 2239 4063 ex
2273 4025 2373 4063 usu
2410 4010 2640 4079 antiquo
2680 4008 2746 4063 ad
2788 4010 3199 4080 intelligentiam
3240 4010 3417 4081 genti-

1815 4100 1969 4164 lium,
2004 4112 2125 4155 tunc
2158 4100 2334 4155 adhuc
2367 4102 2529 4155 nimis
2559 4103 2876 4157 multorum.

1884 4195 1938 4249 8.
1977 4194 2050 4249 De
2091 4195 2387 4263 praemissis
2427 4205 2629 4249 statuat
2657 4196 2888 4267 quisque
2915 4204 2974 4250 ut
3012 4194 3181 4250 volet.
3222 4194 3418 4251 Moneo

1813 4287 1882 4343 de
1913 4289 2268 4358 sequentibus
2312 4287 2654 4345 Kalendariis
2688 4304 2877 4359 pauca.
2929 4288 3170 4345 Primum
3217 4290 3360 4359 quod
3390 4303 3422 4343 ει

1816 4382 2087 4437 Bucherio
2116 4383 2323 4438 editum
2352 4383 2503 4448 dixi,
2540 4398 2646 4437 non
2678 4398 2742 4439 ex
2770 4383 2888 4451 ipso
2918 4381 3006 4437 hic
3037 4382 3276 4453 protero,
3301 4381 3427 4452 quia

1817 4489 2019 4545 praeter
2065 4477 2169 4530 alia
2214 4477 2393 4531 minus
2441 4486 2731 4543 eorrecta,
2778 4475 3040 4530 deﬁciunt
3089 4474 3161 4530 itii
3208 4488 3429 4531 nienses

1816 4582 2049 4639 quatuor
2081 4568 2365 4635 :blurtius,
2399 4569 2625 4637 Aprilis,
2653 4569 2825 4623 Maius
2855 4577 2906 4621 et
2937 4567 3152 4622 Junius.
3181 4566 3428 4633 Inspexi—

1819 4681 1937 4718 mus
1981 4679 2078 4719 nos
2125 4662 2343 4717 Vienna:
2383 4662 2621 4719 Ausuia:
2666 4676 2811 4716 anno
2859 4675 3204 4716 uncusxvm
3232 4659 3429 4715 biblic-
3479 4717 3497 4723 ._

74 4759 628 4832 nuperAngustiuus
647 4758 821 4813 Lubin
848 4756 1125 4811 iuNotitia
1150 4756 1705 4823 abbatiarumltaliuc,
1737 4734 1791 4795 D
1819 4758 2028 4812 thecam
2083 4756 2391 4812 Ciesaream
2418 4798 2432 4822 ,
2492 4759 2543 4812 in
2594 4771 2769 4827 eaque
2823 4755 3070 4811 codicem
3108 4753 3425 4822 Cuspiniani

74 4867 197 4923 pag.
228 4853 373 4917 346,
399 4853 488 4907 sic
514 4861 700 4906 narrat
730 4852 796 4906 de
825 4851 1057 4906 ecclesia
1087 4860 1142 4906 et
1169 4851 1485 4906 cmmeteiio
1513 4851 1570 4906 S.
1608 4851 1710 4905 Va-

74 4947 301 5009 lentini,
335 4964 365 4999 a
400 4945 557 5000 .Iulio
586 4946 914 5000 Constructis
949 4962 962 4999 :
1000 4943 1112 4998 Hoc
1152 4948 1264 5011 ipso
1298 4956 1583 5009 momento,
1613 4962 1711 5017 quo

72 5040 170 5094 ista
198 5040 537 5104 scribimus,
571 5040 740 5094 ntedio
768 5042 967 5095 scilicet
993 5038 1255 5095 Januario
1284 5059 1422 5095 anno
1453 5058 1710 5109 nccxcut,

72 5136 255 5206 aliqua
288 5134 457 5189 nobis
491 5150 779 5204 apparuere
804 5136 1040 5205 vestigia.
1076 5135 1214 5189 Dum
1239 5138 1372 5190 enim
1397 5140 1512 5191 novi
1540 5139 1710 5206 cedi/i-

72 5230 141 5283 cii
168 5228 528 5286 construitur
561 5243 744 5281 nntius
767 5269 782 5293 ,
816 5238 1021 5298 reperta
1044 5239 1163 5281 sunt
1192 5230 1347 5299 plura
1378 5232 1608 5295 antiqua:
1638 5247 1720 5284 ec-

74 5326 251 5380 clesia:
322 5321 578 5386 indicia,
639 5323 880 5390 sepulcra
933 5322 1205 5388 videlicet,
1261 5325 1721 5393 sepulcrorumque

73 5418 502 5487 inscriptiones,
531 5414 760 5482 plurima
792 5414 1160 5484 defunctorum
1192 5433 1343 5480 ossa;
1376 5428 1423 5470 et
1451 5419 1722 5473 christiani

74 5512 365 5565 caemeterii
394 5507 775 5579 irrefrngnbile
797 5520 1162 5581 argumentum
1191 5512 1393 5565 conclia
1416 5514 1721 5584 septi/cratis

75 5603 278 5673 lapidis
316 5601 514 5664 Parii,
545 5602 746 5672 egregie
772 5607 978 5664 sculpta
1018 5600 1233 5657 undosis
1265 5607 1549 5663 meandris.
1572 5607 1718 5659 cubi-

78 5699 169 5752 tali
198 5698 387 5751 crucis
436 5696 595 5764 signa
626 5695 1008 5764 supersculpto.
1037 5714 1152 5750 cum
1184 5698 1346 5751 tribus
1378 5701 1571 5751 craniis
1599 5701 1720 5770 plu-

78 5790 334 5862 ribusque
375 5797 713 5841 inortuorum
744 5788 947 5843 ossibus
973 5805 991 5843 :
1014 5789 1147 5856 lapis
1174 5806 1374 5861 quoque
1405 5808 1723 5848 marmoreus

80 5904 198 5941 cum
230 5899 401 5940 cruce
428 5880 705 5936 bicubitali
735 5885 953 5954 desuper
989 5886 1247 5955 insculpta
1294 5900 1311 5939 :
1352 5885 1575 5941 duorum
1605 5904 1724 5959 pro-

1819 4850 2053 4905 similem
2085 4850 2185 4914 illi,
2212 4865 2281 4905 ex
2306 4866 2417 4921 quo
2443 4849 2773 4922 ccgraphum
2801 4848 3054 4904 Bucherii
3082 4849 3425 4919 desumptum

1820 4942 2018 5008 fuerit;
2053 4952 2211 5014 atque
2257 4944 2439 4999 omnia
2487 4946 2557 4999 ab
2604 4946 2721 5015 ipso
2770 4944 3063 5015 impressa,
3095 4942 3274 4999 denuo
3298 4942 3429 4999 inde

1820 5036 2243 5107 descripsimus,
2274 5039 2440 5092 etiam
2486 5037 2896 5103 Kzilcndarium,
2928 5037 2999 5092 de
3036 5049 3145 5105 quo
3192 5036 3428 5107 agimus,

1822 5133 2023 5187 additis
2071 5144 2304 5203 quatuor
2354 5135 2668 5200 mensibus,
2714 5148 2834 5202 qua:
2881 5131 3151 5187 Bucherio
3200 5130 3428 5187 desunt.

1822 5228 1969 5285 Idem
2001 5246 2065 5284 ex
2098 5230 2290 5285 eodem
2322 5228 2513 5284 codice
2542 5228 2865 5297 impresuim
2908 5241 3127 5298 quoque
3167 5225 3317 5281 dedit
3353 5225 3434 5279 in-

1826 5337 2038 5395 tegrum
2083 5323 2279 5377 Petrus
2311 5322 2633 5378 Lambecius
2664 5330 2815 5377 tumo
2856 5330 3056 5393 quarto
3081 5319 3430 5376 BibliOIheca:

1824 5417 2109 5481 Cazsareaa,
2142 5432 2265 5487 pag.
2286 5417 2426 5483 277;
2457 5417 2692 5489 indeque
2719 5418 2893 5488 ipsqu
2926 5415 3015 5471 hic
3038 5413 3352 5470 rccuditnus
3374 5413 3429 5469 in

1829 5512 1998 5583 prima
2042 5510 2360 5581 paginarum
2408 5512 2695 5576 columna;
2743 5509 2796 5565 in
2847 5508 3018 5562 altera
3065 5522 3134 5562 ex
3174 5506 3430 5577 opposito

1830 5606 2149 5676 protluCtul‘i
2177 5619 2208 5660 e
2235 5606 2425 5660 codice
2457 5614 2647 5661 nostro
2693 5617 2793 5658 ms.
2845 5599 3230 5656 Kalendarium
3278 5596 3433 5654 Pole~

1832 5702 1936 5755 mci
1967 5699 2141 5762 Silvii,
2164 5708 2223 5753 ut
2250 5700 2393 5755 inter
2421 5713 2481 5754 se
2510 5698 2728 5769 propius
2760 5711 2856 5767 per
2883 5694 3131 5767 singulos
3154 5695 3275 5750 dies
3300 5707 3433 5748 con-

1831 5792 2055 5849 siderari
2104 5792 2424 5863 possint,et
2477 5791 2727 5858 facilius,
2777 5788 2908 5861 quid
2955 5790 3046 5845 uni
3095 5788 3259 5854 desit,
3300 5784 3435 5858 quid

1833 5887 1990 5945 alteri
2012 5886 2309 5946 accesserit
2328 5930 2344 5958 ,
2373 5889 2572 5946 notari.
