3902 6436
90 470 181 528 693
1277 464 1622 525 EPISTULA
1665 466 2127 537 DEDICATORIA
2142 510 2156 524 .
3257 469 3363 530 694

84 573 270 621 ctantes
298 578 398 620 nos
431 571 489 620 et
521 560 721 632 ingenii
755 561 923 616 nostri
960 561 1221 616 tenuitate.
1252 559 1565 614 diffidentes
1595 558 1647 612 in
1680 568 1883 613 certam
1916 574 2067 628 spem
2101 560 2421 626 excitemur,
2464 560 2582 616 fore
2622 560 2875 616 nimirum
2900 603 2913 625 ,
2948 570 3004 615 ιιι
3042 560 3187 633 quod
3228 575 3258 616 a
3289 561 3368 615 Tc

85 659 339 731 probatum
382 655 589 721 fuerit,
630 663 953 710 cmterorum
992 669 1208 725 quoque
1234 652 1439 723 judicio
1470 651 1907 706 commendatum
1947 666 2084 723 opus
2123 662 2242 709 tuto
2282 653 2333 707 in
2374 654 2716 725 amplissimo
2754 653 3039 709 doctorum
3080 654 3365 710 hominum

82 760 348 823 conspectu
389 752 697 807 consistere
740 750 933 817 possit.
976 747 1111 803 Nam
1153 757 1443 815 antequam
1489 746 1539 798 in
1584 745 1910 812 Alostolicm
1949 744 2105 801 Sedis
2146 747 2306 803 fidem
2358 757 2520 817 atque
2559 748 2874 802 clientelam
2921 760 3104 803 nostra
3158 750 3212 804 in
3268 748 3373 803 lioc

82 860 228 915 opere
262 841 601 916 perficinndo
630 842 803 894 studia
839 840 1242 909 reciperentur,
1280 838 1344 890 iis
1375 835 1598 891 latebris
1637 844 1797 905 atque
1837 836 2104 906 angustiis
2143 837 2348 893 inclusa
2376 879 2389 900 ,
2430 838 2623 906 quibus
2667 838 2857 905 privati
2898 837 3151 893 homines
3187 839 3367 897 solent

80 938 351 1003 contineri,
399 952 575 1007 neque
613 949 935 1005 emergere,
980 947 1153 1001 neque
1216 930 1488 1000 publicam
1541 927 1714 982 lucem
1756 926 1955 983 intueri
1996 928 2195 983 nedum
2251 930 2523 985 sustinere
2562 929 2874 994 audebant,
2916 939 2975 985 ut
3028 929 3261 987 fortasse
3312 930 3368 985 in

82 1042 245 1088 nostro
273 1029 678 1102 quodammodo
708 1031 831 1083 sinu
865 1024 1253 1080 commoritura
1288 1037 1410 1077 esse
1442 1019 1778 1075 viderentur.
1815 1023 1883 1074 At
1918 1030 2270 1091 posteaquam
2305 1021 2607 1077 Romanum
2643 1023 2962 1078 Pontilicem
2994 1021 3368 1099 venerabundi

78 1137 127 1185 et
172 1126 435 1197 supplices
473 1124 779 1188 adivimus,
816 1132 873 1176 nt
905 1121 1023 1191 ejus
1056 1118 1362 1190 patrocinio
1405 1132 1465 1171 ea
1501 1126 1814 1185 tegerentur
1845 1114 2297 1187 foverenturque,
2322 1117 2730 1187 expostulantes
2757 1161 2769 1181 ,
2799 1116 2888 1171 ubi
2932 1132 3031 1173 nos
3068 1127 3117 1172 et
3160 1116 3365 1188 perhu-

79 1219 287 1275 maniter
316 1218 406 1273 illa
440 1216 613 1288 excipi
647 1216 918 1271 sensimus
940 1256 952 1278 ,
987 1223 1041 1267 et
1071 1209 1357 1266 Pontificio
1391 1210 1575 1262 favore
1608 1207 1765 1278 digna
1797 1208 2049 1273 censeri,
2084 1218 2193 1263 tum
2227 1209 2446 1267 demum
2492 1212 2704 1265 animos
2737 1212 2952 1280 erigere
2991 1212 3088 1265 visi
3129 1228 3316 1264 sumus
3340 1253 3354 1277 ,

74 1320 121 1365 et
147 1308 544 1377 nobismetipsis
574 1306 737 1361 veluti
771 1306 1027 1375 plaudere
1049 1346 1062 1371 ,
1100 1318 1161 1357 ac
1195 1318 1359 1356 unum
1395 1300 1527 1355 illud
1562 1302 1803 1368 cegitare
1825 1342 1840 1367 ,
1874 1302 2150 1371 quomodo
2178 1301 2387 1357 Summi
2425 1303 2734 1359 llierarcbre
2766 1320 3058 1377 propensa:
3096 1318 3226 1376 erga
3268 1320 3368 1360 nos

74 1402 356 1467 voluntati,
396 1401 835 1472 gravissimeque
873 1414 937 1453 ac
978 1413 1107 1452 vcte
1150 1397 1390 1451 maximo
1431 1395 1580 1448 illius
1614 1394 1822 1464 judicio
1862 1394 2342 1465 respondercmus.
2403 1395 2522 1452 Etsi
2561 1407 2739 1454 antem
2780 1399 3040 1471 Majestas
3079 1400 3170 1456 illa
3197 1441 3213 1465 ,
3255 1414 3360 1471 qua

73 1492 296 1562 proxime
325 1490 544 1545 accedis
574 1488 638 1543 ad
676 1488 841 1545 Deum
871 1530 883 1552 ,
916 1487 1220 1542 deterreret
1255 1503 1353 1540 nos
1386 1487 1453 1540 ab
1484 1500 1549 1539 eo
1579 1484 1889 1554 exoptando
1911 1528 1926 1551 ,
1959 1486 2100 1557 quod
2144 1496 2235 1542 tuo
2275 1490 2509 1544 maxime
2552 1490 2815 1546 beneficio
2854 1507 3043 1547 sumus
3081 1492 3325 1547 assecuti
3348 1536 3361 1559 ,

72 1591 287 1639 attamen
319 1583 594 1655 integrum
628 1583 783 1639 nobis
817 1597 921 1635 non
954 1591 1073 1636 erat
1105 1598 1168 1634 ne
1203 1580 1481 1634 modestia:
1513 1579 1729 1649 quidem
1761 1594 1923 1633 causa
1966 1580 2090 1635 huic
2132 1584 2284 1651 operi
2329 1582 2549 1639 aliunde
2588 1586 2896 1655 auspicium
2927 1596 3092 1657 atque
3132 1586 3369 1656 patrocio

70 1678 205 1733 nium
232 1678 558 1734 adsciscere.
592 1677 958 1733 Admirabiles
988 1677 1131 1731 enim
1168 1676 1299 1728 tanti
1334 1675 1434 1728 viri
1477 1672 1922 1737 lucubrationcs,
1959 1674 2157 1743 quibus
2198 1677 2458 1731 iuvicturn
2502 1678 2622 1746 ejus
2660 1678 2829 1733 animi
2876 1679 3065 1745 robur,
3107 1680 3245 1733 mira
3287 1676 3370 1731 di-

68 1769 208 1825 cendi
236 1769 313 1825 vis
336 1811 351 1835 .
383 1784 593 1825 summa
627 1769 934 1823 divinarum
968 1768 1273 1821 litterarum
1309 1765 1531 1818 scicntia
1564 1778 1661 1834 pro
1692 1764 1953 1833 religione
1983 1775 2031 1818 et
2070 1766 2377 1821 innocentia
2410 1769 2608 1823 tuenda
2636 1812 2649 1834 ,
2682 1769 3109 1840 detegendisque
3150 1768 3371 1824 licereli-

67 1878 234 1919 corum
274 1862 519 1927 insidiis,
557 1878 652 1933 pro
686 1862 951 1932 improbis
981 1864 1031 1913 in
1066 1869 1275 1914 rectum
1318 1866 1537 1912 (eterna;
1578 1858 1699 1911 vita:
1742 1857 2016 1911 tramitem
2058 1860 2418 1926 revocandis,
2464 1862 2734 1931 bonisque
2773 1864 3029 1918 omnibus
3071 1864 3123 1917 in
3163 1877 3363 1917 rerum-

72 1972 247 2013 narurn
278 1957 566 2013 tolerantia
604 1957 840 2026 fideique
875 1954 1129 2009 firmitate
1160 1951 1495 2008 sustinendis
1517 1992 1530 2017 ,
1567 1949 1781 2005 tandem
1813 1965 1910 2021 pro
1944 1950 2263 2006 vindicanda
2297 1952 2537 2022 pluribus
2572 1956 2625 2009 in
2659 1954 3022 2026 legationibus
3050 1952 3365 2025 Apostolica

65 2054 382 2108 Auctoritate
412 2053 643 2116 enituit,
678 2051 746 2105 ab
777 2050 1022 2107 Romano
1054 2049 1315 2104 Pontitice
1345 2047 1587 2105 alienare
1612 2090 1624 2111 ,
1668 2057 1725 2101 ut
1762 2048 1831 2101 ita
1871 2047 2047 2103 dicam
2071 2090 2084 2111 ,
2127 2048 2346 2119 alioque
2382 2057 2634 2103 avertere
2675 2049 2959 2118 cujusdam
3002 2048 3156 2119 quasi
3194 2046 3367 2103 sacri-

63 2144 176 2215 legii
207 2146 322 2201 loco
351 2143 737 2209 duxisscmus;
769 2144 1073 2214 prresertim
1108 2158 1231 2196 cum
1267 2140 1409 2194 felici
1446 2153 1578 2193 sane
1610 2138 1849 2194 Luciferi
1886 2141 1992 2193 fato
2024 2142 2274 2195 evenisse
2313 2150 2439 2195 ante
2474 2140 3063 2209 animadverterimus,
3104 2149 3199 2208 ut,
3236 2155 3361 2197 cum

62 2236 168 2306 ejus
197 2236 316 2291 libri
347 2251 378 2292 e
409 2236 651 2291 tenebris
681 2236 822 2290 eruti
856 2237 906 2289 in
941 2235 1114 2289 lucem
1152 2233 1324 2302 primo
1357 2231 1575 2286 fuerunt
1604 2230 1827 2293 emissi,
1863 2231 1986 2286 huic
2014 2231 2227 2287 Sanctae.
2261 2233 2389 2289 Sedi
2416 2233 2527 2304 jam
2571 2244 2683 2288 tum
2727 2235 2907 2290 devoti
2948 2232 3364 2305 eonsecratique

65 2331 207 2386 unice
237 2332 303 2385 ab
335 2332 451 2399 ipsa
481 2338 863 2386 ornamentum
898 2328 1000 2381 sibi
1036 2327 1167 2396 ipsis
1195 2341 1257 2379 ac
1291 2325 1603 2394 prwsidittm
1630 2366 1644 2389 ,
1679 2338 1888 2393 suoque
1916 2325 2123 2379 auctori
2155 2325 2530 2382 celebritatem
2563 2328 2995 2400 comparandam
3039 2343 3162 2384 esse
3202 2336 3364 2396 puta-

64 2425 263 2480 verint:
296 2426 439 2481 unde
471 2425 575 2479 boc
608 2424 768 2493 plane
809 2420 1072 2476 divinitus
1110 2419 1343 2484 accidit,
1379 2426 1433 2470 ιιι
1466 2416 1664 2482 iidem,
1701 2418 1790 2486 qui
1824 2416 1919 2471 Pio
1949 2415 1993 2466 ν
2024 2414 2287 2473 Pontiflce
2324 2419 2553 2473 Maximo
2591 2431 2644 2474 et
2684 2430 2913 2491 patrono
2946 2430 3002 2475 et
3036 2420 3266 2491 auspice
3305 2422 3359 2474 in

63 2518 313 2589 publicum
347 2520 449 2574 tuti
485 2510 837 2587 prodierunt:
873 2514 1266 2583 benignissima
1298 2513 1677 2583 Auspiciorum
1714 2520 1933 2565 tuorum
1965 2512 2475 2578 commendatione,
2509 2516 2598 2585 qtti
2641 2516 2973 2572 sanctissimi
3014 2514 3176 2585 hujus
3223 2513 3368 2568 Prm-

62 2611 350 2667 decessoris
383 2611 459 2665 tui
494 2625 693 2666 nomen
744 2626 802 2663 re
834 2624 964 2663 vera
998 2609 1186 2678 geris,
1232 2616 1285 2660 et
1326 2606 1532 2659 insistis
1573 2605 1833 2674 veStigiis,
1878 2606 2031 2660 novis
2072 2607 2214 2678 typis
2251 2608 2444 2663 iterum
2483 2609 2828 2679 evulgentur.
2869 2611 3001 2676 Qum
3040 2624 3161 2663 cum
3205 2616 3275 2662 tta
3304 2621 3364 2662 se

62 2704 280 2760 habeant
302 2746 317 2771 ,
358 2720 524 2759 nemo
569 2702 818 2774 profecto
861 2702 1021 2757 nobis
1050 2701 1294 2755 audaciae
1324 2703 1548 2753 verterit
1572 2741 1585 2764 ,
1616 2698 1759 2769 quod
1800 2698 2032 2754 Luciferi
2062 2698 2237 2768 Opera
2283 2701 2488 2755 nostris
2519 2702 2666 2756 edita
2699 2702 2847 2757 curis
2876 2701 3006 2769 tibi,
3042 2700 3364 2757 Beatissime

64 2796 229 2864 Pater,
261 2796 461 2853 offerre
494 2813 600 2851 non
637 2795 1089 2850 dubitaverimns.
1124 2792 1229 2848 Sed
1260 2801 1343 2846 est
1376 2802 1675 2861 praetcrea,
1710 2799 1795 2845 est
1837 2806 1914 2843 sat
1941 2806 2003 2855 e,
2037 2808 2136 2845 cur
2164 2792 2439 2848 nobismet
2480 2796 2578 2863 ipsi
2611 2795 2773 2849 etiam
2820 2796 3186 2865 gratulemur,
3219 2794 3363 2863 quod

63 2890 261 2945 labores
292 2898 511 2946 nostros
542 2898 635 2945 tuo
667 2889 897 2944 Nomine
933 2887 1155 2943 inscribi
1190 2895 1337 2941 tanta
1373 2885 1707 2953 benignitate
1738 2898 1997 2938 asseosns
2026 2885 2173 2939 ultro
2216 2884 2385 2941 fuisti.
2427 2886 2528 2941 Cui
2572 2890 2716 2943 enim
2759 2889 3041 2959 singulare
3083 2887 3215 2943 illud
3246 2896 3363 2942 stu-

62 2982 192 3037 dium
219 2992 273 3039 et
304 2982 479 3053 pietas
526 2982 723 3037 eximia
777 2991 1057 3051 perSpecta
1092 2995 1196 3033 non
1245 2987 1403 3042 sunt,
1442 2978 1638 3057 quibus
1670 2976 1721 3030 in
1758 2976 2003 3046 legendis
2044 2978 2483 3050 meditandisque
2522 2992 2768 3037 veterum
2804 2981 3029 3036 Patrum
3073 2980 3269 3047 libris,
3300 2996 3365 3036 ae.

62 3072 409 3129 Conciliorttm
438 3115 451 3137 ,
486 3074 869 3143 universeque
901 3072 1289 3126 ecclesiastico
1333 3068 1673 3136 antiquitatis
1716 3070 2084 3123 monumentis
2128 3070 2270 3125 adeo
2315 3081 2483 3127 temet
2526 3074 2608 3127 vel
2642 3090 2669 3127 a
2703 3073 2908 3129 teneris
2938 3074 3269 3139 exercuisti,
3305 3082 3362 3126 ut

60 3166 439 3235 amplissimum
471 3165 711 3220 cmleslis
744 3162 1025 3233 sapientiae
1056 3174 1108 3217 et
1141 3161 1632 3231 pulcherrimarum
1665 3159 1927 3213 virtutum
1960 3161 2112 3228 quasi
2146 3163 2531 3231 patrimonium
2567 3163 2637 3217 ab
2669 3163 2776 3219 illis
2810 3164 3060 3221 relictum
3107 3162 3223 3233 ipse
3268 3164 3362 3218 tibi

61 3257 356 3311 avidissime
394 3255 848 3326 comparaveris?
874 3254 992 3323 Quo
1026 3257 1074 3306 in
1106 3254 1230 3313 loco
1254 3263 1348 3307 tua
1376 3257 1583 3305 utinam
1618 3264 1718 3305 nos
1748 3250 2014 3306 modestia
2043 3252 2281 3317 sineret,
2315 3254 2637 3312 Beatissime
2668 3255 2849 3323 Pater,
2880 3267 2939 3312 ut
2971 3256 3129 3311 fama:
3162 3268 3281 3311 tuas
3310 3256 3362 3309 irt

62 3345 229 3403 laudes
254 3346 496 3401 omnium
529 3345 728 3415 ubique
759 3345 952 3414 plausu
984 3344 1233 3398 excitata:
1264 3341 1764 3397 obsecundaremus
1784 3384 1796 3406 ,
1828 3352 1880 3395 et
1910 3358 2032 3414 qua:
2062 3346 2113 3399 in
2146 3347 2424 3401 hominum
2452 3362 2546 3403 ore
2574 3358 2879 3415 versantur,
2912 3364 2975 3405 ea
3005 3348 3195 3404 humili
3227 3363 3363 3419 quo-

59 3454 153 3509 que
168 3454 419 3495 sermone.
445 3450 631 3495 nostro
653 3439 1035 3508 qualicumque
1057 3438 1470 3492 celebrarentur
1490 3439 1502 3491 ι
1525 3438 1863 3507 Quamquam
1890 3453 1998 3493 non
2025 3448 2131 3493 tam
2155 3441 2433 3497 voluntate
2461 3452 2672 3510 nostra,
2697 3458 2857 3515 quam
2886 3459 2985 3499 suo
3012 3443 3126 3513 ipsa
3153 3443 3359 3513 impetu

58 3533 277 3605 quodam
319 3535 425 3590 huc
458 3544 653 3605 sponte
694 3534 968 3589 delabitur
996 3535 1174 3588 oratio
1198 3575 1211 3595 ,
1246 3542 1303 3586 ut
1342 3548 1440 3587 nec
1471 3532 1729 3587 sustineri
1761 3532 1987 3587 omnino
2010 3575 2023 3599 ,
2068 3548 2171 3589 nec
2202 3536 2451 3590 revocari
2487 3537 2675 3605 j-ossit.
2721 3535 2853 3592 Nam
2887 3537 3016 3591 licet
3059 3534 3368 3591 ἰιιοΐιῑςίιιεο

59 3644 212 3700 prepe
232 3629 452 3686 silentio
472 3629 783 3692 tammulta,
804 3638 1022 3698 Iamque
1045 3628 1339 3697 conspicua
1367 3628 1654 3696 praeterire
1670 3640 1949 3695 cogamur,
1973 3642 2094 3697 qua!
2115 3628 2321 3682 nullum
2348 3640 2453 3683 tum
2479 3630 2601 3684 vita:
2620 3629 2764 3685 diem
2782 3645 2808 3683 a
2826 3630 3047 3700 pietate,
3068 3629 3337 3700 religione
3358 3672 3373 3698 ,

60 3737 320 3779 sacrarum
347 3725 650 3781 litterarum
677 3724 890 3789 studiis,
913 3726 1265 3791 omniumque
1290 3723 1551 3775 vit—tutum
1577 3720 1729 3791 vigili
1752 3721 2147 3775 exercitatione
2172 3738 2398 3777 vacuum
2426 3724 2810 3793 prardicarent,
2836 3728 3019 3780 facere
3043 3734 3221 3779 tamen
3247 3738 3357 3779 non

58 3832 359 3887 possumus,
381 3819 745 3893 Sanctissime
778 3818 957 3880 Pater,
981 3818 1111 3888 quin
1146 3818 1287 3871 illius
1317 3816 1427 3870 diei
1462 3814 1870 3870 meminerimus
1891 3856 1903 3877 ,
1935 3814 2091 3884 cujus
2124 3815 2510 3873 recordatione
2533 3817 2711 3873 adhuc
2740 3818 2866 3873 boni
2890 3832 3084 3874 omnes
3104 3818 3346 3889 gaudent

58 3912 429 3982 exsultantque
452 3954 464 3976 ,
493 3912 625 3982 quin
658 3923 872 3978 tempus
902 3908 1033 3963 illttd
1065 3910 1118 3963 irt
1152 3909 1469 3963 memoriam
1498 3920 1819 3961 revocemus
1843 3949 1855 3970 ,
1883 3906 2025 3977 quod
2062 3908 2205 3962 Deus
2231 3908 2300 3964 ab
2337 3908 2487 3969 omni
2517 3911 2821 3965 mteruitate
2851 3909 3089 3965 faustum
3121 3912 3361 3966 maxime

56 4020 109 4059 ac
136 4007 379 4063 salutare
406 4005 707 4061 Catholica:
743 4005 1000 4059 Ecclesiae
1033 4019 1155 4058 esse
1184 4004 1390 4069 voluit,
1427 4002 1560 4056 illud
1596 4000 1852 4055 nimirum
1886 4011 2095 4070 tempus
2120 4044 2134 4067 ,
2164 4002 2307 4058 diem
2345 4004 2535 4071 illum,
2572 4020 2695 4059 cum
2728 4005 2807 4059 Tn
2841 4004 2976 4059 niltil
3006 4006 3189 4060 minus
3215 4003 3364 4074 cogi-

59 4110 199 4161 taus.
236 4117 331 4157 seu
370 4101 550 4172 potius
590 4098 660 4153 nil
703 4098 1135 4163 tale'metuens,
1180 4106 1286 4149 tam
1326 4094 1502 4149 subita
1549 4096 1713 4150 totius
1749 4094 2047 4164 Apostolici
2074 4092 2310 4149 Senatus
2332 4096 2701 4151 consensione
2730 4094 2983 4151 Pontifex
3014 4096 3362 4151 renuntiatus

55 4209 123 4247 es.
154 4195 364 4267 Quippe
396 4208 506 4249 non
534 4194 755 4265 generis
785 4192 1063 4255 nobilitas,
1097 4204 1205 4259 qua
1231 4188 1563 4256 ceteroquin
1598 4186 1833 4241 maxime
1864 4188 2194 4255 praestabas,
2227 4202 2331 4241 non
2361 4186 2656 4242 eblanditae
2684 4186 3213 4249 commendationes,
3249 4201 3355 4241 non

58 4291 312 4362 magnifici
356 4298 657 4361 apparatus
698 4288 1019 4355 cultusque,
1065 4302 1091 4337 a
1134 4284 1330 4355 quibus
1366 4282 1687 4338 Christiana:
1729 4280 2058 4335 humilitatis
2087 4280 2271 4335 Studio
2304 4282 2517 4351 penitus
2562 4280 2931 4346 abhorrebas,
2966 4282 3108 4335 viam
3154 4281 3249 4335 tibi
3291 4281 3356 4338 ad

58 4380 432 4439 Pontificatum
464 4380 781 4435 munierunt
809 4397 820 4432 :
850 4377 1041 4449 eadem
1081 4378 1173 4431 illa
1203 4376 1406 4442 virtus,
1445 4391 1563 4445 qum
1592 4373 1668 4428 Te
1697 4372 1763 4427 ab
1798 4373 1930 4443 ipsis
1970 4373 2318 4428 incunabulis
2350 4384 2669 4443 susceptum
2706 4376 2757 4429 in
2788 4376 2909 4429 sinu
2940 4389 3040 4429 suo
3068 4375 3364 4441 enutrivit,

56 4485 206 4547 atque
235 4478 300 4533 ad
333 4478 475 4532 banc
506 4474 927 4545 amplitudinem
960 4470 1088 4527 aluit
1116 4513 1128 4535 ,
1153 4470 1231 4525 Te
1264 4472 1314 4524 itt
1346 4468 1446 4524 hac
1478 4468 1781 4523 celsissima
1814 4480 1865 4522 et
1899 4468 2039 4523 cmlo
2084 4468 2326 4537 proxima
2371 4466 2597 4531 honoris
2639 4482 2703 4523 ac
2742 4466 3020 4539 dignitatis
3058 4467 3201 4523 Sede
3244 4468 3361 4523 suis

58 4574 275 4641 ipsamct
298 4571 556 4627 manibus
596 4566 924 4623 conlocavit.
972 4564 1067 4620 llic
1108 4580 1238 4619 vero
1280 4564 1411 4618 nibil
1445 4563 1702 4631 e~tqnod
1736 4569 1982 4627 metuas,
2018 4577 2083 4615 ne
2115 4562 2167 4615 itt
2206 4560 2452 4615 laudibus
2496 4562 2602 4618 tuis
2646 4561 2997 4617 recensendis
3044 4562 3363 4632 progredia-

58 4681 197 4733 mur;
228 4682 296 4722 eo
334 4666 485 4723 enim
510 4664 623 4735 jam
656 4670 874 4717 ventum
904 4674 1019 4719 est,
1059 4669 1115 4712 ut
1148 4658 1305 4711 nobis
1346 4658 1528 4727 potius
1566 4654 1867 4710 verendum
1897 4656 2002 4721 sit,
2032 4670 2134 4719 ne,
2174 4657 2217 4709 si
2246 4655 2371 4725 quid
2409 4656 2546 4709 ultra
2583 4669 2865 4723 conemur,
2896 4655 3020 4725 plus
3046 4657 3363 4726 suscepisse

55 4759 323 4815 videamur
349 4772 514 4830 quam
545 4755 688 4827 quod
723 4752 920 4823 ingenii
958 4752 1127 4804 nostri
1162 4748 1507 4803 imbecillitas
1540 4758 1803 4818 praestare
1837 4748 2025 4817 possit.
2056 4746 2448 4818 Relinquamus
2477 4763 2612 4804 sane
2643 4749 2875 4819 posteris
2907 4750 3184 4820 ingentem
3217 4747 3357 4804 hanc

56 4863 279 4923 segetem
302 4894 320 4921 ,
358 4853 411 4907 in
449 4867 552 4922 qua
584 4859 638 4905 et
664 4850 783 4903 sine
816 4846 920 4900 nlla
950 4845 1023 4897 ttti
1056 4842 1359 4897 offensione
1396 4850 1451 4896 et
1490 4839 1682 4909 majori
1712 4855 1835 4893 cum
1865 4838 2024 4893 laude
2052 4838 2229 4895 libere
2260 4841 2596 4910 fidenterqne
2622 4841 2828 4897 versari
2856 4850 3134 4910 poterunt.
3166 4842 3361 4911 Suspi-

56 4946 188 5000 cient
218 4944 293 5001 illi
324 4954 382 4999 et
408 4944 579 5013 sequis
610 4942 863 4997 laudilms
891 4938 1114 4995 offerent
1150 4936 1524 4991 intaminatam
1556 4948 1765 4987 morum
1795 4948 1858 4987 ac.
1889 4933 2012 4986 vitae
2042 4934 2406 4990 innocentiam
2430 4978 2443 5000 ,
2474 4935 2890 4993 admirabuntur
2915 4937 3277 5007 compositam
3308 4936 3362 4991 in

59 5052 189 5100 tanta
219 5044 486 5117 dignitate
513 5040 841 5110 facilemque
873 5044 1117 5090 naturam
1140 5076 1152 5092 .
1178 5040 1416 5087 mentem
1444 5028 1797 5099 animumque
1826 5028 2080 5083 maximis
2108 5029 2454 5100 minimisque
2482 5030 2645 5086 rebus
2668 5032 2886 5086 assidue
2916 5032 3182 5087 intentum
3207 5074 3221 5099 ,
3251 5031 3367 5087 fere.

59 5140 249 5197 nullum
280 5138 601 5197 reficiendis
630 5137 842 5192 viribus
868 5130 1231 5198 curanda-que
1258 5125 1555 5182 valetudini
1587 5125 1821 5195 spatium
1853 5137 2212 5189 concessum,
2243 5124 2358 5181 dies
2386 5133 2681 5195 noctesque
2705 5125 2877 5181 sacris
2902 5124 3363 5197 occupationibus

60 5248 113 5289 ac
136 5238 415 5305 perpetuis
448 5234 731 5305 religionis
761 5229 1087 5300 pietatisque
1111 5226 1304 5280 officiis
1330 5224 1711 5285 continuatos;
1742 5230 1796 5274 et
1826 5223 2039 5291 quoties
2067 5223 2118 5276 itt
2148 5237 2336 5276 eorum
2367 5222 2561 5275 animis
2584 5220 2686 5277 Τιιί
2721 5222 2898 5293 imago
2926 5223 3258 5288 versabitur,
3284 5230 3368 5278 to-

60 5322 149 5381 ties
178 5342 363 5383 verum
395 5326 670 5399 quoddam
697 5320 896 5379 summi
926 5317 1231 5374 Sacerdotii
1262 5314 1567 5385 exemplum
1600 5312 1797 5368 intueri
1831 5313 1935 5366 sibi
1967 5312 2316 5367 videbuntur.
2344 5311 2409 5367 Ut
2440 5321 2624 5367 autem
2660 5312 2791 5368 illuc
2822 5321 3187 5378 revertamur,
3223 5312 3368 5367 unde

60 5432 153 5473 non
181 5422 337 5476 inviti
368 5421 761 5481 discessimus,
796 5413 997 5471 nemini
1025 5413 1219 5467 mirtttu
1255 5427 1377 5466 esse
1406 5410 1594 5473 debet,
1626 5408 1768 5479 quod
1803 5418 2088 5477 tantopere
2118 5408 2278 5462 nobis
2304 5406 2373 5460 sit
2401 5405 2697 5462 laetandum
2719 5450 2732 5475 ,
2764 5407 3170 5463 lucubrationes
3203 5406 3368 5460 hasce

60 5519 255 5567 nostras
282 5523 379 5569 tuo
406 5512 639 5569 Nomine
669 5510 963 5580 inscriptas
994 5507 1242 5577 prodire,
1271 5517 1475 5576 tuoque
1505 5501 1812 5574 patrocinio
1838 5501 2057 5574 gloriari
2081 5546 2096 5568 ,
2124 5519 2244 5557 cttm
2274 5501 2349 5557 Te
2379 5503 2690 5559 intueamur
2720 5505 2884 5559 tantis
2914 5504 3037 5559 licet
3064 5503 3368 5558 distentum

59 5607 191 5663 curis
220 5607 274 5663 in
306 5607 505 5663 eodem
536 5606 823 5663 evolvendi
855 5604 1304 5674 praestantissima
1335 5610 1576 5655 veterum
1606 5596 1830 5652 Patrum
1860 5608 1913 5651 et
1939 5595 2280 5666 Scriptorum
2318 5595 2597 5650 volumina
2636 5597 2818 5651 smdin
2856 5594 3180 5665 persistere,
3222 5593 3368 5649 unde

60 5702 303 5769 consilia,
348 5700 494 5755 unde
534 5716 816 5765 normam,
864 5697 1005 5752 umle
1042 5695 1257 5749 animos
1297 5707 1481 5747 sumas
1519 5690 1583 5746 ad
1623 5688 1947 5745 difficillima
1988 5704 2217 5759 qua‘qtte
2262 5688 2515 5744 Ecclesia!
2554 5690 2828 5743 universae.
2874 5687 3091 5758 negotia
3141 5685 3371 5741 feliciter

61 5790 406 5862 expedienda.
438 5789 549 5845 Nec
578 5806 744 5861 porro
770 5786 1130 5844 dubitandmn
1160 5794 1243 5839 est
1264 5825 1278 5850 ,
1311 5784 1440 5853 quin
1467 5782 1532 5836 ad
1560 5791 1704 5837 tuam
1734 5782 1963 5851 gratiam
1991 5790 2041 5835 et
2070 5780 2418 5834 clementiam
2448 5781 2491 5834 is
2521 5794 2740 5850 semper
2764 5779 2942 5835 aditus
2971 5789 3151 5850 pateat
3178 5778 3369 5834 studiis

63 5893 266 5955 nostris,
294 5903 460 5963 quem
493 5902 766 5959 propensa
796 5887 1077 5942 voluntate
1105 5893 1191 5938 tua
1224 5896 1397 5949 nuper
1426 5878 1711 5950 aperuisti,
1742 5878 1831 5934 ubi
1862 5886 2103 5940 nostram
2134 5892 2375 5948 operam,
2405 5878 2904 5949 quantulacumque
2934 5881 3024 5943 sit,
3058 5877 3111 5933 in
3140 5876 3368 5933 edendis

63 5983 281 6042 Luciferi
323 5983 483 6040 libris
517 5981 832 6038 rectissimo
866 5981 1059 6053 judicii
1092 5982 1165 6037 ttti
1208 5980 1523 6035 testimOttio
1562 5977 1950 6047 benignissime
1981 5975 2367 6047 comprobasti.
2410 5976 2589 6047 Atque
2626 5977 2710 6031 lue
2747 5976 2963 6047 quidem
3001 5984 3125 6032 sunt
3160 5989 3367 6046 cause,
