3902 6448
490 413 598 468 695
1528 416 1825 474 LUCIFER
1868 416 2246 474 EPISCOPUS
2283 414 2798 472 CALARITANUS.
3691 418 3783 471 buli

486 533 817 589 Beatissime
856 533 1040 600 Pater,
1085 549 1180 589 cur
1220 534 1341 589 Tibi
1390 537 1661 606 prmcipuc
1699 546 1754 592 et
1788 538 1912 605 jure
1947 552 2107 607 quam
2150 533 2357 605 optimo
2396 535 2651 591 volumen
2685 534 2826 590 istud
2856 536 3156 592 debeatur:
3190 537 3372 607 inqua
3399 533 3644 591 obeunda
3675 532 3785 603 pro-

484 627 663 683 vincia
709 628 889 699 siquid
936 629 1139 685 nostris
1184 631 1393 700 vigiliis
1435 646 1497 685 ac
1543 631 1819 686 laboribus
1860 632 2175 696 clfecimus,
2219 630 2397 686 nihilo
2432 630 2603 700 magis
2640 646 2741 685 nos
2778 631 3076 701 profecisse
3112 630 3487 701 intelligimus,
3516 643 3669 698 quam
3704 630 3783 697 qui

487 722 724 790 plantat,
752 731 847 776 aut
873 723 1037 792 rigat,
1070 723 1227 793 cujus
1256 734 1493 779 conatus
1521 724 1744 779 inutiles
1775 734 1935 795 atque
1966 724 2158 778 inanes
2186 733 2414 779 testatur
2441 723 2736 793 Apostolus
2758 766 2771 789 ,
2813 724 2913 778 nisi
2952 722 3175 777 alterius
3213 721 3513 794 benignitas
3546 731 3599 777 et
3634 720 3786 775 bene-

488 816 704 869 ﬁcentia
737 818 1069 883 accesserit,
1102 817 1191 886 qui
1224 828 1276 872 et
1309 833 1445 888 opus
1478 828 1696 890 urgeat,
1732 828 1787 873 et
1820 818 2224 873 incrementum
2260 818 2515 887 prtcbeat.
2549 817 2731 886 Quare
2759 827 2871 872 tum
2905 817 3071 873 debiti
3112 816 3274 871 oflicii
3308 817 3518 872 ratione
3544 815 3781 869 adducti:

485 922 599 965 ttnn
633 922 822 965 nostro
853 910 1094 982 quodam
1126 912 1390 968 instinctu
1424 925 1479 969 et
1520 914 1715 968 intimo
1753 914 1926 968 animi
1968 926 2132 967 sensu
2178 912 2395 983 impulsi
2435 913 2584 984 Opus
2618 912 2794 981 ipsum
2838 912 2990 978 Tibi,
3017 911 3264 967 Pontifex
3297 912 3510 981 Optime
3541 911 3780 975 Maxime,

486 1006 732 1060 dicamus
760 1020 1175 1076 sacramusque.
1210 1007 1344 1062 Illud
1377 1009 1651 1076 reliquum
1681 1016 1797 1073 est,
1831 1018 1973 1062 utea
2005 1006 2120 1074 ipsa
2151 1007 2479 1073 clementia,
2513 1022 2615 1076 qua
2641 1015 2973 1061 creterorutu
3008 1007 3057 1059 in
3091 1004 3392 1073 huiusmodi
3422 1005 3658 1060 colendis
3684 1014 3786 1057 stu-

486 1098 592 1153 tliis
620 1099 940 1169 diligentem
974 1098 1300 1154 industriam
1333 1100 1478 1154 soles
1513 1101 1730 1165 lovcre,
1765 1099 1868 1154 hoc
1898 1098 2287 1169 quodcumque
2314 1114 2510 1152 tuuuus
2541 1097 2793 1168 accipere
2824 1098 2957 1153 velis
2990 1106 3188 1166 tuoque
3221 1097 3516 1167 patrocinio
3546 1098 3702 1159 tueri,
3736 1108 3784 1151 ut

488 1193 631 1247 idem
664 1204 719 1247 et
753 1193 909 1248 testis
942 1205 1049 1247 tua:
1078 1210 1206 1265 erga
1238 1212 1336 1249 nos
1364 1196 1662 1267 singularis
1689 1196 1998 1252 clctneuticc
2020 1236 2035 1262 ,
2058 1204 2115 1250 et
2144 1210 2383 1265 perenne
2411 1194 2480 1249 sit
2511 1202 2711 1249 nostra:
2738 1175 2864 1265 erga
2887 1191 2964 1248 Te
2990 1192 3347 1247 observantia:
3375 1200 3780 1247 monumentum.

572 1281 794 1336 Venetiis
828 1299 891 1337 ea:
922 1281 1158 1337 zEtlibus
1186 1287 1416 1356 paternis
1447 1303 1503 1341 ιιι
1540 1285 1662 1341 Kal.
1700 1286 1923 1341 Martias
1954 1300 2325 1341 unocuxvtn.

1639 1472 2669 1603 PRXEFATIO“.

1870 1701 1934 1709 .-

494 1390 3774 1415 MM

1936 1684 2433 1714 ᾧ.

730 1775 793 1831 ln
824 1792 1009 1831 novam
1032 1776 1262 1846 Operum
1288 1775 1518 1847 Luciferi
1549 1776 1853 1829 editionem.

560 1872 739 1940 Opera
764 1869 1001 1924 Luciferi
1028 1869 1273 1938 Episcopi
1302 1869 1602 1924 Calaritaui
1633 1885 1664 1925 e
1694 1868 1921 1923 vetustis
1941 1866 2102 1921 Codi-

490 1962 647 2016 eibus
665 1961 938 2032 descripta
962 1962 1174 2032 primus
1193 1962 1365 2016 edidit
1379 1962 1780 2017 Parisieusihus
1799 1958 2103 2030 typisloan-

492 2070 593 2110 nes
623 2054 798 2109 Tilius
827 2055 1134 2125 Episcopus
1165 2054 1463 2111 Meldcusis
1491 2070 1638 2109 anno
1671 2054 1829 2119 1568,
1859 2063 1913 2108 ct
1939 2053 2035 2107 Pio
2061 2051 2103 2107 V

494 2146 748 2202 Pontilici
782 2147 1018 2201 Maximo
1041 2146 1261 2201 dicavit.
1289 2148 1335 2201 ls
1360 2147 1583 2216 quidem
1608 2147 1951 2217 aliquantum
1978 2161 2107 2215 ope-

490 2258 565 2297 rtc
596 2256 659 2296 ac
692 2242 893 2296 laboris
926 2241 979 2295 in
1013 2242 1078 2295 iis
1109 2241 1449 2312 corrigendis
1481 2240 1785 2312 impendit,
1819 2240 2107 2311 subjectis-

489 2355 598 2409 que
629 2339 774 2393 notis
803 2337 1063 2393 difﬁciles
1103 2337 1367 2406 quasdam
1406 2338 1673 2408 cujusque
1717 2337 1877 2401 libri,
1922 2347 1977 2391 et
2012 2337 2108 2389 oh-

490 2447 681 2488 scuras
712 2433 1052 2499 locutiones,
1084 2447 1148 2488 ac
1174 2432 1478 2488 sententias
1509 2432 1787 2501 explicare
1814 2431 1964 2485 nisus
1994 2440 2106 2493 est;

493 2524 590 2579 sed
634 2524 805 2579 multo
854 2524 1043 2594 plura,
1093 2539 1154 2579 ea
1201 2525 1547 2593 prteserlim,
1591 2539 1712 2593 qua:
1756 2530 2004 2592 spectant
2040 2526 2106 2574 ad

493 2617 807 2673 testimonia
838 2631 1011 2671 sacrae
1044 2616 1378 2686 Scriptum,
1412 2616 1594 2670 lectori
1623 2617 1825 2679 minus,
1857 2630 2019 2685 quam
2063 2614 2107 2667 is

491 2718 642 2773 erat,
675 2720 929 2780 occupato
959 2707 1255 2779 colligenda
1282 2715 1338 2762 et
1378 2705 1723 2763 emendanda
1770 2706 2012 2777 reliquit,
2050 2715 2110 2760 ut

493 2802 613 2872 ipse
650 2800 853 2856 fatetur
886 2802 936 2854 in
970 2799 1213 2870 Epistola
1250 2800 1318 2853 ad
1359 2798 1705 2854 Pontilicem.
1737 2800 1955 2866 Quare,
1984 2813 2107 2852 cum

493 2895 562 2950 ab
586 2893 913 2949 Auctoribus
937 2893 1316 2963 Lugdunensis
1334 2892 1693 2948 Bibliotheca:
1717 2893 1967 2959 Patrum,
1990 2908 2109 2962 qua:

493 2989 697 3045 Tomos
714 2990 1108 3059 septemdecim
1129 2990 1503 3059 complectens
1521 2990 1665 3044 edita
1689 3000 1769 3045 est
1789 3004 1932 3043 anno
1950 2990 2103 3053 1687,
2213 2986 2407 3039 liarum
2439 2985 2582 3056 regis
2609 2988 2850 3040 animum
2882 2985 3142 3054 la-dcret,
3169 2986 3258 3057 qui
3291 2996 3400 3039 tum
3431 2985 3659 3039 maxime
3682 2982 3799 3038 Cal-

492 3081 669 3153 Opera
694 3099 917 3155 quoque
939 3083 1283 3139 Luciferiaua
1316 3084 1491 3139 'l‘omo
1518 3084 1583 3140 IV
1621 3085 1823 3140 inserta
1849 3085 2105 3151 fuissent,
2213 3080 2443 3135 viuianis
2472 3092 2594 3137 erat
2623 3083 2901 3147 infensus;
2935 3082 3002 3137 de
3027 3097 3132 3152 qua
3161 3079 3378 3153 quidem
3412 3078 3591 3135 infecti
3624 3080 3799 3148 operis

495 3177 637 3233 hanc
661 3192 850 3232 curam
883 3178 917 3232 ii
944 3189 1333 3248 susceperunt,
1369 3190 1421 3233 ut
1456 3178 1543 3232 illa
1572 3178 1946 3234 emendatiora
1974 3195 2105 3251 pro-
2138 3191 2187 3251 Β
2216 3173 2430 3228 ratione
2456 3174 2688 3228 aliorum
2720 3185 2837 3228 esto
2861 3173 3147 3244 judicium.
3178 3171 3387 3227 lntcrea
3419 3185 3525 3226 nou
3552 3170 3797 3233 defuere,

488 3271 736 3337 ferrent;
768 3271 865 3327 sed
896 3271 1227 3341 imprudenti
1251 3272 1505 3338 consilio,
1531 3288 1743 3344 suoque
1767 3288 1994 3343 prorsus
2018 3288 2103 3328 ar—
2139 3259 2145 3267 ’
2208 3267 2301 3340 qui
2329 3266 2398 3322 de
2425 3265 2785 3322 emendandis
2812 3265 3048 3322 Luciferi
3079 3266 3232 3320 libris
3270 3262 3559 3334 quidquam
3599 3262 3798 3332 cogita-

495 3366 664 3421 bitrio
697 3366 767 3419 ita
800 3380 993 3419 manus
1026 3365 1076 3419 iu
1111 3382 1171 3419 ea
1203 3364 1502 3421 immittere
1533 3365 1650 3421 ausi
1680 3377 1803 3421 sunt
1824 3410 1837 3432 ,
1871 3377 1929 3421 ut
1959 3368 2105 3421 nulla
2210 3371 2366 3429 rent;
2402 3377 2526 3417 nam
2559 3371 2763 3433 prseter
2790 3361 3050 3417 Cotelerii
3078 3359 3454 3415 corrcctiones
3480 3356 3799 3420 nonnullas,

492 3467 739 3513 veterum
766 3458 1069 3525 Codicum,
1101 3459 1249 3514 nulla
1282 3458 1573 3515 doctorum
1605 3459 1887 3515 hominum
1917 3470 2105 3516 aucto-
2211 3474 2347 3528 quas
2377 3457 2464 3512 vel
2496 3459 2640 3510 notis
2671 3456 2723 3511 in
2753 3455 3192 3510 Constitutiones
3226 3451 3565 3524 Apostolicas
3601 3451 3801 3518 insper-

494 3554 659 3609 ritate
691 3552 817 3609 freti
858 3552 1054 3618 verba,
1107 3554 1441 3620 sententias,
1486 3553 1745 3623 ipsasque
1790 3554 2110 3624 iuterpunc-
2214 3550 2315 3615 sit,
2349 3548 2435 3604 vel
2478 3546 2843 3603 Mouumentis
2875 3546 3024 3601 Eccl.
3058 3545 3263 3602 Once-.e
3293 3544 3549 3608 inseruit,
3581 3541 3800 3597 Latinus

496 3646 679 3700 tiones
711 3644 1143 3710 immutaverint,
1174 3656 1249 3710 et,
1282 3644 1427 3715 quod
1459 3647 1633 3714 magis
1663 3645 2103 3714 improbandum,
2213 3641 2463 3696 Latinius
2492 3641 2543 3696 in
2574 3641 2835 3695 Biblioth.
2868 3655 3019 3696 sacra
3047 3650 3102 3695 et
3135 3638 3357 3709 profana
3392 3652 3513 3708 pag.
3546 3637 3664 3702 157,
3696 3637 3802 3689 sin-

494 3752 783 3793 sacrorum
813 3735 1113 3791 Bibliorum
1148 3738 1464 3792 testimonia
1487 3778 1501 3800 ,
1534 3736 1736 3806 quibus
1763 3736 2111 3791 refertissimi
2214 3735 2369 3805 gulos
2408 3733 2643 3788 Luciferi
2686 3734 2853 3788 libros
2895 3732 3145 3803 pluribus
3183 3729 3609 3786 eorrectionibus
3645 3726 3801 3781 modo

496 3841 623 3887 sunt
659 3830 891 3886 Luciferi
924 3830 1081 3894 libri,
1115 3831 1180 3886 ad
1213 3831 1500 3901 exemplar
1532 3829 1778 3900 Vulgattn
1810 3829 2108 3885 Bibliorum
2216 3828 2360 3890 suis,
2412 3823 2574 3879 modo
2616 3822 2871 3879 Cousalvi
2919 3824 3106 3878 Poucii
3155 3822 3443 3891 diligenter
3485 3822 3718 3883 notavit;
3746 3828 3800 3872 et

497 3923 771 3979 Editiouis
810 3922 1130 3993 exegerint,
1172 3936 1235 3978 ac
1276 3922 1526 3991 pluribus
1563 3924 1616 3975 in
1657 3922 1793 3976 locis
1832 3937 1930 3991 pro
1968 3923 2113 3991 ipso-
2217 3918 2528 3973 Ludovicus
2560 3917 2607 3970 la
2636 3915 2812 3972 Cerda
2844 3917 2897 3971 in
2929 3916 3044 3971 suis
3075 3913 3414 3971 Adversariis
3444 3910 3619 3968 Sacris
3656 3924 3801 3964 eum—

496 4034 618 4074 rum
650 4017 805 4073 libito
835 4018 1184 4086 corruperint
1217 4019 1428 4086 potius,
1462 4032 1623 4085 quam
1654 4015 2111 4082 emendaverint,
2217 4010 2341 4066 detn
2392 4011 2632 4065 laborem
2687 4010 2971 4080 suscepit;
3023 4006 3191 4062 Multa
3238 4007 3379 4061 enim
3429 4015 3580 4069 sunt,
3636 4001 3801 4072 inquit

498 4112 678 4167 Latini
712 4121 893 4167 tamen
926 4110 1124 4166 Latinii
1156 4110 1599 4167 observationibus
1629 4120 1675 4165 et
1706 4111 2114 4165 correctiouibus
2219 4119 2343 4174 cap.
2376 4104 2465 4168 '57,
2509 4120 2624 4174 qua:
2668 4113 2817 4175 egent
2865 4100 3313 4165 consideratione;
3357 4101 3408 4151 in
3454 4114 3588 4165 quo,
3631 4096 3678 4149 id
3722 4105 3800 4148 est

496 4207 828 4279 quandoque
874 4206 1167 4271 adhibilis,
1216 4208 1470 4276 notisque
1517 4204 1748 4261 Tilianis
1793 4204 1861 4259 ad
1907 4206 2111 4261 calcem
2220 4194 2512 4257 Lucifero,
2576 4193 2895 4248 illustrando
2948 4209 3051 4245 non
3102 4191 3334 4244 inutilem
3386 4202 3585 4259 cperant
3639 4186 3798 4256 posuit

498 4301 751 4371 adjectis,
777 4302 877 4367 Qui
908 4317 1039 4357 γει-ο
1065 4310 1190 4356 ante
1215 4301 1609 4372 Lugdunenses
1634 4302 1902 4356 Auclores
1924 4302 2114 4356 eadem
2218 4287 2449 4344 Joannes
2492 4287 2660 4343 Tilius
2702 4287 2991 4360 Episcopus
3034 4284 3314 4339 Meldensis
3342 4299 3357 4337 .'
3387 4283 3546 4335 multa
3583 4290 3754 4333 autem
3787 4332 3797 4343 '

502 4394 740 4451 Luciferi
767 4395 941 4464 Opera
972 4395 1024 4449 in
1057 4394 1333 4465 prioribus
1365 4396 1586 4449 Patrum
1617 4395 1971 4450 Bibliothecis
1997 4396 2110 4450 edi-

2221 4383 2407 4437 subdit
2444 4397 2566 4453 cnp.
2604 4382 2672 4436 58
2696 4423 2709 4446 ,
2751 4382 3082 4445 addidimus,
3125 4377 3536 4443 detraximusqne
3563 4388 3623 4426 ex
3664 4372 3800 4425 notis

481 4492 673 4557 -derc,
716 4491 892 4547 nihilo
933 4493 1282 4558 diligentius,
1324 4502 1419 4547 aut
1460 4492 1761 4549 studiosius
1803 4494 1854 4548 in
1897 4493 2110 4549 illorum

2222 4478 2479 4533 nimirum
2529 4476 2793 4541 'l‘ilianis;
2835 4476 3061 4545 diuque,
3109 4471 3262 4527 addit
3302 4485 3424 4540 cap.
3462 4468 3553 4535 47,
3591 4465 3712 4520 laesi
3750 4466 3798 4515 in

498 4584 941 4640 emendationem
987 4584 1374 4641 incubuernnt.
1417 4584 1551 4640 Cum
1597 4587 1778 4655 itaque
1808 4587 2110 4656 corruptis-

2226 4571 2471 4642 Lucifero
2508 4570 2633 4625 Tilii
2673 4585 2829 4642 Opera
2868 4579 2918 4623 et
2957 4582 3070 4621 mea
3112 4579 3275 4629 usus;
3314 4563 3506 4633 quibus
3545 4557 3802 4627 capitibus

504 4680 644 4734 sima
675 4677 951 4735 ferrentur
978 4679 1159 4734 adhuc
1186 4681 1238 4735 in
1268 4680 1462 4752 vulgus
1489 4680 1725 4736 Luciferi
1754 4682 2110 4751 exemplaria,

2222 4682 2415 4722 omnes
2437 4708 2450 4729 ,
2483 4680 2620 4736 quas
2652 4665 2769 4735 ipse
2800 4662 3096 4718 meditatus
3124 4670 3208 4713 est
3229 4699 3243 4723 ,
3278 4657 3333 4711 in
3366 4652 3665 4714 Luciferum
3694 4652 3801 4703 ani-

2127 1780 2174 1837 Α
2206 1776 2517 1848 impendisse
2538 1818 2553 1843 ,
2582 1788 2927 1850 paratumque
2954 1794 3067 1833 esse
3094 1779 3163 1831 ad
3197 1778 3576 1849 procurandam
3613 1778 3791 1831 editio—

2212 1882 2357 1933 nem,
2391 1869 2434 1922 si
2465 1868 2655 1922 librum
2684 1871 2914 1941 aliquem
2946 1886 3039 1924 ms.
3080 1880 3261 1923 nactus
3302 1871 3469 1936 fuero.
3507 1866 3576 1923 Ut
3600 1869 3643 1921 si
3671 1871 3793 1938 forte

2210 1962 2261 2014 in
2291 1979 2474 2015 manus
2507 1974 2656 2029 tuas,
2687 1974 2780 2017 ant
2811 1965 3049 2018 notitiam
3079 1964 3270 2017 venerit
3295 2004 3307 2027 ,
3349 1978 3542 2016 mecum
3580 1978 3792 2015 commn-

2212 2058 2386 2108 uicare
2415 2072 2517 2109 non
2550 2055 2849 2127 dedigneris
2871 2100 2885 2123 ,
2916 2057 3175 2111 hominem
3208 2073 3309 2110 non
3339 2057 3599 2128 ingratum
3630 2056 3793 2127 singu-

2210 2150 2310 2202 lari
2342 2150 2589 2220 bene/icio
2620 2152 2709 2205 tibi
2742 2152 3094 2206 devincturus.
3139 2151 3207 2206 At
3235 2150 3510 2205 dolendum
3541 2164 3666 2204 sane
3691 2162 3791 2216 est,

2211 2241 2389 2311 inquit
2416 2240 2629 2298 Caveus
2659 2244 2709 2298 in
2740 2244 2877 2299 ilist.
2910 2244 3043 2298 Litt.
3069 2244 3135 2298 ad
3163 2261 3253 2297 an.
3279 2243 3415 2303 356.
3442 2257 3568 2297 sate.
3592 2241 3792 2306 Arian.,

2213 2350 2395 2388 novam
2425 2334 2565 2390 hanc
2596 2334 2827 2403 Luciferi
2858 2335 3151 2393 Calaritani
3181 2335 3452 2391 editionem
3478 2378 3491 2401 ,
3522 2352 3670 2406 quam
3699 2351 3794 2387 me-

2213 2428 2407 2481 ditatus
2431 2438 2505 2481 cst
2538 2427 2632 2481 Vir
2653 2427 2733 2482 Cl.
2757 2426 2815 2485 Ι.
2840 2427 2905 2481 B.
2936 2428 3223 2482 Cotelerius
3242 2469 3257 2494 ,
3279 2429 3492 2500 ipsemet
3514 2436 3635 2481 teste
3651 2470 3665 2493 ,
3692 2425 3796 2481 No-

2211 2520 2275 2573 tis
2304 2521 2374 2572 ad
2408 2518 2588 2574 Patres
2617 2521 2945 2591 Apostolicos
2975 2539 3094 2592 pag.
3129 2522 3252 2584 177,
3280 2536 3465 2591 magna
3494 2521 3798 2589 antiquitatis

2211 2614 2575 2668 ecclesiastica:
2610 2618 2826 2687 jactura
2859 2631 2975 2669 cum
3004 2615 3100 2669 viri
3147 2615 3478 2670 eruditissimi
3522 2626 3678 2669 morte
3712 2632 3797 2685 pe-

2213 2706 2378 2759 riisse.
2416 2706 2592 2760 Aliam
2626 2718 2804 2762 tamen
2837 2722 3056 2763 causam
3079 2750 3091 2771 ,
3125 2722 3225 2762 cur
3251 2707 3553 2762 Cotclerius
3580 2722 3683 2761 non
3711 2707 3799 2760 ah-

2213 2799 2444 2852 solverit
2473 2813 2609 2867 opus
2640 2808 2990 2869 susceptum,
3026 2798 3231 2854 indicat
3263 2798 3542 2854 Fabricius
3575 2800 3624 2853 in
3665 2797 3794 2852 Bibl.

2213 2891 2401 2947 Graeca
2430 2892 2498 2947 de
2533 2893 2785 2949 Lucifero
2815 2892 3092 2949 disserens
3122 2894 3348 2964 ejusque
3379 2894 3547 2956 libris,
3581 2909 3645 2947 ne
3675 2892 3796 2947 Gal-

500 4772 742 4828 Joannes
767 4772 1005 4843 Baptista
1030 4772 1339 4830 Cotelerius
1362 4776 1445 4829 vir
1471 4776 1721 4846 apprime
1750 4775 1942 4829 doctus
1974 4778 2116 4829 hanc

502 4880 728 4936 operam
759 4880 974 4921 summo
1005 4867 1188 4922 studio
1209 4882 1499 4938 aggressus
1531 4877 1645 4936 est,
1670 4879 1728 4922 ut
1762 4869 1929 4925 libros
1954 4868 2115 4924 Luci-

507 4958 606 5014 leri
639 4974 669 5013 e
703 4958 917 5015 mendis
948 4960 1202 5015 omnibus
1244 4970 1532 5031 purgatos,
1580 4960 1961 5031 integrOsque,
2004 4978 2114 5032 quo

502 5053 740 5109 tamdem
770 5052 929 5107 modo
961 5054 1012 5108 id
1044 5053 1158 5108 fieri
1193 5054 1418 5118 liceret,
1454 5054 1795 5108 eruditorum
1829 5055 2110 5109 hominum

505 5144 709 5215 judicio
733 5146 1044 5214 probandos
1069 5146 1282 5215 publice
1308 5145 1630 5210 exhiberet;
1656 5156 1714 5200 ut
1739 5146 1856 5216 ipsc
1885 5156 2116 5202 testatus

509 5246 594 5291 est
622 5236 675 5289 in
706 5234 879 5290 Turno
904 5236 921 5290 Ι
951 5236 1101 5291 Patr.
1132 5237 1323 5307 Apost.
1358 5247 1413 5292 et
1441 5247 1565 5292 nota
1595 5237 1835 5306 subjecta
1865 5252 1987 5306 cap.
2022 5237 2114 5303 56,

507 5327 603 5382 lib.
639 5343 675 5382 ιι
708 5326 941 5382 Constit.
976 5330 1169 5398 Apost.
1202 5347 1215 5382 :
1250 5328 1355 5384 Hic
1385 5330 1471 5383 ubi
1502 5330 1676 5384 locum
1706 5327 1933 5399 Luciferi
1961 5329 2116 5385 illus-

506 5428 643 5474 trare
666 5429 882 5474 conatus
913 5438 1028 5475 sum
1050 5462 1063 5487 ,
1108 5422 1349 5476 Auctoris
1387 5424 1651 5488 omnium,
1684 5421 1824 5493 quod
1853 5438 2000 5476 nemo
2029 5440 2120 5477 ne—

514 5516 627 5579 scit,
672 5514 1108 5586 depraratt‘ssimi,
1153 5514 1415 5569 utilissimi
1448 5528 1616 5570 tamen
1655 5515 1723 5569 ad
1768 5514 2117 5584 cognitionem

514 5600 943 5681 Scriptururum',
973 5608 1298 5663 admonitum
1331 5621 1378 5662 te
1409 5611 1559 5662 velim
1581 5652 1596 5675 ,
1638 5608 1827 5663 Lector
1856 5606 2115 5675 candide,

516 5718 593 5757 me
634 5707 687 5758 in
727 5704 1003 5777 purgando
1036 5720 1097 5758 eo
1127 5704 1313 5775 Augiw
1348 5704 1551 5759 stabulo
1585 5705 1876 5777 plurimum
1917 5702 2115 5756 laboris

2225 4757 2636 4811 madversiones
2672 4739 3060 4826 complectitur
3098 4760 3298 4822 praeter
3326 4758 3549 4803 caeteras
3579 4745 3629 4798 in
3658 4760 3793 4812 qua'o

2222 4852 2348 4905 dam
2388 4850 2504 4905 loca
2538 4863 2707 4904 sacrm
2737 4846 3038 4917 Scriptum
3060 4885 3075 4910 ,
3105 4844 3175 4899 de
3202 4844 3398 4914 quibus
3436 4840 3671 4895 inferius.
3704 4836 3801 4891 Ve-

2225 4959 2345 4998 rum
2386 4941 2500 4997 lucc
2544 4942 2728 4996 omnia
2773 4938 2833 4995 in‘
2870 4939 3051 5010 plures
3090 4937 3340 5008 dispersa
3381 4936 3585 4997 lihros,
3618 4948 3713 4988 nec
3740 4931 3800 4983 ad

2222 5037 2609 5093 inveniendum
2661 5035 2847 5090 facilia
2904 5034 3040 5087 nihil
3092 5035 3337 5102 proiecto
3384 5029 3702 5101 proderant,
3751 5033 3805 5077 ut

2218 5130 2322 5187 sub
2367 5146 2475 5184 uno
2524 5136 2749 5198 aspectu
2800 5128 3007 5196 integra
3057 5140 3121 5180 ac
3165 5138 3424 5197 germana
3468 5117 3692 5175 Luciferi
3733 5120 3802 5167 la-

2220 5228 2335 5280 cies
2373 5225 2625 5280 omnibus
2666 5220 2889 5277 visenda
2923 5228 3163 5290 pateret;
3199 5220 3328 5288 quin
3371 5213 3595 5284 plurima
3636 5208 3802 5264 adhuc

2222 5320 2489 5384 deerant,
2537 5333 2659 5389 quat
2703 5318 2948 5372 nativutn
2990 5315 3219 5370 omnino
3261 5310 3497 5367 hominis
3543 5308 3801 5365 colorem,

2224 5415 2547 5485 vultumque
2571 5413 2970 5482 exprimerent.
3003 5410 3300 5479 Pl‘Olllel'Cﬂ
3330 5404 3572 5460 Andreas
3595 5401 3805 5458 Callan-

2223 5508 2351 5562 dius
2395 5505 2691 5576 Presbyter
2724 5503 2945 5558 Venctm
2987 5502 3242 5557 Neriante
3273 5497 3617 5556 Sodalitatis,
3651 5496 3732 5549 vir
3758 5503 3805 5546 et

2225 5599 2475 5657 doctrina
2514 5609 2569 5652 et
2608 5596 2920 5652 eruditione
2963 5596 3258 5666 praeclarus
3283 5634 3297 5657 ,
3328 5608 3446 5646 cum
3488 5594 3638 5645 novis
3667 5586 3805 5643 curis

2226 5694 2534 5762 studiisque
2562 5698 2813 5746 ornatam
2846 5698 2902 5745 et
2941 5698 3156 5744 auctam
3186 5695 3430 5741 veterum
3472 5683 3685 5737 Patrum
3726 5679 3805 5733 Bi—

579 5853 603 5878 υ
635 5841 691 5895 lu
720 5843 825 5894 hac
856 5838 1170 5906 praefatione
1197 5854 1320 5894 cum
1351 5853 1495 5905 saepe
1522 5842 1718 5909 smpius
1762 5838 1827 5893 ad
1859 5836 2005 5892 varia
2038 5831 2369 5909 Veronensis
2414 5828 2670 5909 editionis
2697 5828 2834 5909 _|oca
2866 5826 3055 5909 .leetor
3081 5833 3383 5909 revocetur,
3414 5837 3532 5909 nos,
3571 5830 3623 5874 ut
3648 5833 3799 5909 expe-

509 5893 760 5967 ditiorem
794 5893 1479 5981 lectionemprocurentus.
1512 5893 1821 5968 columnam
1855 5918 2053 5965 nostra:
2080 5905 2333 5964 editionis
2365 5904 2559 5973 cuique
2588 5898 2798 5972 pagina:
2828 5898 3009 5954 citata:
3038 5895 3455 5967 resttoudeutcm
3485 5893 3803 5964 parenthesi-

512 5983 608 6041 bus
634 5985 898 6041 inclusam
928 5986 1322 6052 expressimus.
1368 5983 1498 6037 Eoo.
