3902 6464
137 473 233 529 097

1594 481 1977 541 ΡΒᾹΞΡΑΊΊΟ.

3317 476 3425 535 698

136 588 464 647 bliotbecam
521 590 740 645 \‘euetis
790 592 929 661 typis
969 592 1133 646 cdere
1179 591 1538 658 instituisset,
1592 594 1725 651 nihil
1756 599 1805 657 Α
1834 597 2071 651 barbaro
2120 596 2357 651 hominis
2379 594 2522 666 stylo
2544 607 2666 648 esse
2700 592 3044 657 tribuendos,
3073 608 3236 663 quam
3268 592 3436 648 libra-

134 683 232 737 sibi
265 682 423 737 duxit
450 682 978 753 przetermittendum
1000 724 1015 748 ,
1044 698 1151 753 quo
1176 681 1517 737 Luciferiana
1548 684 1725 754 Opera

136 776 323 845 prima:
353 776 649 846 integritati
682 775 1029 841 restitueret,
1058 785 1109 829 et
1138 776 1408 842 collectis,
1432 778 1729 833 undecum-

134 886 238 940 quo
272 869 482 938 potuit,
516 869 742 923 Critices
774 869 1031 922 subsidiis
1076 869 1299 921 nitidius
1322 912 1335 934 ,
1378 886 1536 939 quam
1580 872 1729 940 quis-

135 967 278 1035 piam
311 974 509 1029 antea,
555 966 891 1019 illustraret:
937 979 1041 1033 qua
1085 962 1152 1016 de
1196 979 1252 1017 re
1296 974 1514 1032 pri-stat
1560 964 1730 1032 ip~ius

132 1061 463 1115 sententiam
508 1060 789 1127 ipsiusmet
821 1058 1003 1111 verbis
1035 1056 1347 1110 describere
1378 1073 1442 1111 ex
1472 1054 1629 1111 Tom.
1664 1055 1729 1111 γι

135 1152 218 1205 sui
262 1151 491 1219 Operis,
538 1152 623 1206 cui
668 1150 860 1205 inserti
901 1160 1029 1203 sunt
1078 1148 1315 1203 Luciferi
1346 1148 1507 1213 libri,
1542 1164 1665 1219 pag.
1698 1150 1731 1203 6

136 1244 447 1312 Prolegom.
471 1263 483 1297 ε
503 1242 579 1297 De
602 1259 754 1314 Opera
770 1254 946 1295 nostra
970 1245 1022 1296 in
1045 1244 1105 1295 iis
1127 1242 1342 1295 edendis
1364 1243 1600 1295 adhibita
1623 1242 1731 1296 Ittrc

135 1339 315 1407 paucis
344 1338 540 1408 accipe.
580 1336 871 1405 Principem
904 1335 1024 1388 Titii
1053 1337 1361 1399 editionem,
1406 1354 1559 1403 quant
1596 1354 1733 1391 anno

136 1430 279 1485 16M
308 1430 471 1483 secuti
503 1440 622 1483 sunt
656 1427 977 1481 Parisienses
1006 1469 1019 1489 ,
1054 1430 1186 1497 typis
1219 1430 1578 1482 excutiendam
1630 1441 1733 1483 stu-

138 1525 351 1578 tuimus.
388 1522 515 1577 Eant
548 1538 663 1575 rero
693 1522 1026 1575 librariorum
1059 1523 1179 1575 ritio
1218 1540 1339 1575 sane
1380 1524 1736 1592 ittqttitmllsst-

138 1634 297 1682 utam,
316 1618 565 1689 [aedisque
581 1620 779 1673 utendis
797 1621 902 1672 obsi
910 1630 1011 1671 tam
1031 1637 1121 1690 pro
1138 1622 1228 1673 riri
1237 1622 1327 1673 bus
1346 1624 1732 1675 emaculundum

134 1714 450 1765 curavimus.
476 1712 723 1765 Subsidia
748 1714 1008 1766 contulere
1032 1716 1257 1767 virorum
1282 1716 1570 1778 doctorum,
1602 1732 1726 1785 prte-

135 1804 286 1875 cipue
326 1820 444 1858 rero
486 1801 676 1857 Latiuii
706 1816 749 1857 e!
784 1804 1025 1858 (Iotelerii
1058 1808 1423 1877 castigationes
1456 1818 1500 1859 et
1533 1810 1736 1877 conjec-

135 1908 271 1951 tura:
295 1939 307 1959 ,
338 1898 521 1966 quibus
550 1898 670 1950 alia:
694 1915 895 1967 quoque
922 1912 1280 1963 accesserunt,
1311 1918 1437 1965 quas
1470 1907 1735 1956 occasione

1832 688 2035 741 riorum
2066 688 2259 759 culpat.
2296 686 2469 740 Alium
2504 695 2768 756 prmterea
2802 684 3050 739 codicem
3084 685 3240 738 nobis
3268 683 3429 739 adhi-

1833 779 2069 835 bendum
2124 779 2314 833 tribuit
2370 778 2795 832 humanissimus
2846 793 2977 833 sane
3026 785 3081 832 et
3135 777 3426 848 multiplici

1832 877 2139 931 eruditione
2172 876 2401 931 illustris
2435 874 2728 945 Presbyter
2762 874 2823 927 ι).
2858 874 3147 929 blattltzrus
3175 874 3433 944 Aloysius

1832 969 2092 1023 Canonici
2135 970 2271 1023 civis
2319 967 2555 1021 Venetus
2594 983 2623 1021 e
2666 982 2763 1021 sua
2805 964 3143 1021 Bibliothe¢a
3175 965 3433 1021 vetustis-

1834 1064 2095 1119 simorum
2119 1107 2130 1123 ,
2157 1064 2460 1133 prmsertim
2485 1060 2812 1115 Biblicorum
2835 1058 3099 1115 Codicum
3132 1060 3428 1115 ditissima.

1834 1156 2014 1211 Codex
2050 1158 2181 1219 iste,
2214 1172 2375 1226 quem
2408 1154 2675 1209 Venetum
2706 1152 3078 1223 appellamus,
3109 1160 3233 1205 ante
3261 1165 3434 1205 annos

1836 1250 1948 1307 fere
2004 1252 2345 1320 octingentos
2398 1249 2631 1319 scriptus
2688 1246 2970 1302 Athanasii
3024 1254 3079 1300 et
3134 1244 3434 1299 Athanasio

1835 1344 2081 1415 quaedam
2130 1342 2389 1397 attributa
2433 1357 2598 1410 opera
2651 1341 2935 1401 continet,
2990 1340 3042 1393 in
3092 1340 3267 1408 iisque
3316 1338 3435 1392 lon-

1836 1440 2043 1509 giorem
2084 1437 2242 1507 hujus
2284 1436 2571 1505 epistolam
2612 1435 2677 1489 ad
2717 1434 3077 1499 Luciferum,
3120 1433 3277 1501 cujus
3327 1447 3431 1486 ms.

1838 1531 2141 1600 exeiuplum
2180 1546 2305 1584 cum
2350 1528 2556 1582 Tiliana
2593 1528 2704 1597 jatu
2742 1527 2888 1581 edita
2930 1525 3284 1579 contulimus.
3329 1524 3433 1579 llo-

1840 1638 1955 1675 runt
1988 1622 2151 1693 igitur
2178 1622 2444 1677 Codicum
2478 1621 2833 1686 auctoritate,
2872 1628 2982 1673 tum
3011 1634 3074 1673 ex
3104 1617 3257 1681 Tilii,
3295 1616 3438 1672 Lati-

1841 1716 1912 1769 nii
1939 1756 1951 1777 ,
1987 1714 2200 1773 l’oncii,
2236 1714 2282 1768 la
2313 1713 2532 1778 Cerdm,
2571 1712 2856 1782 ipsiusque
2886 1709 3156 1766 Gallaudii
3189 1711 3432 1765 notatio-

1842 1809 1998 1861 uihus
2025 1850 2038 1871 ,
2083 1808 2203 1861 aliis
2236 1824 2364 1861 vero
2399 1807 2452 1861 itt
2482 1807 2744 1875 epistolas
2786 1804 3160 1860 Luciferiauas
3193 1806 3439 1859 collectis

1841 1918 1901 1955 es
1938 1901 2202 1966 llaronio,
2228 1899 2581 1964 Constantio,
2614 1896 2921 1962 Chiflletio,
2955 1896 3359 1967 Papebrocltio,
3387 1907 3443 1951 et

135 2002 350 2059 accepta
378 1991 429 2042 iu
456 1991 677 2043 aliorum
705 1993 910 2060 scriptis
939 1992 1245 2045 detexinms.
1293 1995 1367 2045 Ae
1406 1994 1562 2060 paulo
1596 1995 1728 2049 iufe-
1766 1996 1805 2053 li
1837 1992 2240 2046 Muntfauconio
2274 1992 2548 2059 subjecms
2576 1990 2910 2045 Confecimtts
2939 1990 3281 2055 notationcs,
3315 1988 3438 2058 qui-

138 2080 304 2134 ritts:
360 2081 723 2134 Verumtamen
775 2082 1001 2151 Luciferi
1051 2086 1207 2137 libros
1250 2088 1455 2154 penitus
1504 2089 1731 2139 detersus

135 2178 282 2229 haud
305 2178 691 2248 pra'stiterimus
715 2195 733 2231 :
758 2180 880 2247 quin
906 2181 1061 2231 intuta
1088 2182 1137 2232 in
1166 2182 1223 2232 iis
1258 2182 1579 2233 recensendis
1604 2200 1733 2236 nou-

137 2270 288 2322 uttlla
319 2270 419 2338 ipsi
447 2269 880 2338 deprehendimus
904 2312 917 2331 ,
944 2288 1058 2337 qtm'
1088 2274 1138 2323 in
1172 2272 1539 2327 Emendandis
1568 2276 1736 2326 adhuc

136 2365 275 2431 forte
326 2364 634 2436 corrigenda
689 2367 1101 2432 praposuintus:
1157 2375 1209 2416 ut
1264 2377 1534 2434 propterea
1588 2370 1737 2435 plura

136 2456 423 2507 etiamnum
446 2456 498 2507 iu
524 2455 769 2523 Lucifero
795 2473 1081 2523 superesse,
1107 2474 1219 2523 rium
1246 2475 1457 2510 manum
1487 2461 1738 2512 medicam

138 2560 428 2617 exspectent
458 2550 696 2601 codicum
736 2565 859 2600 mss.
898 2567 991 2618 ope
1032 2552 1317 2615 pra'sertim
1348 2552 1585 2617 udjutunt
1609 2594 1620 2613 ,
1654 2555 1735 2603 ul-

139 2651 219 2692 tro
241 2656 609 2710 agnoscamus.
636 2641 885 2693 Cicirrum
908 2658 1006 2710 quo
1031 2643 1265 2709 deinceps
1291 2640 1737 2711 Luciferiauorunt

138 2735 292 2786 lectio
340 2734 553 2801 pronior
600 2734 907 2803 faciliorque
952 2736 1227 2797 succedat,
1274 2736 1430 2789 libros
1468 2754 1640 2791 omnes
1689 2741 1739 2791 in

137 2826 391 2879 sectioues
418 2826 773 2879 distinximus.
822 2825 1018 2889 Quibus
1053 2838 1298 2882 ura'terea
1332 2829 1611 2880 nonnullas
1641 2830 1743 2881 sire

137 2917 375 2989 ejusdem
410 2916 660 2983 Luciferi,
694 2918 798 2969 sive
828 2918 1052 2970 aliorum
1080 2919 1145 2970 ad
1174 2920 1337 2987 ipsum
1370 2916 1632 2987 Episfolas
1665 2938 1744 2975 re-

139 3012 377 3081 rognitas
407 3021 453 3064 et
485 3012 771 3065 illustratus
802 3011 1111 3083 udjeriums.

214 3104 309 3157 llis
340 3104 522 3172 itaque
550 3119 579 3157 a
611 3103 765 3157 nobis
793 3102 1218 3167 animadversis,
1251 3120 1447 3157 ttovutu
1474 3106 1541 3159 de
1580 3108 1745 3161 eden-

139 3196 228 3249 dis
270 3194 507 3250 Luciferi
550 3195 703 3249 libris
746 3196 1041 3249 cuit-illum
1088 3198 1370 3264 cepimus,
1413 3208 1466 3252 ct
1505 3202 1745 3255 exsecuti

138 3292 250 3358 jam
283 3305 473 3343 sumus
501 3307 513 3343 :
549 3290 615 3343 de
639 3306 746 3359 quo
776 3290 985 3358 pra-fari
1020 3292 1245 3343 omnino
1271 3308 1495 3346 necesse
1520 3303 1633 3357 est,
1658 3306 1745 3358 ut,

1841 2088 1938 2139 bos
1970 2097 2025 2139 et
2057 2096 2258 2141 nostrae.
2290 2096 2415 2139 sunt
2446 2085 2705 2139 admixta:
2734 2126 2745 2146 ,
2780 2100 2860 2137 em
2891 2084 3243 2154 potissimum
3270 2121 3285 2148 ,
3320 2096 3441 2151 qua:

1840 2178 1903 2231 ad
1937 2180 2366 2232 ecclesiasticam
2397 2176 2683 2231 historiam
2714 2178 2985 2247 pertinent
3006 2218 3021 2241 ,
3055 2189 3300 2246 quasque
3331 2174 3434 2229 mi-

1842 2286 1931 2325 ror
1981 2288 2009 2323 a
2050 2268 2339 2325 Gallandio
2380 2268 2779 2335 pra'termissas
2819 2268 2987 2322 fuisse
3012 2308 3026 2332 ,
3070 2282 3193 2321 cum
3242 2267 3440 2335 plura,

1842 2380 1964 2431 qua:
2014 2365 2202 2416 scribit
2253 2362 2506 2427 Lucifer,
2559 2365 2692 2415 Acta
2744 2360 3163 2415 Mediolanensis
3213 2357 3441 2413 Concilii

1844 2458 1969 2508 anui
2001 2456 2136 2517 555,
2166 2466 2217 2507 et
2245 2455 2530 2509 Athanasii
2563 2455 2726 2508 vitam
2754 2454 2988 2507 maxime
3021 2453 3291 2507 illttstrent
3319 2493 3332 2516 ,
3365 2462 3447 2505 at-

1844 2564 1949 2616 que
1983 2549 2307 2601 Arianorum
2356 2547 2408 2600 itt
2451 2546 2764 2601 Catltolicos
2810 2545 3027 2601 fraudes
3070 2560 3136 2600 ac
3179 2546 3443 2599 smvitieut

1844 2644 2144 2710 detegant:
2177 2642 2245 2696 de
2278 2643 2420 2696 notis
2451 2652 2631 2695 autem
2664 2640 2893 2709 adjectis
2922 2639 2989 2693 ad
3022 2639 3231 2709 singula
3272 2653 3445 2691 sacra'

1847 2739 2141 2804 Scriptum
2179 2736 2484 2788 testimonia
2513 2746 2699 2804 postea
2722 2734 2987 2787 dicemus.
3023 2730 3137 2785 Νοιι
3163 2731 3239 2784 ita
3263 2739 3445 2785 tamen

1851 2829 2041 2881 horum
2070 2838 2353 2881 auctorum
2382 2828 2605 2880 eriticas
2632 2826 3135 2880 animadversiones
3163 2824 3456 2894 exscripsi-

1850 2935 1970 2975 mus
1992 2962 2005 2983 ,
2041 2930 2099 2973 ut
2130 2920 2277 2973 illico
2307 2934 2402 2972 cas
2438 2920 2796 2988 probaremus
2823 2936 2835 2981 ;
2870 2932 3063 2971 omnes
3093 2916 3313 2988 quidem
3345 2916 3455 2970 suis

1848 3030 2093 3084 quasque
2138 3015 2271 3069 locis
2314 3015 2464 3082 leges
2494 3014 2725 3067 insertas
2749 3054 2761 3076 ,
2797 3028 2902 3065 non
2934 3026 3125 3067 omnes
3158 3010 3413 3079 probatas
3444 3028 3453 3062 :

1852 3123 2027 3177 neque
2053 3108 2104 3161 in
2127 3108 2300 3176 ipsum
2326 3106 2557 3161 Luciferi
2582 3108 2865 3175 exemplar
2892 3121 3082 3159 manus
3111 3106 3180 3158 ita
3206 3103 3455 3173 injicien-

1853 3203 1949 3256 das
1980 3204 2254 3265 duximus,
2274 3201 2583 3255 utaliorum
2617 3200 2735 3254 licet
2768 3200 3080 3254 testimonio
3109 3208 3159 3252 et
3192 3199 3457 3266 opinione

1854 3294 2007 3348 fretis
2037 3295 2202 3348 verba
2234 3309 2538 3363 sensusque
2571 3304 2657 3347 aut
2719 3295 3101 3358 iutervertcrc,
3132 3302 3221 3345 aut
3256 3294 3454 3346 imum-

142 3398 267 3451 tjuzc
316 3381 737 3450 prccstitcrituus
765 3422 777 3443 ,
823 3398 943 3449 qua:
998 3382 1155 3435 nobis
1202 3384 1513 3450 adjutucnta
1560 3384 1828 3445 fueritth
1864 3396 2000 3451 tare,
2026 3397 2119 3439 aut
2145 3386 2309 3441 etiam
2344 3386 2530 3440 delere
2564 3385 2721 3439 nobis
2744 3386 2934 3438 liceret
2974 3404 2984 3436 :
3019 3400 3233 3455 aqnum
3268 3385 3317 3437 id
3351 3399 3455 3438 non

142 3484 493 3546 comparata,
544 3475 672 3543 quiti
718 3477 769 3529 ιιι
822 3476 939 3541 ipso
988 3474 1277 3538 Lucifero,
1329 3477 1555 3545 ejusque
1600 3478 1753 3532 libris

143 3571 368 3639 dignum
404 3570 476 3621 sit
504 3568 713 3633 visunt,
746 3568 890 3636 quod
934 3569 1143 3621 critic-ac
1186 3568 1473 3637 qua-stioni
1519 3570 1750 3639 subjice—

142 3676 320 3727 retur,
357 3667 422 3719 iis
456 3665 742 3735 perspicue
784 3675 995 3733 pateat.
1039 3666 1127 3735 qui
1172 3666 1224 3719 in
1265 3667 1457 3721 iisdem
1502 3667 1753 3735 legendis

146 3761 359 3813 versari
394 3760 525 3812 utile
558 3757 658 3811 sibi
692 3758 943 3811 duxoriot
973 3774 1093 3812 esse
1118 3758 1182 3809 ad
1210 3760 1518 3812 doetrinam
1544 3770 1597 3812 et
1624 3775 1749 3813 eru-

146 3854 453 3915 ditionem,
494 3862 590 3905 aut
628 3851 694 3904 ad
732 3852 1105 3905 curiositatem
1157 3852 1463 3905 honestum.
1518 3856 1591 3907 Ac
1643 3856 1751 3922 pri-

148 3962 299 4000 tuum
334 3945 507 4012 ipsant
540 3943 661 3996 Ttlii
710 3944 1009 3997 editionem
1056 3944 1211 3996 uobis
1252 3944 1583 4012 sequendam
1631 3960 1757 4013 pro-

151 4039 469 4109 posuimus,
510 4040 714 4109 quippe
758 4055 879 4107 quzu
924 4048 1168 4091 veterum
1215 4040 1507 4104 (lodicutn,
1542 4040 1681 4093 tttnlc
1714 4040 1755 4093 is

153 4138 390 4193 Luciferi
436 4136 605 4191 libros
651 4138 859 4205 primus
888 4138 1061 4199 eruit,
1110 4138 1406 4204 genuinum
1453 4138 1523 4189 sit
1572 4153 1757 4190 exem-

154 4235 341 4302 plum;
388 4246 567 4300 neque
610 4230 756 4285 enim
800 4247 920 4299 qua~
967 4227 1041 4283 illi
1092 4236 1276 4285 insunt
1324 4230 1515 4283 tuenda
1546 4272 1559 4293 ,
1604 4240 1759 4301 typu-

152 4326 350 4397 graphi
409 4327 619 4394 magis,
676 4338 836 4393 quam
880 4327 1233 4394 antiquorum
1286 4326 1633 4377 librariorum
1678 4328 1759 4375 in-

152 4418 331 4471 scitia:
363 4429 455 4469 attt
499 4416 724 4470 incuria:
764 4424 890 4468 sttnt
928 4416 1249 4482 trdmeuda,
1295 4418 1370 4470 uti
1396 4416 1623 4469 inferius
1648 4431 1761 4469 mo-

153 4511 411 4566 ttebiutus
444 4526 455 4561 :
499 4518 714 4563 caetera)
745 4523 876 4561 veru
910 4507 1213 4570 editiones,
1257 4509 1299 4561 si
1342 4508 1755 4561 Gallaudiauatn

150 4606 425 4675 excipias.
463 4613 671 4656 tantum
705 4601 1047 4655 auctoritatis
1081 4618 1189 4669 pra:
1222 4617 1280 4653 se.
1312 4617 1415 4653 non
1450 4600 1669 4664 ferunt,
1704 4608 1759 4652 ιιι

152 4700 279 4753 illas
311 4708 427 4751 tttto
458 4695 609 4765 sequi
645 4709 958 4762 possemus,
986 4709 1108 4747 cum
1140 4693 1413 4747 editonun
1447 4694 1756 4752 arbitrium,

1856 3492 1995 3545 erat,
2032 3497 2206 3551 neque
2260 3482 2425 3533 rectis
2468 3480 2691 3534 critices
2736 3480 2945 3548 legibus
2970 3484 3404 3533 consentaneum
3440 3495 3453 3535 :

1858 3574 2103 3641 satisque
2137 3574 2258 3638 fuit,
2293 3588 2415 3640 quzc
2474 3572 2675 3625 intacta
2733 3571 2971 3638 relinqui
3021 3569 3173 3622 nullo
3204 3578 3457 3639 poterant

1857 3665 2121 3727 modo,ea
2154 3664 2473 3725 emendare,
2503 3672 2699 3715 ca-tera
2731 3672 2909 3714 autem
2930 3661 3135 3729 judicio
3161 3661 3455 3727 legentium

1858 3769 2013 3811 notas
2040 3758 2378 3826 permittere.
2408 3755 2610 3809 l’t'a'lcr
2644 3755 2760 3808 lucc
2799 3754 2928 3817 alio,
2962 3768 3023 3805 ac
3054 3753 3183 3807 editi
3217 3752 3458 3812 fuerunt,

1857 3851 2054 3903 ordine
2086 3850 2254 3903 libros
2286 3848 2531 3919 singulos
2560 3846 2960 3912 disposuimus,
2992 3861 3115 3899 cum
3144 3862 3319 3914 neque
3352 3859 3462 3898 uno

1860 3961 2053 4000 omnes
2093 3945 2293 3999 calami
2320 3959 2503 4005 cursu,
2550 3958 2728 4011 neque
2757 3957 2863 3995 uno
2891 3950 3142 4010 tempore
3176 3939 3463 3993 existime-

1862 4055 1981 4094 mus
2004 4058 2031 4092 a
2058 4040 2311 4093 Lucifero
2340 4038 2510 4091 fuisse
2528 4034 3112 4105 compositos.Ceusuit
3137 4032 3353 4101 quidem
3374 4031 3464 4085 Τί-

1863 4133 1966 4185 lius
1996 4134 2048 4184 itt
2082 4132 2314 4199 epistola
2356 4128 2423 4181 ad
2454 4128 2609 4181 Pium
2647 4125 2963 4179 l‘outifirent
3018 4134 3183 4177 totum
3224 4124 3460 4175 columen

1862 4241 1981 4279 esse
2008 4240 2142 4288 opus
2183 4232 2346 4275 tractu
2376 4238 2480 4273 uno
2517 4219 2825 4284 imperatori
2856 4216 3161 4271 Constantio
3190 4215 3461 4269 continuu-

1862 4332 1993 4383 tnm,
2017 4319 2186 4387 ipsum
2209 4325 2375 4367 tamen
2399 4315 2449 4366 in
2482 4312 2687 4365 libellos
2712 4310 2960 4380 partitunt
2989 4310 3055 4361 ab
3079 4316 3303 4360 auctore
3331 4322 3343 4357 :
3366 4306 3459 4360 sed

1863 4412 2020 4464 aliter
2046 4415 2380 4464 censuerunt
2406 4405 2683 4460 Baronius
2702 4403 2769 4457 ad
2802 4418 3002 4455 annum
3032 4399 3158 4465 556,
3183 4415 3333 4453 nunt.
3352 4398 3453 4458 65:

1868 4503 2279 4574 l‘apebrocbius
2305 4512 2438 4555 tom.
2470 4515 2521 4554 ιν
2553 4499 2697 4557 Maii,
2729 4497 2870 4551 Boll.
2900 4498 2949 4548 in
2976 4495 3191 4549 Comm.
3222 4493 3361 4547 llist.
3396 4494 3466 4547 de

1863 4599 2064 4653 Sancto
2112 4594 2359 4649 Lucifero
2388 4606 2513 4660 cap.
2549 4590 2604 4649 4.
2639 4601 2695 4644 et
2722 4586 3043 4643 Gallztudius
3067 4586 3122 4639 in
3145 4584 3462 4655 Prolegom.

1864 4690 1931 4744 ad
1967 4700 2097 4743 tom.
2132 4704 2181 4741 Vt
2216 4683 2474 4741 Bibliotlt.
2528 4682 2665 4745 Pl‘.,
2703 4682 3028 4752 quibuscum
3060 4682 3459 4740 convenimus;

152 4809 264 4848 nou
317 4806 471 4859 mqua
526 4789 958 4851 animadversio,
1016 4803 1237 4841 errores
1290 4788 1427 4841 forte
1476 4786 1761 4841 sustulerit
1791 4781 1837 4839 1)
1867 4793 1922 4837 et
1956 4781 2177 4836 Lucifer
2207 4781 2324 4843 ipse
2353 4778 2405 4833 in
2439 4776 2534 4830 lib.
2571 4774 2903 4829 Moriendum
2945 4788 3054 4827 esse
3076 4788 3170 4841 pro
3201 4769 3341 4825 Filio
3372 4767 3469 4823 Dei

150 4886 227 4941 ali
252 4895 396 4953 lunt,
438 4900 546 4937 non
583 4897 787 4952 paucos
823 4892 976 4937 certe.
1016 4884 1065 4935 in
1104 4882 1325 4935 easdem
1371 4881 1651 4941 intulerit;
1691 4880 1757 4935 de

149 4992 265 5047 quo
311 4974 473 5042 paulo
513 4974 768 5043 superius
812 4974 1021 5027 dictum
1065 4984 1171 5028 est.
1215 4973 1320 5026 Sed
1370 4989 1495 5026 cum
1552 4972 1757 5027 codicis

149 5068 391 5139 alicujus
429 5082 590 5133 apem
633 5067 789 5120 nobis
830 5083 953 5121 esse
997 5066 1362 5121 necess:tri:im
1411 5067 1757 5129 videremus,

149 5176 394 5233 quocum
421 5160 630 5214 Tiliaua
662 5158 830 5213 editio
857 5158 1222 5223 conferretur,
1264 5159 1410 5213 illum
1451 5170 1759 5229 opportune

151 5257 207 5309 itt
270 5254 527 5307 Vaticana
586 5250 925 5306 Bibliotheca
978 5254 1123 5305 nacti
1173 5265 1364 5305 sumus
1416 5252 1648 5313 szcculo,
1706 5258 1762 5302 ttt

150 5348 349 5410 aiunt,
386 5360 531 5399 u0tto
561 5344 933 5412 descriptum,
981 5354 1036 5397 et
1079 5346 1129 5399 ιιι
1171 5344 1366 5398 loculis
1408 5343 1760 5397 Bibliotheca!

149 5438 479 5494 distinctum
514 5452 664 5491 num.
700 5436 802 5501 73,
837 5438 939 5490 litt.
972 5435 1035 5489 N.
1067 5435 1126 5489 Ρ.
1159 5437 1315 5505 cujus
1349 5434 1585 5490 diversa:
1614 5455 1643 5488 ιι
1675 5434 1766 5489 Ti-

152 5529 324 5585 iiauis
378 5529 653 5584 dictiones
711 5529 1001 5597 exscripta:
1060 5530 1127 5581 ad
1188 5543 1289 5583 nos
1356 5529 1765 5597 perhumaniter

153 5626 499 5680 transmissa:
530 5631 698 5678 sunt:
733 5623 830 5679 sed
864 5638 970 5677 non
1002 5622 1271 5691 ejusmodi
1300 5632 1424 5676 sunt
1445 5663 1461 5687 ,
1487 5636 1611 5691 qua:
1640 5635 1764 5675 sen-

156 5724 392 5778 tentiam
450 5720 781 5786 immutent,
837 5728 895 5775 et
947 5718 1125 5771 varias
1184 5717 1511 5785 plerumque
1562 5729 1763 5779 voces,

157 5817 315 5870 varia
366 5814 438 5867 ab
490 5811 652 5867 editis
702 5828 767 5868 ex
814 5812 1025 5868 Tiliano
1066 5811 1257 5865 codice
1302 5808 1522 5863 nomina
1565 5808 1768 5861 solum-

156 5907 331 5966 modo
361 5906 627 5964 exltibent
654 5922 669 5970 ;
704 5905 849 5961 unde
878 5904 1139 5975 conjicias
1163 5946 1176 5969 ,
1210 5904 1428 5981 plupcs,
1460 5901 1552 5971 qui
1583 5901 1769 5972 legun-

158 6012 250 6060 tur
270 5999 564 6060 crroresin
599 5997 752 6055 libris
786 5996 1059 6066 Luciferi,
1098 5999 1302 6053 inculto
1337 5996 1518 6067 p0tius
1544 6010 1607 6051 ac
1637 6009 1770 6065 pene

1868 4874 2100 4941 idipsum
2160 4870 2318 4926 nobis
2348 4868 2664 4932 confirmat,
2697 4868 2895 4922 librum
2948 4880 3104 4918 suum
3129 4871 3193 4917 de
3243 4863 3467 4933 Regibus

1868 4964 2181 5038 Apostaticis
2207 4962 2556 5027 distinguens
2579 4975 2644 5014 ac
2666 4961 2962 5027 sejungeus
2989 4973 3017 5009 a
3051 4955 3300 5019 exteris;
3337 4954 3463 5020 Qua?

1865 5063 1936 5114 ita
1964 5077 2017 5114 se
2063 5059 2249 5113 habere
2276 5059 2329 5111 in
2361 5057 2514 5116 libro,
2544 5056 2632 5124 qui
2679 5054 2915 5107 titulatur
2942 5056 3010 5103 de
3055 5048 3294 5119 Regibus
3324 5050 3467 5118 Apo-

1868 5153 2097 5214 staticis,
2128 5155 2252 5222 quia
2282 5153 2385 5210 iam
2414 5149 2613 5220 aperui,
2639 5159 2747 5200 etc.
2791 5144 2895 5199 Sed
2925 5159 3035 5213 quo
3066 5144 3299 5212 quisque
3330 5153 3469 5197 tem-

1872 5261 2004 5316 pore
2040 5245 2178 5298 liber
2207 5259 2237 5297 a
2261 5241 2515 5297 Lucifero
2544 5240 2783 5307 scriptus
2814 5239 2999 5301 fuerit,
3030 5236 3132 5289 alia
3158 5234 3316 5288 nobis
3347 5235 3466 5303 opi-

1872 5340 1963 5395 nio
1991 5339 2158 5401 inest,
2188 5352 2347 5403 quam
2382 5333 2617 5385 laudatis
2657 5329 3014 5391 auctoribus;
3064 5344 3167 5398 qua
3199 5326 3268 5381 de
3299 5341 3359 5379 rc
3400 5327 3466 5377 ad

1874 5434 2122 5503 singulos
2172 5446 2274 5487 suo
2327 5430 2447 5482 loco
2474 5426 2837 5482 disseremus.
2871 5424 3097 5481 Tiliana:
3144 5431 3325 5477 autem
3354 5419 3468 5475 edi-

1876 5528 2010 5583 tioni
2043 5525 2164 5581 haec
2210 5521 2540 5585 addidimus,
2570 5536 2691 5589 qua:
2743 5518 2921 5575 omitti
2954 5526 3105 5571 certe
3164 5530 3270 5568 non
3320 5523 3472 5583 pote-

1874 5629 2019 5685 rant,
2049 5628 2105 5674 et
2132 5614 2493 5671 Luciferianis
2522 5614 2678 5669 libris
2698 5612 2981 5681 pra‘pnsita
3018 5610 3271 5679 leguntur
3297 5623 3312 5672 ;
3343 5606 3467 5676 Epi-

1872 5716 2075 5772 stolam
2134 5713 2366 5782 primttm
2416 5708 2654 5765 Luciferi
2682 5722 2804 5763 eum
2834 5704 3121 5775 legationis
3166 5718 3282 5756 sine.
3309 5702 3472 5755 sociis

1875 5806 2165 5864 Pancratio
2194 5813 2249 5859 et
2287 5803 2493 5858 llilario
2525 5802 2783 5871 scriptam
2818 5799 2884 5853 ad
2922 5797 3217 5853 Eusebium
3246 5793 3467 5848 Vercel-

1876 5902 2086 5957 lensem
2117 5897 2459 5968 episcopum.
2498 5894 2699 5951 deinde
2755 5892 2919 5948 aliam
2946 5888 3147 5946 Liberii
3195 5885 3469 5955 pontiﬁcis

1878 5996 1945 6053 ad
1979 5993 2292 6052 Luciferum
2322 5990 2520 6049 exsilio
2546 5991 2657 6060 jam
2689 5987 3006 6045 damnatum
3039 5982 3238 6041 :ltasce
3264 5980 3475 6037 litteras
