3902 6450
461 412 565 470 699

1478 399 1781 461 LUCIFER
1823 389 2196 454 EPISCOPUS
2236 388 2746 447 CALAIllTANUS.

3655 378 3751 436 700

462 545 670 601 scquun
690 537 775 583 tur
804 526 932 582 libri
961 524 1226 590 Luciferi,
1259 523 1468 596 primus
1490 519 1704 575 scilicet
1730 517 1792 571 de
1821 531 1926 570 non
1947 530 2070 568 can-
2100 511 2150 570 Α
2179 507 2556 566 testimonium
2597 505 2857 563 Proverb.
2911 519 3023 570 utx,
3049 501 3120 560 98
3147 521 3158 556 :
3213 501 3568 558 Misericordia
3599 509 3643 554 et
3671 517 3746 557 re-

454 621 705 677 seniendo
728 636 846 675 cum
867 619 1150 683 han-elicis,
1169 627 1279 672 tum
1308 616 1446 669 alter
1462 612 1527 666 de
1555 610 1779 684 Regibus
1802 607 2067 682 Apostati-

457 717 554 784 cis,
582 714 804 787 duoque
832 714 952 769 libri
987 727 1084 782 pro
1115 712 1174 769 S.
1207 709 1510 766 Athanasio
1536 723 1551 774 ;
1577 705 1644 766 ad
1680 706 1781 763 hos
1804 699 2066 757 Florentii

459 809 527 867 ad
563 809 896 873 Luciferum,
919 819 975 864 et
1002 803 1242 863 Luciferi
1274 802 1340 858 ad
1371 799 1710 857 Florentium
1739 797 1953 852 litteras
1976 792 2071 848 ad-

453 903 758 976 junximus,
790 901 991 974 quibus
1021 900 1300 968 subjectus
1325 903 1412 950 est
1431 893 1571 949 liber
1591 891 1658 945 de
1683 905 1786 944 non
1810 883 2070 962 parcendo

463 999 520 1052 in
567 994 736 1051 Deum
786 990 1228 1066 delinquentibus,
1259 997 1314 1045 et
1361 986 1492 1042 huic
1539 993 1874 1056 postremus,
1910 992 2069 1056 quem

465 1089 684 1146 Lucifer
709 1087 996 1143 inscribit:
1015 1084 1169 1153 Quod
1196 1080 1524 1137 moriendum
1555 1079 1621 1132 sit
1649 1093 1743 1149 pro
1761 1075 1903 1129 Filio
1932 1072 2027 1129 Dei
2053 1087 2072 1126 :

465 1182 686 1239 demum
703 1181 825 1236 duzc
841 1178 1127 1234 Athanasii
1143 1176 1387 1249 cpistola:
1403 1171 1470 1226 ad
1488 1170 1800 1226 Luciferum
1818 1167 2070 1223 volumen

471 1275 754 1332 claudunt.
798 1273 962 1328 llisce
987 1270 1163 1327 Tilius
1200 1266 1492 1324 addiderat
1532 1261 1822 1334 epistolam
1867 1254 2070 1312 Liberii

473 1369 538 1426 ad
567 1368 984 1434 Constantium,
1007 1375 1064 1420 et
1093 1365 1254 1419 aliam
1272 1358 1561 1417 Athanasii
1579 1357 1648 1413 ad
1669 1356 1852 1420 Solit.;
1870 1351 1966 1408 sed
1993 1351 2073 1408 lo-

467 1478 564 1520 cus
593 1461 789 1519 iisdem
819 1462 908 1517 hic
931 1475 1053 1516 esse
1077 1473 1183 1512 non
1212 1464 1452 1527 poterat,
1484 1455 1693 1524 quippe
1719 1449 1783 1504 ad
1811 1463 1898 1503 res
1916 1446 2071 1502 Luci-

2171 601 2301 656 ritas
2323 599 2481 656 tutela
2502 608 2575 655 est
2598 598 2730 684 regi,
2757 611 2877 669 pag.
2898 595 2967 652 89
2983 593 3108 671 (col.
3131 596 3260 668 855)
3292 595 3446 665 hujus
3466 592 3593 651 edit.
3624 591 3745 664 Ego,

2174 692 2388 758 subdit,
2417 692 2472 745 in
2505 689 2737 762 Vulgata
2768 705 2870 744 non
2898 688 3098 758 reperio
3127 705 3145 742 :
3175 689 3251 744 sic
3275 688 3432 743 multa
3460 695 3575 742 sunt
3606 683 3748 739 Luci-

2173 787 2293 859 feri,
2315 783 2416 840 nisi
2430 782 2647 838 aliunde
2664 781 2955 852 expiscetur
2976 797 2994 836 :
3020 789 3264 851 prtetereo
3282 778 3476 853 reliqua
3487 791 3598 852 quas
3616 776 3749 846 difﬁ-

2174 878 2296 932 cilia
2324 878 2533 932 inuentu
2553 882 2706 928 sunt:
2733 872 2875 928 unde
2898 871 2984 928 hic
3011 887 3168 928 error
3183 873 3344 926 etiam
3374 870 3446 926 illi
3474 867 3746 937 exciderit,

2176 961 2932 1029 uttestimoninmaLucifero
2957 961 3246 1017 adductum
3275 977 3340 1017 ex
3362 959 3381 1016 1
3402 961 3532 1032 Reg.
3557 973 3646 1023 vn,
3668 941 3748 1023 16,

2177 1080 2297 1136 pag.
2318 1062 2517 1135 69(cal.
2533 1059 2662 1132 855)
2677 1056 2930 1116 commati
2951 1056 3016 1112 15
3031 1055 3270 1126 ejusdem
3288 1070 3406 1124 cap.
3426 1055 3478 1109 in
3493 1052 3644 1123 Vulg.
3660 1065 3748 1122 ap-

2175 1173 2412 1237 poneret
2437 1179 2450 1218 :
2474 1177 2636 1232 quam
2672 1159 3052 1218 difficultatem
3086 1164 3139 1208 et
3168 1167 3268 1209 nos
3296 1151 3434 1204 adeo
3461 1161 3641 1203 smnus
3666 1161 3752 1200 cx-

2179 1262 2342 1333 perti,
2363 1274 2484 1315 cum
2508 1258 2720 1314 Tiliana
2752 1251 3098 1316 solummodo
3123 1248 3363 1305 editione
3394 1255 3678 1319 uteremur,
3702 1251 3754 1296 ut

2181 1365 2468 1425 propterea
2497 1367 2618 1426 pag.
2659 1353 2723 1408 5|
2774 1349 2901 1419 (col.
2934 1347 3061 1423 816)
3093 1344 3161 1402 ad
3212 1341 3362 1401 illum
3414 1338 3607 1406 locum,
3646 1351 3754 1388 cum

2179 1464 2453 1507 eomversus
2501 1445 2833 1518 ingemueris,
2881 1453 2988 1498 etc.
3029 1437 3326 1494 dixerimus
3363 1434 3414 1489 in
3471 1440 3592 1489 nota
3638 1427 3753 1486 sub-

467 1555 1057 1614 feriillnstrandasnon
1076 1541 2074 1616 necessariisdnterspuriaveroejus
2171 1545 2316 1611 jecta
2349 1581 2364 1607 ,
2416 1538 2557 1600 forte
2608 1554 2676 1593 ex
2754 1550 2920 1594 sensu
2973 1530 3315 1603 superiorum
3360 1525 3525 1583 loelis
3576 1523 3755 1578 verbo-

463 1667 630 1722 opera
666 1651 958 1720 rejecimus
976 1648 1042 1704 ad
1067 1648 1275 1703 calcem
1310 1642 1612 1699 voluminis
1647 1637 1958 1694 Forntutam
1984 1635 2074 1691 Fi-

467 1744 571 1807 dei,
593 1760 715 1816 qme
735 1744 987 1799 Lucifero
1012 1741 1297 1804 tribuitur;
1320 1740 1404 1794 cui
1425 1736 1723 1809 peculiaris
1752 1733 1940 1790 critica
1959 1733 2078 1787 ani-

470 1837 788 1894 madversio
804 1836 1023 1908 prmftxa
1042 1834 1335 1906 est.Atque
1356 1833 1442 1888 his
1464 1831 1531 1886 de
1551 1847 1688 1886 nova
1713 1830 1815 1884 hac
1833 1828 2076 1882 editione

2182 1652 2300 1693 rum
2333 1650 2454 1690 esse
2500 1641 2842 1696 contextum,
2873 1644 2995 1686 cum
3023 1635 3214 1699 postea
3245 1620 3492 1679 eumdem
3525 1617 3756 1674 invenire

2186 1729 2403 1786 licuerit
2427 1729 2479 1782 in
2525 1742 2649 1808 cap.
2703 1741 2805 1786 xxx
2837 1723 2904 1779 ls.
2939 1734 3086 1779 vers.
3131 1720 3216 1776 l5.
3245 1716 3380 1776 Hinc
3407 1715 3580 1769 locum
3609 1711 3754 1767 Deut.

2183 1844 2220 1893 I,
2247 1825 2341 1890 29,
2377 1823 2461 1880 Ne
2478 1803 2779 1895 loquamini,
2804 1834 2967 1884 neque
2996 1826 3128 1882 etc.,
3147 1827 3266 1883 pag.
3297 1809 3386 1864 hic
3405 1807 3474 1862 59
3497 1806 3615 1878 (col.
3633 1803 3754 1876 824)

473 1931 748 2005 111-(11111118,
768 1899 880 2002 jam
905 1931 972 1987 de
1003 1899 1262 1986 Luciferi;
1281 1930 1426 2000 ipso,
1458 1925 1604 1997 quod
1632 1924 1697 1979 ad
1729 1924 1852 1994 ejus
1880 1921 2076 1978 attinet
2110 1918 2155 1978 Β
2183 1922 2248 1977 ad
2295 1919 2579 1992 Vulgatam
2621 1913 2938 1987 espendens
2961 1912 3075 1982 ipse
3102 1907 3153 1965 la
3176 1905 3345 1962 Cerda
3366 1944 3380 1968 ,
3423 1910 3476 1957 et
3502 1899 3760 1956 diversam

467 2029 698 2098 scripta,
722 2039 833 2082 tttm
855 2027 924 2083 de
943 2026 1173 2099 singulis
1190 2024 1436 2095 ejusdem
1471 2022 1630 2077 libris
1654 2019 1956 2075 distinclim
1986 2033 2082 2087 per

463 2122 678 2192 aliquot
717 2123 1003 2177 sectiones
1043 2130 1296 2191 superest
1326 2116 1644 2174 necessario
1675 2115 2078 2172 disserendum.

465 2217 494 2289 ς
515 2217 551 2271 Ι.
569 2245 639 2258 —-
656 2214 733 2270 De
750 2215 979 2288 Luciferi
986 2233 1088 2270 ana
1108 2216 1292 2270 Sacra
1316 2213 1607 2282 Scriptura:
1629 2211 2077 2279 interpretatione.

537 2307 713 2364 Nemo
759 2317 846 2364 est
892 2307 1164 2380 profecto,
1198 2309 1315 2377 qui,
1364 2305 1602 2361 Luciferi
1636 2304 1806 2359 libros
1836 2317 1959 2358 cum
1993 2301 2079 2356 le-

468 2403 634 2474 gerit,
674 2412 730 2457 et
763 2403 816 2457 in
836 2400 1138 2457 atl'ereudis
1171 2410 1484 2472 promptum
1512 2408 1567 2455 et
1600 2400 1652 2453 in
1684 2397 1942 2467 aptandis
1969 2412 2083 2452 sua:

466 2497 775 2566 quibnstpte
823 2497 1119 2552 sententia:
1169 2495 1480 2550 divinorum
1511 2495 1774 2548 librorum
1831 2494 2077 2550 testimo-

470 2590 575 2642 niis
628 2598 846 2644 111-11111111
908 2590 1151 2645 hominis
1208 2589 1510 2660 ingenium,
1541 2603 1605 2642 ac
1637 2588 1966 2657 singularem
1997 2587 2080 2642 fa-

468 2683 723 2738 cundiam
758 2684 996 2738 maxime
1026 2700 1134 2739 non
1163 2682 1559 2739 admiretur.ld
1592 2683 1805 2754 primus
1833 2680 2079 2737 animad-

470 2777 639 2832 vertit
671 2777 1004 2831 Athanasius
1021 2777 1074 2832 in
1097 2776 1268 2832 altera
1287 2776 1352 2832 ad
1372 2778 1520 2830 illum
1541 2775 1776 2847 epistola
1793 2773 2078 2830 scribens:

475 2869 627 2925 Unde
653 2871 764 2925 lucc
786 2879 929 2924 tanta
957 2869 1356 2938 Scripturarum
1389 2868 1681 2924 memoria?
1707 2868 1844 2924 unde
1870 2881 2082 2936 sensus,

470 2978 518 3020 et
573 2966 867 3020 intellectus
915 2967 1214 3020 earumdem
1256 2965 1503 3039 integer?
1531 2975 1583 3020 et
1630 2963 1979 3020 Marcellinus
2016 2979 2083 3020 ac

470 3059 767 3115 Faustinus
800 3060 1109 3132 presbyteri
1166 3061 1216 3114 111
1251 3059 1463 3115 Libello
1495 3073 1715 3130 precum
1745 3056 1814 3112 ad
1843 3057 2082 3125 impera-

473 3163 626 3209 tores
677 3153 989 3210 Lucil’erum
1027 3155 1298 3226 prmcipne
1333 3153 1577 3211 laudant.
1610 3151 1754 3225 quod
1796 3152 1920 3207 liene
1949 3160 2080 3204 esset

472 3249 684 3323 agnitus
735 3266 826 3320 per
857 3248 1085 3301 studium
1131 3264 1400 3302 sacrarum
1422 3249 1735 3312 litterarum,
1765 3255 1821 3300 et
1845 3241 1991 3315 quod
2015 3242 2082 3298 li-

472 3337 591 3390 bros
641 3339 853 3412 scripsit
894 3340 969 3394 nd-
991 3340 1346 3394 Constantium
1397 3340 1574 3393 divina
1604 3312 1898 3391 testimonia
1919 3336 2085 3408 aptis-
2114 3312 2158 3374 Ο

470 3434 602 3485 sime
632 3448 917 3504 congerens
949 3443 1130 3487 contra
1182 3434 1454 3491 Itwreticos
1482 3442 1531 3487 et
1568 3443 1748 3488 contra
1792 3433 1962 3502 ipsum
1993 3448 2087 3503 pa-

475 3531 690 3578 tronum
748 3524 1114 3580 haereticorum
1165 3543 1182 3580 :
1245 3527 1388 3580 adeo
1442 3534 1498 3580 ut
1567 3523 1888 3580 Gallandius
1940 3534 2087 3579 recte

479 3618 746 3684 affirmet,
775 3619 902 3674 locis
932 3620 1196 3690 utriusque
1227 3618 1466 3675 Foederis
1503 3624 1665 3690 ferme
1687 3618 1816 3675 solis
1844 3628 2087 3673 contexta

478 3728 595 3765 esse
625 3712 819 3782 scripta
840 3711 1200 3782 Luciferiaua.
1252 3713 1389 3768 llinc
1416 3712 1722 3768 Cotelerius
1752 3713 1806 3767 in
1842 3713 2088 3768 testimo-

481 3807 574 3860 nio
605 3807 858 3874 superius
888 3807 1054 3861 allato
1088 3807 1394 3863 Luciferum
1439 3809 1675 3879 appellat
1699 3819 1960 3863 auctorem
1984 3809 2089 3863 uti-

481 3898 742 3952 lissimum
771 3899 840 3951 ad
869 3899 1214 3970 cognitionem
1246 3915 1408 3954 sacrae
1452 3899 1740 3970 Scriptura
1764 3917 1782 3967 ,'
1811 3911 1862 3956 et
1888 3899 2091 3955 Millius

480 3992 532 4045 in
569 3989 786 4062 Prolcg.
819 3991 886 4046 ad
918 3990 1054 4046 Nov.
1087 3990 1329 4048 Testam.
1395 4009 1547 4048 num.
1584 3992 1690 4047 772
1741 3992 1860 4048 ha-c
1889 3991 1958 4048 de
1987 3991 2092 4047 Lu-

478 4085 655 4140 cifero
707 4085 901 4139 scribit
937 4102 949 4138 :
979 4085 1056 4139 Ab
1115 4085 1323 4140 Hilario
1376 4087 1658 4141 transimus
1693 4087 1763 4140 ad
1789 4084 2091 4158 Luciferum

478 4179 781 4249 episcopum
803 4176 1186 4243 Calaritanum,
1212 4183 1366 4253 cujus
1400 4180 1651 4252 opuscula
1674 4196 1921 4253 magnam
1946 4179 2094 4234 testi-

483 4272 771 4325 moniorum
795 4287 959 4326 sacra:
986 4271 1280 4341 Scriptum
1321 4275 1389 4326 ad
1419 4274 1579 4345 ﬁdem
1603 4274 1800 4330 codicis
1819 4275 1984 4346 ipsius
2005 4290 2095 4330 ac-

479 4373 662 4418 curate
705 4364 894 4434 ubique
925 4365 1258 4421 recitaturum
1284 4369 1385 4424 vim
1430 4365 1692 4423 exhibent.
1717 4366 1825 4423 Sed
1851 4383 1970 4423 cum
1999 4367 2095 4421 ho-

480 4472 601 4510 rum
652 4454 812 4510 editio
840 4455 912 4509 ad
941 4472 1038 4510 ms.
1089 4473 1252 4512 unum
1284 4458 1551 4529 exemplar
1608 4457 1903 4524 dumtaxat,
1943 4458 2096 4527 idque

489 4564 766 4620 perperam
814 4551 1133 4619 descriptum
1171 4553 1432 4608 adornata
1455 4553 1593 4609 uitiis
1637 4553 1846 4610 misere'
1870 4532 2092 4620 scatent,

486 4655 596 4698 tum
625 4660 719 4698 nec
749 4646 884 4699 sacri
912 4643 1122 4700 Codicis
1152 4646 1268 4702 loca
1286 4663 1490 4701 evasere
1505 4648 1728 4720 integra.
1755 4645 1960 4704 Verum
1986 4659 2096 4717 quo

487 4737 708 4793 tandem
731 4737 939 4795 Codice
971 4755 1100 4795 usus
1141 4743 1212 4796 sit
1238 4740 1414 4798 'l'ilius
1455 4750 1548 4796 aut
1577 4756 1688 4797 uno
1715 4748 1811 4796 aut
1838 4739 2091 4811 pluribus

485 4832 540 4886 in
564 4831 799 4887 edendis
829 4831 1066 4888 Luciferi
1117 4833 1292 4900 libris,
1329 4845 1516 4891 ttOSlel'
1544 4834 1769 4905 quidem
1800 4834 2094 4894 Vaticanus

488 4923 605 4980 fere
633 4923 772 4978 nihil
794 4923 973 4981 differt
993 4925 1062 4981 ab
1083 4925 1325 4986 editione
1352 4927 1570 4988 Tiliana
1601 4928 1653 4983 in
1686 4927 1978 4995 descriptis
2010 4942 2098 4983 sa-

487 5035 711 5075 crorum
767 5018 1070 5076 Biblim-um
1105 5023 1433 5079 testimoniis
1472 5039 1486 5086 ;
1521 5021 1668 5080 tunde
1723 5021 1884 5077 aliam
1917 5021 2098 5092 potius

485 5128 801 5182 quaeramus
827 5128 1050 5170 causam
1106 5131 1335 5174 necesse
1362 5125 1471 5183 est,
1503 5132 1603 5175 cur
1629 5118 1703 5171 ita
1737 5116 1790 5170 in
1839 5112 2099 5170 Lucifero

491 5208 745 5277 legantur
785 5207 1003 5287 diversa
1052 5226 1082 5270 a
1121 5211 1391 5286 Vulgatis,
1423 5228 1524 5268 nec
1578 5210 1807 5268 oninino
1833 5226 1861 5268 a
1888 5209 2104 5267 mendis

487 5305 718 5376 integra,
740 5313 796 5359 et
820 5318 1141 5377 espurgata.
1168 5307 1481 5370 Ludovicus
1497 5311 1547 5366 la
1570 5306 1750 5363 Cerda
1777 5307 1831 5362 in
1861 5306 2098 5364 Advers.

488 5397 646 5452 Sacr.
677 5413 800 5468 cap.
834 5398 936 5456 165
964 5399 1244 5457 diftit-ilem
1268 5417 1399 5459 sane
1422 5417 1649 5474 operam
1676 5413 1966 5472 aggressus
1993 5409 2103 5468 est,

493 5501 554 5546 ut
584 5505 744 5546 sacra
779 5495 1090 5550 testimonia
1118 5513 1144 5546 a
1177 5495 1434 5554 Lucifero
1455 5497 1622 5556 allata
1657 5484 1712 5551 iii
1740 5492 1842 5550 lib.
1870 5509 1887 5550 1
1918 5510 2016 5565 pro
2040 5493 2100 5549 S.

490 5583 692 5640 Athan.
727 5600 853 5641 cum
890 5586 1119 5660 Vulgata
1149 5605 1289 5646 nova
1341 5590 1643 5652 Bibliorum
1697 5588 1941 5647 editione
1971 5603 2102 5645 con-

489 5677 661 5734 ferret
689 5687 785 5743 :_at
810 5681 930 5750 ipso
957 5681 1075 5751 fere
1105 5685 1304 5751 capitis
1328 5683 1483 5740 initio
1511 5686 1661 5743 illum
1703 5683 1944 5753 Suscepti
1975 5697 2103 5752 ope-

488 5773 566 5829 ris
619 5775 878 5844 paenituit
909 5793 924 5843 ;
966 5779 1172 5850 quippe
1203 5781 1359 5846 mira,
1395 5781 1594 5850 inquit,
1642 5790 1717 5837 est
1749 5778 1984 5849 Lucifﬂi
2035 5777 2107 5833 Ιί·

496 5827 501 5828 ν
552 5827 558 5829 ν
619 5827 641 5844 τ
669 5827 697 5828 η
757 5827 760 5828 ν
808 5827 826 5829 -
862 5827 875 5829 ~
911 5827 924 5843 ι
970 5827 1171 5850 -ι--ηη
1642 5827 1716 5837 ,η
1749 5827 1877 5845 ,ηρ
2035 5827 2073 5833 __
2225 5827 2348 5832 ,ηπ

496 5866 666 5922 bertas
719 5869 771 5924 in
805 5886 903 5925 usu
947 5871 1280 5944 Scriptum,-
1320 5884 1377 5932 at
1434 5827 1508 5936 illa
1565 5876 1789 5948 difﬁcile
1832 5827 2027 5938 re'ddis,
2061 5881 2117 5927 us
2226 5868 2467 5937 linguam
2500 5857 2737 5916 vertisse
2766 5860 3048 5906 sacrorum
3077 5841 3337 5899 librorum
3367 5827 3683 5889 sententias.

490 5959 628 6022 divin
651 5963 822 6019 andus
836 5965 902 6021 sit
932 5967 1238 6044 plerumque
1263 5970 1556 6044 Scriptura
1584 5973 1733 6029 locus
1756 5989 1777 6044 ;
1807 5976 1864 6026 et
1886 5965 1954 6027 ad
1985 5963 2120 6022 illud

2181 2014 2320 2071 adeo
2379 2010 2886 2082 interpretationem
2927 2001 3228 2066 admirans,
3260 1996 3387 2053 Harc
3414 2011 3526 2050 cum
3547 1993 3758 2057 rideam,

2184 2107 2448 2174 subdidit,
2479 2105 2650 2163 nescio
2691 2101 2815 2172 quid
2845 2097 2990 2156 aliud
3022 2097 3216 2170 possim
3245 2093 3435 2156 dicere,
3464 2104 3610 2159 quam
3635 2087 3762 2142 hunc

2183 2205 2347 2260 uirum
2371 2200 2452 2256 uel
2480 2217 2572 2273 per
2616 2193 3148 2253 accommodationem
3177 2185 3451 2262 quamdam
3492 2180 3765 2236 reddidisse

2186 2303 2297 2358 lucc
2323 2301 2459 2364 loca,
2489 2299 2568 2352 vel
2596 2310 2743 2350 usum
2774 2292 2950 2366 aliqua
2971 2285 3331 2361 translatione,
3362 2292 3414 2336 ut
3433 2279 3603 2336 multa:
3623 2282 3763 2329 erant

2188 2407 2307 2453 ante
2329 2394 2576 2458 [ἔξει-οη..
2600 2407 2707 2460 .qua
2735 2404 2831 2442 nos
2856 2399 3088 2440 caremus
3106 2398 3125 2436 :
3151 2388 3206 2435 et
3228 2377 3292 2432 ad
3323 2372 3546 2431 Malach.
3572 2385 3648 2433 111,
3676 2368 3760 2429 l3,

2188 2510 2238 2561 p.
2269 2481 2690 2556 l05(col.87“2):
2728 2479 2810 2535 Ne
2839 2479 3041 2542 mirere,
3061 2464 3561 2544 adjungit,Luciferi
3579 2460 3761 2516 versio-

2185 2554 2324 2648 nem,
2345 2554 2462 2653 quat
2490 2577 2622 2636 adeo
2642 2554 2718 2632 est
2763 2572 3038 2635 inusitata,
3063 2577 3120 2625 ut
3144 2561 3397 2637 suspicari
3418 2558 3683 2614 debeamus
3703 2554 3764 2608 il-

2184 2681 2289 2734 lunt
2311 2647 2536 2751 aliquem
2563 2670 2787 2726 codicem
2810 2665 3049 2719 habuisse
3079 2652 3529 2733 peculiarem.Sed
3561 2647 3698 2720 quod
3721 2647 3765 2701 is

2186 2743 2502 2842 stt5jticattts
2529 2768 2647 2830 11111,
2669 2764 2778 2832 jam
2810 2761 2904 2816 alii
2931 2757 3301 2817 adverterant,
3326 2759 3386 2806 et
3410 2746 3580 2804 Tilius
3608 2743 3764 2796 etiam

2185 2867 2240 2922 in
2272 2863 2498 2934 cpistola
2527 2861 2592 2913 atl
2632 2855 2952 2912 Pontificem
2980 2869 2992 2906 :
3017 2845 3288 2908 Ostendit,
3331 2833 3766 2911 inquiens,versio

2186 2961 2414 3012 locorum
2433 2953 2570 3008 sacri
2591 2947 2892 3011 uoluminis,
2925 2941 3064 3014 quod
3095 2940 3192 2994 illa
3217 2945 3353 2991 certe
3381 2927 3610 3003 uulgaris
3634 2935 3764 2988 erat,

2186 3069 2366 3126 neque,
2389 3061 2441 3102 ut
2468 3058 2648 3120 postea
2668 3045 2796 3118 fuit,
2825 3041 3088 3113 recognitn
3120 3046 3166 3088 et
3187 3030 3459 3090 emendata
3484 3045 3501 3095 ;
3523 3036 3572 3082 et
3604 3023 3770 3094 Pape-

2188 3115 2442 3202 brocltitts
2468 3115 2592 3211 cap.
2625 3115 2818 3195 5'Vitzc
2848 3134 2908 3190 S.
2956 3128 3129 3187 Lucil.
3171 3144 3182 3180 :
3219 3124 3284 3179 In
3319 3119 3538 3178 cilandis
3567 3115 3767 3187 quidem

2191 3241 2480 3313 Scriptura:
2516 3235 2642 3290 locis
2672 3239 2892 3302 apparet
2914 3226 3158 3282 versionis
3205 3221 3431 3286 antiqua
3457 3213 3518 3268 ab
3568 3228 3647 3273 ea,
3674 3225 3771 3280 qua

2191 3306 2458 3391 emendata
2489 3327 2642 3382 hodie
2667 3326 2883 3391 utimur,
2921 3317 3162 3375 notabilis
3184 3311 3459 3368 admodum
3479 3306 3772 3372 discrepan-

2192 3432 2284 3488 tia.
2313 3427 2386 3481 uti
2413 3424 2644 3481 observat
2668 3417 2837 3472 Titius
2869 3433 2886 3482 ;
2918 3422 2974 3470 et
3002 3413 3053 3466 in
3084 3406 3278 3480 primis
3313 3404 3502 3460 l‘etrus
3537 3396 3774 3453 Sabatia-

2191 3524 2306 3578 rius
2330 3521 2383 3575 111
2407 3515 2730 3573 doctissimo
2751 3522 2920 3577 opere
2943 3521 2970 3559 a
2993 3519 3054 3559 se
3083 3498 3285 3571 ingenti
3313 3494 3489 3551 studio
3515 3506 3574 3543 ac
3598 3489 3775 3545 labore

2193 3611 2457 3685 perfecto,
2485 3606 2572 3681 cui
2609 3604 2798 3659 titulus
2826 3609 2937 3656 est:
2975 3598 3256 3654 Sacrorum
3284 3582 3778 3684 BibliorumLatiuc

2202 3672 2474 3765 i’ersioues
2498 3672 2745 3774 antiquas,
2791 3711 2880 3750 seu
2915 3691 3073 3750 Vetus
3125 3686 3334 3748 Italica,
3365 3689 3470 3736 etc.
3513 3677 3606 3732 llic
3635 3672 3775 3728 enim

2195 3805 2244 3857 in
2277 3809 2417 3872 part.
2453 3814 2513 3862 11,
2543 3794 2571 3870 ς
2699 3790 2918 3849 Prazfat.
2943 3785 3007 3840 ad
3042 3794 3172 3838 tom.
3206 3795 3246 3847 t,
3275 3783 3408 3847 part.
3438 3790 3474 3837 1,
3500 3770 3779 3872 disserens

2194 3897 2258 3950 de
2279 3861 2517 3962 'singulis
2545 3861 2626 3943 ves:
2656 3885 2835 3940 ordine
2868 3876 3138 3940 Patribus,
3172 3870 3474 3941 scriptisque
3492 3861 3727 3925 Patrum,
3753 3873 3778 3911 e

2195 3989 2377 4061 quibus
2415 3985 2704 4052 Scriptum
2733 3982 3022 4050 fragmenta
3052 3986 3141 4025 seu
3184 3962 3465 4021 uersiculos
3493 3967 3775 4025 excerpse-

2197 4046 2578 4151 rat,quantnn:
2604 4046 2786 4129 sibiad
2811 4046 2950 4139 opus
2973 4077 3132 4119 suum
3153 4055 3539 4116 elaborandum
3572 4046 3779 4119 profue-

2197 4139 2304 4231 rinl
2326 4139 2565 4228 Luciferi
2592 4165 2737 4233 libri,
2757 4162 2907 4217 hisce
2922 4155 3106 4213 verbis
3133 4156 3451 4208 testatusest
3476 4158 3618 4199 num.
3644 4139 3738 4196 101
3761 4154 3773 4191 :

2201 4269 2375 4337 Longe
2403 4280 2523 4320 uero
2556 4262 2707 4332 plura
2747 4256 2974 4326 antiquae
3017 4241 3452 4320 interpretationis
3501 4242 3780 4311 fragmenta

2199 4328 2347 4418 nobi-s
2375 4328 2783 4414 subministravit
2809 4346 3024 4416 Lucifer
3046 4339 3378 4397 Calaritanus
3407 4333 3459 4386 in
3479 4328 3780 4395 oariis,quos

2199 4452 2528 4526 conscripsit,
2562 4447 2707 4504 libris
2735 4486 2749 4510 ,
2801 4442 2905 4500 Pro
2952 4438 3012 4496 S.
3067 4429 3409 4494 Athanasio;
3438 4424 3505 4526 de
3557 4419 3781 4526 Regibus

2199 4513 2574 4623 Apostalicis;
2609 4541 2686 4598 De
2744 4552 2850 4594 non
2896 4527 3274 4591 convenientia
3319 4537 3440 4578 cum
3474 4513 3778 4623 hmret’i‘cis

2205 4601 2442 4700 Beviion
2476 4601 2752 4709 parcendo
2798 4629 2852 4688 in
2911 4627 3081 4684 Deum
3132 4601 3779 4689 delinquentibus;Quod

2206 4705 2546 4794 moriendum
2597 4727 2670 4784 sit
2701 4739 2798 4796 pro
2849 4722 2989 4778 Filio
3021 4717 3139 4774 Dei.
3179 4711 3381 4768 Floruit
3427 4706 3632 4778 Lucifer
3654 4705 3782 4757 circa

2202 4843 2403 4888 aunum
2429 4823 2557 4882 554.
2593 4819 2658 4876 In
2708 4812 2991 4873 laudandis
3042 4809 3329 4882 Scriptura:
3358 4801 3520 4859 verbis
3546 4799 3637 4855 sibi
3665 4797 3784 4851 satis

2203 4931 2504 4991 constat;a
2527 4916 2707 4975 Greco
2737 4921 2876 4971 textu
2926 4905 3178 4962 hodierno
3231 4901 3316 4956 vix
3365 4898 3634 4967 discrepat.
3663 4888 3785 4945 Cum

2205 4987 2538 5078 Tertulliano
2569 5009 2798 5068 concinit
2841 4999 3146 5075 aliquando,
3175 4993 3433 5052 interdum
3477 5005 3588 5044 cum
3622 4987 3787 5053 Augu-

2208 5115 2348 5170 stino
2379 5121 2426 5164 et
2457 5103 2729 5164 Ambrosio
2754 5116 2772 5166 ,'
2803 5097 2893 5155 sed
2920 5093 3058 5168 quod
3083 5091 3289 5162 quidem
3311 5097 3428 5142 ante
3453 5084 3619 5138 omnia
3647 5081 3787 5151 juvat

2208 5209 2495 5268 observare,
2527 5202 2583 5255 in
2614 5195 2788 5251 Tobiw
2835 5201 2882 5246 et
2929 5184 3117 5246 Iudith
3170 5183 3337 5244 libris,
3392 5191 3515 5247 quos
3543 5171 3785 5268 variarunt

2206 5316 2305 5373 ope
2327 5313 2451 5354 mss.
2482 5289 2734 5349 Codicum
2763 5271 3056 5356 etquidem
3083 5276 3288 5351 optima:
3319 5279 3452 5324 nota:
3478 5259 3785 5373 recuperqvi-

2390 5352 2534 5446 tanta
2564 5393 2638 5443 est
2687 5352 3058 5437 sententiarum
3105 5369 3414 5440 Scriptum,
3446 5375 3556 5432 qtae
3580 5357 3630 5410 in
3655 5352 3789 5408 libris

2208 5448 2442 5561 Luciferi
2466 5487 2766 5540 occurrunt,
2807 5464 3188 5529 conuenientia,
3239 5468 3380 5516 tanta
3411 5448 3710 5508 similitudo.
3743 5453 3791 5497 ut

2213 5552 2415 5642 nulldm
2440 5591 2570 5648 pene
2615 5571 2844 5644 reperias
2874 5556 3300 5632 discrepantiam,
3334 5558 3382 5605 et
3427 5555 3617 5602 tantum
3649 5552 3790 5596 orm

2428 5633 2528 5731 non
2560 5633 2848 5726 disceruas.
2880 5656 2962 5713 Ex
2999 5653 3198 5726 quibus
3222 5647 3272 5703 id
3301 5633 3790 5734 consequitur,_Lno

2219 5731 2456 5832 ciferum
2515 5780 2621 5821 non
2667 5761 2738 5818 de
2762 5771 2864 5814 suo
2891 5768 2924 5810 e
2951 5749 3160 5808 Graecis
3183 5741 3463 5801 codicibus
3507 5736 3558 5790 in
3587 5731 3798 5832 latinam

3709 5819 3798 5876 sed

2227 5915 2485 6020 iisvusum
2530 5952 2701 6013 fuisse
2759 5947 2941 6006 lotlnis
2969 5937 3338 6002 versionibus,
3369 5941 3488 6010 qua
3536 5933 3662 5979 tunc
3688 5915 3798 5987 1³1³*
