3902 6412
177 414 282 472 1N

1647 409 2037 469 PREFATIU.

3385 419 3492 478 702

176 533 338 585 ritum
365 531 682 598 ferebantur
708 531 758 584 in
779 530 988 596 Vulgus.
1023 530 1132 586 Nec
1163 531 1321 587 aliter
1346 531 1513 585 sensit
1546 528 1794 584 Nobilius
1824 532 1868 590 Α
1903 531 2205 599 AuguSIino
2237 532 2331 586 lib.
2379 549 2440 598 It,
2482 533 2548 591 de
2596 534 2750 594 Doct.
2784 535 3014 602 Clu-ist,
3049 537 3318 592 verborum
3346 546 3492 596 tena-

178 627 233 682 in
269 627 604 684 Pncl'utione
635 625 841 681 Latium
869 626 1130 680 editionis
1161 625 1423 679 Romana:
1443 624 1790 694 Septuaginta

179 721 554 793 Interpretum
581 736 595 785 ;
628 718 712 774 Ita
753 734 892 773 vetus
940 729 1014 779 est
1045 719 1184 773 Itala
1213 719 1570 789 interpretatio
1593 759 1606 782 ,
1649 727 1704 770 ut
1732 735 1792 771 ea

179 835 289 872 non
312 818 465 870 modo
496 815 556 870 S.
593 816 913 886 Augustinus
943 817 994 869 in
1029 815 1275 886 Speculo,
1305 813 1392 868 sed
1420 813 1630 882 Lucifer
1686 810 1788 866 Ca-

182 911 450 964 laritanus
479 919 530 963 et
555 906 614 963 S.
641 907 942 963 Ambrosius
985 917 1030 961 et
1082 906 1144 962 S.
1176 903 1468 977 Cyprianus
1511 918 1558 961 et
1589 907 1682 959 alii
1706 923 1787 960 re-

180 1006 312 1058 tusti
361 1002 656 1073 Scriptores
686 1012 924 1056 utantur:
971 1000 1173 1056 idcirco
1207 1001 1346 1054 haud
1385 1011 1527 1055 recte
1559 1002 1791 1069 scripse-

180 1097 258 1152 rit
295 1097 340 1149 la
372 1093 550 1150 Cerda
583 1109 702 1164 cap.
736 1094 838 1150 165
872 1094 1099 1148 Advers.
1131 1094 1313 1156 Sacr.,
1348 1095 1655 1148 Luciferum
1693 1110 1790 1146 suo

181 1191 364 1260 ipsum
397 1186 626 1241 arbitrio
654 1187 842 1242 Gra'ca
897 1189 1208 1241 testimonia
1243 1203 1339 1255 pro
1371 1203 1426 1240 re
1454 1198 1576 1240 nata
1625 1188 1789 1242 latine

181 1283 606 1350 interpretatum
635 1294 780 1333 esse.
809 1278 881 1332 lta
902 1280 968 1333 ad
999 1279 1149 1334 Deut.
1173 1295 1276 1333 xvu
1305 1295 1423 1346 pag.
1450 1281 1532 1331 liic
1559 1278 1627 1334 60
1662 1280 1788 1347 (col.

178 1371 314 1444 εει)
337 1391 347 1425 :
373 1371 558 1431 Totum
582 1373 710 1443 fere,
739 1371 930 1440 inquit,
957 1382 1109 1440 caput
1141 1372 1210 1423 ita
1235 1375 1501 1441 transfert,
1528 1381 1583 1423 ut
1608 1371 1793 1424 mirere

183 1465 411 1519 hominis
435 1466 488 1519 in
517 1463 874 1533 transferendo
897 1465 1148 1516 licentiam
1172 1466 1284 1531 jam
1315 1463 1649 1524 detrahentis,
1679 1463 1791 1532 jaut

184 1558 430 1610 addentis
451 1561 600 1630 ,jani
631 1557 972 1622 immutantis;
997 1573 1116 1610 Cllllt
1149 1566 1324 1610 tamen
1349 1556 1494 1610 Itale
1518 1559 1682 1610 veteri
1714 1558 1788 1608 in-

183 1652 566 1720 tcrprctatiotti
601 1659 781 1706 textus
809 1651 894 1704 hic
917 1651 1160 1720 apprime
1183 1652 1540 1719 respondeat:
1576 1652 1643 1702 ita
1663 1665 1791 1703 eon-

179 1744 336 1798 veuit
356 1759 476 1798 cum
504 1744 588 1798 illa
615 1755 669 1798 et
693 1754 870 1797 textus
889 1760 954 1797 ex
977 1743 996 1798 l
1021 1743 1147 1812 Reg.
1173 1760 1221 1796 tv
1241 1743 1546 1809 descriptus
1567 1758 1683 1809 pag.
1707 1743 1791 1795 hic

179 1837 253 1892 (53
285 1837 412 1905 (col.
433 1835 562 1904 834)
583 1837 648 1890 de
668 1837 845 1907 quola
877 1836 1049 1891 Cerdo
1075 1855 1088 1891 :
1110 1835 1313 1905 Lucifer
1337 1835 1504 1888 reddit
1535 1835 1712 1896 sic,ita
1740 1846 1794 1888 ut

1896 624 2003 676 cior
2017 641 2134 677 cum
2157 627 2527 696 perspicuitate
2553 631 2838 686 sententia.
2863 631 2974 698 tlac
3004 631 3167 701 igitur
3192 647 3351 688 usum
3376 646 3500 690 esse

1900 715 2230 784 Luciferum,
2261 718 2401 774 hanc
2433 735 2541 790 przc
2573 722 2824 778 manibus
2871 723 3132 780 habuisse
3181 739 3248 781 eo
3295 726 3499 782 certius

1895 809 2271 876 conﬁrmatur,
2305 812 2449 880 quod
2499 827 2652 866 sacra
2686 815 2998 870 testimonia
3031 814 3100 877 ab
3123 831 3189 868 eo
3221 819 3497 890 exscripta

1893 915 1924 952 a
1955 899 2137 954 (ἐνίει-ο
2162 911 2302 956 textu
2329 903 2585 958 hodierno
2623 908 2708 959 vix
2746 904 3017 973 differunt,
3045 907 3221 979 inquit
3252 906 3496 966 Sabatie-

1897 995 2008 1048 rius
2041 1014 2052 1046 :
2088 995 2244 1066 idque
2293 998 2402 1066 jam
2435 999 2640 1052 viderat
2665 998 2738 1054 La
2767 1000 2945 1056 Cerda
2973 1001 3039 1054 ad
3066 1000 3083 1055 l
3113 1001 3249 1072 Reg.
3276 1017 3405 1058 xxVI
3428 1019 3495 1058 ex

1897 1085 2145 1139 Lucifero
2178 1104 2190 1139 :
2226 1087 2289 1140 Ει
2323 1088 2440 1143 licet
2469 1090 2559 1142 ille
2583 1089 2823 1144 alicunde
2849 1093 3194 1159 transtulerit,
3223 1095 3301 1146 vel
3322 1110 3385 1151 ex
3409 1095 3494 1150 in-

1894 1181 2066 1249 genita
2116 1181 2320 1232 licentia
2367 1183 2595 1248 verterit,
2651 1184 2930 1237 maximam
2976 1195 3177 1256 partem
3228 1183 3382 1245 habet
3429 1201 3496 1244 ex

1897 1275 2244 1344 Septuaginta
2269 1292 2431 1341 vei-5.;
2463 1287 2516 1331 et
2539 1275 2604 1332 ad
2633 1293 2754 1349 cap.
2778 1276 2842 1333 Ill
2861 1279 3126 1336 Malach.:
3156 1280 3503 1354 Septuaginta

1895 1364 2243 1436 Interpretuin
2264 1371 2591 1424 translationi
2608 1371 2786 1434 lueret,
2803 1385 2851 1433 et
2874 1374 3037 1429 multo
3055 1373 3226 1442 addit,
3239 1390 3357 1446 qua
3368 1375 3496 1434 divi-

1897 1464 2101 1514 natione
2116 1479 2246 1531 Opus
2266 1473 2338 1516 est
2357 1474 2407 1515 ut
2425 1463 2708 1535 intelligas,
2724 1465 2862 1533 quod
2886 1466 2975 1520 ille
2990 1467 3119 1521 dicit
3139 1482 3203 1520 ex
3216 1467 3495 1535 Scriptura

1897 1569 2045 1616 (ssc;
2097 1565 2206 1606 tum
2240 1553 2305 1606 ad
2340 1553 2401 1607 Ill
2453 1553 2586 1625 Reg.
2618 1570 2771 1622 XVIII,
2809 1571 2929 1626 pag.
2965 1555 3052 1611 hic
3085 1557 3152 1612 75
3175 1556 3490 1631 (coL8H):

1899 1646 2095 1700 Institi!
2142 1648 2351 1720 Lucifer
2400 1651 2618 1705 rersioni
2664 1650 3007 1723 Septuaginta
3053 1652 3230 1710 multis
3274 1652 3493 1723 additis,

1897 1744 2137 1795 detractis
2159 1787 2172 1806 ,
2204 1745 2267 1794 in.
2295 1745 2506 1808 nutatis,
2558 1755 2612 1797 ut
2647 1746 2814 1800 solens
2859 1755 2954 1800 est.
2992 1744 3184 1803 Verum
3217 1747 3497 1809 enimvero

1899 1851 2071 1906 neque
2101 1836 2248 1888 addit
2265 1835 2497 1900 Lucifer,
2529 1852 2628 1891 nec
2651 1837 2897 1900 detrahit,
2918 1851 3017 1892 nec
3047 1837 3302 1903 immutat,
3331 1856 3394 1894 ea:
3414 1841 3496 1894 in-

182 1945 278 1982 nec
311 1945 398 2000 pes
425 1945 513 1982 nec
542 1939 696 2001 caput
724 1930 812 1982 uni
839 1929 1103 1982 conveniat
1137 1932 1316 1998 fornuc
1354 1945 1369 1991 ;
1397 1937 1595 1980 tantum
1631 1938 1792 1981 servet
1826 1920 1866 1979 Β
1899 1932 2067 2000 genita
2083 1930 2308 1982 licentia.
2330 1928 2522 1984 Veisio
2544 1931 2763 1999 antiqua
2789 1929 2951 1984 latina
2970 1945 3072 1985 una
3091 1931 3346 2001 primitus
3367 1933 3493 1997 luit;

178 2022 501 2074 sententiam.
521 2033 573 2076 et
589 2021 653 2076 ad
669 2020 896 2075 alterum
917 2023 930 2073 ι
952 2021 1082 2092 Reg.
1103 2037 1208 2081 χιιι,
1229 2038 1278 2087 p.
1297 2018 1677 2088 70.(col.83b).
1692 2019 1790 2084 Im,

182 2111 397 2180 Lucifer
412 2115 772 2177 circunn'ertit,
797 2114 1080 2184 utdiffictle
1095 2115 1157 2165 sit
1178 2114 1366 2173 dicere,
1389 2128 1498 2171 τμη»
1523 2127 1642 2179 pars
1659 2113 1795 2178 parti

185 2209 498 2274 respondeat
533 2227 549 2273 ;
579 2211 678 2263 etsi
703 2210 841 2262 haud
883 2209 1039 2264 aliter
1065 2212 1164 2263 hoc
1215 2211 1580 2262 testiinonium
1609 2210 1787 2278 expri-

185 2307 371 2354 matur
395 2299 444 2354 iu
471 2299 598 2355 Itala
622 2303 1089 2371 interpretatione,
1115 2304 1186 2353 uti
1213 2314 1259 2354 et
1297 2301 1424 2356 illud
1454 2301 1470 2354 l
1496 2302 1788 2371 Regni”,

181 2409 310 2465 pag.
335 2396 419 2449 hic
449 2395 516 2450 73
535 2395 655 2466 (col.
679 2395 830 2465 859),
853 2395 995 2466 quod
1025 2397 1067 2448 is
1095 2407 1345 2449 autumat
1366 2398 1794 2467 paraplirasticass

181 2502 516 2542 conversum
567 2487 732 2542 fuisse
782 2504 810 2541 a
839 2487 1090 2542 Lucifero
1117 2490 1167 2543 iu
1200 2489 1421 2543 latinum
1462 2504 1789 2543 sermonem.

184 2579 331 2633 Fieri
362 2581 576 2650 quidem
629 2583 802 2652 potuit
836 2582 1149 2651 aliquando,
1185 2593 1259 2645 ut,
1294 2582 1386 2651 qui
1411 2583 1555 2638 inter
1585 2584 1792 2652 gravis-

180 2672 322 2727 sima
340 2675 516 2728 exsilii
537 2675 879 2730 incommoda
899 2677 1063 2731 hosce
1085 2677 1251 2730 lilu-os
1271 2678 1564 2744 scribebat,
1581 2677 1794 2732 Lucifer

185 2765 376 2820 latinis
428 2776 642 2822 careret
673 2767 1045 2831 codicibus,et
1071 2780 1160 2822 aut
1188 2773 1494 2824 ememoria
1515 2772 1679 2824 multa
1696 2771 1789 2826 de-

186 2869 476 2929 promeret
502 2859 799 2916 Bibliorum
833 2864 1162 2928 testimonia,
1195 2875 1282 2917 aut
1314 2882 1377 2917 ex
1409 2864 1612 2918 Grauis
1644 2865 1825 2918 libris'

185 2953 279 3006 illa
311 2951 628 3020 exscribeus
659 2954 826 3008 latine
880 2956 1334 3024 interpretaretur
1362 2974 1374 3018 ;
1406 2974 1502 3009 nec
1528 2958 1666 3011 sacri
1703 2973 1794 3012 co-

185 3046 340 3098 dices
388 3061 493 3098 Olllt
521 3046 609 3098 iuu
641 3049 924 3100 deluurant
957 3047 1222 3111 LllCiit‘I'O,
1260 3051 1334 3101 uti
1395 3050 1632 3102 iudicant
1675 3052 1790 3103 Ικιέε

185 3139 354 3193 verba
411 3139 710 3194 Min-ellini
742 3153 793 3193 et
829 3139 1068 3195 Faustini
1125 3141 1192 3194 de
1222 3142 1491 3212 Eutycliio
1523 3143 1790 3209 lipiSt-Opo

188 3230 763 3301 Eleullierupnlitauo,
796 3232 1022 3303 ejusque
1055 3236 1280 3288 asseclis
1332 3234 1383 3287 in
1419 3235 1623 3288 Libello
1659 3237 1783 3287 l‘re-

1900 2027 2152 2095 ᾳιιαιιιςιε,
2173 2025 2344 2095 inquit
2367 2025 2502 2079 Saba
2514 2025 2698 2079 tierius
2715 2033 2855 2096 part.
2880 2023 3004 2094 t§2,
3023 2033 3188 2078 textus
3201 2025 3497 2096 primigenii

1900 2119 2186 2184 discrepent
2215 2118 2347 2169 inter
2375 2135 2428 2170 se
2455 2118 2738 2187 aliquando
2769 2117 3030 2184 lectiones,
3069 2116 3321 2188 variisque
3337 2119 3495 2174 dissi-

1899 2210 2050 2261 ιίιιαηι
2074 2210 2255 2271 verbis,
2275 2219 2424 2278 atque
2440 2209 2726 2273 sententiis;
2742 2209 2968 2278 quamvis
2993 2210 3148 2263 varia
3168 2210 3218 2262 in
3234 2210 3494 2264 codicibus

1900 2310 2170 2353 occurrant
2183 2301 2566 2368 discrepantia,
2583 2317 2696 2369 qua
2713 2301 2880 2355 varias
2898 2301 3345 2373 interpretationes
3358 2319 3389 2356 a
3405 2318 3493 2358 aa-

1901 2397 1994 2448 riis
2015 2395 2304 2448 elaboratas
2323 2395 2686 2464 interpretibus
2711 2395 3006 2466 signiﬁcare
3028 2395 3302 2450 videantur
3324 2413 3342 2461 ;
3367 2411 3492 2454 cum

1901 2486 1982 2539 lia
2009 2487 2253 2539 nimirum
2277 2487 2664 2555 discrepantia,
2681 2488 2754 2540 ait
2777 2487 2940 2558 paulo
2965 2487 3248 2556 superius,
3272 2488 3498 2556 plerum-

1899 2596 1995 2648 que
2018 2597 2122 2632 non
2153 2590 2257 2633 tant
2287 2580 2457 2632 varios
2486 2580 2808 2648 interpretes,
2839 2595 2992 2646 quam
3020 2580 3252 2634 diversos
3273 2589 3498 2652 arguant

1899 2671 2157 2735 librarios,
2190 2674 2494 2741 eosdemque
2536 2682 2625 2726 aut
2651 2673 2922 2727 oscitantes
2953 2682 3044 2726 aut
3065 2673 3368 2736 audaciores
3405 2675 3499 2744 qui

1897 2781 1990 2816 suo
2022 2765 2225 2833 singula
2267 2764 2521 2817 arbitratu
2551 2764 2627 2818 vel
2675 2764 2988 2836 negligentia
3018 2764 3243 2838 plurima
3270 2773 3498 2824 mutave-

1897 2867 2016 2910 runt
2049 2857 2219 2928 :quod
2244 2858 2404 2911 etiam
2434 2857 2639 2914 Graece
2665 2857 3026 2928 Septuaginta
3057 2857 3502 2929 Interpretationi

1901 2949 2100 3004 factum
2137 2966 2257 3005 esse
2284 2961 2500 3006 coiistat
2529 2967 2593 3006 ex
2625 2951 2832 3006 scholis
2868 2950 3127 3006 Romanae
3182 2956 3377 3008 horum
3415 2953 3503 3009 ln-

1899 3053 2195 3113 lt‘l'pl'Cllttll
2214 3045 2440 3106 editioni
2465 3059 2492 3096 a
2514 3043 2724 3099 Nobilio
2753 3045 3048 3114 subjectis;
3076 3045 3236 3116 idque
3265 3047 3318 3100 itt
3341 3045 3497 3106 Novo

1894 3153 2110 3206 quoque
2158 3136 2509 3191 Testamento
2549 3137 3012 3206 deprehendimus
3038 3151 3106 3192 ex
3155 3138 3320 3196 variis
3350 3155 3491 3210 pra:-

1897 3232 2086 3284 sertim
2132 3230 2457 3284 lectionibus
2494 3227 2694 3285 Graeca
2719 3229 2975 3284 editionis
3017 3230 3308 3285 Milllnna:
3350 3233 3496 3288 unde

183 3338 311 3376 cum
339 3338 352 3376 :
381 3321 604 3390 Negent,
648 3325 692 3377 si
739 3340 841 3376 non
894 3324 1045 3377 hodie
1099 3326 1238 3391 apud
1286 3342 1338 3379 se
1371 3335 1548 3378 sancta
1575 3328 1788 3396 mystica
1817 3311 1858 3371 (ἶ
1899 3337 2077 3378 tamen
2133 3323 2428 3377 verendum
2470 3323 2692 3377 minime
2723 3331 2828 3388 est,
2857 3339 2920 3377 ne
2945 3323 3068 3377 dum
3113 3324 3287 3377 varias
3319 3332 3493 3379 textus

188 3430 335 3473 uasa.
368 3431 484 3484 qua
516 3427 622 3467 tum
659 3417 814 3485 impie
847 3414 1088 3484 Lucifero
1113 3418 1455 3482 ditipttet‘uttt,
1493 3437 1606 3470 cum
1629 3422 1790 3485 sacris

185 3505 463 3559 codicibus
493 3507 758 3576 possident
786 3525 802 3559 :
835 3507 928 3560 sed
965 3518 1108 3561 tanta
1146 3507 1497 3563 LUl‘iletiattm
1529 3513 1789 3581 interpre-

186 3600 414 3653 tationis
440 3616 483 3654 ci
511 3600 820 3654 uvetiientia
845 3617 968 3655 cum
1002 3605 1168 3655 veteri
1218 3602 1420 3668 Italica,
1447 3622 1566 3671 σμιπι
1598 3609 1788 3673 partim

186 3695 241 3746 in
266 3707 400 3747 mss.
435 3693 731 3748 Bililiorunt
755 3695 1058 3761 codicibus,
1087 3700 1282 3765 partim
1311 3698 1359 3750 in
1386 3698 1537 3750 libris
1571 3699 1788 3752 l.atiuo-

189 3805 311 3842 runt
343 3788 560 3842 Patrum
592 3788 656 3846 ad
693 3800 932 3843 nostram
981 3804 1150 3858 usque
1191 3800 1403 3847 aetatem
1435 3804 1644 3844 sei-ruta
1671 3791 1786 3855 luit,

183 3891 514 3954 argumento
572 3882 729 3936 nobis
757 3893 860 3946 εει,
896 3881 1204 3936 Luciferum
1269 3884 1410 3935 i|lam
1448 3884 1788 3955 plerumque,

185 3988 257 4028 ne
309 3987 529 4043 semper
554 3972 807 4032 dixerim.
838 3988 960 4027 esse
989 3983 1256 4029 secutum.
1295 3977 1361 4029 At
1388 3985 1594 4029 certum
1657 3993 1792 4044 prae-

189 4079 345 4122 terea
373 4073 480 4129 est,
514 4067 705 4121 latinas
727 4067 1206 4135 interpretationes
1234 4069 1482 4138 antiquas
1510 4085 1788 4125 sacrorum

187 4159 460 4214 librorum
507 4157 768 4228 plurimas
822 4159 949 4213 olim
999 4158 1206 4222 fuisse;
1236 4175 1381 4224 nam,
1418 4170 1473 4214 ut
1519 4161 1787 4218 seribitS.

187 4251 524 4324 Augustinus
553 4252 604 4307 in
629 4251 722 4308 lib.
747 4269 783 4308 tt
816 4253 882 4308 de
913 4252 1095 4308 Doctr.
1125 4253 1353 4315 ΟΜΝ..
1399 4270 1494 4323 pro
1521 4270 1604 4320 ea,
1629 4271 1788 4325 quam

185 4346 418 4417 quisque
443 4344 543 4400 sibi
571 4344 769 4400 habere
798 4346 1080 4402 videbatur
1127 4362 1319 4417 graeca:
1361 4357 1414 4401 et
1457 4348 1634 4402 latina
1689 4348 1791 4402 lin-

187 4453 306 4509 guse
336 4435 669 4504 lltcultatem,
713 4439 872 4494 simul
905 4453 966 4494 ac
1005 4439 1254 4496 Gracum
1301 4439 1553 4497 Codicem
1606 4451 1793 4505 nactus

185 4539 328 4597 erat,
361 4530 862 4602 interpretationem
893 4532 1112 4602 aggredi
1161 4534 1396 4589 audebat
1425 4553 1435 4588 :
1468 4535 1589 4590 licet
1647 4546 1793 4590 recte

186 4625 588 4680 animadvertat
616 4624 855 4681 Morinus
883 4625 935 4679 in
967 4625 1177 4680 Prtelat.
1209 4625 1277 4681 de
1320 4625 1498 4681 Textu
1529 4625 1718 4682 Graeco
1739 4636 1794 4681 et

1895 3419 2191 3489 primigenii
2213 3429 2263 3472 et
2294 3417 2644 3486 discrepantes
2671 3417 2954 3486 aliquando
2987 3433 3094 3470 esse
3117 3417 3362 3473 lectiones
3380 3435 3498 3474 con-

1895 3514 2174 3579 tendimus,
2200 3512 2486 3578 Scriptura
2508 3527 2668 3564 sacra
2696 3511 2977 3564 auctoritas
3018 3509 3264 3575 ladatur,
3297 3520 3498 3569 nostra-

1893 3623 1991 3673 que
2044 3605 2240 3659 vacillet
2285 3600 2484 3669 Fides,
2536 3604 2717 3658 subdit
2755 3602 2980 3666 ibidem,
3013 3613 3069 3657 et
3120 3603 3366 3676 pluribus
3393 3607 3498 3660 hoc

1893 3700 2069 3765 ipsum
2127 3698 2319 3767 probat
2350 3698 2700 3754 Sabutierius.
2753 3696 2934 3766 Quare
2984 3712 3106 3751 cum
3149 3702 3200 3752 in
3243 3697 3498 3758 Lucifero

1894 3788 2198 3856 ltujusmodi
2223 3787 2515 3852 di~criuien
2540 3788 2652 3844 sive
2683 3802 2712 3840 a
2732 3786 2936 3844 Grecis
2962 3787 3306 3859 quandoque,
3330 3791 3443 3846 sire
3465 3804 3496 3848 a

1895 3883 2100 3937 Latinis
2119 3883 2227 3950 jam
2251 3882 2410 3936 editis
2437 3881 2626 3936 Bibliis
2654 3892 2928 3945 occurrat,
2948 3881 3078 3952 quid
3109 3882 3266 3947 nobis
3289 3882 3341 3936 in
3372 3897 3498 3938 sus-

1893 3984 2047 4043 cepta
2078 3973 2270 4028 horum
2305 3973 2564 4028 librorum
2591 3973 2834 4029 editione
2861 3981 3007 4028 esset
3043 3973 3334 4041 agendum.
3355 3974 3498 4034 haud

1897 4083 2086 4136 parum
2112 4067 2370 4122 hasimus
2395 4065 2610 4133 incerti,
2629 4067 2892 4138 dubiique
2907 4066 3165 4139 quidnam
3192 4077 3496 4138 prasturet.

1897 4162 2214 4231 Imprudens
2269 4161 2730 4232 Lugdunensium,
2781 4170 3216 4234 caterorumque
3273 4161 3377 4217 PP.
3411 4162 3491 4217 Bi-

1896 4253 2182 4308 bliothch
2210 4262 2524 4320 auctorum,
2549 4255 2637 4325 qui
2661 4253 2728 4308 ad
2764 4253 2994 4309 lormam
3026 4267 3226 4310 nostra!
3253 4251 3499 4322 Vulgata

1895 4347 2128 4404 Luciferi
2177 4349 2489 4404 testimonia
2530 4349 2828 4405 emendare
2878 4349 3230 4415 studuerunt,
3266 4351 3497 4424 proban-

1895 4441 2024 4495 dum
2055 4456 2161 4496 non
2201 4451 2357 4508 erat;
2392 4443 2605 4512 inutilis
2630 4451 2810 4498 autem
2840 4442 3045 4503 laboris
3077 4443 3271 4501 fuisset
3294 4442 3347 4504 id
3375 4459 3499 4518 per-

1896 4536 2082 4606 sequi,
2107 4535 2249 4608 quod
2282 4536 2561 4612 inceperat
2609 4536 2657 4590 la
2688 4533 2885 4601 Cerda,
2912 4543 2972 4597 ut
2997 4536 3187 4593 eadem
3218 4550 3344 4591 cum
3381 4537 3495 4611 ipsa

1900 4629 2126 4701 Vulgata
2181 4629 2601 4692 conferremus;
2663 4630 2852 4685 nostri.
2890 4639 3070 4686 autem
3125 4628 3353 4695 instituti
3386 4643 3496 4698 non

188 4716 466 4773 Hebraico
515 4732 684 4774 sacrae
733 4717 1026 4788 Scriptura
1075 4717 1294 4787 praeﬁxa
1349 4719 1574 4774 editioni
1643 4718 1792 4774 Pari-
1819 4691 1870 4752 D
1898 4691 2366 4793 erutjintcrptetis
2395 4735 2685 4793 personam
2710 4736 2892 4799 agere,
2915 4736 3090 4794 neque
3119 4736 3215 4778 eas
3245 4691 3501 4794 quaestio;

187 4811 362 4867 sieusi
394 4810 750 4883 Septuaginta
780 4810 1139 4880 Interpretum
1162 4809 1566 4867 Graeco-latina:
1589 4811 1656 4867 ad
1682 4811 1791 4867 Ro-

191 4918 411 4960 manam
441 4919 716 4975 expressa
736 4945 752 4972 ,
781 4905 1170 4975 quadringentis
1199 4905 1374 4970 annis,
1401 4903 1500 4960 hoc
1529 4914 1600 4958 est
1628 4905 1698 4958 ad
1725 4905 1787 4960 S.

191 4996 602 5067 Hieronymum,
650 4997 851 5052 nullunt
875 4995 1194 5052 catholicum
1223 4999 1377 5052 aliter
1397 5008 1612 5062 vertere,
1635 5015 1790 5069 quam

188 5088 542 5161 Septuaginta
587 5091 1034 5164 prascripserant,
1085 5107 1271 5144 ausum
1299 5107 1428 5145 esse.
1465 5091 1791 5149 Translatio-

189 5203 281 5240 nes
312 5184 599 5243 Catholica
622 5197 869 5260 quotquot
895 5191 1129 5260 fuerunt,
1161 5190 1368 5258 fuerunt
1395 5197 1567 5242 autent
1605 5200 1661 5243 ut
1691 5200 1790 5245 tes-

187 5290 333 5334 tatur
365 5281 688 5353 Augustinus
715 5297 840 5351 pene
884 5283 1187 5343 innumera,
1223 5281 1285 5333 de
1315 5280 1662 5352 Septuaginta
1685 5281 1792 5334 edi-

189 5374 333 5428 tione
355 5377 508 5444 facta
527 5373 790 5430 sunt.Pra:
807 5375 1023 5429 caeteris
1042 5384 1221 5428 autem
1248 5373 1792 5444 interpretationibus

192 5481 301 5521 una
335 5481 552 5537 semper
573 5465 1031 5534 excelluit,quam
1059 5465 1390 5537 Augustinus
1423 5464 1639 5534 Italam,
1663 5468 1789 5522 llic-

189 5576 456 5632 ronymus
495 5561 796 5633 Vulgatam,
830 5560 1130 5633 Gregorius
1181 5562 1248 5617 Μ.
1291 5563 1520 5617 l'eterem
1550 5565 1790 5633 appella-

191 5666 342 5724 runt,
371 5656 465 5711 alii
530 5657 731 5728 passim
781 5657 1088 5728 Scriptores
1141 5657 1508 5734 Communem;
1539 5661 1792 5730 illumque

175 5751 391 5808 ‘Gra'ca
419 5749 768 5822 Septuaginta
797 5749 1244 5824 Interpretationi,
1275 5770 1339 5807 ea:
1361 5769 1458 5820 qua
1481 5753 1644 5808 latine
1670 5753 1790 5806 red-

189 5850 297 5902 dita
330 5856 428 5911 est,
461 5845 766 5901 similiorem
790 5849 1004 5904 caeteris
1037 5847 1204 5904 fuisse
1235 5848 1428 5918 probat
1454 5847 1791 5906 Sabatierius

189 5944 242 6005 in
275 5940 493 5996 laudata
543 5937 702 5994 Praef.
737 5950 876 6012 part.
903 5958 940 6010 I,
970 5941 998 6018 δ
1036 5943 1070 6000 3
1102 5959 1116 6008 ;
1177 5943 1379 6015 quippe
1431 5957 1556 6012 quze
1586 5985 1600 6000 .
1657 5952 1794 5999 teste

1898 4835 1994 4874 nes
2021 4817 2263 4889 aggredi,
2287 4830 2318 4870 a
2356 4817 2557 4888 quibus
2585 4817 2867 4882 abstinere
2898 4823 3114 4886 nosmet
3137 4829 3246 4871 non
3281 4817 3499 4888 potuis-

1895 4923 2103 4977 semus,
2129 4909 2172 4964 si
2199 4907 2266 4964 ad
2288 4907 2540 4965 Gracum
2591 4909 2873 4980 exemplar
2903 4908 3154 4965 libuisset
3183 4906 3500 4980 expendere

1897 5015 1949 5058 et
1978 5000 2272 5058 emendare
2317 5002 2540 5060 latinam
2574 4999 2812 5057 Luciferi
2848 5001 3354 5077 interpretationem
3385 5015 3399 5064 ;
3430 5015 3498 5055 ex

1897 5111 2008 5169 quo
2040 5105 2304 5168 praeterea
2339 5096 2504 5150 nimia
2532 5095 2797 5161 subiectis
2820 5095 2960 5170 uatis
2991 5091 3238 5148 accessio
3261 5091 3496 5164 plurium

1899 5191 2326 5263 disputationum
2384 5190 2522 5246 facta
2569 5189 2779 5255 luisset,
2806 5201 2862 5244 et
2882 5187 3178 5258 longiores,
3211 5201 3372 5256 quam
3405 5201 3502 5257 par

1897 5296 2067 5350 esset,
2099 5285 2409 5340 uotationes
2438 5284 2735 5339 evasissent
2771 5282 2884 5337 fere
2907 5281 2973 5336 ad
3008 5281 3311 5346 legentium
3345 5278 3499 5334 lasti-

1896 5379 2069 5434 dium.
2104 5377 2258 5446 Quod
2308 5391 2434 5432 sero
2462 5374 2693 5433 fortasse
2716 5376 3158 5430 anintadvcrtens
3182 5371 3499 5430 Gallandiua

1898 5474 2171 5543 inceptum
2231 5469 2461 5545 proinde
2517 5469 2732 5543 sibique
2803 5469 3137 5544 propositum
3195 5478 3332 5535 opus
3389 5477 3496 5518 non

1896 5567 2128 5624 absolvit
2155 5585 2168 5620 :
2199 5565 2326 5620 Cum
2353 5580 2493 5633 vero,
2526 5565 2721 5635 inquit,
2750 5563 2961 5634 Lucifer
2981 5564 3032 5616 in
3060 5562 3168 5616 suis
3189 5561 3336 5616 libris
3369 5576 3497 5625 con-

1893 5661 2177 5716 scribendis
2206 5660 2412 5731 integra
2454 5663 2619 5733 ferme
2649 5675 2912 5714 sacrorum
2951 5657 3198 5712 librorum
3230 5654 3497 5720 columina

1895 5755 2179 5808 ordinatim
2212 5763 2506 5819 percurrat,
2551 5752 2810 5820 aliamque
2839 5750 3125 5804 versionem
3165 5748 3388 5820 Vulgata
3416 5763 3500 5802 ce-

1895 5851 2164 5907 tustiorem
2227 5845 2494 5913 adhibeat,
2519 5848 2573 5899 in
2602 5845 2658 5900 id
2686 5845 3009 5914 potissimum
3053 5841 3398 5904 incubuimus,
3439 5849 3497 5894 ut

1897 5945 2013 5997 loca
2050 5942 2320 6011 utriusque
2359 5937 2616 6004 Faderis,
2650 5937 2834 6011 quibus
2879 5937 3042 6010 ferme
3082 5937 3209 5994 solis
3262 5940 3505 5989 contexta
