2146 3225
642 199 694 228 705
1147 202 1297 231 LUCIFER
1317 202 1507 232 El’lSCOl’US
1527 203 1783 233 CALARITANUS.

639 261 698 283 sunt
709 256 807 292 scripta
822 255 1000 293 Luciferiana,
1016 257 1067 286 sive
1092 267 1151 286 cum
1173 260 1385 295 interpretatione
1404 267 1443 287 se-
1459 260 1484 290 Α
1499 260 1627 288 mendum
1640 261 1750 297 irrepsit
1766 270 1772 289 :
1790 261 1882 289 Ortum
1893 267 1931 290 est
1946 267 2043 296 autem,
2055 262 2140 300 inquit

641 303 870 339 pluagintattirali,
883 305 934 333 sive
958 314 1016 333 cum
1030 311 1100 333 textu
1119 306 1187 334 Noui
1211 307 1369 334 Testmnenti
1383 316 1445 334 con-

643 350 795 385 ferrentur;
809 359 838 378 eo
847 352 874 378 in
886 353 978 386 primis
992 353 1095 381 nomine
1105 354 1173 389 quod
1189 355 1353 390 antiquailla
1364 355 1446 382 rersio

641 397 744 431 Latina,
758 399 791 424 ad
804 398 883 426 libros
896 399 967 434 quod
980 401 1070 427 attinet
1083 402 1175 428 reteri:
1189 400 1317 435 Fwderis,
1331 402 1366 429 ad
1379 403 1445 438 Sep-

639 444 757 479 tuaginta
770 452 859 471 senum
875 445 1013 472 editionem
1028 452 1118 473 exucta
1133 453 1263 474 noscatur.
1278 447 1331 475 Sed
1348 448 1369 475 is
1381 456 1445 483 [ιι-οι

642 489 734 517 missis
749 497 804 517 non
829 491 922 524 stetit;
939 499 998 527 qua:
1021 501 1081 520 cum
1098 492 1192 521 Grzeca
1220 495 1446 529 interpretatione

640 535 768 568 contulit.
784 543 838 564 non
853 537 936 564 multa
951 543 1024 572 sunt,
1038 539 1154 567 eluditis
1169 545 1257 567 tamen
1273 541 1446 569 anhnadrer-

641 583 766 611 sionibus
781 589 876 611 ornata
891 593 897 617 ;
913 590 1012 612 caetera
1028 587 1079 614 sibi
1097 587 1164 622 ipsis
1176 587 1282 621 relicta,
1297 596 1328 616 ac
1342 588 1446 617 Cra-cm

641 632 902 665 eomparatiouisxt
914 633 1002 660 critici
1013 633 1107 667 judicii
1123 634 1194 661 nuda
1212 635 1319 667 penitus
1333 640 1446 670 praster-

643 675 728 703 misit.
739 675 833 712 Neque
849 677 999 706 Flaminius
1010 678 1132 707 Nobilius
1149 680 1176 707 in
1188 679 1309 707 Romana
1324 679 1446 708 editione

643 722 824 759 Septuaginta
840 723 1024 760 Interpretum
1054 726 1168 754 mullum
1187 727 1288 762 profuit
1303 727 1446 762 corrigen-

644 770 687 798 dis
715 771 834 799 Luciferi
859 773 1034 806 testimoniis,
1049 781 1103 808 quo
1118 782 1172 802 non
1185 782 1247 802 raro
1261 781 1326 801 usus
1340 779 1381 801 est
1395 783 1445 802 au-

643 822 722 844 ctore
739 817 765 844 in
781 817 906 850 scholiis,
924 819 1052 854 notisque
1067 820 1155 847 eidem
1179 820 1292 855 adjectis
1311 820 1425 848 editioni
1440 830 1447 853 ;

642 864 742 899 quippe
753 865 810 899 qui,
826 870 855 892 ιιι
878 870 952 893 recte
973 866 1087 894 disserit
1102 867 1272 895 Sabaticrius
1289 868 1315 895 iu
1332 873 1402 903 part.
1420 877 1447 895 ιιι

645 910 754 938 Ι⁵τίιξ1”ιιι.
770 911 785 947 §
804 912 828 946 l,
841 920 903 940 cum
919 912 970 940 sibi
987 913 1012 940 in
1041 915 1132 940 animo
1147 915 1336 948 proposuisset
1352 915 1450 950 Vulga-

1498 308 1605 345 Proleg.
1622 317 1696 337 num.
1711 309 1774 343 773,
1787 311 1817 338 τὸ
1829 310 1929 337 nemini
1943 310 2139 340 consenseritls

1498 362 1552 381 ram
1567 355 1704 389 descriptis
1719 354 1828 388 Gra‘cis,
1850 356 1889 387 τίς
1903 355 2021 392 ἀνέκοψεν
2036 357 2106 393 ὑμᾶς
2121 357 2146 386 ἃ]

1499 402 1625 428 πείθεσθε.
1652 401 1719 435 Quis
1733 409 1782 429 vos
1795 401 1925 435 abscidit,
1940 409 1984 428 seu
1998 402 2098 430 excidit
2106 402 2141 431 de

1499 455 1533 474 ne
1558 447 1764 474 consenseritis.
1795 446 1890 474 Postea
1913 450 2010 483 pictum
2025 452 2063 476 est
2082 456 2146 476 eset

1499 498 1582 526 textu,
1596 494 1646 527 Qui
1675 501 1722 521 rus
1742 493 1883 528 impedivit
1897 502 1950 522 non
1965 493 2078 522 obedire
2088 495 2100 522 7
2112 499 2136 523 st

1499 541 1591 567 ttionis
1602 540 1777 575 appendiculu
1791 549 1825 568 ne
1838 541 2035 569 consenseritis
2056 541 2088 568 ab
2102 541 2146 577 ius;

1499 588 1560 614 dum
1582 588 1665 614 scriba
1687 588 1793 623 reliquis
1808 588 1911 625 adjecta
1924 593 1973 616 est.
1988 588 2022 616 Et
2036 588 2105 616 ident
2115 595 2146 616 co

1500 635 1571 662 notis
1586 634 1619 661 ad
1637 634 1707 661 hunc
1722 635 1848 669 Apostoli
1873 635 1963 662 locutn
1976 643 1984 668 ;
1997 635 2058 670 quia
2074 635 2146 664 nimii

1500 682 1556 709 rius
1572 681 1713 716 scripserit
1738 682 1851 710 πείθεο-οι
1868 689 1916 717 pro
1933 682 2076 713 πείθεσθαι,
2099 682 2136 709 uti

1501 733 1575 756 textu
1590 728 1736 756 emendato
1749 728 1866 764 legitur:
1888 730 1927 760 τίς
1940 729 2009 765 ὑμᾶς
2023 728 2142 766 ἀνέκοψεν

1499 778 1535 810 μή
1560 776 1691 803 πείσεσθαι
1706 783 1712 808 ;
1730 775 1889 810 Suspicatus
1909 775 2020 811 quidem
2042 774 2146 810 eules

1501 822 1622 855 Millium,
1641 822 1787 857 pericopen
1801 821 1870 849 hanc
1887 830 1918 849 ne
1931 820 2146 849 rousmseritisait

1501 869 1626 896 nbrasatn
1641 869 1726 896 fuisse
1744 876 1760 896 e
1773 868 1876 896 Griecis
1889 868 2037 896 Codicibns
2063 867 2146 896 multo

1504 917 1610 952 ronymi
1632 922 1739 944 :ctatem
1755 925 1762 948 ς
1777 922 1806 944 at
1820 916 1910 944 utullus
1924 916 1950 943 in
1965 924 1996 944 ca
2010 915 2085 943 locus
2107 923 2146 944 ert

645 963 698 984 tum
709 963 818 985 veterem
835 959 935 986 ibidem
951 960 1107 993 restituere,
1123 960 1244 988 Crwcunt
1256 962 1341 996 potius
1365 970 1451 989 exent-
1467 965 1490 995 Β
1505 964 1632 991 tuendive
1655 963 1776 991 lueretici
1793 963 1895 990 erroris
1911 971 1918 995 ;
1933 968 1961 990 ct
1986 962 2146 998 llicronyrnu

644 1004 704 1039 plnr
716 1004 766 1039 ﬁdi
792 1005 939 1040 interpretis
963 1007 1017 1033 vice
1030 1008 1163 1042 fungendo
1184 1007 1287 1035 verbum
1301 1008 1376 1035 verba
1392 1008 1450 1035 red-

643 1051 710 1078 didit
722 1060 732 1084 ;
744 1052 867 1079 laudatos
882 1061 898 1079 ιι
914 1053 968 1080 SS.
983 1052 1106 1080 Patribus
1121 1056 1260 1081 sententias
1275 1055 1379 1082 nonnisi
1393 1063 1449 1088 eos,

643 1105 701 1132 qum
713 1096 805 1124 erco
816 1099 959 1134 exemplari
970 1104 1044 1126 erunt
1059 1105 1237 1127 consentauctt-
1249 1101 1395 1134 exscripsit,
1404 1109 1450 1128 ne-

645 1144 734 1179 glectis
755 1152 814 1179 qute
834 1144 1005 1178 dissidebant,
1022 1152 1099 1182 atque
1121 1146 1154 1173 ab
1174 1146 1340 1183 ipso'Codice
1360 1147 1451 1174 (ἔνωεο

645 1195 720 1217 erant
734 1191 843 1218 diversa
855 1199 864 1218 :
874 1192 963 1222 immo
977 1193 1114 1227 pauciores
1132 1198 1202 1227 sunt,
1220 1202 1285 1227 quas
1298 1203 1314 1221 α
1328 1193 1453 1221 I’atribus

647 1236 748 1265 Latinis
762 1239 906 1273 excerpsit;
917 1239 1015 1266 etcircn
1026 1239 1050 1267 N
1055 1248 1130 1267 ovum
1138 1240 1329 1268 Testamentum
1337 1242 1374 1268 nil
1380 1242 1453 1268 aliud

639 1285 723 1318 ’quam
738 1290 836 1312 textum
851 1291 1032 1321 reprwseutat.
1050 1287 1117 1315 Rem
1141 1287 1234 1323 itaque
1251 1292 1289 1315 tot
1311 1288 1452 1323 obseptam

645 1331 852 1359 difﬁcultatibus
867 1340 920 1359 uno
934 1332 1043 1361 tandem
1058 1334 1175 1362 consilio
1190 1334 1387 1369 expediendam
1402 1335 1453 1363 du-

648 1379 757 1412 ximus;
773 1384 801 1406 ut
819 1380 947 1407 nimirum
964 1381 1068 1416 singula
1085 1389 1173 1409 saera:
1197 1381 1347 1417 Scriptura:
1363 1383 1423 1411 loca
1439 1391 1453 1410 :t

648 1424 776 1453 Lucifero
789 1426 927 1462 descripta
939 1435 1000 1454 cutn
1017 1428 1082 1455 Itala
1100 1428 1334 1464 luterpretatione
1345 1431 1455 1465 antiqua

648 1479 891 1508 compornercmus,
908 1474 1016 1508 qualem
1034 1475 1240 1503 absulutissimo
1254 1484 1338 1511 opere
1352 1477 1455 1511 perfec-

650 1526 705 1547 tam
719 1521 798 1548 nobis
811 1521 939 1549 exhibuit
958 1522 1146 1550 Sabalicrins:
1165 1523 1236 1558 quod
1254 1528 1345 1551 autem
1367 1524 1394 1551 in
1410 1524 1454 1551 illa

650 1575 664 1594 a
681 1566 860 1596 Luciferianis
873 1569 1039 1596 testimoniis
1060 1569 1162 1602 differt,
1177 1571 1204 1597 in
1222 1571 1361 1605 subjeclas
1376 1576 1455 1599 notas

650 1614 777 1649 rejiccre,
792 1616 876 1650 siqua:
904 1615 1040 1643 lectiones
1064 1616 1105 1644 vel
1121 1624 1136 1644 e
1147 1616 1252 1644 Graecis
1264 1618 1306 1645 vel
1322 1625 1338 1645 e
1352 1617 1455 1646 Latinis

1504 1010 1581 1038 Pauli
1597 1010 1787 1037 testimonium
1803 1009 1912 1043 subdit,
1931 1010 2003 1037 illam
2018 1009 2069 1037 sibi
2090 1016 2145 1045 pra:

1503 1057 1565 1084 dant
1580 1061 1700 1091 putasse,
1713 1056 1775 1091 quia
1788 1065 1833 1083 nec
1846 1057 1874 1083 in
1886 1055 1984 1084 Grtt'cis
2003 1056 2086 1090 libris,
2100 1063 2146 1083 nec

1504 1104 1531 1130 in
1546 1103 1701 1138 Apostoluut
1715 1103 1881 1131 conmsenlati
1895 1108 1966 1136 sunt,
1991 1103 2060 1130 hanc
2081 1103 2146 1138 serit

1505 1151 1586 1178 nerit.
1603 1150 1684 1178 Addit
1709 1149 1822 1183 Millius,
1840 1148 2006 1183 Luciferum,
2031 1149 2078 1185 qui
2109 1149 2146 1176 illi

1505 1197 1701 1225 consenseritis
1708 1196 1742 1223 ad
1755 1198 1887 1231 sequentia
1896 1196 2023 1230 pertinere
2032 1195 2142 1230 putavit,

1505 1244 1539 1272 dc
1555 1252 1605 1272 suo
1619 1251 1719 1271 nomen
1743 1243 1886 1271 relativum
1901 1243 1956 1277 qui,
1970 1241 2042 1278 quod
2059 1247 2146 1281 tamen

1505 1291 1599 1319 codice
1612 1291 1780 1318 Borncriano
1791 1289 1861 1325 apud
1873 1290 2066 1318 Sabatierium.
2080 1289 2146 1318 Idem

1505 1338 1576 1365 ciunt
1591 1337 1625 1364 de
1645 1341 1780 1364 commate
1796 1336 1962 1372 insequenti,
1975 1336 2063 1364 suasio
2090 1340 2146 1364 nui

1505 1389 1552 1415 est,
1565 1383 1610 1411 cui
1624 1383 1703 1410 deest
1719 1382 1851 1417 patticula
1875 1382 1998 1416 negativa
2012 1389 2075 1415 non,
2089 1382 2116 1408 in
2139 1381 2146 1408 l

1507 1430 1612 1458 scilicet
1622 1438 1673 1457 non
1689 1435 1725 1457 est
1739 1438 1748 1456 :
1762 1434 1789 1456 et
1804 1429 1898 1456 deerat
1909 1429 1954 1457 illa
1967 1427 2075 1464 quidem
2086 1426 2146 1456 codt

1507 1478 1621 1510 (ir-rcis,
1638 1485 1707 1512 quos
1732 1476 1913 1512 llicronynms
1937 1476 2023 1511 legit;
2044 1479 2073 1503 at
2088 1475 2146 1508 is,t

1507 1524 1535 1552 in
1553 1524 1621 1551 lucis
1637 1523 1764 1556 laudatis,
1792 1524 1922 1550 omissam
1943 1521 2058 1550 credidit
2071 1529 2085 1548 ιι
2104 1521 2146 1549 sint

1508 1569 1676 1605 quibusdam,
1698 1569 1743 1604 qui
1754 1573 1873 1604 putantes
1888 1576 1915 1595 se
1926 1568 2027 1604 deferre
2048 1566 2114 1601 Deo,
2129 1575 2146 1594 It

1508 1624 1609 1652 quoque
1621 1620 1709 1643 nostra
1724 1616 1751 1642 iu
1765 1616 1821 1651 ejus
1835 1615 1867 1642 sit
1881 1619 2015 1649 potestate,
2032 1614 2146 1641 abstuler

653 1660 813 1694 Codicihus,
829 1667 875 1689 aut
898 1671 912 1690 e
927 1662 1030 1690 Latinis
1049 1664 1174 1691 Patribus
1189 1671 1205 1690 a
1220 1664 1376 1693 Sabalicrio
1392 1673 1453 1700 pro-
1470 1664 1492 1696 C
1508 1664 1634 1691 orationis
1650 1670 1715 1695 non,
1730 1666 1756 1690 et
1769 1670 1873 1689 sensum
1887 1661 2050 1688 contrarium
2077 1660 2145 1697 Apes

650 1708 741 1736 ducta:
755 1716 817 1736 cum
846 1708 1029 1737 Luciferianis
1044 1711 1222 1738 consentiunt
1244 1711 1277 1738 iis
1292 1712 1317 1738 in
1335 1712 1413 1743 locis,
1430 1712 1456 1739 in

652 1755 753 1791 quibus
768 1756 838 1791 apud
868 1756 1021 1784 Luciferum
1036 1765 1051 1784 a
1065 1762 1143 1785 textu
1170 1759 1288 1793 antiqua:
1317 1758 1458 1786 Versionis

654 1802 772 1831 diversa:
787 1809 862 1837 sunt,
879 1811 927 1831 eas
942 1805 1111 1837 exscribere,
1125 1809 1153 1832 ut
1172 1805 1343 1833 aniferiana
1362 1805 1458 1834 Versio

655 1850 746 1886 aliquo
760 1850 920 1878 testimonio
943 1852 1149 1886 comprobetur.
1168 1859 1218 1879 nec
1233 1852 1323 1880 varias
1336 1851 1429 1879 ilidetn
1442 1860 1456 1880 a

652 1897 758 1925 'f'iliana
784 1898 906 1925 editione
920 1897 1058 1926 dictiones
1072 1900 1201 1927 omittere
1222 1900 1307 1927 satius
1318 1899 1455 1933 duximus,

654 1953 724 1980 quas
738 1945 764 1971 in
778 1944 837 1980 ipso
851 1945 978 1973 Lucifero
993 1946 1106 1974 exhibet
1132 1946 1260 1974 idennnet
1276 1947 1458 1979 Sabatierius,

655 1992 721 2019 dum
736 1991 853 2019 Luciferi
871 1992 1024 2020 testimonia
1043 1994 1069 2021 in
1092 2001 1172 2021 suum
1189 2001 1258 2028 opus
1274 1994 1410 2028 importat.
1421 1994 1459 2021 lta

656 2037 737 2065 nobis
750 2037 836 2065 multo
849 2038 1021 2066 commodius
1040 2039 1187 2075 utilinsque
1199 2040 1286 2067 visum
1300 2045 1342 2067 est
1364 2040 1390 2067 in
1407 2048 1461 2068 uno

656 2084 786 2113 Lucifero
794 2086 934 2120 exemplar
941 2094 1006 2113 sane
1018 2086 1263 2114 luculentissimum
1277 2088 1397 2123 Antiqua:
1409 2087 1462 2114 Ln-

655 2131 718 2158 time
734 2130 868 2158 Versionis
882 2132 1036 2167 legentibus
1048 2132 1160 2165 olferre,
1177 2133 1303 2167 idemque
1321 2134 1460 2167 Cmelerii,

655 2183 685 2205 et
701 2177 789 2210 llillii.
804 2182 831 2206 et
857 2178 944 2212 ipsius
969 2179 1116 2207 Sabatierii
1131 2186 1195 2213 ope,
1211 2187 1292 2214 quant
1304 2187 1338 2206 ex
1353 2180 1461 2207 illorum

658 2224 944 2252 animaduersionibus
957 2226 1035 2253 nobis
1048 2226 1280 2261 con-paravimus.
1295 2231 1460 2258 correctum.

657 2276 688 2300 et
705 2272 741 2300 ab
762 2271 796 2300 iis
810 2273 917 2301 mendis
943 2278 1096 2309 purgatum,
1110 2282 1172 2309 qua:
1189 2273 1294 2302 facilius
1303 2274 1462 2310 cujusquam

657 2319 746 2348 oculis
757 2324 885 2354 poterant
895 2321 1046 2348 obversari.

1509 1711 1590 1738 dere:
1607 1709 1678 1738 unde
1695 1710 1796 1737 iterum
1811 1709 1838 1736 in
1853 1708 1978 1736 Gracunt
1993 1712 2022 1736 et
2034 1706 2146 1740 Latinum

1510 1757 1684 1785 inserendam
1711 1756 1863 1784 rectissime
1881 1755 2000 1783 censuit.
2016 1756 2103 1790 Atque
2116 1754 2146 1782 he

1510 1804 1625 1832 Milliqu
1643 1802 1846 1839 reprehendere
1860 1802 1951 1834 liceat,
1968 1802 2013 1837 qui
2028 1800 2061 1828 ad
2075 1808 2146 1829 naut.

1511 1851 1564 1886 leg.
1579 1851 1698 1878 alfcrens
1723 1857 1754 1877 cs
1783 1848 1925 1877 Clemente
1949 1847 2139 1875 Alexandrino

1510 1898 1634 1932 epistola:
1661 1896 1737 1925 Juda:
1759 1904 1831 1923 vers.
1851 1895 1868 1923 6
1886 1899 2016 1932 εΔεσμοῖς
2040 1893 2132 1925 ἀϊδίοις

1511 1947 1608 1982 ἀγρίων
1623 1945 1736 1981 ἀγγέλων
1746 1946 1894 1983 τετήρηκεν,
1904 1941 1980 1974 ιιωε,
1990 1941 2093 1975 subdit,
2107 1948 2146 1968 on

1512 1997 1579 2019 stero
1588 1992 1779 2027 t‘eprwsenturit
1793 1990 1878 2017 scriba
1886 1998 1895 2022 ,'
1902 1991 1997 2028 ἀγρίων
2008 1995 2140 2025 perperam

1513 2040 1574 2074 poni
1587 2045 1672 2066 autem
1685 2038 1758 2066 debet
1773 2038 1852 2075 ἁγίων
1864 2037 1977 2074 ἀγγέλων
2001 2040 2059 2073 post
2070 2034 2146 2063 ἄῐδίοι

1511 2093 1565 2115 tum
1575 2096 1607 2115 η
1623 2087 1744 2121 Lucifero
1759 2085 1913 2113 Calaritauo
1926 2085 2060 2112 discimus.
2077 2083 2146 2112 Deiot

1513 2135 1550 2163 Illi
1563 2135 1640 2163 inda:
1656 2135 1814 2162 testimonio
1826 2133 1958 2168 adpositis
1968 2140 1983 2160 ι
1995 2139 2025 2160 sc
2035 2132 2094 2168 ipse
2106 2131 2146 2159 dis

1514 2183 1593 2214 heus,
1611 2181 1767 2210 Luciferum
1780 2185 1936 2216 corruptam
1951 2179 2051 2216 legisse
2061 2185 2146 2207 voren

1514 2232 1609 2268 ἀγρίων
1625 2230 1745 2265 :integra
1756 2228 1830 2257 enint
1841 2232 1870 2256 et
1884 2231 1957 2255 recta
1972 2231 2013 2255 est
2024 2225 2140 2254 Luciferi

1515 2277 1559 2304 hic
1570 2277 1606 2305 28
1621 2276 1682 2313 (col.
1695 2276 1758 2311 792)
1770 2275 1853 2302 malos
1868 2273 1996 2302 nimirum
2009 2273 2116 2309 angelos
2128 2274 2146 2300 si

1515 2329 1615 2352 ciorum
1623 2322 1830 2360 angelorum‘sub
1839 2321 1951 2349 tenebris
1960 2319 2060 2348 serrari
2066 2327 2076 2352 ;
2083 2325 2145 2354 quae

698 2367 798 2395 Verum
815 2368 945 2396 nonnulla
958 2369 1050 2396 insunt
1066 2369 1183 2397 Luciferi
1199 2369 1286 2403 libris,
1303 2377 1364 2403 quire
1378 2370 1464 2398 corri-
1478 2362 1505 2392 Ῐ)
1519 2376 1560 2399 ret
1574 2379 1640 2399 vero
1657 2369 1811 2400 diSsimilis.
1824 2369 1847 2396 si
1862 2368 1950 2396 malus
1964 2367 2078 2403 angelos
2090 2373 2106 2393 ι
2125 2373 2146 2394 In

657 2420 724 2449 gere
739 2412 834 2441 vitium
848 2413 931 2448 foret,
940 2419 969 2442 et
976 2415 1117 2450 scriptoris
1127 2416 1271 2444 sententite
1285 2416 1465 2445 adversaren-

659 2465 715 2494 tur,
724 2465 790 2488 utut
798 2461 893 2489 vitium
903 2461 929 2489 in
937 2461 1034 2489 iisdem
1046 2462 1280 2498 deprehendatur.
1290 2463 1420 2498 Exemplo
1431 2465 1466 2492 sit

659 2508 848 2536 testimonium
862 2508 894 2536 D.
910 2508 988 2536 Pauli
999 2509 1033 2537 ad
1047 2508 1136 2537 Galat.
1151 2517 1177 2542 ν,
1190 2510 1218 2543 'l,
1231 2518 1291 2546 pag.
1306 2510 1392 2538 hic‘iﬁ
1402 2511 1464 2544 (col.

660 2554 739 2592 790):
751 2555 803 2589 Qui
811 2556 907 2582 nemini
917 2557 1108 2587 consenseritis.
1120 2557 1208 2584 suasio
1219 2562 1303 2584 vestra
1311 2565 1342 2584 es:
1352 2556 1406 2585 Deo
1416 2563 1465 2591 est,

659 2606 714 2630 etc.
734 2602 808 2637 quod
824 2610 886 2629 cum
903 2602 1020 2630 Luciferi
1043 2605 1180 2631 sententia
1194 2604 1299 2639 optime
1312 2605 1442 2632 convenit
1456 2614 1463 2638 ;

658 2647 683 2676 is
698 2648 802 2676 etenim
818 2649 927 2677 scribit:
939 2648 1130 2686 Cognoscentes
1146 2659 1189 2678 ros
1202 2659 1257 2678 esse
1270 2652 1341 2678 unici
1352 2650 1401 2679 Dei
1418 2650 1466 2679 Fi-

659 2695 793 2730 liilsostes,
806 2695 922 2731 fugimus
935 2697 1038 2732 nefaria
1059 2698 1169 2725 consilia
1179 2702 1275 2731 vestra,
1293 2703 1464 2733 temperantes

657 2742 714 2769 coci
725 2742 845 2777 Apostoli
857 2751 867 2770 :
884 2742 938 2776 Qui
956 2744 1052 2770 nemini
1067 2744 1259 2778 consenseritis,
1279 2745 1366 2772 suasio
1379 2750 1464 2773 vestra

654 2795 689 2816 es
703 2787 759 2816 Deo
769 2794 830 2817 est:
845 2790 943 2824 probat
964 2790 1039 2818 enim
1066 2792 1173 2820 Lucifer
1199 2791 1356 2827 huiusmodi
1384 2793 1461 2820 testi-

657 2835 762 2869 monio,
777 2836 924 2864 consilium
938 2844 1019 2865 suum
1035 2846 1088 2865 non
1104 2839 1286 2872 conveniendi
1301 2847 1364 2867 cum
1379 2838 1461 2867 Ita-re-

658 2881 722 2909 sicis
736 2881 846 2911 Arionis
860 2891 876 2911 e
890 2883 988 2913 divino
1003 2884 1134 2914 instinctu
1151 2886 1305 2922 profectum
1319 2886 1414 2915 fuisse.
1430 2889 1464 2915 At

658 2928 732 2957 enim
748 2929 775 2957 iu
788 2928 892 2958 Grecis
906 2931 985 2960 libris
997 2939 1082 2968 prave
1093 2933 1230 2970 descripta
1245 2939 1326 2963 erant
1339 2935 1464 2970 Apostoli

656 2972 757 3010 verba,
776 2976 850 3005 unde
878 2977 904 3006 in
933 2978 1045 3007 latinam
1073 2988 1181 3016 quinque
1207 2981 1461 3017 interpretationem

1517 2418 1624 2453 angelis
1638 2416 1803 2445 constrictos
1818 2414 1907 2443 teneri
1928 2412 2108 2446 etmnciaret;
2127 2410 2144 2439 d

1517 2465 1632 2500 Apncnl.
1647 2472 1693 2498 xx,
1710 2464 1735 2496 t,
1751 2463 1871 2499 Angelus
1882 2460 2058 2490 descendisse
2075 2459 2111 2488 de
2123 2466 2146 2487 ct

1517 2513 1617 2541 darem
1629 2511 1731 2547 abyssi,
1745 2515 1769 2538 et
1789 2514 1904 2547 catenam
1920 2515 2042 2544 ntagnom
2055 2507 2081 2535 in
2096 2514 2146 2535 ιιιιι

1518 2558 1690 2597 apprehendit
1708 2557 1867 2589 draconem,
1884 2560 2029 2592 serpentem
2048 2557 2146 2591 annos"

1517 2606 1640 2634 diabolus
1656 2610 1681 2632 et
1695 2609 1816 2636 satanas,
1832 2608 1857 2631 et
1870 2602 1959 2640 ligauit
1986 2609 2045 2629 eum
2069 2608 2115 2638 per
2128 2607 2145 2627 α

1518 2652 1671 2682 Fatendum
1699 2656 1830 2687 prmterea
1855 2655 1917 2683 est.
1943 2649 1996 2678 alia
2010 2649 2092 2678 etiam
2106 2645 2146 2675 inl

1516 2699 1647 2728 versione
1677 2697 1806 2731 inveniri,
1829 2704 1902 2732 quae,
1919 2695 1985 2724 licet
2009 2693 2138 2723 mendum

1515 2747 1598 2783 aliqui
1629 2746 1798 2777 existiment,
1813 2752 1867 2772 non
1889 2749 1952 2772 sunt
1967 2747 2058 2771 tamen
2080 2740 2144 2769 imm

1517 2794 1639 2830 ipsorum
1652 2790 1799 2825 'sententia,
1811 2797 1874 2819 cum
1897 2793 2007 2818 constet.
2028 2793 2118 2824 neque
2130 2794 2146 2816 .t

1515 2841 1618 2870 ctiouis
1654 2839 1774 2868 labelleri
1793 2860 1801 2874 ,
1826 2845 1916 2874 neque
1949 2836 2002 2864 alia
2036 2834 2132 2864 deesse

1513 2884 1630 2926 quorum
1642 2886 1800 2916 testimonio
1815 2889 1844 2914 et
1857 2883 2021 2912 auctoritate
2033 2882 2146 2911 nitantttt

1516 2939 1584 2973 quot
1596 2942 1632 2963 ex
1651 2931 1685 2961 iis
1702 2933 1756 2962 huc
1775 2930 1977 2968 congessimus,
1989 2935 2018 2958 ut
2032 2928 2146 2965 legentis:

1514 2981 1618 3019 judicio
1644 2978 1819 3017 Luriferiuuw
1845 2975 1980 3006 Versionis
2013 2975 2146 3013 integritlt

1749 3187 2144 3197 κᾉ-λλ-Αηρι
