4292 6392
112 403 207 458 705

1561 400 1951 459 PﬂxﬁFATlO.

3299 404 3401 459 706

111 535 213 573 rem
247 534 369 573 esse
400 521 777 575 demonstrent
814 561 826 583 ,
876 535 1035 589 quam
1074 535 1197 590 qua:
1248 520 1331 574 vel
1373 520 1558 574 vitium
1608 536 1700 572 co-
1734 526 1780 582 Α
1812 522 1979 580 tione.
2004 530 2095 573 aut
2118 536 2183 573 ex
2218 520 2398 589 aliquo
2432 521 2571 574 libro
2603 521 2763 573 a-reis
2796 522 2935 591 typis
2966 522 3233 591 impresso
3260 521 3409 576 latit-

109 614 302 677 dicum,
334 612 415 667 vel
458 614 776 677 τιιιειιιτυιίδ
809 610 986 666 Latini
1026 622 1119 665 aut
1158 612 1413 675 iniuriam
1447 622 1540 664 aut
1567 630 1639 665 ost
1664 613 1704 665 i-

111 708 325 760 tantiant
357 704 707 762 culaautihus
736 706 914 760 eidem
942 722 969 761 a
1000 706 1323 773 quibusdam
1355 706 1645 760 tribuatur.

175 798 229 852 In
260 797 353 852 lib.
384 796 452 851 de
478 799 611 867 lleg.
632 798 821 869 Apost.
850 815 972 871 pag.
998 800 1083 852 ltic
1106 801 1175 853 55
1195 802 1314 857 lrol.
1342 801 1491 871 798),
1514 799 1707 854 Perea-

116 901 213 944 tttm
237 890 553 945 abontinatio
578 903 676 955 est,
719 908 784 946 cx
821 891 835 945 I
869 893 1003 961 Reg.
1039 908 1129 957 xv,
1176 892 1267 946 25.
1300 893 1608 947 Cotelerius
1640 894 1705 947 ad

114 984 201 1039 lib.
227 1001 264 1041 ιι
287 982 785 1054 Constit.Apnstol.
811 987 1019 1056 cap.69.
1041 997 1229 1041 censet
1256 988 1504 1041 librarios
1530 989 1708 1057 inepte

113 1078 422 1131 abominatio
454 1095 549 1145 pro
597 1081 845 1133 ominatio
874 1082 1157 1149 scripsisse
1187 1096 1199 1141 ;
1246 1095 1365 1133 cum
1399 1082 1449 1133 in
1480 1082 1708 1147 Septua-

113 1171 252 1241 ginta
285 1170 485 1239 legitur
513 1171 744 1245 ἁμαρτία
770 1176 1013 1244 οἰώνισμά
1072 1176 1228 1228 ἐστιν.
1269 1172 1465 1225 Verum
1514 1172 1706 1242 Aquila

116 1266 165 1318 ill
199 1264 461 1333 llexaplis
490 1279 556 1319 ex
591 1264 822 1318 Ileltrmo
853 1266 1037 1330 vertit,
1071 1266 1299 1337 ἁμαρτία
1340 1270 1580 1335 μαντείας
1610 1289 1707 1319 παο

114 1362 485 1435 ραπικρασμὸς,
520 1370 787 1430 peccatum
815 1360 1195 1412 vaticinationis
1225 1360 1469 1421 irritatio;
1492 1359 1711 1429 etSan-

115 1456 336 1506 macltus
369 1469 382 1515 ;
416 1453 647 1527 ἁμαρτία
678 1463 767 1512 τῆς
811 1456 1043 1521 μαντείας
1071 1457 1127 1507 τὸ
1155 1458 1493 1527 προσεριζιιν,
1526 1468 1712 1521 pecca-

116 1555 214 1598 tum
236 1548 618 1601 vaticinationis
641 1548 981 1609 contendere;
1005 1558 1058 1601 et
1084 1548 1135 1599 in
1165 1547 1557 1602 llebr.rotextu
1584 1548 1713 1617 legi-

116 1656 253 1703 mus,
271 1653 543 1708 peccatum
560 1644 892 1696 divinationis
905 1643 1134 1695 rebellio.
1148 1641 1205 1695 Et
1222 1643 1323 1707 ,sin
1341 1642 1685 1696 mittusverba
1700 1685 1712 1705 ,

116 1748 333 1788 scnsant
358 1733 713 1788 Lueileriana'.
748 1735 1013 1789 versionis
1046 1734 1299 1801 exprimit
1331 1734 1519 1789 Gra~ca
1548 1734 1715 1787 editio

116 1827 523 1893 Cuntplutensis
552 1828 694 1884 εἴστι
716 1831 1151 1903 παραπικρατμὸς
1175 1826 1367 1891 ἀδικία,
1394 1827 1715 1880 exacerbatio

1809 613 1885 664 bri
1916 612 2112 679 legisse
2139 611 2191 663 in
2224 612 2403 679 priore
2435 612 2551 665 loco
2581 612 2831 679 Sulpicii,
2861 628 2983 666 cum
3017 613 3124 677 ait,
3154 613 3409 668 Creterum

1809 706 1861 759 in
1890 722 1992 757 uno
2022 707 2196 757 codice
2225 704 2418 770 oﬂ’emli
2446 704 2674 759 Jamliri.
2697 705 2849 772 Quod
2878 721 3028 771 vero,
3054 706 3232 761 subdit
3263 708 3405 762 idem

1810 798 2110 864 Pratensis,
2144 801 2369 853 litteram
2398 798 2433 852 b
2460 798 2581 853 huic
2634 800 2835 853 nomini
2863 801 3055 855 inserat
3085 812 3257 855 noster
3286 800 3411 856 Sul-

1812 892 2008 961 picius,
2040 910 2259 961 grtecant
2288 893 2380 947 ille
2422 894 2688 947 lectionem
2717 903 2919 947 secutus
2959 903 3053 961 est,
3086 897 3139 949 in
3180 913 3281 965 qua
3309 914 3409 951 non

1812 985 1965 1035 modo
1998 983 2213 1039 Zambri
2238 1002 2329 1054 pro
2354 984 2556 1049 Zamri,
2586 997 2633 1039 et
2662 986 2850 1040 Ambri
2883 1004 2977 1056 pro
3000 988 3181 1053 Amri,
3223 990 3315 1041 sed
3364 1001 3409 1043 et

1816 1076 2053 1131 Matttltre
2079 1096 2139 1131 ac
2162 1079 2435 1135 Ncmbrod
2469 1096 2563 1148 pro
2587 1080 2789 1134 Mamre
2819 1090 2866 1134 et
2893 1080 3127 1135 Nemrod
3149 1080 3408 1135 scribitur.

1814 1170 2028 1224 'l.atubri
2061 1173 2240 1226 retinet
2288 1183 2334 1226 ct
2374 1172 2619 1241 Vulgata.
2652 1172 2807 1239 Quod
2834 1172 2902 1229 de
2948 1173 3160 1230 Jambre
3196 1190 3414 1247 quoque

1816 1263 2160 1319 Lucileriano
2193 1276 2366 1335 potest
2408 1264 2689 1320 allii-mari.

1891 1358 2024 1411 Ibid.
2049 1374 2167 1428 pag.
2189 1356 2388 1428 4|(rol.
2408 1358 2558 1423 806),
2582 1357 2972 1427 Iezabel/ﬂiam
2998 1359 3170 1414 Busan
3199 1371 3246 1415 et
3272 1360 3412 1415 llela

1819 1451 1953 1517 regis
1986 1450 2361 1518 Sydoniorum,
2390 1466 2455 1505 ex
2490 1451 2552 1505 ΙΙΙ
2587 1450 2720 1521 Reg.
2754 1467 2874 1516 xu;
2902 1468 3062 1520 quem
3089 1453 3267 1507 locum
3294 1468 3417 1508 eor-

1821 1544 1939 1607 rigit
1968 1544 2139 1596 Latin.
2170 1559 2234 1597 ex
2254 1543 2409 1614 Vulg.
2435 1544 2775 1599 substitucns
2806 1543 3036 1599 Etlibaal
3058 1561 3154 1616 pro
3172 1544 3346 1600 Basan
3371 1556 3419 1601 et

1828 1636 1983 1691 lleltt.
2016 1637 2199 1707 Neque
2228 1654 2356 1692 sane
2386 1638 2692 1706 negandum
2716 1640 2785 1693 ita
2818 1639 2920 1708 legi
2952 1640 3183 1694 etiamin
3202 1639 3416 1704 Graeco,

1820 1741 1873 1782 ct
1922 1730 2064 1799 apttd
2092 1729 2387 1799 Joseplmm
2423 1730 2518 1784 lib.
2546 1746 2637 1784 vni
2679 1731 2865 1801 Antiq.
2898 1746 3021 1801 cap.
3053 1732 3087 1784 5
3113 1730 3420 1786 Jezabelem

1821 1823 1925 1878 dici
1960 1823 2125 1877 ﬁliam
2157 1821 2411 1886 ltltobali,
2440 1822 2724 1888 ‘tOoﬁdlou;
2754 1839 2861 1893 quo
2914 1823 3135 1878 nomine
3162 1824 3306 1877 hunc
3337 1837 3423 1877 re-

116 1931 185 1971 εει
212 1920 472 1991 iujustitia
498 1937 515 1985 ;
540 1935 662 1975 cum
692 1920 922 1974 Ileltrato
946 1932 1151 1981 autem,
1176 1929 1231 1973 et
1256 1919 1446 1988 Aquila
1472 1930 1524 1972 et
1558 1918 1714 1989 Synt-
1746 1921 1790 1980 Β
1818 1933 1937 1987 getn
1969 1918 2085 1986 ipse
2118 1916 2406 1987 distinguit
2446 1917 2609 1971 etiam
2660 1917 2713 1971 in
2761 1916 2855 1971 lib.
2887 1932 2900 1969 I
2930 1927 3078 1971 cont.
3115 1915 3378 1983 Apioncm
3408 1931 3421 1966 :

119 2012 312 2065 tuaclto
351 2013 438 2065 illa
470 2013 783 2075 conveniet,
820 2014 861 2067 si
908 2013 1077 2066 atltlas
1129 2011 1355 2065 verbum
1386 2011 1721 2063 vaticinatio-

121 2105 217 2167 nis,
250 2104 395 2174 quod
430 2104 583 2159 facile
614 2106 789 2175 potuit
816 2106 1110 2159 scribentis
1139 2105 1349 2159 calamo
1371 2103 1643 2158 excidere.

191 2196 329 2251 Ibid.
365 2211 488 2266 pag.
510 2195 601 2261 5-5,
633 2196 871 2250 Roboaut
899 2199 1075 2265 viginti
1096 2200 1247 2249 annis
1278 2199 1508 2265 regnavit
1533 2198 1582 2248 iu
1633 2195 1723 2249 Je-

123 2293 369 2356 rusalem,
402 2291 465 2345 Ill
518 2292 650 2360 Iieg.
702 2307 774 2353 at.
808 2292 897 2346 45.
936 2291 1092 2345 llunc
1137 2306 1404 2344 annorum
1441 2306 1724 2343 numerum

126 2399 229 2438 nou
261 2384 523 2439 exhibent
574 2387 857 2454 Septuag,
885 2384 979 2438 sed
1025 2383 1091 2438 Ill
1125 2383 1255 2453 llcg.
1287 2399 1337 2437 ut
1364 2400 1376 2434 :
1412 2382 1610 2437 Δώδεκα
1640 2382 1727 2439 i'rn

126 2479 475 2541 ἐϐασίλευσεν,
500 2479 777 2531 duodecim
809 2496 971 2530 annos
1001 2479 1232 2547 regnarit
1266 2494 1426 2547 ,‘C:tp.
1463 2492 1591 2530 vero
1618 2492 1724 2539 XIV,

126 2571 186 2623 “ll
221 2590 231 2624 :
260 2571 609 2626 ἑπτακαίδεκα
634 2571 720 2629 ἶτη
752 2572 1095 2633 ἐϐασύευσεν.
1134 2582 1325 2638 septem
1355 2579 1400 2622 et
1434 2569 1607 2622 decent
1637 2586 1728 2620 an-

127 2680 215 2716 nos
238 2667 507 2733 regnavit;
534 2665 609 2718 uti
636 2664 800 2718 etiam
831 2681 882 2716 ιιι
917 2664 1007 2717 ltb.
1030 2664 1070 2715 Il
1091 2664 1263 2716 l'at'al.
1283 2679 1377 2725 xu,
1403 2664 1485 2727 li,
1514 2661 1727 2730 etapud

128 2757 422 2829 JUSI‘pllttttt
450 2760 539 2812 lilt.
574 2774 663 2813 vttt
690 2757 874 2827 Antiq.
902 2774 1022 2826 cap.
1055 2759 1118 2811 l0
1147 2777 1157 2809 :
1192 2756 1255 2808 In
1283 2774 1382 2822 quo
1407 2772 1618 2809 numero
1640 2772 1732 2807 an-

128 2869 309 2906 norum
339 2854 807 2924 rcgniconreniunt
840 2870 1013 2905 omnes
1038 2853 1176 2915 libri,
1205 2852 1385 2905 Subdit
1418 2850 1662 2904 Nobilius
1683 2852 1731 2903 itt

128 2961 245 3015 eap.
282 2962 371 2999 MV
396 2948 491 3000 ιιι».
525 2946 587 3000 lll
618 2949 751 3013 lleg.
782 2946 885 2999 Sed
914 2946 1028 2997 lt-t-c
1063 2944 1175 3014 ipsa
1222 2959 1487 2997 annorum
1516 2943 1731 2997 diversa

130 3038 265 3093 ratio
308 3037 703 3092 Lueilerianam
738 3038 1046 3092 versionem
1089 3036 1489 3105 quodammodo
1533 3047 1730 3089 tuetur.

198 3132 338 3187 Iltid.
366 3147 486 3201 pag.
511 3130 581 3187 40
603 3132 728 3194 (col.
751 3130 881 3199 805)
910 3150 920 3183 :
950 3132 1217 3198 Scriptum
1244 3141 1315 3183 est
1338 3132 1489 3183 etiam
1508 3130 1569 3179 tle
1587 3128 1735 3181 .Iatn-

134 3230 217 3280 bre
244 3242 383 3295 rege,
418 3235 523 3280 etc.
554 3225 642 3280 ubi
673 3224 918 3279 Latinius
951 3226 1001 3278 itt
1047 3237 1169 3276 nota
1214 3224 1458 3291 subjecti
1510 3239 1590 3276 col
1612 3224 1737 3291 rigit

1825 2020 1879 2065 et
1906 2008 2090 2065 Critici
2125 2010 2276 2066 Sacri
2303 2011 2368 2065 ad
2398 2008 2418 2064 l
2451 2010 2612 2081 Reg.,
2646 2012 2735 2081 qui
2763 2018 2847 2066 est
2870 2010 3065 2066 tertius
3097 2010 3148 2064 in
3174 2009 3423 2080 Vulgata,

1825 2119 1947 2174 cap.
1997 2122 2106 2167 xvt.
2156 2114 2345 2159 notant
2372 2106 2448 2161 sic
2499 2105 2602 2161 ltoc
2640 2119 2839 2160 nomen
2885 2102 3428 2160 scribialtlenandro

1829 2199 2068 2267 Ephesio
2093 2199 2144 2253 in
2170 2200 2521 2264 Pltmnicicis,
2551 2210 2775 2254 auctore
2806 2199 3021 2264 Grotio,
3045 2209 3097 2255 et
3127 2200 3267 2254 inter
3293 2200 3428 2254 Acta

1830 2292 2139 2360 Tyriorum,
2179 2308 2369 2363 nempe
2410 2293 2729 2357 Είῡρ;›ϐα).ον;
2763 2307 2791 2345 a
2829 2292 3064 2345 Diodoro
3107 2300 3289 2345 autem
3343 2290 3431 2347 Si-

1830 2384 1956 2436 Cttlo
1986 2382 2301 2449 ltltobalum,
2333 2396 2470 2440 teste
2496 2385 2659 2440 Juuio
2687 2402 2701 2449 ;
2740 2396 2797 2438 ut
2826 2386 2972 2438 enim
3005 2383 3180 2439 Judaei
3212 2383 3307 2439 Dei
3332 2398 3434 2438 no-

1831 2492 1957 2529 men
1990 2476 2366 2531 adtnisrebant
2418 2478 2530 2530 suis
2585 2477 2901 2531 nominibus
2932 2519 2945 2539 ,
3004 2477 3076 2530 ita
3124 2474 3435 2530 idololatra:

1833 2586 2026 2623 nomen
2060 2569 2273 2623 Baulis:
2307 2579 2361 2623 ct
2406 2570 2457 2624 id
2502 2572 2792 2624 conlirmat
2847 2570 3151 2624 Bocltartus
3198 2571 3251 2624 in
3285 2568 3382 2623 lib.
3418 2585 3435 2623 ι

1832 2662 2032 2731 Geogr.
2069 2662 2191 2716 Sac.
2225 2678 2345 2732 cap.
2373 2665 2443 2717 24
2478 2681 2489 2715 :
2524 2663 2752 2717 Ethbaal
2789 2666 2865 2717 vel
2914 2661 3188 2718 Itltobalus
3237 2664 3434 2717 Acltabi

1834 2772 1993 2808 socer.
2032 2754 2227 2809 Verum
2262 2773 2365 2808 non
2421 2766 2568 2811 caret
2598 2757 2781 2826 aliquo
2834 2757 3086 2825 exemplo
3118 2756 3304 2811 versio
3331 2754 3437 2810 Lu-

1836 2852 2029 2913 ciferi;
2064 2852 2411 2921 etSulpicius
2437 2852 2672 2907 Severus
2714 2854 2768 2906 in
2816 2852 2913 2908 lib.
2944 2853 3119 2908 tllist.
3156 2851 3308 2909 Sacr.
3342 2852 3439 2908 Je-

1837 2948 2075 3000 lztitClClll
2109 2948 2272 3011 ﬁliam
2332 2945 2484 3000 Basa'
2536 2946 2665 3001 dicit
2712 2948 2846 3018 regis
2893 2964 2957 3000 ea:
3009 2948 3244 3010 Sidone;
3274 2960 3437 3016 quant

1836 3040 2057 3104 Sulpitii
2085 3041 2375 3095 lectionem
2409 3040 2773 3109 Hieronymus
2802 3055 2829 3091 a
2858 3039 3022 3093 Prato
3049 3048 3230 3093 tuetur
3249 3053 3439 3093 exem-

1840 3136 1927 3203 plo
1957 3134 2315 3188 Lucil'eriana:
2365 3134 2633 3187 \‘Ct'sittnis
2660 3133 2758 3187 Itac
2799 3143 2925 3187 nota
2973 3132 3254 3202 subjecta:
3284 3132 3436 3203 Sigo-

1843 3230 1978 3287 nius,
2010 3226 2263 3291 Ilornius,
2303 3225 2561 3289 Vorstitts,
2592 3227 2745 3281 Basa:
2773 3236 2862 3281 aut
2884 3244 2916 3280 a
2949 3227 3139 3281 Severo
3169 3243 3440 3298 perperam

133 3318 373 3373 Zatnbri:
392 3329 442 3373 at
468 3318 677 3372 Zantbri
700 3319 807 3372 dux
835 3319 1076 3385 equitum
1101 3328 1238 3380 erat,
1268 3320 1353 3384 qui
1380 3317 1530 3370 Elam
1551 3332 1731 3383 regem
1764 3305 1808 3367 C
1844 3322 2087 3385 positum,
2112 3331 2200 3371 aut
2224 3331 2526 3389 corrupturi:
2555 3330 2789 3373 asserunt
2808 3337 2838 3371 a
2865 3320 3116 3383 librariis,
3142 3330 3189 3373 et
3211 3319 3441 3375 Etltbaal

132 3413 351 3468 lsraelis
385 3414 689 3475 interfecit;
721 3412 841 3466 huic
868 3429 995 3465 vero
1021 3414 1163 3464 Aturi
1191 3411 1448 3464 sullectus
1493 3421 1572 3465 est
1601 3454 1613 3475 ,
1660 3412 1735 3464 uti

132 3523 159 3561 a
187 3507 547 3578 Septuaginta
574 3507 881 3575 appellatur
911 3506 973 3560 lll
1012 3505 1143 3571 lleg.
1173 3520 1279 3567 λιι,
1320 3506 1380 3558 16
1409 3514 1463 3558 et
1494 3520 1519 3555 a
1555 3515 1734 3556 no~tra

136 3598 397 3669 Vulgata;
422 3598 467 3653 is
489 3607 761 3652 autemest
780 3596 1041 3661 Jambres,
1060 3613 1219 3667 quem
1245 3596 1515 3665 Josepltus
1539 3596 1630 3649 lib.
1648 3611 1735 3648 vtu

134 3692 319 3763 Antiq.
355 3707 476 3761 cap.
506 3691 590 3757 Β,
622 3692 915 3767 Ἀμαρῖνον,
949 3694 1249 3744 Anturinuni
1277 3702 1454 3752 vocat,
1488 3700 1538 3743 et
1568 3690 1734 3741 codex

137 3786 309 3841 Vatic.
340 3787 394 3840 in
422 3785 524 3839 hoc
551 3785 772 3853 Joseplti
805 3785 923 3836 loco
958 3786 1238 3858 καμίρίαν,
1270 3783 1591 3835 Zumbrium.
1622 3782 1734 3835 Cte-

137 3886 309 3933 terutn
332 3877 605 3945 Sulpicius
632 3876 868 3931 Severus
898 3878 948 3929 in
979 3876 1103 3930 lilt.t
1135 3877 1269 3930 llist.
1294 3876 1330 3930 S
1352 3890 1445 3929 uer.
1481 3878 1622 3929 hunc
1652 3890 1735 3927 re.

135 3985 253 4039 gem
286 3978 345 4024 et
370 3967 582 4023 Zantbri
613 3978 667 4023 ct
692 3967 898 4022 Jambri
931 3968 1212 4031 nominat;
1270 3975 1324 4021 et
1356 3968 1585 4036 primum
1618 3968 1738 4036 qui-

135 4063 257 4119 dem
285 4077 506 4125 nomen,
540 4063 615 4115 uti
646 4073 831 4117 monet
860 4062 1221 4131 llieronymus
1266 4075 1294 4112 a
1331 4060 1489 4113 l‘rato
1514 4060 1564 4111 in
1592 4068 1737 4121 nota,

138 4160 439 4222 prad'erunt
466 4170 657 4211 omnes
702 4154 826 4210 libri
872 4154 1001 4208 editi
1044 4165 1094 4208 et
1128 4168 1260 4206 mss.
1292 4152 1343 4205 itt
1372 4162 1596 4220 utroque
1624 4150 1742 4205 Sul-

139 4250 265 4319 picii
296 4250 455 4314 loco;
490 4261 544 4303 at
562 4248 813 4303 Vorslius
840 4246 1041 4300 Jambt‘i
1068 4262 1164 4317 pro
1188 4245 1397 4299 Zamin
1426 4244 1699 4297 substituit
1726 4261 1738 4305 ;

136 4360 262 4400 nam
325 4345 453 4400 licet
486 4344 599 4405 ille.
633 4343 700 4398 de
733 4357 838 4412 quo
872 4342 1050 4412 priore
1090 4343 1207 4395 loco
1236 4342 1420 4395 διἰἱιιίι
1445 4339 1739 4410 Sulpirius,

140 4435 343 4502 Zamri,
376 4452 472 4491 seu
504 4434 667 4490 Zintri
724 4450 781 4489 re
814 4449 939 4488 vera
1002 4434 1186 4497 fuerit,
1212 4434 1351 4488 alter
1382 4434 1549 4496 Amri,
1583 4449 1740 4501 quem

138 4527 349 4583 Zambri
382 4539 439 4584 et
459 4525 663 4581 Jauibri
690 4526 951 4597 appellat,
977 4536 1209 4596 apparet
1232 4536 1410 4580 tamen
1448 4524 1743 4593 Sulpicium

140 4638 236 4693 per
262 4638 513 4680 errOrem
540 4620 751 4676 Zambri
805 4619 1091 4689 principem
1118 4620 1343 4689 equitum
1376 4634 1497 4673 cum
1544 4615 1746 4670 .Iambri

1844 3428 1935 3479 pro
1966 3428 2024 3464 eo
2060 3412 2411 3473 reponendum
2463 3422 2690 3477 monent,
2719 3423 2806 3465 aut
2848 3415 3005 3483 juxta
3045 3411 3255 3467 ercos
3296 3411 3439 3467 Ἰεθε-

1847 3506 2000 3566 ςαά)..
2047 3505 2350 3559 Jetltebaal.
2385 3506 2493 3560 Sed
2528 3508 2572 3557 si
2624 3522 2770 3559 error
2805 3508 2856 3559 in
2889 3523 2948 3561 eo
2979 3517 3073 3570 est,
3122 3523 3223 3561 non
3252 3505 3444 3563 Severo

1844 3616 1935 3652 nec
1985 3604 2097 3670 ejus
2143 3600 2545 3669 exscriptoribus
2594 3600 2925 3653 ascribentlas
2971 3610 3207 3665 est,cum
3232 3600 3443 3672 Lucifer

1842 3711 2040 3763 quoque
2064 3692 2396 3747 Calaritanus
2421 3695 2470 3746 in
2491 3694 2618 3746 libro
2650 3695 2709 3746 dc
2738 3693 2963 3763 Regibus
2982 3694 3291 3763 Aposlalicis
3308 3695 3444 3765 legal

1843 3785 2062 3839 Jezaltel
2095 3785 2257 3839 tiliam
2289 3786 2463 3840 Busan
2496 3796 2549 3839 et
2583 3786 2714 3840 llela
2746 3787 2891 3855 regis
2923 3786 3297 3842 Sidoniorutn.

1902 3878 2029 3929 Iliitl.
2046 3892 2166 3947 pag.
2184 3877 2383 3947 δῆμοι.
2402 3880 2461 3933 8i
2474 3878 2531 3946 0)
2550 3897 2561 3931 :
2583 3878 2785 3932 Nomen
2801 3879 2983 3934 matris
2995 3882 3108 3947 ejus
3125 3877 3363 3947 Ebsibas,
3380 3895 3447 3936 ex

1848 3969 1912 4024 IV
1933 3971 2061 4041 Reg.
2084 3988 2193 4034 xxi,
2220 3971 2685 4043 l.Clericttsapttd
2701 3972 2939 4029 Coteler.
2973 3973 3039 4029 ad
3070 3974 3163 4030 lib.
3193 3990 3228 4031 tt
3255 3973 3445 4031 Const.

1848 4067 2035 4133 Apost.
2055 4081 2175 4135 cap.
2196 4066 2266 4118 2:2
2288 4066 2577 4135 legendum
2612 4067 2701 4122 ltic
2726 4076 2880 4137 putat
2897 4066 3115 4138 Epsiba,
3136 4068 3220 4122 vel
3247 4068 3447 4137 Epltsi-

1847 4159 1969 4211 bas:
1989 4159 2083 4212 sed
2104 4160 2226 4228 quis
2239 4170 2446 4214 certam
2474 4170 2686 4214 tueatur
2706 4160 2865 4229 ltujus
2882 4160 3410 4217 nominisnotionem
3426 4162 3449 4213 ’ί

1846 4264 1969 4304 cum
1998 4250 2114 4320 ipse
2140 4252 2278 4305 idem
2310 4250 2530 4317 subdat,
2565 4253 2669 4322 legi
2698 4252 2839 4321 apud
2869 4253 3186 4324 Syncellum
3206 4254 3450 4327 apsqu),

1851 4342 1901 4396 in
1932 4343 2324 4398 codd.tluobtts
2344 4345 2489 4415 regis
2525 4344 2818 4416 Haphsiba,
2848 4345 2902 4401 in
2921 4346 3161 4417 Joseplto
3181 4347 3273 4402 lib.
3297 4350 3455 4403 xAn-

1853 4437 1947 4505 tiq.
1984 4452 2100 4505 cap.
2132 4438 2163 4492 3
2188 4453 2292 4492 non
2320 4437 2375 4501 4,
2408 4437 2647 4511 Ἀχιϐᾱς,
2674 4454 2702 4492 a
2732 4439 2929 4494 Ruﬁno
2965 4440 3149 4493 Ecliib.
3186 4439 3456 4496 llebraice

1852 4528 2074 4597 quidem
2108 4530 2601 4600 llepsibadicitur;
2640 4540 2696 4585 at
2721 4532 3074 4602 Septuaginta
3103 4532 3293 4604 ’Λψιϐὰ
3320 4533 3456 4589 scri-

1857 4636 2037 4690 psere,
2057 4623 2133 4676 uti
2162 4622 2388 4677 inRom.
2421 4622 2599 4689 Edit.,
2623 4624 2675 4678 in
2704 4623 2901 4694 quibus
2927 4633 3105 4679 tamen
3130 4624 3458 4681 llavercam-

141 4733 267 4788 rege
310 4727 368 4771 et
397 4715 606 4771 Achabi
656 4725 806 4786 patre
852 4713 1161 4767 contudisse
1190 4753 1205 4778 ,
1244 4728 1367 4767 cum
1420 4711 1567 4766 dicat
1600 4728 1611 4763 :
1640 4710 1745 4763 Sed
1776 4700 1829 4759 D
1856 4716 1975 4784 pius
2000 4716 2129 4785 legit
2159 4716 2368 4781 Ἀψιϐἁς
2396 4716 2448 4771 in
2469 4717 2615 4771 notis
2636 4716 2701 4772 ad
2722 4717 2996 4773 laudatum
3014 4717 3235 4789 Joseplti
3254 4718 3459 4776 locum.

142 4810 358 4866 Zambri
378 4823 499 4866 ante
513 4811 673 4876 hunc,
691 4809 742 4864 id
765 4818 849 4865 est
880 4806 1121 4873 Tltamni,
1155 4819 1349 4875 septem
1376 4824 1540 4861 annos
1558 4817 1602 4860 et
1631 4822 1748 4859 cum

142 4906 322 4956 eodem
354 4901 631 4955 duodecim
654 4902 921 4975 regnavit;
948 4898 1173 4971 proinde
1188 4901 1271 4954 vel
1294 4898 1509 4955 Zantbri
1532 4914 1749 4969 semper

145 4997 225 5052 vel
267 4995 480 5051 Jambri
526 4996 711 5054 dicere
756 4997 976 5061 debuit;
1011 5010 1273 5066 suamque
1307 5010 1469 5065 porro
1496 4995 1749 5051 emenda—

145 5089 349 5145 tionem
379 5088 628 5145 Vorstius
662 5100 845 5147 tuetur
878 5089 1203 5143 auctoritate
1228 5090 1466 5158 antiqua:
1498 5088 1751 5143 editionis

144 5182 516 5250 Coloniensis,
549 5194 607 5241 et
634 5200 740 5241 ms.
772 5184 1043 5240 Drusiani.
1077 5186 1144 5239 At
1190 5182 1473 5238 Pratensis
1505 5200 1535 5239 e
1565 5194 1753 5238 contra

145 5289 333 5335 censet
359 5276 570 5333 Jambri
597 5294 777 5349 regem
802 5276 1053 5347 primitus
1089 5274 1298 5330 Zambri
1328 5276 1532 5331 dictum
1564 5275 1750 5341 fuisse,

147 5371 350 5427 deinde
378 5373 462 5427 vel
488 5389 554 5427 ea:
582 5389 679 5427 usu
724 5371 1175 5442 pronuntiationis
1204 5380 1492 5438 temporum
1523 5368 1755 5437 superio—

148 5466 372 5533 rum,tiel
392 5483 462 5523 ex
484 5467 776 5523 litterarum
798 5465 838 5521 Ζ
862 5478 907 5521 et
932 5466 956 5522 J
979 5467 1029 5520 in
1053 5482 1175 5519 mss.
1195 5466 1535 5519 similitudine
1550 5463 1753 5519 Jambt‘i

151 5564 440 5617 emersisse.
475 5561 533 5616 ln
558 5578 661 5633 qua
710 5564 974 5633 opinione
1030 5562 1279 5617 lirmatur
1323 5561 1639 5616 testimoitio
1666 5575 1755 5615 co-

152 5654 288 5709 dicis
341 5653 701 5709 Alexandrini
731 5664 831 5712 τῶν
878 5654 1260 5726 Septuaginta,
1311 5654 1361 5707 itt
1392 5669 1501 5719 quo
1542 5666 1759 5721 semper

156 5762 251 5819 pro
272 5746 483 5823 ‘Apépl,
511 5746 711 5810 Ambri,
738 5748 1241 5819 seriptumapparet
1266 5744 1713 5822 ZapépiJambri
1744 5761 1760 5797 :

154 5851 263 5897 tum
292 5839 551 5897 Drusiutn
586 5838 809 5907 refellit,
834 5857 997 5912 quem
1028 5844 1286 5913 opinatur
1332 5854 1439 5893 non
1473 5854 1537 5895 ex
1587 5838 1765 5907 aliqua

157 5936 459 5993 Severiano
489 5930 717 5999 codice,
762 5932 858 5990 sed
908 5946 999 5991 aut
1048 5952 1111 5990 ex
1160 5936 1279 6008 ipsa
1303 5932 1612 5991 Coloniensi
1648 5931 1767 5988 edi-

1926 4808 1981 4861 ln
2001 4810 2096 4863 lib.
2115 4826 2130 4863 ι
2157 4825 2256 4879 pro
2278 4809 2336 4865 S.
2360 4810 2587 4879 Atltan.,
2607 4828 2728 4883 pag.
2745 4812 2815 4869 55
2835 4811 2962 4885 (col.
2988 4813 3117 4880 820)
3136 4831 3151 4868 :
3170 4813 3345 4882 Quare
3358 4833 3459 4870 non

1854 4914 1988 4956 recte
1999 4902 2262 4957 obtulisti?
2282 4902 2537 4971 Peccasti,
2552 4906 2773 4975 quiesce,
2786 4905 2924 4961 Gen.
2943 4922 3015 4971 tv,
3032 4906 3088 4971 8,
3103 4908 3172 4961 de
3185 4922 3293 4977 quo
3310 4908 3460 4963 testi-

1857 4995 2042 5049 monio
2065 4995 2313 5067 qumdam
2363 4996 2415 5050 in
2446 4996 2591 5053 notis
2618 4998 2929 5052 mottuimus
2968 5014 2981 5051 :
3015 5013 3205 5054 verum
3236 4998 3462 5057 Gallan-

1856 5085 1933 5140 dii
1959 5088 2150 5155 Opinio
2179 5086 2460 5157 probanda
2490 5104 2598 5143 non
2645 5098 2750 5155 est,
2806 5104 2931 5144 cum
2957 5099 3209 5147 autumat
3232 5090 3363 5148 illud
3395 5110 3462 5150 ex

1858 5180 2039 5234 verbis
2068 5180 2417 5252 Septuaginta
2448 5190 2792 5237 contractum
2817 5197 2961 5249 esse;
2992 5199 3115 5239 nam
3143 5200 3339 5243 sensus
3361 5186 3466 5243 sal-

1859 5280 1969 5326 tem
2012 5276 2237 5343 integra:
2286 5272 2577 5329 locutionis
2619 5288 2743 5329 cum
2775 5272 2970 5331 iisdem
3022 5279 3314 5333 convenire
3370 5279 3467 5334 de-

1859 5366 2037 5434 beret,
2070 5370 2163 5439 qui
2205 5367 2538 5439 czeteroquin
2587 5367 2658 5422 ah
2709 5368 2843 5440 ipsis
2885 5370 3109 5426 omnino
3154 5370 3364 5439 dill'ert;
3411 5382 3469 5429 et

1860 5471 1945 5517 est
1968 5468 2313 5532 perstricuum
2331 5476 2399 5516 ex
2428 5462 2561 5531 ipsis
2588 5463 2776 5517 verbis
2798 5463 3152 5534 Septuaginta
3178 5482 3191 5519 :
3219 5464 3411 5522 Nonne
3426 5466 3470 5523 si

1862 5567 2002 5608 recte
2024 5554 2238 5623 offeras,
2261 5570 2363 5607 non
2386 5564 2561 5610 autem
2574 5566 2707 5611 recte
2729 5557 2951 5623 dividas,
2976 5558 3230 5626 peccasti?
3246 5560 3448 5629 quiesce

1941 5648 2019 5704 lb.
2055 5666 2176 5720 pag.
2203 5649 2273 5705 65
2290 5650 2416 5719 (ctl.
2440 5649 2571 5721 831)
2600 5650 2690 5707 hic
2712 5651 3222 5722 animadvertimus,
3255 5672 3472 5712 errasse

1870 5758 1995 5799 cum
2025 5744 2202 5800 Latin.
2232 5743 2605 5811 Gallandium,
2630 5762 2752 5802 cum
2781 5747 2996 5802 censuit
3024 5746 3334 5805 Luciferum
3360 5764 3475 5805 tne-

1874 5837 2048 5892 moria
2078 5836 2287 5907 lapsum
2317 5852 2466 5905 esse,
2486 5838 2613 5911 quia
2634 5838 2917 5911 scripserit
2944 5858 2956 5895 :
2988 5839 3056 5897 In
3081 5844 3250 5914 primo
3274 5842 3480 5913 Regno-

1876 5946 1992 5984 rum
2025 5932 2157 5986 libro
2211 5934 2463 6002 scriptam
2503 5949 2523 5989 :
2556 5933 2680 5988 Non
2710 5933 3005 6006 glorietur,
3032 5947 3138 5993 etc.
3184 5934 3297 5992 Hoc
3333 5938 3480 5994 enim
