4292 6444
139 404 236 461 709

1578 412 1971 473 ΡΒΕΡΑΤΙΟ.

3337 442 3445 501 710

138 518 277 578 bium
291 522 833 583 ι-ονοαιοοιειεῆαε
850 528 918 584 ad
951 528 988 584 I.
1024 546 1096 586 vst
1115 526 1352 585 Constit.
1373 530 1567 601 Apost.
1592 546 1644 587 c.
1668 531 1719 602 Ι,
1751 528 2063 599 Asnbjecit
2084 530 2331 593 Latinius
2362 540 2588 597 ulciscar
2614 558 2681 601 ex
2700 546 2957 621 Vulgata.
2982 550 3447 616 Animadvertunt

134 614 443 684 suspicans,
475 616 838 689 interpretem
872 620 1072 693 legisse
1100 621 1154 676 in
1177 622 1369 678 Graeco
1388 626 1621 690 ἐννοίαις,
1642 640 1729 679 co-

130 706 485 776 gitationibus,
510 712 833 785 pret-ﬁdam,
854 716 1159 786 poplitibus,
1181 714 1278 772 sed
1294 728 1547 772 neutrum
1573 716 1722 789 legit;

130 812 246 854 nam
271 801 392 854 voci
424 800 569 869 huic,
592 808 1055 879 sensu,singulari
1092 808 1143 863 in
1170 822 1398 865 numero
1429 811 1727 880 respondet

128 906 224 946 vos
256 896 417 970 ἐννοίᾳ
450 909 466 960 ;
502 906 680 967 neque
708 897 944 957 advertit
990 901 1300 957 Cotelcrius
1343 902 1593 959 Grarcum
1627 919 1725 959 no-

126 999 244 1039 men
296 989 469 1060 ἰγνύσι,
502 1003 614 1059 quo
654 1001 881 1047 utuntur
924 994 1318 1065 Septuaginta,
1367 997 1504 1066 apud
1554 996 1725 1067 Hesy-

122 1076 298 1133 chium
341 1078 396 1134 in
428 1078 633 1139 Lexico
657 1084 974 1155 signiﬁcare
1004 1089 1259 1153 animum,
1292 1099 1383 1142 aut
1410 1090 1721 1144 anteriorem

122 1188 251 1242 genas
272 1182 471 1243 partem
492 1190 512 1231 .‘
530 1178 666 1250 ιγνύ
680 1201 715 1235 α
736 1179 915 1253 ψυχὴ.
939 1182 969 1241 ἦ
989 1184 1046 1239 τὸ
1060 1190 1154 1239 τοῦ
1174 1186 1389 1255 γόνατος
1408 1182 1613 1240 ὄπισθεν
1634 1188 1723 1257 με·

116 1284 221 1337 ρος.
241 1264 307 1321 Et
337 1280 487 1325 recte
516 1286 613 1337 pro
640 1276 916 1328 sententia
941 1284 1127 1331 nostra
1156 1277 1411 1333 Heinsius
1446 1276 1561 1333 inec
1594 1279 1721 1333 sub-

112 1354 229 1423 jicit
266 1358 522 1433 liesychii
559 1365 874 1423 testimonio
902 1386 912 1419 :
944 1367 1082 1436 Quid
1107 1386 1379 1427 commune
1404 1373 1513 1427 lucc
1536 1372 1720 1428 habent

116 1446 234 1515 duo,
262 1455 292 1509 ri
317 1453 474 1527 φνχή
501 1462 589 1514 καὶ
616 1460 676 1514 τὸ
699 1460 819 1534 γὸνν
846 1462 870 1515 l
902 1471 993 1515 aut
1023 1463 1135 1531 quis
1160 1463 1270 1519 lucc
1289 1466 1541 1538 intelliget
1563 1467 1588 1520 .’
1620 1468 1720 1523 nisi

110 1540 235 1593 sciat
257 1544 426 1599 altudi
456 1549 525 1601 ad
556 1550 938 1607 nobilissimum
960 1554 1130 1608 locum
1158 1554 1226 1609 lll
1254 1556 1384 1627 Reg.
1434 1575 1585 1624 ινιιι,
1620 1560 1711 1613 2t:

111 1632 199 1696 ἕως
223 1635 349 1693 πότι
375 1640 528 1712 ὑμαῖς
569 1645 847 1715 χωλανιῖτι
880 1650 958 1703 ἐπ’
989 1651 1300 1725 ἀμφοτέραις
1333 1662 1451 1714 ταῖς
1486 1656 1677 1726 ἰγνύαις
1697 1700 1710 1723 ,

107 1728 533 1799 proverbialiter;
565 1750 686 1789 cum
719 1735 938 1793 Hebrwa
977 1754 1078 1795 vos:
1107 1742 1209 1798 hoc
1251 1743 1303 1798 in
1338 1745 1456 1800 loco
1486 1749 1713 1819 designet

106 1818 484 1891 cogitationes,
504 1826 719 1893 quidam
740 1845 804 1884 ea:
832 1829 1209 1904 lnterpretibus
1229 1837 1590 1903 reddiderunt,
1615 1841 1710 1901 ἕως

103 1912 218 1969 πότι
254 1916 542 1985 xenia-seire
585 1929 647 1995 τῇ
694 1922 881 2000 ψυχῇς
914 1925 1193 1981 (ἐΙιηΙίίωιιε
1239 1933 1386 1984 vertit
1411 1942 1591 1987 sectas
1622 1945 1710 1988 aut
1746 1929 1790 1988 Β

102 2004 282 2059 studia
308 2017 403 2062 aut
428 2019 633 2078 partes.
656 2022 709 2065 ut
732 2013 900 2085 Syrus
923 2028 971 2070 et
1006 2020 1189 2075 Arabs.
1229 2022 1435 2092 Legum
1460 2026 1705 2080 nonnulli

102 2095 152 2150 in
184 2097 461 2171 llesyehio
487 2102 621 2171 γύα,
648 2108 849 2177 poples,
881 2122 1021 2181 quos
1047 2113 1205 2169 all‘ert
1234 2114 1493 2173 Albertus
1523 2120 1575 2173 in
1608 2134 1706 2175 no-

102 2190 166 2245 tis
196 2192 267 2247 ad
300 2192 446 2251 hunc
475 2196 740 2271 Hesychii
776 2202 955 2257 locum
980 2206 1249 2273 subdens,
1274 2211 1382 2264 Sed
1412 2213 1583 2282 placet
1603 2216 1704 2268 ele-

98 2298 222 2351 guns
255 2283 460 2342 Heinsit'
488 2292 766 2346 sententia.
798 2291 1027 2360 Propius
1058 2299 1255 2353 accedit
1312 2299 1524 2368 Lucifer
1549 2304 1705 2359 Cala-

98 2379 331 2445 ritanus,
358 2380 541 2454 Usque
583 2400 691 2455 quo
723 2387 1051 2445 elainiicatis
1081 2406 1246 2447 sensu
1296 2405 1488 2450 vestro
1518 2396 1542 2450 ἲ
1571 2400 1709 2455 unde

98 2488 187 2540 pro
213 2472 414 2547 irrident-
431 2492 547 2531 eum
571 2481 776 2542 ἐννοίαις
800 2482 983 2553 legisse
1001 2487 1214 2553 conjici!
1242 2489 1445 2542 clariss.
1473 2488 1533 2543 L.
1563 2490 1703 2555 Bos:

97 2565 182 2618 sed
215 2564 515 2638 Hesychius
542 2573 626 2625 isti
658 2577 794 2643 favet
831 2580 1163 2645 expositioni.
1195 2580 1372 2635 Julius
1424 2582 1615 2639 Pollux
1649 2586 1699 2639 iu

100 2658 186 2713 lib.
218 2676 251 2713 ν
276 2661 480 2718 Ouom.
507 2680 627 2734 cap.
665 2669 699 2722 5
730 2685 743 2721 :
774 2672 947 2742 ἰγνύαν
972 2674 1183 2737 scribit,
1212 2677 1458 2746 peplitem
1503 2679 1701 2734 intelli-

96 2765 246 2818 gens,
276 2763 336 2810 et
364 2759 526 2831 ἰγνίαν
556 2773 620 2815 ac
640 2762 818 2833 ἰγνύαν
849 2764 1169 2833 exprimunt
1189 2768 1407 2823 codices
1439 2773 1573 2824 varii
1602 2788 1615 2831 ;
1648 2772 1701 2825 in

98 2843 187 2899 lib.
224 2862 360 2903 vero
380 2864 443 2913 ιι.
472 2866 594 2922 cap.
624 2854 677 2917 4,
702 2856 851 2926 ιννύα
876 2864 929 2908 et
959 2859 1099 2930 ἰγνύς
1134 2858 1353 2929 legitur,
1388 2870 1498 2917 tum
1532 2867 1695 2935 ἰγνύη.

95 2952 251 3003 quam
280 2943 619 3009 posteriorem
640 2947 825 3017 popliti
848 2950 1141 3019 appositam
1168 2956 1534 3009 concavitatem
1553 2972 1695 3022 esse,

95 3027 145 3082 id
168 3031 636 3107 est,suﬂ'raginem
667 3036 936 3093 afiirmat:
968 3040 1093 3096 hinc
1113 3054 1269 3098 vetus
1300 3045 1490 3102 lrenmi
1528 3049 1697 3103 inter-

94 3135 216 3189 pres
244 3124 340 3179 lib.
369 3141 448 3190 ιιι,
475 3142 596 3195 cap.
627 3128 663 3185 6
695 3147 707 3183 :
739 3130 1022 3202 Quousque
1052 3136 1411 3194 clandicabitis
1443 3140 1493 3193 in
1523 3141 1700 3194 amba-

93 3212 182 3270 bus
211 3216 587 3289 su/freginibtts
616 3223 642 3275 l'
667 3221 735 3277 Et
761 3223 1121 3298 Septuaginta
1154 3245 1167 3283 :
1197 3229 1471 3302 Usquean
1498 3236 1699 3290 claudi-

90 3308 269 3365 cebitis
300 3312 357 3365 in
395 3312 643 3368 ambobus
685 3317 970 3387 poplitibus
997 3321 1022 3372 .’
1047 3329 1102 3374 at
1136 3321 1371 3378 Luciferi
1422 3326 1698 3395 interpres
1728 3324 1773 3385 (Ι

90 3398 341 3457 Graecum
372 3418 573 3461 nomen
609 3410 757 3482 ἰγνύσι
786 3418 935 3467 recte
970 3426 1068 3482 pro
1097 3416 1269 3469 animo
1304 3418 1523 3473 animine
1546 3437 1696 3475 sensu

89 3494 390 3562 intellexit,
424 3508 477 3553 ct
527 3499 797 3556 Hebraico
825 3506 994 3558 textui
1054 3508 1297 3577 propius,
1345 3520 1401 3564 ut
1432 3512 1692 3578 diximus,

88 3589 362 3654 accessit;
393 3598 477 3645 est
504 3592 650 3647 enim
703 3592 1050 3664 huiusmodi;
1087 3616 1348 3671 usquequo
1382 3620 1470 3658 vos
1492 3607 1697 3662 claudi-

87 3690 257 3736 cantes
288 3697 447 3753 snper
469 3684 604 3739 duas
624 3689 1014 3758 cogitationes?
1042 3693 1200 3761 Cujus
1230 3710 1447 3749 sensum
1476 3698 1697 3756 exhibet

84 3770 247 3827 etiam
278 3774 642 3844 Symmachus
673 3796 685 3832 :
716 3780 813 3840 ἕως
842 3784 963 3837 πότε
995 3786 1278 3855 χωλανιῖτι
1311 3790 1393 3843 ἐπὶ
1422 3790 1570 3847 δύσιν
1596 3796 1696 3867 ἀμ-

83 3864 296 3933 φιϐόλως
324 3908 339 3931 ,
370 3883 635 3937 usquequo
665 3887 754 3925 ros
785 3874 1093 3929 ctaudicatis
1130 3894 1288 3950 super
1340 3882 1447 3937 duo
1487 3864 1642 3939 dubie
1671 3889 1697 3941 ?

84 3965 193 4009 tum
241 3957 481 4030 Vulgata
544 3974 763 4032 nostra,
816 3984 1080 4040 usqncquo
1113 3974 1421 4030 claudicatis
1470 3980 1522 4033 in
1562 3983 1695 4036 duas

81 4053 279 4116 partes?
303 4053 451 4110 unde
474 4059 778 4128 perspicias
809 4063 971 4117 velim
998 4106 1013 4129 ,
1039 4063 1299 4123 Cotcierii
1326 4078 1381 4124 et
1406 4082 1531 4125 ante
1552 4073 1693 4128 hunc

78 4139 275 4199 Nobilii
312 4146 369 4200 in
393 4146 707 4206 Luciferum
728 4167 1024 4212 censuram
1049 4159 1201 4214 nihili
1220 4161 1523 4219 habendam
1542 4182 1687 4224 esse.

74 4232 77 4235 ’
144 4236 285 4294 Ibid.
319 4255 443 4312 pag.
472 4242 545 4297 82
571 4243 695 4317 (col.
714 4246 877 4321 8‘7):
900 4248 965 4305 In
990 4254 1086 4307 viis
1106 4256 1274 4322 patris
1297 4259 1380 4311 sui
1402 4261 1603 4329 primis,
1623 4277 1692 4318 ex

79 4326 119 4382 ll
136 4330 320 4388 Paral.
347 4350 481 4402 xvu,
499 4337 554 4403 ὅ,
577 4352 736 4409 quem
759 4341 938 4398 locum
956 4348 1183 4418 corrigit
1202 4348 1451 4409 Latinius
1473 4354 1689 4426 innota,

78 4438 172 4486 pro
193 4427 386 4495 primis
402 4430 702 4501 subiiciens
732 4431 924 4501 David,
948 4448 1006 4493 ut
1027 4448 1113 4495 est
1152 4444 1204 4497 in
1238 4446 1689 4517 vulgata.Verum

76 4515 458 4579 Lucilerianus
474 4525 750 4597 interpres
766 4539 916 4587 recte
928 4535 1144 4605 scripsit
1158 4537 1210 4591 in
1225 4539 1318 4594 riis
1332 4541 1514 4608 primis
1527 4547 1692 4615 patris

75 4614 175 4679 sui;
205 4617 420 4690 quippe
452 4619 504 4675 in
535 4619 578 4675 ll
601 4622 837 4692 Paralip.
866 4628 1056 4695 xiv,‘2,
1082 4629 1313 4702 legatur,
1342 4637 1505 4690 Asam
1530 4614 1689 4694 .losa-

74 4706 202 4774 phat
259 4723 475 4781 patrem
532 4715 634 4769 sub
693 4716 846 4773 initia
888 4720 1043 4791 regni
1096 4724 1176 4777 sui
1210 4727 1394 4795 fecisse
1424 4728 1611 4784 bonum
1638 4742 1687 4787 et
1717 4706 1770 4767 θ

72 4813 270 4856 rectum
302 4822 485 4860 coram
518 4806 743 4865 Domino
797 4810 909 4867 Deo
932 4831 1027 4870 suo
1061 4834 1081 4883 ;
1110 4828 1163 4873 et
1198 4820 1244 4875 is
1270 4830 1458 4891 postea
1489 4824 1687 4881 dicitur

72 4892 344 4953 deiecisse
369 4913 402 4953 e
430 4910 583 4956 recto
618 4904 839 4960 virtutis
890 4910 1111 4965 tramite
1143 4926 1267 4983 cap.
1319 4932 1431 4971 XVI.
1465 4916 1598 4974 llinc
1631 4930 1686 4975 et

73 4983 437 5061 Septuaginta
470 5010 481 5046 :
508 4994 801 5051 Ambulavit
832 5000 887 5053 in
936 5000 1032 5055 riis
1062 5006 1229 5072 patris
1260 5011 1343 5061 sui
1376 5013 1602 5081 primis;
1629 5024 1685 5069 et

72 5078 466 5142 Tlteodorctus
509 5103 608 5144 cos
662 5092 876 5148 videtur
902 5106 1122 5153 secutus
1172 5115 1295 5156 cum
1354 5120 1451 5173 pro
1502 5110 1686 5176 primis

73 5176 362 5245 scripserit
390 5184 500 5239 κατ’
526 5186 727 5260 ἀρχὰς,
772 5188 837 5241 ab
867 5189 1037 5243 initio.
1068 5193 1313 5250 Atlirmat
1372 5207 1550 5255 tamen
1580 5201 1690 5258 No-

76 5267 231 5325 bilius
260 5273 314 5327 in
353 5274 510 5332 libris
539 5278 811 5350 plerisque
868 5283 1052 5340 inesse
1109 5288 1247 5343 hanc
1294 5289 1593 5349 dictionem
1636 5299 1688 5351 ἐν

73 5360 202 5426 ὁδοῖς
247 5368 435 5435 saces,
469 5371 522 5425 in
574 5374 670 5427 viis
700 5372 892 5431 David.
926 5379 1082 5450 Apud
1111 5379 1347 5440 Critictrs
1399 5386 1603 5444 Sacros
1633 5393 1685 5447 in

74 5464 199 5511 tom.
234 5459 251 5513 l
281 5463 525 5533 Synops.
560 5475 787 5539 utraque
816 5469 979 5527 lectio
1030 5476 1317 5543 retinetur,
1353 5481 1405 5535 in
1452 5484 1547 5538 riis
1578 5484 1684 5540 Da-

75 5550 153 5603 rid
176 5555 348 5622 patris
379 5558 467 5609 sui
513 5562 723 5628 primis,
756 5574 884 5620 ante
914 5567 1126 5623 scilicet
1169 5588 1329 5645 quam
1362 5575 1529 5633 David
1561 5595 1688 5650 pec-

74 5656 213 5701 caret
242 5664 255 5711 ;
294 5650 385 5704 vel
437 5651 491 5705 iu
523 5655 620 5708 riis
677 5655 867 5726 Dauid,
918 5663 1085 5731 patris
1114 5666 1199 5719 sui
1228 5669 1431 5735 primis,
1457 5688 1577 5743 quae
1602 5678 1683 5732 ni-

74 5738 264 5793 mirum
294 5742 488 5812 prima:
512 5745 607 5798 rite
635 5748 851 5805 luerunt
881 5753 1003 5810 Asse
1035 5757 1208 5824 patris
1237 5758 1340 5815 sui.

142 5831 276 5888 Ibid.
314 5834 559 5907 denique
588 5853 714 5910 pag.
754 5844 855 5898 illa
878 5843 1146 5920 (col.869)
1171 5867 1267 5921 pro
1291 5855 1463 5913 verbo
1500 5860 1685 5932 defen-

76 5925 208 5993 dum,
236 5927 591 5999 quodicgitur
620 5931 789 6004 Soph.
821 5953 857 6003 ι,
902 5937 985 6007 η,
1023 5937 1315 6013 Defeadam
1338 5965 1494 6023 super
1521 5925 1679 6021 viros,

1838 633 2020 681 tamen
2047 628 2228 685 critici
2257 634 2358 689 viri
2391 639 2617 694 verbum
2646 640 2925 714 defendere
2953 646 3159 718 optimc
3185 665 3212 701 a
3238 648 3448 707 Latinis

1830 730 1932 787 pro
1956 720 2232 792 repellere,
2263 735 2448 799 atque,
2475 749 2654 789 arcere
2685 750 2770 802 ea,
2804 754 2925 809 qua:
2953 752 3177 811 nocent,
3213 746 3441 803 solitum

1828 809 2103 869 adhiberi.
2139 816 2327 873 Cmsar
2358 821 2408 875 in
2440 822 2530 879 lib.
2562 843 2578 881 ι
2604 826 2673 884 de
2716 830 2824 884 hei.
2854 834 2959 887 civ.
2987 850 3110 907 cap.
3140 809 3197 904 7,
3228 852 3354 893 cum
3381 855 3444 896 se

1828 916 2190 979 conquestum
2214 913 2382 969 fuisse
2412 912 2638 976 dixisset
2660 921 2727 979 de
2750 922 2965 995 injuriis
2994 943 3060 983 ac
3089 930 3140 984 vi
3174 940 3287 986 tmn
3311 931 3441 1000 sibi,

1830 1002 1942 1050 tum
1978 1000 2271 1060 tribunitiae
2297 1015 2552 1077 potestati
2576 1012 2762 1083 illatis,
2797 1013 3006 1085 subdit,
3040 1019 3309 1080 clamasse
3338 1024 3441 1079 mi-

1828 1088 1975 1156 lites,
2002 1108 2124 1151 scse
2156 1111 2372 1167 paratos
2393 1118 2517 1162 esse
2548 1104 2896 1181 Imperatoris
2924 1116 3009 1169 sui
3059 1114 3441 1174 Tribunurum-

1824 1202 1926 1254 que
1957 1188 2120 1255 plebis
2148 1192 2374 1265 injurias
2400 1199 2698 1270 defendere,
2732 1205 2785 1261 id
2806 1216 2911 1273 est,
2930 1212 3268 1282 prapulsare,
3292 1214 3437 1285 quod

1826 1280 1968 1335 idem
2000 1296 2064 1337 ac
2098 1280 2282 1340 ulcisci
2324 1290 2603 1361 significat
2655 1298 2798 1369 apud
2856 1280 3244 1363 Passeratium.
3289 1280 3439 1366 lianc

1824 1376 2288 1445 significationem.
2315 1387 2564 1456 pluribus
2595 1402 2778 1450 tuetur
2811 1397 3069 1455 lleinsius
3096 1404 3147 1456 in
3182 1407 3329 1459 notis
3366 1405 3435 1461 ad

1822 1468 1982 1525 Ovid.
2007 1472 2231 1532 Heroid.
2268 1496 2319 1545 ν,
2356 1498 2503 1539 vers.
2544 1488 2631 1554 l6,
2666 1498 2722 1544 et
2768 1490 3199 1568 Oudendorpius
3241 1501 3306 1552 ad
3338 1501 3431 1557 lib.

1823 1577 1915 1618 vm
1950 1564 2186 1626 Caesaris
2214 1574 2282 1628 de
2317 1574 2427 1632 bel.
2461 1578 2603 1635 Call.
2662 1598 2785 1656 cap.
2820 1586 2873 1642 9.
2918 1564 3100 1657 Quare
3157 1592 3435 1664 interpres

1820 1654 2055 1713 Luciferi
2110 1661 2336 1719 latimnn
2413 1670 2639 1728 verbum
2708 1654 2990 1747 tle/cudere
3059 1692 3208 1739 recto
3266 1654 3431 1742 sensu

1818 1748 2109 1816 adhibuit;
2167 1760 2419 1825 quamvis
2466 1763 2699 1820 obscura
2752 1768 2879 1825 inde
2913 1772 3172 1830 reddatur
3204 1777 3430 1842 locutio,

1814 1856 1934 1897 cum
1964 1845 2277 1905 addendum
2307 1853 2357 1907 id
2395 1857 2612 1925 luisset,
2645 1860 2713 1916 de
2746 1878 2856 1933 quo
2882 1867 3231 1926 nlturuserat
3257 1870 3427 1939 Deus,

1819 1935 1885 1991 de
1919 1940 2067 1995 illato
2098 1943 2313 2001 scilicet
2340 1948 2445 2005 sibi
2476 1964 2817 2025 contemptu,
2842 1968 2895 2015 et
2926 1964 3160 2033 irrogata
3204 1966 3427 2036 injuria.

1815 2026 2093 2089 Hactenus
2135 2039 2269 2093 satis
2313 2040 2382 2097 de
2430 2042 2775 2105 Lttcileriuna
2826 2054 3303 2127 interpretatione.

1816 2122 1843 2195 ᾗ
1873 2123 1934 2179 ll.
1960 2128 2438 2191 —Animadrersio
2470 2137 2782 2215 Tlteologica
2816 2148 2869 2201 in
2892 2152 3173 2208 nonnullas
3194 2151 3369 2227 Lucili
3383 2160 3433 2213 ri

2464 2232 2774 2293 locutiones.

1883 2310 2114 2369 lnstituti
2149 2324 2324 2378 nostri
2348 2324 2491 2382 ratio
2520 2332 2779 2400 postulat,
2818 2346 2874 2390 ut
2900 2335 3038 2393 hanc
3068 2356 3286 2413 quoque
3313 2355 3422 2401 Iru-

1812 2406 2104 2464 ctationcm
2136 2414 2359 2471 minime
2399 2432 2831 2494 praetereamus,
2857 2444 2981 2484 cum
3008 2432 3074 2486 ad
3100 2434 3423 2493 iiiustranda

1812 2498 2046 2558 Luciferi
2075 2520 2237 2577 opera
2263 2521 2317 2566 et
2340 2516 2681 2587 prapositum
2704 2521 2809 2577 sibi
2842 2523 2892 2577 in
2924 2525 2992 2581 iis
3014 2530 3303 2586 consilium
3329 2534 3423 2589 de-

1809 2590 2128 2651 clarandqu
2161 2607 2396 2660 maxime
2426 2608 2498 2661 sit
2521 2614 2851 2668 necessaria.
2881 2616 3089 2673 Diversi
3113 2622 3327 2691 quidun
3360 2627 3423 2681 li-

1812 2687 2030 2742 brorum
2072 2704 2296 2749 suoi‘um
2349 2697 2491 2753 tituli
2538 2714 2700 2769 sunt;
2735 2706 2785 2760 id
2841 2719 3021 2766 tamen
3052 2712 3105 2768 in
3148 2714 3215 2771 iis
3264 2720 3423 2776 unice

1808 2779 2121 2846 contendit,
2149 2795 2204 2837 ut
2236 2798 2385 2855 gesta
2418 2805 2447 2843 a
2481 2806 2540 2846 se
2570 2803 2629 2849 ct
2659 2810 2689 2849 a
2718 2797 3016 2858 Catholicis
3042 2805 3329 2878 EpiscOpis
3369 2816 3420 2868 iu

1807 2869 2467 2938 ConcilioMediolanensi
2493 2887 2623 2942 anni
2652 2890 2760 2946 555
2786 2902 3026 2965 tueatur,
3058 2894 3167 2955 tum
3203 2886 3423 2962 utCon-

1807 2965 2010 3018 stantio
2040 2965 2357 3038 imperatori
2388 2974 2627 3036 facinora
2662 2987 2979 3057 exprobret,
3008 3008 3131 3064 qute
3149 2996 3421 3058 adversus

1806 3054 2118 3118 Catbolicos
2143 3064 2582 3139 iuiquejusserat
2614 3054 2853 3149 patrari,
2877 3054 2987 3154 quo
3009 3054 3213 3145 Ariana
3248 3093 3420 3152 luere-

1807 3150 1882 3204 sis
1920 3157 2246 3227 contagione
2277 3180 2371 3218 sua
2419 3166 2530 3223 late
2558 3168 2753 3229 diil'usa
2794 3177 2845 3231 in
2879 3180 3195 3241 universum
3228 3190 3415 3247 tu'luem

1809 3242 2031 3312 impune
2070 3262 2431 3321 grassaretur,
2459 3256 2679 3317 demum
2715 3276 2773 3319 ut
2808 3280 2977 3326 secta:
3009 3271 3169 3345 hujus
3199 3294 3420 3339 errores

1806 3337 2028 3406 scriptis
2060 3342 2222 3397 etiam
2258 3345 2413 3404 libris
2444 3359 2717 3412 exsecrari
2752 3375 2811 3416 se
2844 3364 3023 3433 palam
3057 3373 3313 3431 omnibus
3346 3380 3421 3434 si-

1806 3431 2108 3498 gnificaret.
2148 3437 2343 3496 Verum
2376 3442 2479 3501 hoc
2511 3431 2856 3516 postremum
2876 3473 2983 3515 non
3018 3463 3091 3518 ita
3133 3472 3420 3542 persequi-

1807 3528 1911 3587 tur,
1939 3536 1995 3577 nt
2024 3526 2421 3598 disputationes
2454 3539 2732 3611 instituat,
2758 3562 2882 3618 qua:
2907 3562 3018 3608 tum
3050 3566 3107 3611 et
3134 3526 3187 3613 in
3215 3526 3414 3621 Corici-

1808 3613 1896 3669 liis
1938 3625 1994 3672 et
2035 3635 2060 3670 a
2094 3626 2308 3680 ca'tcris
2330 3627 2579 3688 Patribus
2615 3632 2731 3691 fuse
2765 3613 3159 3704 tractabantur.
3190 3651 3419 3713 Fatetur

1807 3707 2023 3766 Lucifer
2051 3713 2392 3776 Catholicam
2424 3722 2617 3797 dogma
2643 3729 2710 3785 de
2740 3732 3040 3807 Trinitate;
3073 3707 3285 3814 singula

1808 3800 1938 3868 pita,
1969 3818 2088 3874 qua:
2115 3806 2168 3863 in
2200 3817 2607 3874 contentionem
2641 3800 3267 3906 pertraltebatitAridtii,
3298 3853 3418 3900 tue-

1807 3902 1932 3959 tur;
1962 3898 2204 3969 objectos
2236 3905 2465 3977 singulis
2493 3926 2713 3970 errores
2743 3917 3051 3980 detestatur
3077 3943 3090 3993 ;
3126 3938 3236 3987 tum
3266 3932 3414 3992 Con-

1805 4083 2005 4140 randos
2026 4095 2080 4142 et
2098 4087 2434 4151 Catholicam
2457 4095 2644 4155 Fidem
2664 4083 3100 4176 amplectendam
3119 4132 3267 4189 smpe
3287 4083 3413 4195 gia-

1802 4178 2053 4250 viterque
2084 4184 2312 4243 adhorta
2327 4201 2429 4248 tur.
2459 4195 2531 4251 At
2563 4203 3080 4279 annnudvertimus,
3105 4178 3411 4279 Lucilei'um

1805 4270 1855 4323 in
1888 4271 2145 4333 Arianum
2182 4287 2453 4356 pra'cipue
2475 4289 2694 4363 dogma,
2717 4300 2877 4367 quale
2904 4303 2974 4359 ab
3006 4305 3172 4378 impio
3192 4324 3414 4374 auctore

1803 4369 2167 4439 excogitatum
2212 4375 2314 4434 luit
2340 4390 2393 4437 et
2427 4385 2784 4459 productum,
2820 4369 3207 4462 vehementius
3234 4411 3418 4468 insur-

1802 4472 1966 4527 gere;
2000 4477 2125 4519 cum
2172 4468 2241 4523 de
2282 4480 2393 4539 tot,
2447 4485 2666 4551 tamque
2697 4483 3057 4549 dissimilibus
3103 4503 3301 4570 sectis,
3355 4504 3413 4563 in

1801 4563 1935 4619 quas
1962 4551 2163 4613 Ariana
2198 4560 2423 4620 lnercsis
2455 4572 2641 4626 statim
2688 4574 2800 4634 lere
2826 4580 2896 4635 ab
2940 4584 3093 4642 initio
3121 4551 3321 4661 partit'a
3349 4613 3414 4657 ac

1799 4642 1971 4700 divisa
2008 4648 2137 4718 luit,
2171 4655 2470 4725 cujnsmodi
2500 4678 2661 4723 erant
2686 4669 3019 4746 Eusebiana,
3050 4682 3412 4761 Eunomiana,

1807 4732 1906 4761 Δ--
1922 4741 2065 4761 ρξ--λ
2187 4757 2197 4761 ι
2238 4750 2249 4761 ⁸
2408 4756 2418 4761 ⁸
2487 4758 2496 4761 ‘

2932 4732 2956 4733 η
3007 4732 3019 4746 ,
3050 4732 3412 4761 __..-..........,

1796 4732 2073 4797 Acaciana
2102 4785 2117 4811 ,
2150 4757 2203 4802 et
2238 4750 2290 4805 in
2338 4756 2529 4824 primis
2571 4760 2950 4842 Semiariaua,
2985 4777 3069 4833 vix
3118 4783 3414 4855 quidquam

1797 4846 1961 4902 agere
1986 4837 2267 4909 videatur;
2294 4848 2337 4901 si
2372 4848 2902 4920 Pneumatomacbos
2924 4870 3187 4941 excipias,
3207 4875 3278 4932 de
3295 4881 3416 4950 quia

1800 4926 1896 4950 I...~
1944 4940 2091 4950 --ι-Αί
2234 4938 2246 4950 ⁸
2317 4940 2351 4950 ’⁸
2575 4948 2583 4950 Α

1800 4926 1899 4981 bus
1943 4940 2132 5000 postea
2165 4938 2271 4993 erit
2299 4940 2703 5007 disserendum.
2737 4954 3011 5016 Nefariam
3057 4966 3173 5023 Arii
3204 4926 3409 5030 ιιοοῖῑί-

1800 5038 1924 5077 natu
1946 5030 2136 5096 paucis
2163 5035 2547 5106 complectitur
2564 5042 2817 5105 Petavius
2849 5051 2902 5107 in
2936 5054 3031 5111 lib.
3071 5073 3088 5113 ι
3124 5059 3192 5117 de
3215 5061 3410 5122 Trinit.

1796 5128 1918 5183 cap.
1969 5119 2021 5184 8,
2054 5137 2122 5177 ex
2154 5124 2289 5196 ipsis
2318 5129 2432 5186 Arii
2467 5136 2647 5193 verbis
2682 5155 2997 5216 excerptam
3024 5192 3037 5215 ,
3072 5166 3194 5224 qua:
3227 5156 3280 5212 in

1796 5206 1989 5265 Thalia
2019 5217 2161 5285 apud
2191 5219 2458 5279 Albanas.
2486 5226 2537 5283 iu
2561 5228 2654 5286 uo.
2681 5224 2751 5291 de
2780 5206 2989 5309 Synod.
3016 5206 3413 5309 actitatis:

1797 5304 1931 5359 teris
1961 5308 2029 5364 ad
2055 5312 2424 5373 Alexandrum
2454 5304 2887 5390 AleXandriuu'm
2911 5351 2975 5392 ac
2999 5304 3291 5399 Eusebium

1793 5401 2201 5461 eomediensem
2243 5408 2541 5486 Episcopos
2572 5419 2769 5493 legitur
2811 5443 3100 5500 expressa.
3136 5435 3273 5495 iline
3300 5455 3410 5512 quo

1798 5491 1872 5512 ,μ
1915 5495 1961 5512 ..
2020 5499 2067 5512 ..
2200 5504 2209 5512 .
2424 5511 2427 5512 γ

2632 5491 2647 5493 _
2886 5491 2899 5500 ι
3210 5491 3217 5493 ‘
3250 5491 3269 5495 '
3306 5491 3405 5512 1""

1796 5491 2031 5553 Luciferi
2052 5501 2356 5561 locutiones
2381 5511 2595 5580 planius
2616 5517 2969 5595 intimiusque
2995 5526 3405 5600 dignoscantur,

1795 5597 1853 5642 ut
1887 5591 2104 5648 Ariona:
2136 5595 2332 5656 haeresi
2368 5620 2594 5672 prorsus
2622 5591 2891 5683 obiectat,
2918 5616 3037 5677 haec
3053 5591 3128 5680 de
3159 5624 3409 5688 doctrina

1793 5682 1912 5736 Arii
1943 5696 2068 5740 sunt
2098 5690 2460 5751 exscribenda
2494 5716 2507 5754 :
2538 5700 2707 5757 Deum
2735 5708 2948 5767 scilicet
3002 5712 3215 5775 Patrem
3246 5739 3310 5777 ea;
3335 5740 3408 5777 as-

1794 5782 1939 5830 terno
1962 5776 2128 5833 Deum
2151 5784 2336 5853 fuisse,
2366 5792 2525 5847 Arius
2553 5795 2783 5855 docebat
2801 5843 2819 5869 ,
2845 5820 2949 5861 non
2977 5822 3095 5866 vero
3124 5830 3187 5867 ea:
3212 5825 3405 5873 wterno

1796 5866 2029 5937 Patrem,
2051 5876 2140 5943 qui
2161 5873 2366 5937 Filium
2393 5897 2575 5957 postea
2596 5892 2844 5960 produxit
2871 5914 2935 5954 ea:
2957 5901 3156 5972 nihilo;
3180 5923 3281 5961 non
3306 5927 3404 5964 ua-

1793 5970 1938 6030 tura,
1970 5967 2061 6021 sed
2083 5971 2253 6040 gratia
2284 5985 2331 6030 et
2360 5979 2641 6050 adoptione
2672 5982 2912 6057 Filium;
2946 5993 3083 6052 stude
3123 6014 3213 6055 nec
3260 6014 3408 6060 verus
