4292 6450
864 390 957 449 ἹΗ
1876 390 2180 450 LUCIFER
2226 391 2556 449 EPISCOPU

1876 390 2180 450 LUCIFER
2226 391 2603 449 EPISCOPUS
2642 392 3150 450 CALAIKITANUS.

4037 392 4156 460 (ne

865 505 1068 571 Filius,
1101 518 1193 558 nec
1221 519 1369 558 verus
1399 503 1571 570 Deus,
1605 504 1705 557 nisi
1728 504 1879 558 titulo
1907 513 2054 559 tenus
2094 521 2155 558 ac
2185 505 2466 575 participa-
2496 506 2548 567 Α
2573 505 2775 575 scripta
2809 521 2905 561 seu
2934 521 3031 562 ore
3062 506 3271 577 prolata
3292 547 3307 571 ,
3333 505 3553 563 totidem
3588 506 3736 563 fuere
3762 506 4153 574 cavillationes,

862 600 1029 662 tione;
1059 598 1147 652 sed
1171 609 1428 663 creatura,
1451 597 1647 652 creteris
1669 607 1840 652 tamen
1865 600 2219 667 prarstantior,
2246 616 2349 669 qua
2370 599 2469 653 rel-

859 692 933 745 uti
974 692 1285 747 administra
1325 702 1553 746 uteretur
1583 690 1725 746 Deus
1765 693 1834 746 ad
1875 710 1956 748 res
1998 702 2211 747 crateras
2244 694 2470 748 canden-

860 787 975 842 das.
1012 787 1137 844 llaec
1162 788 1322 858 impia
1351 788 1467 843 Arii
1496 795 1551 843 et
1574 802 1832 859 germana
1858 787 2132 857 professio
2166 788 2319 843 Fidei
2339 829 2353 851 ,
2384 788 2469 843 cui

863 882 1093 949 proinde
1128 881 1347 937 Lucifer
1386 881 1485 937 has
1511 896 1658 952 sirpe
1694 881 1999 936 locutiones
2031 883 2294 951 opponit,
2327 878 2471 951 quod

865 972 1025 1029 Pater
1052 991 1200 1029 verus
1231 974 1297 1029 sit
1327 973 1484 1029 Pater
1521 973 1585 1027 ab
1631 984 1849 1041 teterno,
1880 984 1926 1028 et
1953 988 2128 1028 verum
2157 973 2340 1026 habeat
2381 972 2474 1027 Fi-

861 1068 1030 1131 lium;
1059 1067 1207 1136 quod
1243 1064 1415 1122 Filius
1446 1069 1511 1120 sit
1543 1084 1694 1121 verus
1742 1065 1918 1120 Filius
1947 1076 1996 1121 et
2023 1083 2168 1121 verus
2213 1064 2385 1131 Deus,
2421 1076 2475 1120 et

862 1164 1005 1234 quod
1039 1181 1141 1218 una
1170 1164 1236 1218 sit
1262 1164 1528 1217 teternitas
1557 1161 1736 1216 Patris
1761 1171 1809 1215 et
1839 1160 2006 1227 Filii,
2054 1162 2298 1232 aliasque
2326 1160 2475 1214 simi-

864 1256 946 1313 les
986 1257 1053 1312 de
1095 1257 1324 1311 bonitate
1345 1297 1359 1320 ,
1390 1257 1651 1326 potentia,
1682 1258 1959 1329 majestate
1988 1256 2164 1308 eadem
2211 1253 2389 1307 Patris
2430 1264 2478 1307 et

868 1348 1032 1414 Filii;
1055 1362 1215 1419 atque
1248 1348 1498 1418 vulgatas
1529 1348 1652 1403 illas
1682 1347 2015 1402 Arianorum
2048 1346 2309 1419 formulas
2332 1388 2347 1411 ,
2383 1342 2479 1399 Fi-

867 1444 969 1497 lius
996 1460 1060 1497 ea:
1084 1444 1250 1497 nihilo
1273 1454 1347 1497 est
1366 1486 1381 1511 ,
1412 1444 1513 1515 fuit
1547 1452 1749 1513 tempus
1770 1442 1977 1511 quando
2010 1458 2112 1494 non
2139 1449 2280 1506 erat,
2313 1442 2479 1511 factus

866 1548 939 1594 est
964 1556 1026 1593 ex
1057 1556 1158 1593 non
1183 1539 1529 1604 exstantibus,
1562 1549 1615 1592 et
1646 1538 1920 1609 adoptivus
1963 1546 2037 1590 est
2066 1535 2264 1601 Filius,
2292 1535 2480 1606 smpis-

863 1633 1003 1687 sime
1031 1632 1330 1702 exprobrat
1354 1631 1716 1697 Constantio,
1761 1636 1817 1685 et
1844 1630 2083 1700 graviter
2113 1638 2429 1685 exsecratur
2466 1647 2476 1681 :

865 1742 988 1797 quae
1035 1742 1160 1781 cum
1194 1727 1247 1781 in
1287 1726 1504 1781 caeteris
1543 1724 1729 1789 libris,
1760 1723 2011 1779 crebrius
2044 1733 2226 1778 tamen
2256 1722 2308 1777 in
2343 1723 2480 1775 libro

867 1819 931 1873 tte
954 1835 1055 1872 non
1087 1818 1346 1889 parcendo
1373 1818 1424 1871 in
1452 1815 1617 1871 Deum
1649 1816 2066 1887 delinquentibus
2093 1817 2478 1878 obversantur,

2574 599 2772 668 quibus
2820 601 3147 655 sententiam
3178 614 3331 655 suam
3380 600 3754 658 fraudulenter
3800 603 4040 674 tegebat,
4083 604 4158 658 id-

2576 690 2753 760 ipsum
2783 692 2945 747 modo
2974 708 3211 764 negans,
3243 693 3406 748 modo
3454 694 3754 762 affirmans,
3788 696 3948 750 modo
3987 696 4157 751 fucata

2578 784 2867 840 verborum
2882 786 3064 855 specie
3079 785 3363 853 simulans,
3386 784 3859 859 dissimulatisque,
3876 799 3929 843 nt
3942 804 4005 844 ex
4017 789 4156 844 Eccl.

2580 875 2719 934 Hist.
2751 878 3037 947 perspicue
3076 887 3323 949 apparet.
3360 876 3558 934 Verum
3585 879 3820 946 Lucifer,
3852 882 3936 936 cui
3965 880 4155 936 Ariana

2582 970 2831 1041 impietas
2859 982 2977 1026 erat
3008 971 3165 1042 plane
3194 982 3499 1043 perspecta,
3532 974 3850 1031 catholicam
3880 978 4153 1031 veritatem

2580 1064 2849 1118 adversus
2868 1063 3184 1120 lnereticum
3221 1068 3393 1136 palam
3418 1066 3694 1137 profitetur
3712 1067 3764 1123 in
3784 1069 3876 1124 lih.
3920 1087 3936 1125 t
3968 1085 4058 1140 pro
4099 1068 4155 1125 S.

2582 1157 2788 1214 Athan.
2826 1176 2876 1229 p.
2904 1159 2971 1215 98
2997 1159 3118 1232 (col.
3142 1159 3272 1229 864)
3298 1180 3309 1213 ;
3336 1158 3454 1214 Non
3482 1162 3618 1215 enim
3643 1163 3761 1232 quia
3782 1161 3911 1218 dixit
3934 1167 4156 1235 Aposto-

2585 1250 2703 1306 lus:
2734 1252 3102 1323 Semetipsum
3136 1254 3679 1312 exinanivitformant
3702 1258 3843 1311 servi
3874 1259 4155 1327 accipiens,

2584 1342 2726 1399 Deus
2744 1344 2843 1401 Dei
2872 1348 3057 1400 unicus
3086 1345 3256 1401 Filius
3272 1348 3421 1401 aliud
3443 1349 3554 1417 ﬁeri
3567 1350 3730 1421 potuit
3752 1366 3813 1404 ex
3832 1350 3923 1404 illo
3943 1352 4074 1420 quod
4091 1361 4158 1404 est

2585 1439 3022 1507 incorruptibilis,
3042 1439 3431 1508 inenarrabilis,
3446 1442 3801 1509 immutabilis,
3820 1459 3933 1496 cum
3954 1445 4019 1496 sit
4033 1460 4159 1497 seu»

2588 1547 2678 1600 per
2707 1532 2761 1586 in
2789 1549 2847 1586 eo
2869 1544 3005 1589 statu
3031 1545 3237 1589 aeterna:
3257 1536 3622 1606 magnitudinis
3647 1553 3877 1602 manens,
3899 1539 3950 1591 in
3972 1555 4070 1605 quo
4094 1540 4157 1592 sit

2589 1644 2804 1681 manens
2828 1639 2873 1682 et
2895 1630 3007 1698 eius
3020 1627 3214 1684 I’ater:
3238 1629 3633 1685 inenarrabilem
3658 1645 3786 1687 vero
3806 1632 3933 1687 dicit
3953 1631 4158 1686 Filium.

2588 1731 2644 1776 ιιι
2676 1723 2903 1778 alteram
2951 1722 3065 1778 Arii
3112 1725 3502 1796 blasphemiam
3552 1726 3799 1792 damnet,
3838 1728 3925 1795 qui
3971 1727 4021 1781 itt
4068 1726 4181 1780 lih.’

2588 1814 2744 1869 'l‘hal.
2773 1815 2917 1885 apud
2941 1816 3140 1871 Athan.
3164 1816 3231 1873 de
3256 1818 3386 1889 Syn.
3413 1818 3581 1873 Deum
3612 1818 3821 1874 Patrem
3851 1820 4018 1874 solum
4039 1821 4165 1889 inet.

867 1912 1429 1969 ubletiamNicmnum
1451 1911 1771 1984 Symbolum
1800 1912 2070 1981 integrum
2101 1911 2146 1965 is
2168 1909 2477 1979 exscripsit.
2513 1908 2561 1968 B
2588 1909 2799 1980 fabilem
2828 1921 2874 1963 et
2902 1911 3217 1965 intlicibilem
3255 1926 3375 1967 esse
3402 1912 3612 1978 docuit;
3647 1911 3788 1967 Filio
3825 1914 3961 1968 Deus
3990 1913 4164 1980 ine/la-

868 2006 1033 2062 Arius
1060 2017 1328 2076 praeterea
1358 2004 1405 2059 F
1407 2006 1555 2059 ilium
1599 2002 1899 2057 mutabilem
1935 2020 2043 2057 esse
2073 2012 2264 2057 natura
2293 2013 2482 2071 aperte

866 2099 1089 2165 docuit,
1120 2110 1169 2153 et
1194 2100 1245 2153 in
1268 2100 1459 2153 ntalum
1482 2108 1668 2151 natura
1699 2097 2012 2166 proclivem,
2036 2098 2127 2151 sed
2155 2112 2217 2150 ex
2246 2094 2484 2150 omnibus

867 2193 1125 2249 creaturis
1153 2194 1270 2247 ideo
1295 2203 1585 2263 exemptum
1609 2234 1624 2257 ,
1653 2190 1775 2262 quia
1817 2189 1956 2245 Deus
1986 2191 2097 2256 ejus
2126 2190 2180 2242 in
2220 2190 2351 2243 bono
2392 2190 2483 2257 ﬁr-

870 2288 1099 2341 mitatem
1153 2287 1603 2353 constantiamque
1652 2286 2003 2355 prtvsciverit;
2055 2284 2197 2355 quod
2251 2300 2315 2338 ex
2369 2284 2483 2339 Arii

870 2380 1091 2450 scriptis
1117 2381 1350 2435 affirmat
1371 2378 1703 2433 Athanasius
1731 2378 1832 2433 sub
1854 2378 2065 2432 initium
2089 2378 2244 2432 Orat.
2271 2378 2328 2441 2,
2359 2392 2487 2432 con-

872 2484 955 2529 tra
982 2475 1170 2531 Arian.
1204 2494 1217 2529 :
1242 2486 1298 2529 ut
1329 2492 1502 2529 omnes
1528 2493 1592 2531 ea:
1623 2487 1809 2529 natura
1837 2494 1961 2543 sua,
1993 2478 2065 2530 ita
2089 2493 2290 2547 quoque
2316 2477 2485 2545 ipsum

884 2567 1106 2623 Verbum
1145 2570 1478 2624 mutabilitati
1521 2572 1801 2625 obnoxium
1832 2589 1958 2635 esse,
2015 2589 2076 2625 ac
2102 2574 2154 2625 in
2186 2574 2345 2627 libero
2377 2575 2485 2642 ejus

871 2663 1086 2717 arbitrio
1110 2666 1293 2734 fuisse,
1320 2665 1567 2733 quamdiu
1594 2666 1712 2719 velit
1734 2707 1748 2731 ,
1770 2667 1957 2719 bonum
1985 2682 2325 2733 permanere;
2348 2668 2486 2737 ejus-

870 2773 968 2828 que
994 2758 1305 2812 voluntatem
1330 2770 1509 2812 nostro
1531 2775 1672 2812 more
1698 2760 1891 2813 ntntari
1912 2761 2161 2830 potuisse,
2191 2776 2305 2813 cum
2335 2760 2489 2829 fuerit

879 2852 1142 2905 mutabilis
1177 2861 1403 2917 natura;
1431 2868 1593 2921 eaque
1638 2852 1703 2905 de
1749 2868 1902 2907 causa
1954 2870 2071 2906 cum
2101 2851 2244 2908 Deus
2288 2869 2488 2925 praeco-

873 2955 1138 3015 gnasceret
1167 2961 1285 2998 eum
1317 2944 1504 2998 bonum
1554 2949 1785 3015 futurum
1812 2987 1825 3009 ,
1872 2946 2210 3013 anticipando
2239 2947 2316 2999 illi
2359 2949 2492 2999 hanc

874 3038 1097 3109 gloriam
1129 3038 1355 3103 dedisse,
1387 3055 1539 3109 quam
1564 3039 1717 3093 homo
1740 3040 2072 3109 postmodum
2092 3056 2155 3094 ea:
2181 3040 2365 3094 virtute
2386 3056 2492 3095 nte—

875 3141 1116 3195 reretttr;
1147 3142 1192 3185 et
1222 3132 1370 3201 quasi
1402 3135 1521 3204 jam
1555 3142 1661 3184 tum
1704 3148 1862 3199 opera
1892 3136 2006 3205 ejus
2054 3142 2348 3200 exstarent,
2376 3150 2491 3203 qua:

879 3225 1277 3293 providebantur
1300 3242 1331 3278 a
1361 3224 1491 3291 Deo,
1524 3226 1677 3279 talem
1706 3241 1821 3278 eum
1855 3228 1959 3291 iam
1986 3227 2160 3280 statim
2187 3227 2238 3279 in
2266 3243 2491 3297 pra’sen-

2589 2003 2704 2057 bilis
2730 2014 2840 2069 est;
2866 2013 2937 2059 est
2964 2006 3101 2059 enim
3130 2005 3225 2059 sibi
3244 2006 3380 2076 quod
3410 2017 3512 2073 est,
3534 2007 3631 2060 hoc
3654 2016 3727 2061 est
3753 2008 4041 2061 indicibilis.
4065 2006 4163 2061 lut-

2589 2096 2834 2166 possibile
2854 2107 2928 2152 est
2947 2099 3085 2152 enim
3100 2099 3146 2153 ei
3170 2100 3480 2171 investigare
3505 2100 3733 2164 Putrem,
3748 2102 3909 2171 qualis
3928 2103 3977 2155 iu
3992 2119 4045 2156 se
4074 2113 4161 2169 est,

2588 2190 2834 2260 quoniam
2867 2192 2979 2255 ipse
3016 2190 3191 2247 Filius
3217 2210 3365 2248 suam
3394 2194 3556 2265 ipsius
3582 2195 3916 2249 substantiam
3936 2196 4165 2266 ignorat;

2593 2286 2959 2355 eamdemque
2985 2289 3316 2343 sententiam
3357 2288 3553 2358 repetit
3592 2288 3806 2344 Lucifer
3837 2305 3888 2359 p.
3926 2289 4021 2345 108
4048 2288 4165 2360 (col.

2593 2376 2724 2450 875)
2751 2378 2903 2435 hisce
2925 2381 3107 2436 verbis
3124 2403 3137 2435 ;
3159 2381 3300 2445 Quid
3322 2381 3466 2435 aliud
3478 2382 3664 2435 astruit
3679 2382 3914 2454 gloriosa:
3931 2379 4170 2434 Ecclesitr

2594 2473 2723 2541 ﬁdes
2743 2515 2755 2537 ,
2786 2474 2885 2527 nisi
2912 2474 3032 2543 quia
3060 2476 3125 2527 sit
3153 2476 3243 2529 Dei
3274 2476 3458 2529 unicus
3497 2474 3669 2529 Filius
3699 2476 4055 2540 immutabilis,
4089 2476 4168 2527 in-

2592 2565 2961 2631 convertibilis,
2992 2567 3390 2632 inwstimabilis,
3418 2568 3726 2636 inmtensus,
3756 2579 3972 2624 teterutts
3990 2609 4003 2632 ,
4026 2570 4173 2622 sicuti

2594 2661 2658 2713 sit
2689 2671 2737 2714 et
2764 2662 2918 2731 cujus
2945 2662 3013 2715 sit
3037 2660 3252 2716 Filius?
3278 2661 3474 2717 Verum
3498 2664 3711 2718 Ariante
3735 2663 4001 2720 bzereseos
4019 2676 4175 2732 caput

2597 2754 2648 2807 in
2679 2768 2745 2808 eo
2769 2756 2933 2809 situm
2961 2764 3111 2822 erat,
3141 2764 3199 2810 ut
3235 2772 3342 2811 uno
3373 2756 3534 2812 verbo
3561 2755 3753 2812 Filium
3774 2758 4175 2812 consubstantia-

2596 2848 2695 2900 lem
2725 2862 2846 2903 esse
2892 2847 3036 2903 Patri
3078 2861 3339 2919 negaret;
3371 2850 3515 2921 quod
3557 2852 3608 2905 in
3654 2866 3749 2906 sua
3780 2850 3967 2906 Thalia
3994 2863 4177 2921 aperte

2596 2941 2889 3009 scripserat
2929 2941 3119 3005 Arius,
3152 2943 3304 3013 quasi
3342 2944 3526 2997 animo
3568 2946 3941 3015 praesentiret,
3986 2957 4175 3013 quanta

2598 3031 2761 3103 hujus
2784 3033 3033 3088 vocabuli
3060 3036 3142 3090 vis
3174 3036 3351 3090 futura
3378 3047 3561 3107 p05tea
3585 3046 3747 3101 esset,
3774 3047 3828 3092 et
3854 3038 4043 3093 efficax
4063 3052 4178 3092 sen-

2597 3140 2722 3192 sus,
2753 3136 2808 3181 et
2830 3125 2983 3181 firma
3025 3130 3324 3185 auctoritas
3352 3130 3415 3184 ad
3447 3130 3699 3186 tuendam
3732 3130 3889 3186 Verbi
3927 3131 4176 3185 Divinita«

2602 3229 2708 3273 tem
2736 3236 2750 3284 ;
2785 3220 2901 3275 οὐδέ
2930 3220 3034 3297 γάρ
3070 3220 3211 3278 ἔστιν
3242 3225 3380 3285 ἐσος.
3412 3224 3515 3278 ἀλλ’
3552 3223 3686 3294 οὐδέδ
3708 3224 3969 3297 ripae-(tato;
4010 3227 4142 3295 αὐτῷ
4165 3266 4176 3287 ,

876 3318 948 3372 tia
969 3318 1131 3372 voluit
1156 3318 1266 3385 ﬁeri
1292 3333 1309 3371 :
1331 3326 1387 3373 et
1418 3318 1560 3372 idem
1591 3327 1828 3373 testatur
1852 3318 2167 3375 Alexander
2191 3320 2493 3391 Episcopus
2520 3306 2565 3365 ί]
2600 3329 2761 3382 neque
2779 3314 2914 3367 ettim
2938 3313 3105 3368 Filius
3132 3328 3201 3368 cst
3231 3316 3465 3382 a’qualis.
3488 3318 3577 3371 sed
3602 3333 3760 3387 neque
3786 3318 3883 3379 illi,
3908 3316 3958 3371 id
3980 3330 4060 3372 est
4083 3318 4174 3371 Pa-

878 3412 934 3466 in
960 3426 1056 3467 sua
1090 3412 1322 3482 epistola
1355 3412 1421 3469 ad
1454 3412 1790 3477 Catholicos,
1823 3413 1913 3467 ubi
1947 3414 2138 3469 Arium
2163 3415 2392 3485 ejusque
2414 3431 2497 3469 as-

877 3504 1059 3560 seclas
1110 3504 1406 3575 impietatis
1453 3506 1768 3572 convictos,
1816 3518 2084 3577 praeterea
2133 3508 2499 3577 interrogatos

881 3595 1053 3653 fuisse
1082 3598 1297 3661 scribit,
1330 3601 1374 3654 εἰ
1397 3599 1615 3657 δύναται
1644 3600 1669 3655 ὁ
1697 3608 1787 3655 τοῦ
1814 3602 1931 3655 θεοῦ
1958 3600 2106 3673 λόγος
2136 3617 2399 3677 τραπῆναι
2431 3603 2499 3660 ὡς

880 3690 1156 3753 ὁδιάϐολος
1179 3693 1392 3770 ἐτράπη
1412 3697 1495 3748 καὶ
1512 3696 1598 3748 οὐκ
1612 3695 1926 3768 ἐφσϐήθησαν
1948 3696 2126 3749 εἰπεῖν.
2144 3697 2238 3750 Ναὶ
2257 3692 2494 3756 δύναται,

882 3789 1103 3863 spurco;
1119 3790 1220 3862 γάρ
1239 3786 1440 3861 φύσεώς
1460 3791 1596 3855 ἐστι,
1624 3792 1835 3863 γενητὸς
1854 3794 1937 3844 καὶ
1960 3790 2179 3866 τρεπτὸς
2207 3790 2463 3862 ὑπάρχων
2484 3804 2495 3837 :

882 3882 939 3937 id
967 3892 1090 3936 est:
1124 3881 1183 3937 Si
1215 3880 1314 3935 Dei
1350 3881 1581 3935 Verbum
1632 3884 1828 3935 mutari
1867 3893 2061 3950 potest,
2092 3884 2223 3935 sicut
2263 3880 2503 3934 diabolus

886 3983 1117 4028 mutatus
1148 3974 1271 4029 est?
1297 3984 1341 4029 et
1372 3975 1519 4029 veriti
1552 3992 1656 4029 non
1685 3985 1806 4030 sunt
1844 3976 2050 4032 dicere:
2083 3973 2269 4044 Utique
2295 3982 2503 4045 potest;

883 4067 1147 4122 mutabilis
1177 4067 1313 4122 enim
1341 4077 1415 4122 est
1446 4078 1665 4132 natura,
1696 4078 1899 4123 creatus
1929 4078 1977 4123 et
1998 4067 2347 4122 convertibilis
2365 4067 2504 4120 exis-

885 4173 1173 4233 tens:quo
1224 4163 1277 4217 in
1332 4162 1450 4218 loco
1502 4172 1651 4218 recte
1691 4172 1886 4218 censet
1922 4161 2169 4217 Valesius
2212 4160 2501 4231 legendum

884 4273 1012 4315 esse
1056 4259 1262 4330 γενητὸς
1300 4273 1397 4327 pro
1439 4256 1705 4313 vocabulo
1732 4258 2003 4332 γεννητὸς.
2040 4258 2119 4311 uti
2150 4266 2205 4310 et
2236 4270 2337 4310 nos
2369 4255 2504 4309 seri-

889 4352 1121 4423 psitnus,
1174 4360 1333 4421 utque
1362 4350 1570 4422 legitur,
1601 4352 1811 4419 inquit,
1843 4349 1980 4422 apud
2008 4347 2274 4404 Gelasium
2299 4347 2506 4417 Cyzice-

889 4461 1049 4505 nunt;
1080 4460 1239 4513 neque
1264 4444 1418 4497 aliter
1447 4443 1568 4514 legit
1595 4441 1965 4512 Epiphanius;
1999 4442 2147 4496 vertit
2169 4442 2341 4506 enim;
2376 4440 2507 4495 Fac-

894 4546 979 4592 tus
1001 4579 1014 4600 ,
1044 4538 1223 4603 aiunt,
1256 4547 1309 4592 et
1341 4536 1721 4592 convertibilis
1765 4545 1847 4591 est
1880 4554 1889 4588 :
1925 4538 2159 4609 γεννητὸς
2192 4545 2371 4589 antcnt
2420 4550 2509 4589 ca-

889 4631 1153 4687 tholicum
1184 4630 1351 4687 habet
1379 4647 1639 4697 sensum,
1676 4630 1744 4685 de
1774 4646 1882 4701 quo
1910 4628 2165 4685 Petavius
2216 4629 2268 4684 in
2316 4627 2411 4684 lib.
2454 4644 2505 4694 v,

2603 3407 2700 3472 tri,
2728 3407 3177 3462 consubstantialis
3204 3424 3222 3462 :
3249 3424 3418 3479 quare
3452 3409 3666 3466 Lucifer
3695 3420 3749 3465 et
3780 3411 3828 3464 in
3860 3410 3951 3465 lib.
3984 3412 4047 3465 de
4086 3428 4179 3463 non

2603 3517 2747 3567 pare.
2789 3502 2843 3554 in
2878 3500 3045 3556 Deum
3073 3502 3291 3572 tlelinq.,
3327 3514 3381 3557 et
3411 3505 3463 3557 ii.
3491 3504 3688 3568 altero,
3719 3507 3803 3559 cui
3845 3504 4035 3559 titulus
4076 3522 4177 3557 mo-

2604 3596 2845 3678 riendum
2858 3613 2986 3661 esse,
3010 3606 3133 3663 etc.,
3156 3597 3430 3669 ὁμηουσίαου
3452 3613 3661 3660 vocem,
3679 3608 3732 3653 et
3758 3601 4032 3668 perfectam
4065 3596 4184 3650 Filii

2602 3704 2719 3741 cum
2763 3688 2920 3743 Patre
2949 3690 3295 3759 arqualitatem
3326 3689 3600 3756 defendit;
3630 3690 3771 3760 quod
3804 3691 3853 3744 itt
3890 3690 4009 3743 aliis
4039 3690 4184 3744 libris

2603 3781 2931 3853 quandoque
2963 3792 3214 3853 prmstat,
3260 3792 3315 3838 et
3343 3798 3461 3854 qua:
3495 3783 3587 3838 Dei
3632 3782 3805 3839 Patris
3848 3794 3968 3837 sunt
3996 3782 4185 3836 divina:

2606 3880 2998 3948 proprietates,
3030 3886 3297 3947 quatenus
3322 3876 3467 3932 Deus
3488 3886 3588 3941 est,
3613 3891 3705 3932 eas
3726 3885 3779 3933 et
3801 3874 3932 3931 Filio
3954 3874 4186 3930 tribuen-

2606 3969 2705 4025 das
2734 3970 2990 4025 affirmat.

2682 4062 2737 4118 lu
2770 4064 2859 4120 lib.
2899 4081 2911 4117 I
2952 4080 3049 4135 pro
3076 4066 3135 4120 S.
3165 4064 3370 4120 Athan.
3403 4063 3880 4119 animadvertimus
3902 4064 4182 4135 ὀμοιουσιον

2608 4171 2822 4227 quoque
2850 4156 3175 4211 vocabulum
3208 4173 3235 4209 a
3268 4156 3517 4211 Lucifero
3544 4155 3844 4210 adhibitum
3876 4170 4021 4216 esse,
4050 4153 4182 4223 quod

2606 4250 2910 4304 substantia:
2934 4250 3327 4303 similitudinem
3356 4254 3408 4303 in
3432 4247 3574 4303 Filio
3591 4249 3657 4301 ad
3686 4247 3889 4302 Patrem
3908 4248 4182 4317 signifitat,

2611 4352 2661 4397 et
2691 4358 2720 4395 a
2749 4342 3036 4398 catholicis
3066 4340 3335 4398 catholico
3362 4357 3523 4399 sensu
3542 4351 3850 4413 usurpatum
3872 4340 4181 4410 qnandotpn:

2610 4432 2746 4500 fuit,
2776 4450 2898 4489 cum
2926 4438 3207 4507 perfectam
3232 4435 3627 4490 similitudinem
3647 4446 3693 4489 et
3710 4435 4041 4504 wqualitatem
4066 4432 4182 4484 ιἰιη

2612 4544 2728 4581 cum
2760 4526 2922 4581 Patre
2945 4542 3012 4583 eo
3042 4528 3310 4583 vocabulo
3344 4526 3750 4595 iutelligebant:
3791 4542 3955 4597 quare
3986 4525 4183 4579 Lucifer

2614 4622 2688 4675 ait
2713 4622 2935 4676 similem
2963 4630 3116 4691 atque
3154 4621 3402 4692 wqualetit
3428 4636 3538 4675 esse
3560 4618 3708 4674 Patri
3736 4618 3946 4673 Filium.
3979 4618 4079 4673 Sed
4104 4617 4180 4669 lli.

889 4742 1013 4795 cap.
1037 4726 1060 4780 ι
1084 4744 1094 4779 :
1116 4726 1267 4792 Quod
1283 4736 1453 4780 autem
1482 4727 1735 4797 sequitur,
1765 4725 1917 4781 addit
1942 4725 2214 4790 Valesius,
2245 4728 2329 4781 καὶ
2349 4747 2508 4803 τρεπ-
2535 4708 2589 4768 Ι)
2615 4717 2787 4771 larius
2834 4717 3195 4772 Pictaviensis
3225 4716 3277 4771 in
3312 4715 3593 4785 responsis
3635 4713 3981 4785 apologeticis
4011 4727 4102 4781 pro
4129 4713 4182 4761 Ιιο

892 4824 982 4883 τὸς
1003 4863 1017 4887 ,
1040 4822 1225 4875 melius
1252 4821 1438 4892 legitur
1470 4821 1523 4874 in
1554 4818 1766 4873 Gelasio
1799 4822 1882 4874 καὶ
1912 4822 2115 4881 κτιστός
2136 4862 2148 4884 ,
2181 4835 2342 4891 quam
2373 4819 2508 4875 scri-

893 4929 1111 4990 pturam
1144 4916 1197 4973 in
1230 4917 1466 4971 versione
1486 4932 1595 4970 mea
1628 4932 1744 4969 sum
1770 4925 1994 4971 secutus.
2024 4914 2183 4969 llisce
2204 4923 2384 4970 autem
2417 4914 2511 4969 im-

897 5010 1094 5065 morati
1124 5025 1337 5076 sumus,
1364 5008 1733 5080 utTheophili
1762 5008 2005 5063 Aletliiui
2032 5023 2320 5063 censuram
2340 5007 2394 5062 in
2414 5007 2510 5062 Pe—

896 5107 1099 5161 tavium
1158 5116 1472 5161 notaremus
1515 5104 1581 5159 ad
1633 5118 1759 5175 cap.
1816 5104 1870 5170 8,
1922 5118 2069 5156 num.
2124 5104 2177 5168 1,
2228 5102 2323 5157 lib.
2370 5117 2385 5155 ι
2437 5100 2511 5155 De

895 5197 1122 5264 Trinit.,
1162 5198 1255 5269 qui
1298 5198 1431 5253 dicit
1490 5196 1646 5251 Verbi
1691 5195 2088 5251 mutabilitatem
2137 5196 2205 5249 ab
2248 5196 2381 5250 Ario
2415 5208 2508 5249 ne—

895 5300 1077 5362 gatam
1162 5290 1332 5345 fuisse
1405 5290 1457 5345 in
1539 5306 1634 5344 sua
1720 5288 1953 5359 epistola
2022 5291 2090 5340 ad
2154 5288 2509 5342 Alexandrum

900 5383 1269 5455 Episcopum,
1321 5398 1439 5454 qua:
1473 5392 1549 5436 est
1588 5383 1727 5453 aputt
1770 5381 2133 5453 Epiphaniam
2181 5382 2310 5433 ha’r.
2351 5397 2505 5447 Lux,

897 5477 985 5531 ubi
1031 5475 1231 5530 Filium
1272 5477 1461 5530 diserte
1513 5475 1637 5531 dicit
1694 5477 1947 5552 ἀτρεπτὸν
2004 5479 2086 5530 καὶ
2144 5473 2505 5539 ἀναλλαιὼτον,

898 5570 1170 5643 ejusmodi
1212 5580 1271 5625 ut
1326 5587 1500 5638 neque
1550 5570 1794 5627 converti
1847 5584 2021 5638 neque
2074 5569 2270 5621 mutari
2321 5567 2512 5636 possit.

902 5665 1049 5721 Idem
1082 5666 1236 5720 etiam
1279 5666 1444 5736 legere
1475 5675 1547 5718 est
1580 5666 1631 5717 in
1660 5664 1882 5736 epistola
1926 5663 1994 5717 ad
2038 5661 2318 5716 Eusebium
2352 5658 2515 5713 Nico—

901 5760 1243 5824 mediensem,
1272 5774 1388 5829 quae
1414 5767 1583 5813 exstat
1610 5757 1663 5811 in
1694 5757 1834 5812 lfist.
1890 5756 2036 5810 Eccl.
2071 5755 2329 5811 Theodor.
2364 5755 2452 5809 lib.
2500 5771 2511 5808 ι

900 5871 1017 5925 cap.
1053 5855 1107 5911 5.
1148 5851 1263 5907 Non
1306 5863 1424 5908 erat
1454 5860 1633 5907 autem
1670 5867 1767 5905 cur
1806 5850 2143 5919 Theophilus
2184 5851 2289 5905 iste
2320 5848 2508 5903 Arium

902 5946 1001 6003 hac
1045 5947 1096 6001 in
1130 5953 1283 6017 parte
1326 5954 1592 6013 tueretur,
1624 5945 1778 6015 cujus
1814 5952 1952 6017 quot
1994 5953 2151 5999 erant
2200 5944 2363 5999 verba
2412 5958 2506 5999 seu

2614 4811 2713 4866 bro
2754 4825 2855 4867 suo
2905 4811 2973 4867 de
3008 4811 3235 4885 synodis
3286 4818 3520 4865 testatur
3563 4824 3623 4865 se
3670 4808 3887 4864 invitum
3935 4806 4182 4861 [tonitrum

2615 4909 2949 4962 mentionem
3029 4905 3264 4969 habere,
3343 4903 3610 4975 ltnjusque
3666 4904 3811 4960 vocis
3874 4903 3975 4956 vim
4042 4915 4069 4953 a
4131 4912 4182 4951 se

2616 4999 2786 5054 fuisse
2857 4998 3280 5063 declarandam,
3337 4999 3460 5068 quia
3536 4996 3753 5053 Lucifer
3821 4993 4180 5050 similitudinem

2616 5091 2747 5146 Filii
2801 5093 2870 5147 ad
2920 5092 3133 5147 Patrem
3181 5092 3535 5164 praedicabat:
3588 5106 3708 5162 qua:
3756 5089 3917 5144 verba
3961 5085 4180 5154 explica-

2617 5188 2821 5241 tionem
2852 5186 3131 5258 aliquauto
3154 5186 3463 5241 uberiorem
3494 5185 3970 5255 p03tulant,quam
3992 5179 4041 5233 in
4073 5187 4180 5231 nota

2619 5279 2959 5336 Luciferiano
2986 5280 3299 5336 testimonio
3323 5280 3566 5349 subjecta
3597 5278 4017 5350 praestiterimus.
4056 5273 4183 5328 tlilao

2618 5374 2733 5429 ritts
2779 5372 2977 5429 librum
3023 5373 3091 5430 de
3136 5374 3366 5447 Synodis
3404 5374 3699 5445 scripserat
3727 5388 3791 5427 eo
3819 5372 4027 5426 circiter
4064 5378 4181 5422 tem-

2619 5487 2772 5541 pore,
2820 5471 2964 5541 quod
3013 5471 3321 5525 interceSsit
3351 5470 3493 5526 inter
3525 5484 3765 5525 mensem
3798 5468 4078 5537 Augustum
4104 5478 4181 5515 an.

2618 5566 2748 5631 558,
2783 5576 2836 5619 et
2865 5578 3106 5619 menSem
3138 5563 3335 5619 Maium
3379 5579 3457 5618 tn.
3482 5564 3612 5629 559,
3641 5562 3714 5615 uti
3747 5566 4057 5614 monuerunt
4083 5554 4183 5609 Mo-

2622 5658 2779 5713 nachi
2810 5658 3036 5713 Maurini
3061 5658 3112 5712 in
3142 5654 3356 5711 Pnet'at.
3387 5656 3451 5711 ad
3482 5657 3677 5710 librum
3702 5652 3944 5709 eumdem
3970 5666 4107 5705 mnu.
4139 5647 4181 5707 l,

2623 5768 2798 5824 eoque
2828 5751 3062 5807 eonsilio
3095 5752 3240 5805 hanc
3270 5765 3364 5820 ape
3379 5765 3492 5805 ram
3516 5762 3801 5819 aggressus
3821 5755 3989 5809 est,ut
4008 5741 4183 5797 Gallia-

2623 5865 2742 5904 rum
2775 5848 3068 5916 episcopis,
3086 5861 3114 5899 a
3141 5844 3336 5916 quibus
3358 5856 3580 5915 rogatus
3603 5842 3799 5909 fuerat,
3826 5855 3971 5896 suam
3992 5849 4183 5893 sentcn-

2624 5943 2752 5998 tiam
2773 5953 3069 6013 exponeret
3094 5942 3161 5997 de
3183 5941 3358 5996 formo
3380 5941 3434 5995 iis
3449 5938 3569 5996 fidei
3588 5938 3805 5995 editisin
3825 5939 3883 5993 Oi
3900 5929 4183 5999 irnte,etde
