5220 6526
300 449 384 505 189

656 561 881 618 CODEX
925 559 1451 617 VERCELLENSIS.

297 651 509 722 tulerunt
534 652 584 705 ei
1093 668 1152 706 re
1181 660 1411 722 peccata,
1446 660 1573 708 tunc

298 721 623 803 paralytieum
1032 735 1039 741 ‘
1095 723 1165 775 ait
1185 721 1445 803 paralyti-

314 801 535 847 acentem
560 792 613 846 in
1096 806 1195 846 eo:
1228 793 1415 861 Surge,
1446 802 1497 847 et
1527 792 1628 848 tol-

312 870 431 931 ecto.
1098 861 1149 917 le
1176 860 1473 931 grabattum

298 929 475 985 Videas
503 940 679 986 autem

293 1000 431 1056 Jesus
461 1001 617 1056 ﬁdem
647 1002 712 1055 il-

292 1072 481 1135 lorum,
526 1112 536 1124 .
583 1111 595 1124 .
638 1073 679 1126 it

292 1141 596 1265 {aralyticm

315 1212 538 1264 ‘anstans
569 1227 596 1265 e

315 1212 538 1264 Ianstans
569 1222 684 1268 esto

293 1282 355 1335 iiIi
377 1322 388 1345 ,
414 1280 635 1337 remissa
782 1315 787 1319 -

292 1362 402 1405 sunt
428 1352 520 1405 tibi
545 1356 730 1423 ρεαδ-

294 1430 339 1475 la
367 1428 471 1475 tua.

1096 939 1264 993 tuum,
1295 941 1349 986 et
1374 931 1507 986 vade

1094 1001 1146 1055 iu
1178 1002 1391 1055 domum
1418 1011 1498 1055 tu-
1682 1049 1685 1053 .

1098 1071 1149 1124 7.
1195 1086 1302 1125 am.
1341 1072 1405 1141 Et
1434 1085 1679 1141 surgens,

1103 1141 1231 1195 abiit
1261 1142 1310 1195 in
1335 1140 1553 1195 domum

1101 1224 1273 1268 suam.

1102 1280 1154 1334 8.
1197 1280 1447 1337 Videntes
1467 1290 1643 1336 autem

1101 1350 1285 1405 turbae
1308 1351 1496 1405 timue-

1100 1430 1240 1487 runt,
1268 1431 1321 1476 et
1348 1422 1514 1474 hono-

1102 1530 1114 1543 .
1161 1532 1173 1544 .
1219 1530 1231 1545 .
1260 1531 1287 1557 Α.
1334 1492 1609 1547 icaverunt

1102 1561 1378 1615 Dominum
1398 1602 1410 1625 ,
1440 1564 1530 1627 qui
1559 1562 1707 1617 dedit

1099 1632 1254 1685 talem
1296 1640 1529 1699 potesta-

1098 1711 1203 1756 tem
1234 1701 1462 1756 homini-

1098 1772 1150 1826 9.
1195 1771 1308 1826 bus.
1344 1773 1427 1837 Et,
1462 1788 1583 1827 cum

1104 1841 1353 1895 transiret
1379 1844 1429 1895 in

1105 1912 1225 1965 inde
1254 1911 1427 1976 Jesus,
1455 1912 1586 1966 vidit

1105 1981 1369 2035 hominem
1400 1996 1485 2037 se-

1106 2052 1314 2105 dentem
1340 2052 1391 2105 in
1417 2062 1495 2108 te—

1106 2122 1281 2186 loneo,
1310 2120 1532 2181 Matthe-

1106 2208 1193 2245 um
1222 2207 1453 2246 nomine.

1110 2262 1175 2315 Et
1196 2263 1267 2314 ait
1295 2263 1365 2332 ill_i
1396 2280 1406 2314 :
1439 2264 1640 2332 Seque-

1109 2346 1165 2385 re
1190 2346 1293 2384 me.
1326 2330 1391 2383 Et
1418 2330 1534 2387 sur?

1111 2415 1240 2470 gens
1267 2410 1483 2454 secutus

292 1492 339 1546 3.
376 1488 597 1557 Quidam
624 1494 801 1550 autem

291 1561 350 1615 de
375 1562 571 1616 Scribis
597 1565 676 1617 di-

290 1639 467 1686 xerunt
494 1633 629 1687 intra

290 1715 343 1755 se
367 1720 379 1753 :
412 1700 505 1755 Hic
531 1702 724 1757 blasfe-

290 1778 427 1851 mat:
446 1772 571 1851 Aquis
599 1782 773 1843 potest

291 1849 551 1897 remittere

292 1920 522 1980 peccata,
554 1914 653 1967 nisi

292 1997 418 2035 unus
448 1982 606 2039 Deus.

291 2050 341 2105 4.
378 2050 575 2108 Vidcns
610 2063 786 2108 autem

292 2121 440 2176 Jesus
472 2124 721 2194 cogitatio
737 2159 751 2168 ρ

294 2206 383 2245 nes
408 2207 611 2258 eorum,
641 2195 721 2249 di-

292 2261 364 2314 xit
387 2278 399 2334 ς
432 2260 499 2334 Ut
523 2266 649 2334 quid

292 2332 672 2398 cogitatis'ma-

292 2400 336 2453 la
365 2400 414 2453 in
441 2403 693 2456 eurdibus

293 2468 343 2523 5.
385 2472 605 2525 vestris?
635 2471 771 2539 Quid
1112 2468 1193 2523 est
1222 2485 1363 2523 eum.

291 2549 369 2595 est
401 2539 501 2594 iaci
546 2581 558 2592 .
606 2581 619 2595 .
667 2583 679 2595 .
725 2581 737 2594 .
781 2556 865 2605 us,
1117 2540 1199 2593 10.
1243 2541 1305 2593 Et
1334 2540 1528 2596 factum
1556 2549 1639 2597 est

292 2612 466 2665 dicere
496 2628 509 2664 :
536 2612 744 2667 Remis-
1114 2612 1425 2664 recumben-

1116 2686 1166 2733 te
1193 2693 1257 2731 eo
1280 2678 1331 2731 iu
1364 2681 1521 2735 domo
1544 2724 1558 2745 ,

1113 2761 1237 2819 ecce
1263 2750 1410 2803 multi
1446 2768 1540 2819 pu-

294 2695 350 2735 sa
373 2690 495 2735 sunt
525 2682 619 2736 tibi

295 2762 509 2823 peccata
539 2763 655 2818 tua;

298 2817 387 2876 aut
413 2821 591 2878 dicere
618 2817 648 2876 :'
1114 2817 1304 2873 bliCani
1328 2817 1515 2889 etpee-

296 2892 482 2960 Surge,
511 2904 563 2948 et
589 2908 701 2947 am-
1115 2898 1319 2960 catores
1349 2906 1554 2947 recum-

295 2959 464 3019 bula?
1124 2959 1316 3014 bebaut
1341 2976 1461 3015 cum

1114 3030 1238 3086 Jesu
1260 3073 1274 3096 ,
1298 3041 1350 3084 et
1374 3047 1491 3087 cum

1114 3102 1383 3172 discipulis
1402 3106 1520 3172 ejus
1561 3122 1573 3158 :

1119 3172 1203 3225 ll.
1234 3172 1301 3225 Et
1328 3174 1567 3230 videntes

295 3032 349 3087 6.
372 3031 467 3104 Ut
482 3033 663 3088 sciatis
687 3040 887 3104 autem,

248 3138 260 3147 -
294 3102 419 3174 quia
448 3102 586 3157 illius
613 3104 709 3157 bo-

296 3173 455 3229 minis
478 3184 710 3244 potesta-

296 3252 402 3300 tem
450 3241 620 3312 habet
645 3259 807 3312 super
850 3254 1041 3300 terram
1114 3241 1315 3297 Farisei
1340 3287 1354 3308 ,
1381 3245 1527 3300 dice-

296 3353 309 3367 .
356 3352 369 3367 .
414 3355 426 3367 .
473 3354 486 3367 .
532 3352 545 3367 .
589 3306 831 3370 r’emitte-
1115 3306 1492 3384 bantdiscipu-

727 3428 962 3485 CODEX
987 3428 1444 3485 CORBEIENSIS.

288 3520 531 3593 terebant
559 3521 607 3576 ei
650 3522 992 3593 paralyticum
1020 3523 1280 3593 jzicentem
1306 3522 1361 3593 in
1392 3522 1551 3593 lecta.
1580 3520 1857 3593 Etgvidens

289 3591 447 3647 Jesus
474 3592 625 3646 [idem
652 3590 874 3645 illorum
894 3634 908 3656 ,
942 3592 1071 3645 dixit
1096 3592 1419 3661 paralytieo:
1470 3593 1485 3621 ¹
1514 3590 1732 3645 Conlide
1762 3591 1855 3661 iiIi,

289 3664 634 3717 remittuntur
676 3663 769 3716 tibi
816 3671 1029 3729 peccata
1074 3660 1179 3714 tua.
1228 3660 1253 3692 "
1280 3660 1341 3713 Et
1386 3676 1509 3714 ecce
1543 3660 1753 3730 quidam
1798 3660 1865 3714 de

292 3733 495 3786 Scribis
525 3734 773 3787 dixerunt
816 3735 949 3786 intra
980 3749 1037 3785 se
1062 3750 1075 3786 :
1104 3732 1198 3787 Hie
1228 3732 1578 3801 blasphemat.
1615 3732 1675 3783 Et
1704 3746 1863 3801 quum

290 3803 515 3855 vidisset
559 3802 711 3856 Jesus
758 3803 1104 3870 cogitationes
1148 3800 1365 3866 eorum,
1403 3801 1579 3855 dixit:
1635 3801 1700 3856 Ut
1742 3800 1865 3869 quid

290 3872 537 3939 c-vgitaiis
565 3872 698 3923 mala
720 3871 773 3924 in
801 3872 1047 3924 cordibus
1071 3872 1298 3926 vestris?
1328 3873 1460 3940 Quid
1492 3881 1574 3926 est
1595 3871 1615 3902 ³
1639 3873 1859 3938 facilius,

289 3942 472 3995 dicere
506 3965 517 3995 ;
551 3940 584 3980 ’δα
608 3942 948 3994 Dimittuntur
992 3942 1084 3995 tibi
1126 3952 1333 4009 peccata
1368 3953 1485 4007 tua;
1519 3950 1603 3995 :ntl
1646 3941 1861 3994 dicere:

288 4012 478 4080 Surge,
505 4021 556 4064 et
582 4011 831 4065 ambula?
856 4013 919 4066 Ut
942 4019 1115 4065 autem
1148 4012 1349 4076 sciatis,
1373 4014 1496 4079 quia
1525 4011 1665 4065 ﬁlius
1696 4012 1851 4064 homi-

292 4085 377 4135 nis
404 4083 561 4136 habet
586 4091 899 4150 potestatem
924 4082 973 4135 in
1001 4092 1140 4136 terra
1163 4082 1457 4136 dimittendi
1482 4091 1718 4150 peccata,
1741 4090 1865 4136 tunc

288 4158 367 4207 ait
397 4154 718 4223 paralytic0:
754 4153 954 4221 Surge,
986 4154 1005 4182 ⁸
1037 4153 1160 4205 tolle
1204 4152 1396 4206 iectqu
1433 4164 1575 4205 tuum
1596 4193 1610 4217 ,
1642 4161 1694 4223 et
1731 4152 1863 4207 vade

291 4224 347 4278 in
375 4221 587 4275 domum
620 4233 783 4276 tuam.
846 4226 906 4275 Et
945 4224 965 4254 ⁸
1006 4224 1266 4284 surrexit,
1297 4233 1347 4274 et
1380 4223 1510 4275 abiit
1553 4224 1602 4274 in
1648 4221 1861 4273 domum

289 4308 463 4347 suam.
498 4292 747 4345 Videntes
769 4301 943 4346 autem
979 4294 1160 4346 turbae
1199 4294 1513 4350 timuerunt,
1546 4292 1639 4343 et"
1666 4292 1863 4355 glorifi-

290 4370 546 4415 Caverunt
582 4362 749 4414 Deum
773 4402 787 4424 ,
819 4363 907 4427 qui
939 4362 1083 4414 dedit
1112 4369 1425 4427 potestatein
1455 4361 1475 4387 ⁸
1506 4360 1660 4427 talem
1688 4358 1859 4427 humi-

293 4431 472 4485 nibus.
507 4432 591 4490 Et,
620 4446 779 4496 quum
807 4426 1051 4482 transiret
1077 4426 1197 4481 inde
1228 4428 1402 4489 vaus,
1432 4427 1561 4479 vidit
1594 4426 1857 4479 hominem

290 4500 566 4563 sedentem
588 4504 607 4533 °
640 4498 691 4552 in
723 4499 943 4562 telouio,
966 4498 1275 4551 Mattbaeum
1301 4498 1533 4550 nomine.
1570 4498 1629 4549 iit
1650 4496 1723 4549 ait
1750 4496 1856 4550 illi:

293 4571 536 4639 Sequere
566 4585 668 4624 me.
714 4572 776 4624 Et
805 4570 847 4600 ιο
873 4579 1086 4622 secutus
1125 4578 1205 4621 est
1231 4584 1351 4622 eum
1408 4567 1473 4623 Et
1498 4570 1690 4639 factum
1717 4568 1858 4621 est“

292 4638 667 4698 diseumhcnte
696 4658 761 4698 eo
790 4643 839 4695 in
864 4640 1043 4704 domo,
1076 4654 1199 4694 ecce
1222 4641 1369 4693 multi
1400 4638 1655 4706 publicani
1679 4650 1731 4691 et
1750 4652 1863 4706 pec-

291 4724 503 4767 eatores
526 4715 566 4744 ¹²
590 4716 881 4773 venientes.
911 4711 1317 4766 discumbebant
1340 4726 1458 4763 cum
1496 4709 1641 4774 Ji-su‘,
1686 4720 1736 4762 et
1780 4709 1860 4763 di-

296 4782 517 4851 scipulis
559 4786 691 4852 ejus.
750 4786 811 4837 Et
865 4783 1107 4837 videntes
1150 4781 1437 4844 Pharisaei,
1487 4779 1754 4846 dicebant,
1807 4789 1861 4835 et

292 4852 529 4921 discipu-

1214 444 1671 520 jEVANGELIUM
1709 446 2071 517 SECUNDUM
2114 448 2537 507 MATTHIEUM.

3403 452 3503 507 190

2362 561 2585 619 CODEX
2622 560 3067 620 VERONENSIS.

1946 652 2179 708 tulerunt
2198 654 2247 708 ei
2758 662 2904 708 tuum
2925 696 2937 717 ,
2958 663 3012 709 et
3028 653 3161 710 vade

1947 723 2291 794 paralyticum
2762 724 2813 777 in
2845 724 3059 779 domum

1940 792 2205 860 jacentem
2220 792 2271 846 in
2760 803 2843 847 tua
2854 810 2901 846 m
2912 833 2925 846 .

1946 864 2103 917 lecto.
2134 862 2201 917 Et
2227 860 2413 917 videns
2763 865 2815 917 7.
2857 864 2920 917 Et
2940 879 3058 917 sur-

1947 932 2101 987 Jesus
2127 932 2286 987 ﬁdem
2766 936 2901 987 rexit
2924 975 2938 997 ,
2970 942 3024 987 et

1949 1002 2163 1057 illorum
2182 1044 2195 1064 ,
2229 1002 2361 1055 dixit
2766 1003 2889 1056 abiit
2914 1004 2965 1056 in
2985 1004 3198 1061 domum

1948 1072 2243 1142 paralytico
2272 1089 2286 1124 :
2767 1087 2933 1127 suam.

1948 1144 2210 1197 Constans
2229 1150 2345 1195 esto
2768 1143 2817 1197 8.
2865 1143 2973 1199 Hoc
3001 1146 3118 1200 viso

1950 1212 2023 1266 ﬁli
2048 1254 2061 1277 ,
2092 1211 2311 1265 remissa
2771 1212 2955 1267 turbae
2977 1216 3161 1275 timue-

1945 1291 2069 1335 sunt
2092 1282 2182 1336 tibi
2213 1291 2426 1351 peccata

1952 1363 2059 1405 tua.

1949 1422 1999 1477 3.
2042 1420 2266 1485 Quidam
2302 1432 2479 1477 autem

1948 1507 2009 1546 ex
2036 1490 2236 1545 Scribis
2249 1490 2396 1545 dixe-

1948 1570 2071 1615 runt
2100 1561 2235 1613 intra

1948 1646 2005 1686 se
2030 1647 2044 1694 ;
2080 1630 2173 1684 llic
2196 1629 2543 1697 blasphemat.

1946 1701 2000 1755 4.
2044 1700 2248 1753 Etcum
2267 1700 2346 1753 vi-

1948 1770 2113 1824 disset
2134 1770 2286 1823 Jesus

1949 1839 2293 1909 cegitatinnes
2323 1855 2411 1895 eo-

1950 1928 2103 1975 rum,
2138 1911 2305 1963 dixit:
2332 1909 2401 1966 Ut

2769 1291 2913 1347 runt,
2954 1296 3003 1339 et
3033 1285 3200 1344 hono-

2768 1353 3111 1412 riiicaberunt

2774 1423 2940 1477 Deum
2968 1467 2982 1489 ,
3012 1430 3099 1491 qui

2773 1501 2970 1547 tantam
2990 1496 3135 1555 dedit

2769 1562 3068 1637 hominibus
3097 1578 3425 1637 potestatem.

2770 1632 2828 1686 9:
2868 1632 2931 1685 Et
2950 1674 2965 1696 ,
2992 1632 3109 1693 cuni
3133 1650 3275 1694 tran-

2774 1702 2904 1755 siret
2934 1702 3055 1759 inde

2771 1770 2925 1826 Jesus
2950 1813 2964 1835 ,
2984 1776 3113 1832 vidit

2771 1840 3037 1923 hominem
3054 1847 3239 1923 seden-

2772 1918 2875 1983 tem
2906 1918 2956 1965 in
2988 1919 3227 1971 taeloneo
3247 1959 3262 1983 ,

1954 1980 2077 2050 quid
2098 1982 2339 2050 cogitatis
2772 1981 3057 2041 Mattlieum
3089 1980 3259 2041 nomi.’

1958 2051 2095 2104 mala
2124 2052 2175 2103 in
2774 2065 2862 2106 ne.
2897 2052 2960 2105 Et
2986 2056 3061 2110 ait

1957 2120 2206 2196 cordibus
2231 2119 2466 2196 vestris?
2776 2120 2850 2196 i_l|i
2886 2140 2898 2175 :
2928 2123 3158 2196 Sequere
3183 2142 3288 2184 me.

1960 2190 2013 2244 5.
2054 2190 2189 2255 Quid
2221 2200 2301 2244 est
2322 2191 2450 2244 faci-
2779 2190 2844 2244 Et
2866 2205 2983 2245 sur-

1961 2260 2062 2312 Iius
2090 2260 2267 2314 dicere
2300 2277 2311 2311 ε

1960 2328 2181 2383 Dimissa
2209 2336 2330 2382 sunt

1959 2399 2049 2452 tibi
2078 2408 2293 2468 peccata
2323 2397 2399 2470 (α)
2420 2415 2433 2465 ;

1960 2478 2049 2522 aut
2076 2471 2251 2523 dicere
2284 2488 2295 2520 :

1961 2540 2151 2607 Surge,
2168 2548 2220 2593 et
2240 2554 2355 2593 am-

1963 2608 2015 2662 6.
2057 2608 2227 2663 bula?
2263 2608 2327 2664 Ut

1960 2680 2137 2732 sciatis
2173 2694 2266 2731 au-

1964 2760 2068 2802 tem
2092 2790 2106 2812 ,
2138 2750 2388 2817 quoniam

1959 2818 2285 2871 liliusliomi.

1960 2888 2041 2941 nis
2072 2887 2231 2940 habet
2256 2903 2342 2957 po-

1960 2967 2205 3031 testatem
2218 2959 2276 3031 in
2782 2976 2903 3016 cum
2924 2962 3071 3031 Jesu,

1963 3041 2153 3082 terram
2177 3028 2354 3083 dimit-
2781 3042 2835 3087 et
2864 3046 2983 3087 cum
3014 3028 3175 3097 disci.

1967 3098 2106 3153 tendi
2136 3113 2349 3167 peccata
2370 3143 2385 3168 ,
2781 3102 2921 3174 pulis
2950 3105 3085 3174 ejus.

1967 3120 2106 3153 ICIIUI
2136 3120 2349 3167 peccata
2370 3143 2385 3168 ν
2781 3120 2921 3229 ξιιιιδ
2950 3120 3085 3174 ejus.

1962 3182 2087 3227 tunc
2114 3181 2357 3241 aitpara-
2820 3176 2869 3227 t.
2913 3174 2979 3227 Et
3007 3179 3247 3237 videntes

1963 3244 2132 3318 lytico
2154 3262 2172 3299 :
2200 3244 2401 3311 Surge.
2780 3244 3073 3318 Pharisaei,

1966 3315 2090 3369 tolle
2121 3314 2315 3371 lectum
2782 3315 3027 3373 dicebant
3048 3314 3128 3377 di-

2416 3426 2641 3484 CODEX
2674 3429 3060 3488 BRIXIANUS.

1958 3520 2189 3591 tulerunt
2210 3520 2261 3591 ei
2287 3520 2657 3591 paralyticum.
2682 3521 2946 3590 jacentem
2978 3524 3028 3577 iu
3061 3523 3219 3577 lecto.
3246 3522 3314 3578 Et
3341 3521 3525 3575 videns

1966 3588 2308 3663 Jesuslidem
2339 3588 2573 3663 illorum.
2606 3588 2740 3645 dixit
2776 3595 3083 3663 paralytico.
3113 3594 3372 3647 Constans
3412 3603 3527 3645 esto

1970 3659 2064 3731 iiii.
2098 3660 2437 3716 dimittuntur
2470 3662 2559 3713 tibi
2590 3659 2802 3727 peccata
2828 3659 2935 3716 tua.
2968 3664 3035 3717 Et
3064 3679 3188 3717 ecce
3218 3664 3429 3731 quidam
3459 3662 3524 3715 de

1969 3730 2167 3801 Scribis
2220 3734 2473 3788 dixerunt
2504 3734 2641 3783 intra
2672 3736 3010 3801 semetipsos.
3046 3734 3139 3785 llic
3168 3730 3522 3801 blasplteniat.

1970 3800 2029 3852 Et
2071 3800 2259 3855 videns
2295 3805 2451 3858 Jesus
2494 3802 2844 3870 engitzttiuncs
2872 3800 3054 3857 eorum
3086 3804 3236 3857 dixit.
3280 3802 3346 3856 Ut
3400 3800 3521 3865 quid

1966 3870 2209 3935 cngitatis
2259 3874 2394 3928 mala
2438 3873 2489 3924 in
2539 3871 2789 3926 cordibus
2836 3877 3025 3927 vestris
3070 3872 3203 3937 Quid
3247 3880 3329 3924 est
3380 3872 3519 3921 enim

1968 3941 2170 3993 Ῐίιυίιίυε
2198 3944 2377 3999 dicere
2399 3942 2741 3995 Dimittuntur
2771 3945 2859 3997 tibi
2882 3952 3089 4011 peccata
3114 3953 3217 3993 tua.
3236 3950 3327 4011 aut
3352 3938 3523 4011 dicere

1967 4011 2135 4078 Surge
2166 4021 2221 4066 et
2246 4013 2475 4067 ambula.
2533 4012 2598 4067 Ut
2651 4012 2831 4065 sciatis
2861 4007 3033 4064 autem
3086 4010 3332 4077 quoniam
3386 4007 3523 4078 ﬁlius

1968 4076 2195 4132 lmuiinis
2240 4084 2391 4137 habet
2436 4090 2751 4151 potestatem
2782 4096 2942 4148 suber
2992 4092 3181 4151 terram
3225 4076 3525 4151 dimitti-nili

1964 4162 2202 4220 ρους-ηις).
2231 4168 2351 4207 tunc
2396 4149 2465 4205 ait
2500 4152 2784 4220 paralyticu
2808 4155 2989 4217 Surge.
3022 4149 3355 4220 tullelectum
3377 4149 3520 4200 tuum

1964 4217 2015 4272 et
2050 4221 2181 4272 vade
2206 4224 2252 4274 in
2283 4217 2509 4275 domum
2533 4217 2693 4272 tuam.
2731 4221 2791 4273 Et
2816 4232 3035 4283 surgens
3056 4217 3183 4270 abiit
3214 4218 3263 4271 in
3302 4221 3516 4270 domum

1963 4304 2132 4341 suam.
2167 4291 2412 4343 Vnientes
2445 4300 2617 4341 autem
2650 4291 2831 4341 turbae
2858 4287 3183 4340 admirantes
3216 4288 3521 4342 timuerunt.

1960 4366 2012 4429 et
2037 4359 2511 4425 magnilicaveruut
2536 4361 2720 4412 Deum.
2742 4360 2827 4427 qui
2852 4358 3012 4412 talem
3038 4358 3187 4414 dedit
3207 4368 3521 4429 psitestatcm

1964 4425 2285 4481 hutnittihus.

2032 4497 2105 4552 Et
2130 4515 2245 4553 eum
2278 4499 2523 4555 transiret
2558 4498 2678 4553 inde
2700 4498 2853 4556 Jesns
2877 4500 3007 4553 vidit
3036 4500 3301 4553 hominem
3333 4498 3523 4552 seden-

1963 4576 2066 4623 tem
2092 4570 2143 4623 in
2181 4570 2391 4626 lulntieu
2423 4572 2709 4625 .tlattbeum
2737 4572 2948 4626 nomine
2973 4571 3035 4625 Et
3061 4574 3135 4624 ait
3161 4571 3255 4623 illi.
3285 4571 3521 4634 Seqnere

1963 4655 2063 4712 tlte.
2126 4642 2186 4695 Et
2232 4656 2455 4712 surgens
2504 4649 2716 4695 secutus
2770 4652 2852 4695 est
2906 4656 3049 4712 eum.
3109 4639 3177 4712 Et
3224 4642 3411 4691 laetum
3441 4644 3521 4688 est

1961 4708 2415 4767 discumbente'eo
2444 4715 2492 4769 in
2514 4712 2693 4766 domu.
2714 4727 2839 4767 ecce
2865 4710 3014 4764 multi
3038 4708 3299 4778 publicani
3330 4716 3379 4778 e_t
3404 4720 3523 4778 pee-

1960 4791 2189 4837 catores.
2217 4784 2485 4837 venientes
2523 4783 2927 4836 discumbebant
2953 4776 3069 4832 cum
3095 4776 3242 4829 .lesu.
3271 4788 3323 4828 et
3358 4776 3523 4827 Dsci-

1961 4854 2101 4922 pulis
2144 4857 2278 4923 ejus.
2312 4854 2375 4908 Et
2406 4854 2643 4907 videntes
2693 4850 2963 4904 Pharisaei
3005 4847 3247 4901 dicebant
3289 4846 3492 4913 discipu

2778 2276 2912 2329 gens
2941 2277 3157 2322 secutus

2783 2334 2869 2386 t0.
2910 2348 2989 2389 εει
3011 2352 3151 2393 eum.
3183 2340 3247 2394 Et

2782 2399 2977 2459 factum
3006 2420 3087 2463 est
3188 2462 3194 2467 ,

2783 2478 3126 2536 recumbente

2782 2554 2849 2595 eo
2883 2544 2933 2597 in
2964 2546 3177 2619 domum
3194 2592 3211 2619 ,

2782 2625 2907 2667 ecce
2931 2618 3086 2672 multi

2783 2682 3066 2750 publicani.

2780 2761 2835 2805 et
2869 2763 3175 2820 peccatores

2782 2834 3064 2893 venerunt,
3086 2837 3141 2883 et

2784 2894 3163 2955 recumbebant

972 4982 1357 5039 VARIANTES
1396 4982 1771 5040 LECTIONES
1808 4980 2070 5041 CODICIS
2109 4987 2219 5042 MS.
2265 4988 2319 5042 S.
2362 4981 2857 5059 GERMA‘NENSIS.

360 5109 375 5136 ⁸
413 5105 643 5156 Constans
667 5111 774 5156 esto
797 5104 862 5154 illi
881 5144 894 5167 ,
913 5105 1245 5167 remissasunt
1269 5103 1315 5148 ι.

356 5168 383 5261 ς
412 5168 617 5277 ἓέἒξὲεωι
639 5175 801 5217 autem
824 5164 943 5216 de...
968 5178 1022 5215 se
1050 5164 1402 5227 :Blaspbemat.

353 5292 380 5385 ς
408 5270 624 5403 Ῐὲἓῐίεδθ
643 5296 757 5339 sunt

360 5414 382 5445 ⁸
411 5425 619 5477 surgens
641 5412 757 5463 abiit

2019 5106 2038 5136 ⁷
2076 5101 2505 5151 honoriﬁcaverunt

2018 5164 2038 5195 ⁸
2074 5172 2245 5212 tantam
2326 5168 2333 5171 ’

2018 5226 2039 5257 ο
2072 5224 2131 5272 ad
2156 5224 2422 5287 teloueutn,

2022 5287 2065 5318 ιο
2096 5298 2308 5348 surgens

2023 5347 2063 5379 ιι
2097 5347 2415 5397 recumbente

2027 5407 2070 5440 “
2105 5416 2363 5473 venerunt,
2389 5416 2441 5462 et
2462 5411 2813 5464 recumbebant
2832 5424 2940 5463 cum
2970 5411 3109 5470 Jesu,
3133 5411 3312 5458 etcum

1622 5518 1983 5578 BLANCHINI
2008 5519 2233 5577 NOTAE.

375 5653 403 5685 ι
440 5642 692 5700 Eamdem
720 5637 959 5695 invenies
986 5636 1264 5707 lectionem
1292 5636 1441 5707 apud
1462 5644 1712 5707 sanetum
1734 5633 1868 5707 Leo:

302 5731 430 5773 nem
466 5715 734 5785 Magnum,
765 5711 939 5767 Serm.
966 5707 1033 5763 60
1057 5707 1123 5762 de
1146 5702 1397 5763 Passiohe
1420 5706 1625 5761 Domini
1658 5704 1743 5771 ll,
1771 5702 1869 5759 sed

1966 5644 2021 5690 et
2048 5633 2186 5706 apud
2225 5632 2479 5691 Hilarium
2505 5633 2864 5691 Commentar.
2898 5634 2949 5691 in
2979 5630 3159 5687 Matth.

382 5873 462 5955 La)
487 5874 617 5950 Post
666 5882 895 5951 peccata,
925 5868 1117 5928 omittit
1144 5877 1266 5933 tua,
1306 5873 1361 5929 et
1398 5866 1471 5925 ita
1522 5866 1643 5931 cod.
1681 5866 1835 5935 Cant.
1862 5864 1979 5925 Lat.
