4292 6404
147 352 247 406 ’113

145 469 357 524 vocibus
373 471 645 547 dictisque
664 519 678 544 ,
708 481 762 536 in
787 485 984 553 quibus
1011 495 1353 564 explicandis
1382 503 1524 564 inter
1547 525 1605 566 se
1635 513 1745 570 dis-

143 565 443 622 sentiebant
469 573 767 632 orientales
801 580 1049 656 Episcopi
1075 632 1088 654 ,
1117 600 1171 645 ut
1194 595 1517 659 catholicum
1545 606 1742 678 dogma

146 655 392 678 -J---_-u—
427 663 443 678 Α
497 664 506 674 '
708 670 720 678 '
896 677 903 678 7

1005 655 1013 656 ί
1551 655 1742 678 _-,,.....

143 655 399 716 adversus
413 663 672 723 Arianam
707 670 964 734 haeresim
993 682 1140 738 clare
1173 695 1400 760 tutoque
1430 695 1620 754 iisdem
1649 703 1744 760 de-

140 748 438 810 clararetur
463 775 475 809 :
501 757 710 818 idcirco
727 765 997 838 ὁμοουσὶου
1022 786 1074 830 et
1087 778 1382 849 ὀμοιουσίον
1397 795 1662 848 vocabula
1686 797 1739 854 in

139 855 201 898 eo
222 850 526 912 prmsertim
559 859 896 929 expendens,
927 868 1148 938 quinam
1179 875 1250 928 sit
1282 882 1564 954 utriusque
1591 891 1741 945 vocis

136 945 308 992 τθείυε
338 954 568 1010 380508.
597 964 719 1016 (tua:
767 969 896 1010 vera
925 969 978 1013 et
1022 963 1287 1022 catholica
1322 945 1734 1050 interpretatio,

1506 1028 1518 1032 -
1537 1028 1700 1037 ---νυ
1720 1028 1733 1050 ,

135 1028 383 1098 pluribus
427 1042 691 1098 ostendit.
727 1045 1049 1118 Hujusmodi
1090 1066 1269 1116 tamen
1301 1064 1437 1121 liber
1467 1069 1733 1132 Hilarium

133 1118 182 1174 in
207 1122 465 1182 invidiam
498 1140 553 1185 et
573 1138 941 1205 suSpicionem
962 1149 1102 1214 apud
1122 1153 1384 1219 quosdam
1408 1160 1732 1234 adduxerat,

1000 1211 1011 1214 _
1140 1211 1153 1219 .
1416 1211 1732 1234 ~——--v-“'r

130 1211 178 1266 in
197 1215 386 1282 primis
429 1224 574 1294 apud
597 1226 940 1300 Luciferum,
974 1242 1060 1292 cui
1095 1241 1210 1298 lucc
1247 1247 1432 1305 llilarii
1461 1258 1622 1312 verba
1653 1263 1734 1314 vi-

127 1303 320 1363 dentur
343 1313 522 1372 minus
537 1321 761 1388 probata
797 1328 964 1385 fuisse
988 1350 1000 1386 ε
1035 1333 1287 1405 Exposita
1320 1348 1474 1400 unius
1497 1353 1732 1408 substan-

127 1397 222 1465 tia,
243 1420 361 1472 (μίαν
373 1425 538 1478 gra'cc
556 1411 884 1474 homousion
911 1424 1126 1494 dicitur,
1145 1441 1191 1483 et
1207 1433 1728 1510 similissubstantite,

123 1507 232 1557 qua:
263 1497 608 1561 ltommusion
651 1514 971 1581 appellatur,
1000 1521 1143 1586 ﬁdeli
1167 1535 1214 1576 et
1239 1528 1325 1594 pia
1363 1497 1725 1605 intelligentia,

121 1595 214 1638 etc.
234 1595 390 1660 quasi
415 1601 775 1658 contenderet
796 1605 1034 1677 Lucifer,
1058 1630 1162 1668 non
1193 1620 1336 1687 piam
1358 1625 1726 1694 solummodo,

118 1681 208 1736 sed
265 1700 396 1743 vere
453 1693 778 1753 catholicam
830 1717 952 1758 esse
1015 1707 1286 1767 honueusii
1367 1719 1727 1788 signiﬁcatio-

120 1786 271 1840 nem,
324 1796 488 1849 quam
517 1785 756 1845 Hilarius
808 1797 1138 1865 protulerat,
1190 1819 1288 1859 nec
1338 1810 1522 1866 similis
1569 1817 1724 1872 alteri

115 1868 381 1938 quiSpiam
423 1892 548 1934 esse
602 1896 790 1951 posset
834 1899 1066 1955 natura,
1099 1897 1188 1964 qui
1231 1916 1336 1955 non
1367 1916 1515 1961 esset
1561 1912 1721 1967 etiam

116 1967 327 2030 aqualis
351 2009 364 2030 ,
409 1981 465 2024 ut
497 1973 611 2042 ipse
655 1976 890 2036 Hilarius
939 1986 1238 2060 intelligere
1269 2010 1328 2050 se
1363 1999 1633 2059 fatebatur
1666 2007 1718 2062 in

116 2055 304 2111 eodem
326 2059 464 2117 libro
487 2064 699 2123 :Testor
731 2071 897 2128 Deum
927 2082 1041 2133 cwli
1072 2093 1117 2134 et
1148 2096 1317 2154 terra',
1350 2107 1428 2146 me
1457 2111 1572 2149 cum
1597 2115 1721 2152 ncu-

115 2153 244 2200 trunt
268 2153 554 2222 audissem,
575 2176 775 2232 semper
803 2177 970 2222 tamen
1009 2184 1279 2245 utrumque
1311 2187 1561 2252 sensisse,
1582 2196 1724 2259 quod

115 2255 197 2259 .4-.-
230 2240 242 2259 I
474 2249 483 2258 '
599 2251 610 2259 ‘

113 2255 198 2305 per
230 2240 563 2304 homousion
598 2251 947 2315 ltommusion
978 2277 1178 2331 oportet
1226 2272 1444 2344 intelligi
1495 2297 1503 2329 :
1553 2284 1606 2332 id
1649 2297 1721 2339 est

111 2334 239 2390 nihil
283 2341 454 2398 simile
496 2347 598 2401 sibi
641 2355 928 2409 secundum
976 2370 1216 2416 naturam
1256 2383 1361 2422 csse
1407 2388 1586 2440 posse,
1622 2381 1720 2432 nisi

110 2432 244 2496 quod
275 2447 407 2489 esset
427 2454 492 2493 ex
518 2441 698 2497 eadem
723 2457 934 2502 natura.
968 2450 1151 2523 Itaque
1182 2457 1416 2517 Hilarius
1449 2467 1500 2519 in
1532 2473 1718 2536 apolo-

109 2523 285 2588 geticis
332 2528 404 2581 ad
449 2529 869 2601 Reprehensores
913 2544 1030 2596 libri
1078 2548 1141 2601 de
1189 2550 1420 2620 Synodis
1457 2523 1718 2628 responsis

109 2611 219 2670 hmc
248 2619 316 2673 ad
351 2621 661 2682 Luciferum
707 2633 900 2688 scribit
931 2653 940 2687 :
975 2637 1096 2693 Non
1127 2611 1254 2710 puto
1285 2611 1594 2717 quemquam
1625 2659 1716 2708 ad-

107 2714 414 2767 monendum
447 2717 500 2768 in
544 2720 642 2772 hoc
687 2722 832 2788 loco,
887 2737 942 2779 ttt
984 2736 1276 2801 expendat,
1307 2756 1465 2806 quare
1498 2745 1718 2800 dixerim

105 2798 302 2859 similis
331 2807 655 2866 substantia:
700 2815 842 2884 piam
886 2820 1334 2895 intelligentiam,
1362 2834 1460 2887 nisi
1483 2840 1604 2906 quia
1634 2842 1713 2894 in-

106 2894 383 2966 telligerent
409 2913 455 2954 et
489 2903 741 2976 impiam;
775 2921 823 2964 et
869 2914 1063 2970 idcirco
1095 2921 1332 2980 similem
1356 2967 1370 2990 ,
1422 2946 1522 2983 non
1549 2935 1717 2988 solum

103 2991 392 3061 :equalent,
421 2999 514 3052 sed
539 3001 695 3056 etiant
723 3007 972 3062 eamdem
1003 3013 1219 3080 dixisse,
1256 3029 1308 3070 ut
1337 3039 1499 3091 neque
1523 3029 1715 3084 simili-

104 3081 367 3152 tudinem,
401 3105 557 3158 quam
580 3103 656 3157 tu,
677 3096 842 3162 frater
874 3099 1106 3172 Luci/er,
1141 3113 1417 3174 pra'dicari
1451 3120 1709 3187 volueras,

101 3175 468 3250 improbarent,
516 3198 564 3241 et
594 3199 763 3245 tamen
792 3195 959 3250 solam
1000 3199 1144 3268 piam
1191 3221 1298 3258 esse
1334 3209 1713 3270 similitudinis

1002 3267 1009 3268 ί
1173 3296 1182 3306 ,
1580 3267 1597 3268 "
1651 3267 1708 3318 ζ’
1822 3267 1907 3313 tus
1931 3267 2201 3317 hotttmusii
2243 3283 2460 3339 quoque
2490 3286 2644 3326 usum
2671 3291 2774 3333 suo
2802 3278 2918 3349 ipse
2939 3297 3190 3353 assensu,
3218 3307 3426 3364 suoque

102 3267 518 3344 intelligentiam
551 3282 916 3353 admonerem,
947 3307 1066 3359 qua:
1095 3307 1358 3354 unitatem
1388 3305 1710 3364 substantia:
1739 3313 1784 3376 C
1821 3357 2136 3412 testimonio
2167 3361 2490 3431 conﬁrmat,
2525 3382 2594 3422 ne
2625 3369 2921 3441 quidquam
2955 3392 3094 3433 vera-
3125 3381 3282 3438 Fidei
3313 3395 3426 3440 sta-

102 3369 406 3431 prtedicaret
438 3390 457 3426 :
489 3390 720 3434 noverat
765 3383 910 3438 enim
946 3384 1183 3441 Hilarius
1216 3396 1416 3441 nuilnm
1447 3401 1712 3441 ntnhiani_

102 3369 406 3431 prtedicaret
438 3390 457 3426 :
489 3390 720 3434 noverat
765 3383 910 3438 enim
946 3384 1183 3445 Hilarius
1216 3396 1416 3463 quibus
1447 3401 1712 3473 ambigui.

97 3461 294 3517 tatibus
347 3466 600 3526 subesset
646 3476 982 3533 vocabulum
1028 3480 1330 3553 .‘tommusii,
1367 3506 1543 3558 neque
1586 3511 1708 3553 esse

95 3546 226 3606 illud
280 3557 622 3625 probandum
669 3565 1016 3635 afﬁrmabat,
1071 3575 1173 3629 nisi
1217 3546 1578 3637 similitudinis
1612 3604 1707 3642 uo-

97 3643 237 3702 miue
286 3656 534 3721 per/cette
584 3657 888 3714 substantia:
945 3667 1215 3734 a’qualitas
1266 3673 1702 3744 signiﬁcaretur;

92 3753 196 3808 quo
226 3751 410 3799 tamen
439 3749 802 3808 conﬁdentius
831 3757 1084 3812 utebatur
1110 3758 1348 3828 Lucifer,
1380 3777 1432 3819 ut
1454 3769 1699 3836 ejusdem

91 3849 301 3906 quoque
338 3841 589 3897 vocabuli
625 3851 1015 3906 communione
1044 3854 1226 3910 allecti
1263 3858 1520 3916 libentius
1550 3879 1610 3920 se
1640 3882 1698 3921 se

90 3931 485 4004 conjungerent
516 3939 814 3997 Catholicis
838 3943 906 4011 ii,
928 3947 1020 4016 qui
1054 3948 1241 4004 Ariani
1272 3958 1478 4009 erroris
1510 3958 1699 4028 impie-

88 4029 248 4078 tatem
267 4025 664 4100 detegerejam
683 4047 990 4105 cceperant,
1018 4049 1073 4093 et
1097 4042 1165 4096 ab
1197 4041 1588 4103 haereticorum
1609 4067 1696 4105 so-

89 4118 280 4177 cietate
305 4133 483 4180 semet
504 4125 817 4200 disjungere
835 4133 1090 4201 avebant,
1114 4138 1216 4193 nisi
1238 4144 1470 4197 obscura
1486 4155 1539 4199 et
1567 4162 1694 4203 con-

88 4208 197 4266 fusa
234 4227 430 4269 vocum
461 4219 690 4290 ambage
723 4221 921 4280 irretiti
951 4226 1205 4295 fuissent,
1242 4249 1375 4300 quas
1398 4236 1464 4290 de
1495 4249 1691 4295 natura

85 4314 136 4358 et
165 4307 470 4364 substantia
496 4311 662 4368 Verbi
695 4315 868 4372 Divini
903 4335 1002 4389 pro
1039 4323 1307 4396 cujusque
1344 4344 1509 4384 sensu
1539 4343 1592 4387 et
1626 4336 1693 4390 li-

85 4395 208 4453 bera
257 4403 712 4473 interpretatione
743 4415 997 4483 usurpari
1050 4417 1104 4470 in
1141 4420 1334 4488 vulgus
1370 4425 1686 4483 audiebant.

83 4492 275 4549 Aiebat
306 4508 567 4566 praeterea
595 4500 856 4572 Hilarius,
889 4507 1156 4565 ltomtzusii
1197 4529 1384 4571 vocem
1430 4534 1534 4573 nou
1565 4536 1687 4577 esse

83 4585 283 4646 idcirco
307 4593 686 4663 rejiciendam,
714 4601 836 4670 quia
862 4602 1046 4671 plures
1073 4619 1281 4675 essent,
1308 4613 1397 4680 qui
1431 4613 1576 4670 illius
1608 4617 1684 4672 si-

1600 395 1992 463 PHAEFATIO.

3353 462 3456 521 7N

1769 519 1823 581 Α
1853 523 2058 596 Osium,
2083 541 2130 586 et
2150 535 2300 590 illum
2331 542 2545 600 nimium
2584 551 2669 603 sui
2691 557 2920 624 sepulcri
2949 576 3204 625 amantem
3230 583 3460 648 reperia-

1849 627 1954 687 tur,
1985 623 2075 689 qui
2121 631 2395 686 tacendum
2435 652 2542 692 esse
2586 623 2843 702 existimet
2884 653 2946 707 de
2987 669 3223 730 utroque.
3263 623 3328 723 lact
3357 691 3456 742 quo

1850 714 2057 742 Ιηκλη...
2090 719 2139 742 ἰ..
2171 725 2300 742 .--κλο
2369 728 2380 742 ι
2530 734 2540 742 .
2768 741 2771 742 ,

3119 714 3222 730 1""
3263 714 3327 723 ""
3357 714 3455 742 Ἵ⁶¹υ

1848 714 2057 768 tandem
2090 719 2140 772 in
2167 725 2325 778 tantis
2361 728 2723 791 hereticorum
2751 741 3022 810 furoribus
3064 757 3351 817 recidemus
3371 808 3386 832 ,
3412 771 3455 821 si

1848 822 1948 832 ..-η
2158 826 2204 832 νμ
2562 830 2570 832 ‘

3371 810 3386 832 ,

1847 822 1948 861 non
1995 810 2119 865 dum
2151 826 2425 892 utrumque
2467 830 2745 900 recipimus
2768 878 2782 901 ,
2813 849 3086 916 utrumque
3136 855 3413 914 retinemus
3433 863 3460 915 .’

1859 896 1900 916 ιγ
2079 907 2088 915 ο
2217 911 2226 916 -
2255 912 2264 916 ·
2332 914 2340 916 λ

1848 896 1900 950 Ν
1907 917 1971 954 οη
2004 907 2140 960 enim
2178 911 2342 966 videri
2386 929 2554 986 potest
2583 923 2742 994 impie
2770 929 2911 998 dici,
2960 896 3016 990 ul
3065 924 3187 1009 quia
3215 960 3454 1007 neutrum

1843 995 2094 1062 scriptum
2117 1006 2427 1076 reperiatur,
2452 1024 2542 1068 aut
2569 1027 2807 1076 neutrum
2826 1028 3336 1108 conﬁtendum'esse,
3363 1058 3456 1102 aut

1840 1095 2128 1162 utrumque.
2165 1098 2235 1150 At
2264 1098 2518 1161 Lucifero
2558 1107 2792 1170 fortasse
2824 1134 2929 1175 non
2965 1124 3168 1192 placuit
3201 1131 3450 1194 instituta

1841 1181 1983 1240 inter
2002 1203 2192 1247 vocem
2219 1203 2503 1271 utramque
2526 1213 2895 1282 comparatio;
2923 1217 3082 1290 longe
3099 1226 3244 1280 enim
3265 1229 3453 1302 dispar

1839 1290 1961 1333 erat
1994 1287 2281 1361 utriusque
2313 1295 2452 1350 ratio
2478 1317 2488 1351 :
2515 1301 2818 1363 homousion
2841 1317 3189 1376 sanctissimo
3210 1339 3448 1384 ineunte-

1839 1376 2037 1432 mcnici
2052 1386 2267 1442 concilii
2287 1392 2601 1450 testimonio
2620 1404 3022 1474 eratinnixum,
3041 1415 3241 1471 nullam
3261 1419 3446 1491 hujus-

1839 1470 2119 1491 ..-Α-ΙΖΑμΑ·
2200 1479 2228 1491 Ἀ
2409 1487 2420 1491 ⁸

3012 1470 3018 1474 .
3215 1470 3238 1471 ρ
3262 1470 3419 1491 πρ-

1839 1470 1983 1523 modi
1999 1479 2382 1539 auctoritatem
2398 1487 2717 1549 homteusion
2731 1512 2841 1566 pra»
2856 1516 2916 1556 se
2932 1503 3162 1574 ferebat;
3189 1512 3316 1568 illud
3330 1532 3448 1572 cer-

1839 1569 1889 1612 ta
1939 1574 2057 1618 erat
2103 1569 2517 1635 Catholicorum
2553 1593 2795 1656 tessera,
2824 1600 3074 1664 quamvis
3104 1609 3350 1663 nonnulli
3395 1613 3446 1666 in

1838 1673 2062 1723 pravum
2097 1680 2315 1726 sensum
2337 1674 2482 1732 illius
2516 1683 2937 1752 explicationem
2972 1704 3447 1772 torquerent;hoc

3077 1753 3088 1766 ,
3144 1753 3182 1754 η
3342 1753 3447 1763 ----

1835 1753 2220 1816 haereticorum
2237 1764 2512 1827 hominum
2529 1783 2799 1850 nota,qui,
2819 1799 2942 1839 cum
2963 1788 3263 1850 abArianis
3275 1812 3448 1855 seces-

1832 1847 2042 1904 sionem
2064 1853 2350 1926 fecissent,
2383 1863 2709 1925 Setuiariani
2733 1873 2858 1930 inde
2890 1879 3020 1934 dicti
3045 1883 3292 1956 fuerant,
3318 1893 3447 1962 quia

2339 1923 2346 1926 _
2606 1923 2611 1924 γ
2733 1923 2857 1930 η---
2891 1923 3020 1934 νη...
3045 1923 3292 1956 ιυυιαιιι,
3318 1923 3442 1962 qutd

1756 1923 1802 1984 Β
1831 1954 1886 1998 et
1916 1950 2238 2006 homteusion
2263 1955 2590 2026 rejiciebant
2609 2007 2621 2026 ,
2655 1975 2712 2020 et
2737 1968 3054 2044 imperfecta:
3081 1981 3442 2045 similitudinis

1828 2055 1988 2096 sensu
2033 2044 2304 2104 docebant
2339 2067 2462 2108 esse
2511 2056 2857 2118 solummodo
2897 2068 3217 2130 homteusion
3269 2079 3437 2138 Patri.

1828 2133 2144 2205 Respondet
2161 2142 2326 2212 igitur
2342 2145 2579 2205 Hilarius
2606 2152 2657 2206 in
2676 2153 2992 2229 Apologet.:
3013 2165 3158 2220 Satis
3184 2133 3435 2243 absolule,

1828 2224 2048 2284 Domine
2087 2237 2248 2302 frater
2286 2237 2516 2308 Lucifer,
2551 2251 2793 2314 cognosci
2838 2258 3055 2322 poterit,
3085 2262 3299 2318 invitum
3356 2286 3436 2324 me

1828 2317 2118 2378 ltomtnusii
2136 2331 2441 2385 mentionem
2458 2335 2663 2393 habere.
2693 2341 2800 2394 Sed
2821 2347 2942 2412 quia
2965 2359 3018 2402 tu
3046 2352 3435 2415 similitudinem

1828 2409 1959 2466 Filii
1990 2418 2058 2468 ad
2106 2417 2318 2477 Patrem
2359 2429 2698 2496 prtrdicabas,
2734 2436 3107 2498 demonstratio
3135 2450 3249 2514 eius
3280 2468 3312 2503 α
3360 2471 3440 2509 me

1827 2510 1926 2576 fuit
1951 2518 2255 2581 exponenda
2284 2522 2395 2573 sine
2417 2523 2560 2577 vitio.
2595 2525 2748 2583 Unde
2783 2531 2985 2602 liquet,
3024 2537 3331 2600 Luciferum
3365 2548 3437 2604 ita

1825 2600 2097 2658 homoeusii
2122 2623 2310 2664 vocem
2344 2613 2740 2674 admittendam
2769 2630 3137 2698 concessisse,
3167 2644 3223 2689 ut
3251 2641 3440 2696 catho-

1823 2690 1928 2746 lico
1983 2710 2146 2751 sensu
2207 2702 2606 2774 intelligeretur
2637 2716 2940 2782 permissa;
2988 2721 3228 2783 Hilarius
3280 2746 3436 2804 vero,

1825 2795 1881 2838 ut
1925 2801 2120 2844 omnes
2167 2808 2361 2850 vocum
2395 2800 2722 2860 tollerentur
2751 2811 3008 2882 ambages
3032 2857 3044 2874 .
3079 2829 3136 2873 et
3186 2821 3432 2890 ejusdem

1825 2882 2075 2937 vocabuli
2108 2891 2424 2944 communio
2454 2894 2705 2963 ejusdem
2753 2918 2972 2973 quoque
3017 2908 3169 2967 Fidei
3201 2919 3438 2976 societa-

1824 2983 1932 3030 tem
1951 2990 2238 3046 pareretet
2260 2983 2703 3046 dissentientiqu
2722 2995 3029 3055 animorum
3055 3010 3429 3078 concordiam,

1822 3071 2053 3140 longiori
2097 3074 2474 3145 disputatione
2498 3082 2880 3158 demonstrat,
2908 3110 3031 3164 quae
3059 3113 3223 3168 prava
3253 3117 3432 3178 esset,

1819 3179 1940 3232 qua:
1971 3177 2118 3221 recta
2147 3171 2299 3226 vocis
2333 3175 2620 3246 utriusque
2649 3181 2996 3254 significatio,
3030 3205 3094 3246 ac
3126 3195 3258 3251 licet
3293 3201 3436 3256 invi-

1822 3267 1907 3313 tus
1931 3261 2201 3317 hommusii
2243 3283 2460 3339 quoque
2490 3286 2644 3326 usum
2671 3291 2774 3333 suo
2802 3278 2918 3349 ipse
2939 3297 3190 3353 assensu,
3218 3307 3430 3364 suoque

1812 3447 2106 3518 biliendte,
2138 3463 2193 3506 et
2243 3458 2566 3512 revocanda:
2616 3465 2732 3530 paci
2784 3465 2837 3519 in
2889 3466 3192 3527 Ecclesiam
3241 3489 3427 3546 posset

1812 3541 2040 3604 obesse;
2069 3544 2143 3599 ita
2171 3547 2315 3615 quod
2342 3547 2562 3604 Lucifer
2588 3552 2824 3623 simplici
2849 3562 3081 3628 quadam
3105 3567 3275 3622 animi
3301 3586 3426 3627 con-

1810 3634 2028 3690 fidentia
2062 3637 2365 3706 probabat,
2398 3640 2635 3698 Hilarius
2662 3646 2840 3703 doctis
2864 3667 3080 3724 quoque
3131 3674 3424 3730 argumen-

1809 3729 1876 3783 tis
1909 3740 2072 3800 atque
2103 3731 2409 3790 rationibus
2441 3735 2693 3793 sulfulsit.
2718 3740 2903 3815 Neque
2924 3747 3056 3804 levis
3079 3761 3163 3807 est
3197 3757 3418 3827 conjec-

1806 3834 1924 3878 tura
1950 3825 2075 3880 iude
2094 3825 2351 3892 deducta,
2383 3827 2717 3902 Luciferum,
2744 3839 2834 3907 qui
2861 3853 2982 3910 post
3005 3843 3194 3901 Hilarii
3219 3825 3416 3909 librum

1803 3918 1871 3974 de
1899 3919 2168 3990 Synodis,
2201 3936 2332 3977 suos
2362 3923 2479 3994 ipse
2509 3939 2606 3995 pro
2631 3927 2689 3984 S.
2723 3929 3029 3991 Athanasio
3065 3946 3415 4015 composuit,

1803 4011 1950 4068 illius
1996 4015 2243 4070 doctrina
2285 4027 2341 4072 et
2387 4021 2608 4076 monitis
2654 4021 2952 4083 adductum
2992 4033 3179 4090 similis
3225 4054 3416 4100 vocem

1801 4123 1924 4163 cum
1954 4110 2219 4165 vocabulo
2249 4113 2464 4182 a'qualis
2493 4115 2847 4185 conjunxisse
2895 4122 2949 4176 in
2993 4123 3212 4184 laudato
3242 4147 3408 4203 supe-

1801 4203 1915 4260 rius
1939 4205 2272 4273 testimonio,
2308 4223 2418 4279 quo
2449 4209 2652 4266 clarior
2680 4211 2835 4271 ﬁeret
2868 4225 2924 4272 et
2949 4222 3150 4278 mentis
3187 4236 3411 4285 senten-

1800 4299 1871 4354 tia
1903 4312 1958 4355 et
1985 4303 2132 4357 vocis
2162 4303 2507 4373 signiﬁcatio.

1869 4396 2139 4452 Caeterum
2161 4414 2267 4453 non
2288 4399 2484 4455 desunt
2509 4400 2763 4459 Lucifero
2792 4405 3102 4466 locutiones
3133 4414 3278 4483 aliae,
3303 4433 3410 4475 eaa-

1797 4505 1901 4559 que
1932 4491 2287 4560 gravissima,
2309 4508 2430 4561 qua:
2453 4493 2660 4550 Ariano
2688 4499 2868 4554 errori
2893 4501 3260 4563 adversantur
3281 4527 3405 4581 per-

1794 4585 2006 4653 spicue,
2025 4599 2162 4655 quas
2185 4584 2331 4640 inter
2354 4585 2462 4641 vim
2493 4586 2658 4644 habet
2685 4591 2978 4648 maximam
2999 4597 3155 4652 unius
3182 4596 3405 4659 Deitatis

79 4683 840 4760 gniﬁcationeabuterentur;
868 4711 989 4751 nam
1009 4708 1060 4753 et
1087 4698 1346 4758 homousii
1363 4707 1681 4765 vocabulum
1713 4713 1768 4774 D
1794 4678 2102 4774 °°“'°§5'°’
2153 4694 2260 4774 ‘1“?
2302 4694 2606 4774 smmssune
2649 4698 2782 4740 usus
2831 4697 2943 4751 es"
3001 4700 3058 4744 ω
3098 4707 3291 4762 quaws
3329 4713 3398 4752 ex

79 4777 250 4833 vitiose
274 4781 778 4848 interpretabantur
807 4804 912 4845 uou
939 4793 1091 4860 pauci
1115 4835 1128 4855 ,
1152 4793 1276 4849 licet
1306 4796 1510 4856 Nicarni
1544 4802 1686 4858 Con-

80 4870 183 4925 cilii
198 4876 497 4928 auctoritas
513 4876 665 4932 illius
678 4890 730 4934 et
758 4896 979 4938 sensum
994 4895 1047 4939 et
1069 4901 1223 4939 usum
1245 4893 1681 4961 comprobasset;

79 4975 246 5034 neque
298 4969 559 5023 indictum
610 4970 676 5025 de
723 4973 1006 5030 homteusio
1057 4978 1334 5034 silentium
1385 4984 1675 5054 quidquam

77 5055 264 5115 obesse
297 5072 509 5130 putt-rat
539 5063 825 5122 catholica:
875 5069 1121 5136 ejusdem
1156 5074 1303 5126 vocis
1350 5075 1679 5146 interpreta-

77 5145 236 5218 tioni,
262 5155 467 5225 quippe
494 5157 655 5210 etiam
679 5158 746 5213 de
766 5161 1032 5216 homousio
1052 5164 1340 5220 tacendum
1360 5168 1682 5228 decreverat

75 5242 320 5314 Synodns
347 5251 663 5306 Sirmiensis
689 5256 814 5310 anni
845 5259 973 5312 557.
997 5257 1105 5312 Sed
1133 5263 1286 5328 forte,
1325 5261 1502 5328 inquit
1531 5264 1677 5320 Hila—

76 5337 421 5404 rius,dieetur
450 5346 575 5398 mihi
595 5361 612 5398 :
631 5347 804 5415 Aliqui
827 5351 979 5404 hodie
1005 5369 1067 5406 ex
1085 5353 1184 5416 his,
1208 5356 1294 5422 qui
1314 5365 1416 5408 tum
1435 5357 1674 5426 Synodo,

77 5430 124 5485 id
157 5447 233 5488 est
258 5436 516 5506 Nica'uaz,
546 5442 893 5512 interfuerunt
925 5447 1134 5515 (Osiutn
1168 5451 1421 5504 nimirum
1447 5452 1672 5519 indicat,

73 5527 154 5595 qui
198 5531 483 5588 silentium
528 5536 779 5589 vocabuli
822 5538 1129 5594 homousion
1164 5543 1216 5596 in
1264 5540 1516 5598 Concilio
1563 5545 1677 5599 Sir-

74 5625 259 5680 ntiensi
284 5631 597 5698 probavit),
631 5633 900 5685 tacendum
948 5637 1009 5689 de
1041 5637 1330 5691 homousio
1363 5656 1472 5694 esse
1500 5641 1676 5694 decre-

71 5729 260 5773 uerunt.
300 5719 366 5774 Et
394 5738 488 5792 ego
517 5727 704 5779 invitus
733 5727 850 5779 licet
881 5731 1201 5798 respondebo
1230 5732 1424 5784 dicenti
1449 5748 1466 5784 :
1498 5731 1674 5785 Num-

71 5819 184 5886 quid
210 5835 316 5873 non
344 5829 390 5874 et
414 5821 516 5891 ipsi
539 5825 812 5878 tacendum
833 5825 896 5877 de
925 5826 1232 5884 bomazusio
1260 5844 1368 5881 esse
1396 5830 1674 5884 constitue-

72 5911 220 5966 runt.’
249 5911 360 5967 Oro
384 5929 473 5968 vos
502 5933 565 5969 ne
605 5919 877 5986 quisquam
928 5920 1062 5972 alius
1093 5938 1154 5976 ex
1179 5922 1257 5975 his
1285 5931 1474 5991 prwter
1503 5939 1672 5976 senem

501 6008 775 6071 Ρηιιοι..
827 6009 1003 6071 Xlll.

1794 4785 1945 4842 parte
1976 4772 2198 4842 impiam
2231 4773 2483 4829 haeresim
2510 4789 2873 4847 oppugnaret.
2902 4781 3035 4836 Cum
3066 4787 3213 4841 enim
3239 4790 3404 4845 Arius

1791 4869 2019 4923 alienum
2053 4879 2457 4935 externumque,
2485 4882 2733 4936 quantunt
2773 4873 2843 4925 ad
2883 4874 3225 4933 substantiam
3269 4885 3392 4936 atti-

1789 4975 1909 5029 net,
1959 4964 2172 5018 Patrem
2204 4981 2236 5015 a
2268 4960 2410 5017 Filio
2441 4979 2560 5018 esse
2598 4964 2852 5032 doceret,
2889 4969 3017 5025 inde
3061 4975 3395 5042 sequebatur

1786 5061 2069 5128 utriusque
2103 5067 2324 5113 naturas
2352 5058 2566 5128 penitus
2592 5073 2714 5113 esse
2738 5059 3052 5131 dissimiles,
3078 5075 3132 5120 et
3161 5067 3392 5126 invicem

1785 5171 1812 5208 a
1845 5168 1966 5208 sese
1996 5154 2333 5223 disjunctas;
2387 5163 2441 5208 et
2483 5161 2694 5221 tamen,
2743 5171 2852 5225 quo
2898 5167 3018 5212 erat
3066 5162 3284 5231 ingenio
3321 5168 3388 5221 ad

1781 5247 2080 5303 fallendum
2113 5247 2428 5312 vaferrimo,
2460 5245 2511 5300 in
2535 5246 2762 5316 epistola
2784 5248 2852 5301 ad
2873 5249 3242 5310 Alexandrum
3269 5259 3394 5329 Epi-

1783 5358 2006 5414 sc0putn
2032 5341 2256 5410 scripta,
2289 5358 2408 5410 qua)
2439 5341 2640 5411 legitur
2667 5350 2722 5396 et
2750 5341 2888 5411 apud
2917 5345 3186 5402 Atlianas.
3216 5352 3268 5405 in
3292 5353 3386 5408 lib.

1784 5437 1852 5492 de
1881 5434 2108 5507 Synod,
2161 5447 2216 5488 et
2249 5435 2392 5504 apud
2421 5434 2686 5489 Hilarium
2719 5435 2771 5490 in
2820 5435 2913 5490 lib.
2945 5453 2996 5490 tv
3049 5439 3115 5494 de
3157 5441 3385 5513 Trinit.,

1781 5534 1859 5587 ait
1905 5548 1962 5586 se
2008 5529 2212 5585 idcirco
2273 5545 2381 5583 non
2427 5529 2678 5585 divisisse
2727 5530 2919 5601 μονάδα
2970 5532 3023 5585 in
3062 5531 3387 5605 Divinitatc;

1779 5622 2235 5697 quemadmodum
2260 5622 2532 5677 Sabellius
2559 5621 2842 5689 diviserat,
2870 5625 2996 5679 licet
3023 5641 3186 5680 unum
3214 5629 3386 5686 ident-

1779 5739 1884 5795 que
1919 5737 2039 5777 esse
2069 5720 2284 5774 Patrem
2313 5733 2437 5772 cum
2473 5717 2616 5773 Filio
2645 5721 2962 5774 asscruerit.
2996 5719 3067 5774 At
3092 5719 3385 5781 hatreticus

1779 5817 1945 5871 homo
1977 5813 2298 5868 vocabulum
2333 5811 2470 5866 illud
2512 5828 2573 5867 ea
2606 5812 3003 5882 signiﬁcatione
3044 5817 3371 5886 usurpabat,

1776 5927 1880 5985 qua
1911 5909 2247 5982 singularitas
2266 5905 2606 5978 intelligitur,
2628 5917 2681 5961 et
2701 5905 3002 6056 pggfectam
3030 5906 3376 5967 Divinitatem
