4292 6452
137 435 234 484 'll‘l

1569 424 1727 477 l'llxlﬂ
1737 422 1856 478 FA'I
1874 426 1957 477 tU.

3334 422 3441 477 ἨΒ

138 551 379 611 Ierpt‘etc
410 542 599 606 latino,
634 541 800 595 Deum
822 538 910 611 qui
940 542 1117 610 genuit
1151 537 1440 591 Filium...
1472 553 1572 591 non
1620 537 1733 607 opi-
1764 541 1813 602 Α
1845 537 2077 591 Basilius
2125 537 2177 591 in
2222 537 2381 606 epist.
2417 535 2507 602 78,
2554 536 2625 591 al.
2664 535 2796 603 l25;
2830 538 3087 607 paulatim
3122 547 3296 595 autem
3320 555 3434 594 cre-

136 634 287 689 nione
314 634 510 703 factum
537 641 626 688 aut
652 632 955 705 cogitatum,
987 632 1077 684 sed
1108 647 1162 683 re
1192 646 1311 683 vrra
1342 630 1732 691 subsistentem,

134 744 353 798 eumque
381 727 665 783 subsistere
695 728 815 797 fecit
853 742 948 780 sua
980 725 1276 789 voluntate;
1309 740 1429 793 qua:
1465 724 1514 777 in
1544 723 1735 777 Gl‘iL’CO

135 821 449 890 huiusmodi
481 829 631 884 sunt,
652 820 713 875 οὐ
741 818 971 881 δοκήσει,
992 818 1114 873 ἀλλὰ
1136 818 1338 893 ἀὶηοεὲᾳ
1364 818 1736 874 ὑποστήσαντα

132 911 249 986 ἰδίῳ
274 913 518 987 θελήματι
538 930 551 967 :
574 912 639 965 de
663 930 769 982 quo
792 921 973 967 tamen
1004 922 1217 965 veteres
1236 909 1425 963 Patres
1445 907 1739 978 aliquando

134 1006 280 1063 inter
308 1021 367 1063 sc
395 1005 773 1076 disputarunt,
798 1020 918 1060 cum
948 1004 1042 1057 alii
1072 1002 1379 1067 docuerint,
1414 1001 1607 1056 Filium
1640 1017 1734 1052 na-

136 1099 379 1155 turaliter
403 1116 463 1154 ac
489 1100 599 1154 sine
629 1100 891 1153 voluntate
914 1140 927 1165 ,
958 1099 1049 1151 alii
1080 1113 1182 1150 non
1209 1095 1498 1149 necessario
1518 1135 1532 1162 ,
1561 1109 1621 1148 ac
1652 1110 1735 1147 ro-

134 1192 336 1246 luntute
382 1194 625 1264 genitum
667 1192 865 1257 fuisse;
916 1205 1144 1260 quorum
1185 1189 1491 1245 sententias
1532 1187 1739 1257 optimc

131 1282 403 1355 explicat,
431 1294 488 1342 et
513 1286 655 1342 inter
682 1301 741 1339 se
772 1299 831 1341 se
860 1286 1137 1354 conjungit
1165 1283 1419 1338 Petavius
1454 1283 1503 1334 in
1563 1280 1655 1333 lib.
1689 1296 1737 1333 vt

131 1390 258 1449 cap.
284 1375 340 1446 8,
360 1393 510 1431 num.
530 1377 631 1431 93:
656 1375 873 1446 Utrique
895 1380 1038 1433 enim
1064 1393 1176 1428 eam
1198 1377 1509 1428 voluntatem
1532 1390 1589 1426 re
1616 1388 1737 1425 vera

130 1468 453 1535 admittunt,
483 1486 597 1542 qua:
626 1471 919 1524 necessaria
949 1470 1046 1533 sit;
1075 1480 1121 1521 et
1151 1470 1294 1521 illaut
1328 1467 1570 1539 rejiciunt
1599 1483 1629 1518 a
1655 1482 1739 1536 ge-

130 1566 402 1619 neratione
432 1562 601 1631 Filii,
630 1579 746 1635 qua!
787 1565 854 1617 sit
900 1564 1090 1631 libera,
1122 1573 1167 1615 et
1198 1579 1310 1615 cum
1342 1560 1738 1624 deliberatione,

129 1668 292 1726 atque
338 1658 633 1713 utriuslibet
688 1667 935 1728 potestate
984 1660 1302 1729 conjuncta;
1354 1669 1462 1724 quo
1505 1652 1743 1706 maxime

128 1752 422 1822 spectabat
465 1750 581 1807 Arii
611 1748 897 1810 doctrina.
936 1750 1069 1803 hanc
1101 1750 1329 1802 liberam
1361 1747 1412 1800 in
1444 1745 1605 1799 Patre
1651 1760 1744 1798 vo-

130 1844 405 1902 lnntatem
438 1844 608 1900 [uisae
635 1845 953 1915 itnpiissitnc
975 1840 1253 1895 afﬁrmans
1278 1840 1341 1892 ad
1372 1838 1742 1909 generandqu

1836 630 2030 683 scentia
2070 629 2349 699 impietatis
2376 630 2597 693 semina,
2625 645 2741 701 quae
2777 631 3016 701 prius-ab
3068 634 3191 687 Ario
3229 635 3441 689 Ita'resis

1838 732 2043 779 auctore
2065 727 2236 795 jacta,
2267 733 2440 793 postea
2467 740 2586 779 vero
2608 723 2670 778 ab
2696 724 2876 795 iis.qui
2915 726 3059 779 illius
3100 742 3295 781 errores
3340 729 3437 781 im-

1840 817 1995 885 probe
2026 827 2355 888 exceperunt,
2384 818 2453 871 ad
2498 816 2851 872 Ecclesiarum
2903 820 3181 886 perniciem
3219 822 3444 875 enutrita

1838 918 1990 976 sunt,
2020 909 2233 979 ipsaque
2260 910 2539 979 impietatis
2564 912 2718 966 series
2746 912 2800 965 in
2847 911 3217 981 blasphemiam
3260 925 3439 969 contra

1842 999 2098 1068 Spiritum
2142 1012 2371 1057 sanctum
2401 1004 2593 1073 erupit.
2628 1003 2765 1059 [line
2795 1004 2954 1075 igitur
2984 1005 3219 1071 Lucifer,
3263 1006 3354 1076 qui
3387 1007 3439 1061 in

1839 1092 2164 1149 Constantio
2192 1099 2436 1165 Augusto
2465 1097 2795 1167 impietatem
2814 1097 3144 1167 iniquissimi
3173 1099 3446 1169 dogmatis

1840 1185 2230 1256 insequebatur
2250 1189 2414 1243 veluti
2442 1188 2657 1245 Arianze
2688 1190 2917 1246 haeresis
2940 1190 3151 1247 l'antore
3182 1193 3443 1262 potentis-

1841 1281 2001 1347 simo,
2036 1282 2147 1335 haec
2173 1282 2350 1337 cidem
2373 1283 2692 1339 Constantio
2713 1285 3011 1353 exprobrat
3039 1288 3091 1341 in
3123 1287 3215 1342 lib.
3243 1288 3311 1342 de
3338 1302 3442 1343 non

1845 1390 2003 1431 conv.
2036 1390 2156 1431 cum
2191 1377 2379 1432 lueret.
2412 1395 2421 1428 :
2448 1377 2600 1432 Illico
2626 1388 2678 1430 ut
2711 1379 2977 1447 occupasti
3009 1376 3221 1433 Italiam
3247 1421 3260 1444 ,
3290 1382 3448 1435 eccle-

1844 1470 1974 1524 siam
2019 1468 2130 1539 ejus
2158 1470 2363 1524 tentasti
2407 1482 2631 1534 vertere;
2663 1471 2841 1525 dixisti
2880 1471 3046 1527 Deum
3086 1471 3299 1527 Patrem
3345 1490 3449 1527 non

1845 1580 1952 1618 esse
1979 1578 2154 1617 verum
2184 1562 2348 1618 Deum
2371 1562 2603 1629 Patrem,
2632 1566 2842 1618 unicum
2866 1567 2977 1637 ejus
3002 1581 3196 1636 negans
3227 1563 3450 1630 Filium,

1845 1657 2105 1726 afﬁrmans
2134 1674 2235 1710 non
2263 1673 2371 1711 esse
2388 1658 2535 1711 illum
2556 1673 2729 1713 verum
2748 1654 2979 1725 Filium;
2998 1659 3269 1714 astruxiin
3298 1661 3453 1713 etiam

1850 1750 2101 1806 Sanctum
2146 1749 2482 1806 Paracletum
2509 1752 2760 1821 Spiritum
2792 1754 3098 1822 fabricatum
3122 1770 3233 1808 esse
3262 1770 3325 1809 ex
3368 1756 3451 1807 ni-

1847 1841 1977 1907 hilo,
2008 1846 2313 1899 descendere
2358 1860 2423 1899 ea:
2468 1845 2665 1911 nihilo;
2707 1847 2762 1900 in
2808 1847 3027 1901 cii-teris
3069 1854 3251 1901 autem
3299 1845 3455 1902 libris

133 1936 377 1993 Filium:
412 1938 687 2005 Quocirca,
718 1948 841 1992 utor
870 1934 1073 1989 Petavii
1106 1934 1286 1987 verbis
1330 1949 1479 1987 num.
1526 1932 1618 1995 2i,
1652 1934 1747 1985 ad-

1854 1938 2112 2007 Spiritum
2130 1948 2377 1994 sanctum
2407 1939 2669 2010 aequalem
2704 1939 2850 1995 Patri
2879 1956 2941 1995 ac
2965 1940 3105 1996 Filio
3131 1941 3417 1996 teternitate
3438 1985 3451 2006 ,

135 2045 318 2085 versus
349 2029 596 2085 Arianam
620 2031 1002 2085 cavillationem
1035 2028 1131 2081 hac
1160 2045 1212 2080 se
1256 2026 1642 2096 pra'scriptione
1668 2035 1748 2078 tu-

139 2129 241 2182 tati
268 2138 389 2181 sunt
416 2136 606 2181 veteres
634 2127 832 2195 aliqui,
867 2137 919 2180 ut
954 2124 1147 2180 Filium
1179 2126 1344 2193 ipsam
1376 2139 1484 2176 esse
1511 2122 1749 2175 volunta—

137 2230 245 2275 tem
276 2219 452 2274 Patris
473 2262 487 2288 ,
512 2220 781 2289 ipsumque
808 2220 1033 2273 dicereut
1065 2234 1171 2271 esse
1200 2218 1475 2269 consilium
1500 2232 1516 2267 .·
1546 2230 1607 2268 e.r
1646 2230 1747 2282 quo

134 2318 196 2371 id
228 2316 541 2387 efﬁciebant,
574 2332 675 2369 non
703 2330 760 2368 eo
802 2314 1028 2384 priorem
1061 2328 1167 2365 esse
1200 2310 1404 2363 Patrem
1428 2355 1439 2374 ,
1486 2310 1607 2376 quia
1640 2309 1749 2359 sine

138 2414 410 2468 voluntate
434 2410 754 2477 consilioque
777 2425 883 2463 esse
915 2424 1013 2461 non
1058 2407 1247 2476 potuit.
1297 2404 1404 2457 lluc
1433 2410 1750 2473 argumento

137 2505 231 2560 usi
274 2514 398 2560 sunt
426 2503 617 2560 Patres
645 2502 877 2573 aliquot,
912 2517 1047 2570 quos
1095 2498 1295 2553 ibidem
1342 2497 1591 2551 Petavius
1620 2511 1752 2547 unt-

135 2609 355 2664 Inerat;
409 2601 463 2652 iu
512 2596 702 2665 primis
746 2594 986 2667 Cyrillus
1019 2592 1417 2647 Alexandrinus
1454 2593 1501 2642 iu
1538 2589 1629 2641 illi.
1685 2604 1751 2641 vn

135 2692 412 2748 Titesaur.
439 2689 635 2746 Filium
664 2691 854 2755 vivens,
880 2688 975 2753 ait,
999 2706 1102 2740 esse
1133 2686 1306 2737 l’ttlris
1334 2686 1625 2740 consilium.
1666 2701 1753 2745 per

136 2787 286 2859 quod
308 2788 547 2842 universa
574 2788 715 2857 fecit.
740 2785 911 2849 Quare
944 2785 983 2836 si
1017 2785 1288 2836 consilium
1314 2792 1359 2833 et
1384 2782 1620 2832 voluntas
1647 2777 1753 2831 Pa—

136 2884 242 2937 tris
273 2891 347 2937 est
370 2920 387 2948 ,
415 2880 670 2951 quomodo
699 2882 1081 2949 generationem
1124 2892 1268 2929 suam
1300 2874 1532 2927 voluntas
1564 2888 1755 2939 pra'cc-

138 2978 468 3049 dettquam
502 2974 756 3046 loquendi
808 2973 1068 3028 rationein
1115 2968 1297 3023 laudat
1344 2967 1753 3039 .Xttguslittttsitt

136 3071 245 3127 lib.
283 3080 348 3124 xv
380 3069 450 3125 de
478 3068 678 3123 Trinit.
729 3082 852 3137 cap.
884 3068 953 3121 :20
982 3083 995 3130 ;
1031 3063 1229 3118 rectius
1261 3072 1438 3116 tamen
1468 3060 1572 3114 dici
1604 3060 1750 3113 at‘lir-

137 3171 262 3219 mat
306 3161 585 3216 consilium
629 3160 693 3213 de
719 3159 957 3218 consilio,
1012 3158 1322 3209 voluntatem
1364 3155 1426 3205 de
1472 3153 1751 3205 voluntate.

140 3257 402 3324 Quidam,
434 3253 613 3323 inquit
635 3293 651 3317 ,
684 3269 749 3307 ne
780 3248 978 3304 Filium
1010 3250 1212 3303 consilii
1242 3248 1317 3301 vel
1347 3247 1627 3299 voluntatis
1665 3243 1755 3297 Dei

1853 2031 2098 2095 potentia,
2131 2031 2513 2100 magnitudine,
2562 2032 2918 2091 dominatione
2946 2047 3069 2089 esse
3121 2042 3306 2089 tuetur
3334 2051 3347 2088 :
3379 2036 3459 2089 sic

1851 2122 1903 2177 in
1950 2124 2046 2177 lib.
2083 2139 2098 2177 ι
2140 2138 2237 2192 pro
2268 2123 2329 2179 S.
2357 2125 2559 2179 Athan.
2592 2142 2754 2181 unam
2777 2129 3061 2196 potentiam
3092 2128 3310 2195 habere,
3338 2129 3453 2194 ait,

1855 2217 2070 2272 Patrem
2086 2227 2132 2273 et
2158 2215 2361 2272 Filium
2384 2228 2432 2272 et
2461 2218 2717 2287 Spiritum
2745 2233 3011 2289 sanctum;
3041 2230 3094 2279 et
3127 2224 3179 2277 in
3222 2240 3253 2279 ιι
3298 2240 3457 2277 unum

1849 2312 2185 2364 wtcrnitatem
2207 2312 2395 2365 habere
2425 2310 2635 2365 Patrem
2657 2324 2703 2365 et
2730 2310 2929 2367 Filium
2957 2324 3004 2368 et
3036 2314 3295 2384 Spiritum
3340 2334 3459 2372 san-

1854 2413 1991 2453 ctum
2023 2401 2363 2456 clamantibus
2401 2404 2564 2456 sacris
2596 2402 2921 2472 Scripturis;
2946 2415 3003 2461 et
3034 2408 3086 2461 in
3117 2406 3215 2462 lib.
3250 2407 3319 2463 de
3349 2425 3461 2462 non

1857 2514 2004 2567 pare.
2039 2498 2089 2551 in
2117 2498 2286 2551 Deum
2319 2498 2523 2567 delinq.
2554 2517 2563 2551 :
2599 2499 2747 2553 Tunc
2770 2516 2883 2552 cum
2913 2517 3221 2571 cognoscere
3250 2505 3464 2572 cameris

1858 2589 2033 2643 Patris
2058 2600 2105 2643 et
2126 2588 2258 2643 Filii
2292 2601 2335 2642 rt
2370 2592 2600 2659 Spiritus
2647 2594 2815 2647 sancti
2835 2610 2989 2647 unam
3016 2612 3108 2649 nos
3137 2605 3272 2651 recte
3301 2597 3465 2664 conﬁ-

1855 2686 1949 2737 teri
1962 2684 2320 2749 a'ternitatem,
2347 2700 2461 2737 cum
2484 2685 2661 2739 videre
2679 2689 2892 2753 ca‘peris
2903 2690 3040 2758 quod
3060 2705 3162 2742 una
3176 2691 3241 2744 sit
3257 2693 3431 2761 magni
3440 2722 3462 2731 -

1855 2778 1980 2831 tudo
2007 2794 2206 2847 unaque
2238 2779 2463 2848 potentia
2484 2779 2536 2831 in
2566 2778 2723 2835 Patre
2744 2792 2789 2835 et
2814 2782 2869 2835 in
2896 2783 3049 2836 unico
3074 2784 3189 2854 ejus
3222 2782 3384 2851 Filio,
3418 2798 3463 2840 et

1858 2870 1910 2923 in
1934 2881 2115 2924 sancto
2137 2868 2411 2924 Paracleto
2432 2870 2663 2940 Spiritu,
2680 2882 2785 2927 etc.
2801 2873 2933 2941 Qua:
2958 2875 3026 2929 ad
3052 2875 3466 2945 signiﬁcandam

1859 2963 2107 3016 eamdem
2158 2962 2211 3016 in
2259 2962 2471 3033 Spiritu
2514 2975 2707 3019 sancto
2757 2977 2993 3021 naturam
3047 2979 3102 3022 et
3135 2969 3467 3027 vicinitatem

1858 3069 1980 3109 cum
2002 3054 2163 3109 Patre
2192 3065 2246 3109 et
2275 3054 2410 3109 Filio
2442 3058 2548 3109 vim
2584 3057 2786 3114 habent
2808 3060 3122 3128 maximam,
3155 3066 3464 3133 prcesertim

1860 3164 1927 3203 ex
1954 3148 2225 3219 adiunctis
2258 3149 2439 3204 Sancti
2485 3159 2541 3205 et
2577 3150 2856 3220 Paracleti,
2888 3165 2945 3209 ut
2978 3156 3173 3225 probat
3212 3160 3470 3217 Petavius

1865 3254 2110 3297 veterum
2142 3242 2364 3298 Patrum
2415 3246 2747 3301 auctoritate
2794 3249 2844 3302 in
2878 3249 2970 3303 lib.
3005 3266 3041 3304 ll
3069 3265 3192 3322 cap.
3246 3254 3329 3309 l3.
3364 3256 3467 3311 Sed

135 3352 338 3406 diceret
383 3349 706 3421 unigenitum
750 3345 987 3410 Verbum,
1027 3346 1191 3415 ipsum
1226 3342 1522 3405 consilium,
1554 3356 1641 3394 seu
1672 3355 1757 3391 vo-
1785 3328 1831 3391 C
1864 3336 1916 3389 in
1948 3337 2137 3407 primis
2170 3336 2315 3390 laudi
2352 3337 2701 3394 tribuendum
2734 3350 2815 3395 cst
2843 3341 3118 3410 Lucifero,
3156 3347 3299 3415 quod
3332 3364 3469 3406 ltltllS

133 3447 403 3500 luutatem
436 3441 613 3496 Patris
654 3440 791 3494 idem
830 3437 1053 3491 Verbum
1080 3452 1187 3489 esse
1226 3432 1488 3487 dixerunt.
1523 3432 1628 3485 Sed
1652 3448 1756 3485 nie-

133 3538 276 3604 tius,
308 3546 565 3607 quantunt
596 3534 863 3597 existimo,
891 3530 1169 3585 Consilium
1200 3528 1261 3580 de
1294 3527 1541 3590 consilio,
1584 3534 1628 3576 et
1669 3541 1755 3577 vo-

132 3634 323 3688 luntas
349 3630 415 3684 de
444 3630 730 3692 voluntate,
761 3628 891 3680 sicut
917 3623 1204 3678 substantia
1244 3622 1307 3674 de
1336 3620 1647 3683 substantia,
1672 3634 1756 3673 sa-

134 3727 345 3795 pientia
376 3725 438 3778 de
461 3722 735 3795 sapientia.
780 3720 855 3774 Ex
898 3718 1093 3789 quibus
1123 3724 1372 3779 constat,
1419 3729 1579 3782 quam
1607 3722 1753 3766 recta

133 3823 216 3879 sit
244 3817 490 3876 anileri
516 3816 743 3882 locutio,
771 3813 906 3869 etad
934 3809 1198 3864 lallendas
1227 3805 1607 3874 arcendasquc
1638 3804 1751 3858 Arii

130 3912 372 3971 insidias
398 3924 462 3966 ac
483 3909 641 3964 dolos
670 3905 972 3978 aptissima,
1006 3916 1237 3973 qumque
1266 3898 1492 3954 omnino
1517 3899 1565 3952 iu
1594 3912 1749 3951 suum

130 4007 324 4065 laeum
350 4002 550 4060 debeat
581 4000 784 4057 idcirco
817 3998 1047 4054 restitui.

215 4099 465 4155 Alterum
512 4096 729 4152 Ariana:
776 4094 1002 4151 haeresis
1030 4093 1222 4163 dogma
1262 4090 1665 4160 primigcuium,
1702 4097 1756 4142 et

130 4208 304 4265 mque
334 4191 623 4259 nefarium,
651 4189 796 4261 quod
830 4189 974 4244 illius
1004 4197 1195 4241 auctor
1236 4186 1399 4255 impie
1427 4183 1753 4237 dissemina-

130 4289 246 4357 vit,
282 4289 387 4342 ltoc
415 4294 558 4351 erat,
589 4284 847 4357 Spiritum
876 4292 1111 4338 sanctum
1135 4297 1241 4335 esse
1270 4297 1300 4331 a
1331 4276 1471 4331 Filio
1499 4288 1752 4331 creatura'

130 4392 481 4447 creaturam,
542 4388 605 4435 ut
655 4378 819 4435 tradit
869 4377 1126 4433 Petavius
1167 4375 1222 4430 in
1282 4374 1377 4429 lib.
1423 4390 1437 4428 ι
1489 4387 1611 4441 cap.
1662 4370 1745 4435 M,

128 4492 298 4534 num.
325 4476 412 4539 15,
444 4470 765 4529 auctoribus
792 4469 1103 4541 Epiphanio
1130 4468 1194 4522 ad
1222 4467 1413 4521 baares.
1442 4465 1533 4531 69,
1564 4473 1616 4519 et
1645 4464 1753 4518 Au-

128 4568 362 4643 gustino
413 4566 467 4621 in
513 4564 604 4621 lib.
632 4563 702 4620 de
730 4563 929 4617 hmres.
981 4576 1102 4631 cap.
1150 4560 1238 4615 69.
1275 4559 1543 4630 Equidem
1591 4557 1751 4611 Arius

128 4663 448 4734 scripserat
468 4660 521 4716 in
548 4659 761 4725 Thalia,
784 4656 1091 4713 Trinitatem
1119 4674 1223 4711 esse
1248 4672 1349 4710 non
1378 4654 1533 4707 simili
1563 4652 1749 4721 majes-

132 4768 269 4824 tate,
304 4765 353 4809 ct
390 4754 783 4827 impermixtiles
826 4752 1041 4807 invicem
1068 4766 1246 4805 eorum
1275 4750 1602 4820 [typostases,
1630 4744 1745 4799 sive

134 4857 201 4906 ut
242 4846 580 4903 Athanasius
624 4848 1019 4918 interpretatur
1050 4845 1292 4901 haeretici
1318 4841 1641 4897 sententiam
1692 4838 1743 4891 in

134 4940 298 4999 Orat.
332 4939 363 4994 Ξ
387 4950 538 4997 cont.
572 4940 825 5005 Arianos,
853 4940 1053 4994 alienas
1083 4939 1303 4994 vicissim
1330 4949 1374 4991 et
1406 4932 1749 4989 inrommuni-

130 5036 335 5093 cabiles
351 5050 459 5090 esse
479 5034 789 5090 substantias
817 5034 989 5089 Patris
1010 5044 1055 5087 et
1078 5032 1205 5086 Filii
1233 5043 1277 5085 et
1304 5030 1533 5100 Spiritus
1549 5027 1744 5090 sancti;

130 5128 291 5187 undc
334 5124 521 5182 Ariani
550 5141 581 5181 a
634 5124 920 5196 Fulgentio
951 5124 1212 5179 Tt'iusiani
1240 5122 1370 5178 dicti
1406 5122 1457 5175 in
1491 5132 1742 5189 respons.

128 5223 209 5283 ad
240 5222 456 5295 Object.
507 5221 539 5275 7
571 5219 761 5278 Arian.
788 5222 985 5290 quippe
1015 5231 1115 5275 tres
1144 5220 1197 5273 in
1224 5217 1478 5273 Trinitute
1502 5214 1749 5270 essentias

129 5335 169 5374 α
200 5333 259 5371 se
302 5316 601 5383 distinctas,
629 5326 676 5371 et
702 5316 921 5370 alteram
970 5315 1132 5368 altera
1168 5312 1524 5382 perfection-nt
1566 5306 1748 5362 inesse

123 5409 437 5485 iactabant.
462 5410 634 5466 Porro
661 5408 915 5466 Petavius
939 5416 1085 5463 recte
1112 5406 1354 5477 coniicit,
1382 5404 1567 5459 Arium
1592 5413 1745 5457 suam

128 5508 407 5569 adversus
433 5504 698 5574 Spiritum
730 5516 981 5561 sanctum
1013 5502 1404 5573 blaSphemiam
1438 5498 1613 5568 palam
1639 5511 1744 5550 non

128 5606 401 5662 docuisse
426 5602 495 5657 ab
519 5602 694 5668 initio,
730 5616 852 5655 eum
877 5598 1023 5654 nulla
1054 5597 1212 5667 hujus
1246 5598 1455 5652 mentio
1483 5594 1577 5649 ﬁat
1601 5592 1652 5647 in
1682 5590 1746 5646 il-

127 5702 249 5760 lius
301 5696 557 5772 epistolis
610 5711 670 5748 ac
713 5695 933 5757 libellis,
968 5708 1143 5763 neque
1190 5692 1244 5746 in
1276 5690 1475 5745 litteris
1504 5688 1745 5742 Alexan-

125 5796 221 5854 dri
255 5806 449 5851 contra
495 5790 680 5847 Arium
711 5829 724 5853 ,
770 5787 1046 5843 Nica‘num
1098 5794 1277 5839 autem
1310 5782 1615 5837 Concilium
1663 5780 1745 5833 ni-

130 5888 216 5947 hil
251 5887 531 5959 przecipne
552 5883 797 5939 sanxerit
824 5882 893 5936 de
922 5880 1219 5935 Divinitate
1245 5878 1481 5949 Spiritus
1531 5875 1700 5931 sancti
1729 5918 1740 5935 ,

126 6000 197 6043 eo
243 5980 385 6054 quod
428 5977 657 6033 nomium
690 5986 810 6031 tunc
836 5984 963 6031 esset
990 5975 1096 6027 lure
1124 5988 1260 6027 mota
1288 5972 1530 6041 quando,
1577 5968 1745 6038 ituptil

1858 3446 1922 3484 ex
1951 3431 2138 3500 paucis
2163 3431 2325 3485 luerit
2345 3473 2359 3496 ,
2386 3430 2473 3501 qui
2497 3470 2510 3495 ,
2544 3430 2760 3489 furente
2792 3436 2894 3489 sub
2919 3436 3243 3494 Constantio
3266 3444 3465 3497 Ariaua

1860 3522 2056 3578 lueresi
2080 3564 2094 3589 ,
2136 3523 2367 3595 Spiritus
2395 3526 2563 3578 sancti
2590 3524 2843 3582 Deitatem
2895 3531 3073 3600 palam
3110 3542 3164 3587 et
3190 3538 3467 3604 expressis

1860 3616 2042 3671 verbis
2080 3625 2309 3671 testatus
2352 3618 2440 3671 sit.
2492 3618 2628 3674 Ilinc
2661 3620 2808 3677 illius
2846 3625 3180 3681 auctoritate
3208 3643 3339 3683 usus
3388 3642 3472 3685 est

1858 3710 2019 3765 etiam
2049 3708 2303 3763 Petavius
2337 3710 2387 3763 in
2419 3709 2515 3764 lib.
2541 3726 2623 3778 tn,
2659 3727 2781 3783 cap.
2814 3712 2842 3765 7
2872 3729 3023 3768 nunt.
3060 3718 3149 3782 Η,
3182 3718 3309 3772 dum
3343 3722 3469 3790 reji-

1856 3804 1929 3857 cit
1960 3811 2338 3872 argumentum
2388 3801 2617 3857 Joannis
2665 3803 2855 3860 Crellii
2887 3806 3152 3863 adversus
3201 3811 3463 3880 Spiritum

1856 3904 2100 3951 sanctum
2129 3893 2480 3964 desumptum
2514 3910 2583 3950 ex
2608 3896 2849 3967 antiquis
2880 3896 3167 3967 Patribus,
3214 3918 3351 3974 quos
3382 3905 3465 3960 in-

1856 3989 2079 4059 quiebat
2127 4002 2306 4042 novus
2352 3987 2454 4043 iste
2484 3986 2724 4044 Arianus
2763 4006 3054 4062 numquam
3107 3994 3198 4049 Dei
3246 3998 3468 4053 nomine

1855 4082 2161 4151 appellasse
2192 4081 2452 4151 Spiritum
2487 4092 2737 4137 sanctum
2769 4099 2936 4153 usque
2967 4086 3033 4139 ad
3067 4096 3286 4143 (etatem
3318 4090 3469 4146 Hilao

1855 4176 1921 4231 rii
1956 4176 2313 4231 Pietavicnsis
2341 4193 2353 4227 :
2379 4174 2632 4230 Petavius
2659 4177 2802 4231 enim
2831 4176 3061 4246 plurima
3091 4195 3159 4235 ex
3182 4183 3467 4241 veteribus

1853 4270 2073 4326 Patrum
2126 4270 2349 4339 scriptis
2398 4271 2714 4324 testium-nia
2769 4272 3012 4342 colligit,
3060 4292 3177 4345 qua:
3227 4275 3465 4347 Spiritus

1853 4368 2026 4423 sancti
2056 4365 2405 4420 Divinitatem
2434 4366 2723 4435 perSpieue
2748 4376 3040 4435 testantur,
3063 4368 3351 4440 ipsumque
3374 4371 3465 4429 lli-

1853 4461 2052 4518 larium
2084 4477 2112 4515 a
2136 4459 2422 4514 calumniis
2454 4458 2734 4521 defendit,
2767 4473 2903 4529 quas
2936 4460 2987 4514 in
3017 4461 3196 4531 ipsum
3237 4464 3465 4536 ejusque

1852 4554 2027 4610 libros
2076 4555 2141 4607 de
2195 4552 2466 4609 Triuitate
2497 4552 2780 4623 ingessero
2827 4551 3092 4610 Erasmus
3130 4566 3184 4611 et
3230 4557 3464 4627 ipsemet

1852 4649 2126 4713 Crellius;
2177 4657 2291 4702 tum
2345 4646 2571 4713 subdit,
2626 4646 2836 4718 Lucifer
2883 4646 3218 4706 Calaritanus
3263 4653 3461 4711 Hilarii

1853 4744 2068 4816 a’qualis
2094 4744 2344 4813 loquitur,
2376 4740 2493 4797 Una
2535 4752 2619 4797 cst
2647 4743 2831 4797 divina
2857 4743 3166 4801 sublimitas
3196 4745 3376 4804 Patris
3406 4761 3460 4807 et

1856 4839 1976 4893 Filii
2008 4848 2061 4893 et
2089 4838 2328 4908 Spiritus
2358 4838 2555 4892 sancti.
2590 4836 2788 4893 Verum
2822 4837 2925 4893 hoc
2954 4840 3327 4899 testimonium
3360 4844 3460 4901 Pe-

1854 4931 1998 4987 tavio
2028 4949 2132 4987 non
2168 4932 2416 5001 prodest;
2447 4946 2567 4983 nam
2592 4929 2847 4985 mendum
2880 4931 3337 5003 interpunctionis
3370 4938 3458 4993 hic

1853 5029 2027 5091 inest,
2064 5026 2141 5079 uti
2176 5026 2368 5095 legitur
2397 5022 2449 5076 in
2494 5021 2738 5077 editione
2786 5021 3027 5088 Tiliana;
3060 5026 3161 5079 nisi
3203 5030 3327 5098 quia
3355 5046 3457 5087 una

1850 5122 1917 5176 sit
1944 5120 2229 5177 sublimitas
2263 5116 2435 5170 Patris
2475 5127 2524 5171 et
2573 5114 2702 5171 Filii
2728 5116 2890 5171 sancti
2922 5117 3181 5188 Spiritus,
3212 5121 3267 5177 in
3312 5126 3458 5181 beato

1854 5231 2065 5269 manens
2086 5208 2649 5283 Apostolo,ctc.Quod
2676 5209 2935 5264 mendum
2963 5209 3017 5265 in
3049 5212 3149 5267 hac
3179 5228 3323 5269 nova
3347 5216 3458 5272 edi-

1853 5308 2003 5363 tione
2033 5305 2302 5361 sublatum
2356 5312 2442 5357 est
2486 5300 2681 5356 Latinii
2729 5302 3088 5372 auctoritate,
3131 5307 3219 5376 qui
3267 5321 3460 5366 censet

1852 5409 2114 5472 punctum
2128 5394 2401 5466 ﬁgendum
2420 5410 2541 5450 esse
2560 5402 2682 5463 post
2699 5408 2889 5449 vocem
2907 5392 3120 5460 Filii,et
3135 5408 3307 5467 recte;
3327 5415 3451 5459 cum

1852 5495 2069 5553 Lucifer
2103 5510 2153 5564 p.
2182 5492 2253 5546 25
2270 5490 2379 5563 (hic
2404 5490 2505 5547 col.
2559 5488 2717 5560 1025)
2744 5488 2859 5544 lucc
2887 5501 3170 5559 prmponat
3218 5492 3456 5552 interro-

1845 5606 2018 5663 gans:
2050 5588 2185 5655 Quid
2232 5597 2335 5654 est,
2376 5585 2626 5653 Quicum
2656 5583 2709 5637 in
2757 5582 2931 5637 ianua
2965 5583 3059 5638 Dei
3105 5588 3289 5641 esset?
3335 5597 3447 5645 tum

1848 5686 2096 5756 subjicit;
2128 5680 2224 5735 nisi
2252 5680 2392 5750 quod
2420 5680 2586 5748 ipsum
2614 5676 3016 5731 inaccessibilem
3067 5678 3227 5731 lucem
3258 5680 3453 5740 habitet

1847 5774 2041 5840 Filius,
2071 5790 2221 5846 quam
2245 5782 2291 5826 et
2318 5771 2506 5837 Pater;
2533 5770 2630 5823 nisi
2659 5770 2781 5840 quia
2805 5785 2907 5822 una
2930 5770 2995 5822 sit
3022 5768 3196 5824 ilirina
3217 5776 3425 5832 sublimi
3436 5810 3447 5817 -

1847 5881 1924 5926 tas
1962 5871 2129 5925 Putris
2171 5878 2216 5923 et
2250 5866 2397 5922 Filii.
2445 5866 2669 5922 Sanctus
2711 5863 2939 5934 Spiritus
2968 5864 3020 5916 in
3064 5863 3208 5919 beato
3238 5884 3446 5924 manens

1851 5966 2115 6036 Apri-iul“,
2149 5975 2242 6018 rte.
2271 5964 2406 6019 Alia:
2452 5970 2633 6017 tamen
2680 5972 2801 6015 sunt
2838 5957 3068 6016 Lucileri
3108 5959 3447 6033 locutiones,
