4292 6430
872 426 978 483 ’119

1886 424 2193 482 LUCIFER
2234 422 2616 483 EPlSCOPUS
2654 422 3162 483 CALAlllTANUS.

4068 428 4159 487 720

872 559 994 613 quac
1027 541 1232 596 clarius
1264 541 1511 598 indicant
1543 541 1875 596 Dirinitutem
1918 542 2155 612 Spiritus
2184 542 2357 598 sancti
2387 584 2402 607 ,
2435 551 2490 598 et
2516 545 2569 608 Α
2596 541 2799 611 fecisset
2846 542 3080 609 conferre
3103 557 3157 595 se
3180 539 3249 593 ad
3279 539 3520 606 Arianos,
3552 558 3653 597 non
3681 545 3793 616 ejus
3817 544 3914 609 ﬁlii
3939 560 4157 615 regnare-

871 635 1050 704 ipSum
1096 632 1265 688 Deum
1294 650 1424 690 vere
1467 635 1783 702 nominant,
1818 649 1880 689 ac
1927 636 2230 705 perspicuis
2263 633 2478 698 verbis;

871 727 1075 781 etenim
1112 727 1162 781 in
1212 728 1308 782 lib.
1344 728 1412 783 de
1453 743 1559 783 non
1593 744 1826 783 couvcn.
1860 742 1984 781 cum
2035 728 2221 781 lueret.
2253 726 2439 781 scribit
2469 744 2480 778 :

869 818 1035 873 Fides
1087 822 1385 891 Apostolica
1434 822 1737 876 Trinitatem
1788 822 2061 891 conﬁtetur
2082 824 2395 892 perfectam,
2436 830 2484 873 et

868 914 1078 968 unicam
1124 914 1381 970 Deitatem
1428 921 1617 987 fatetur
1668 914 1843 970 Patris
1892 926 1940 968 et
1986 911 2116 969 Filii
2164 924 2209 969 et
2255 914 2482 984 Spiritus

865 1009 1067 1073 sancti;
1091 1020 1146 1064 et
1177 1010 1395 1077 iterum,
1435 1028 1589 1063 unum
1608 1027 1715 1065 esse
1740 1010 1982 1064 deitatem
2009 1008 2183 1063 Patris
2212 1019 2257 1063 et
2284 1004 2415 1063 Filii
2437 1017 2485 1062 et

871 1102 1109 1173 Spiritus
1125 1109 1386 1172 sancti;ac
1413 1106 1463 1160 in
1485 1106 1578 1161 lib.
1597 1123 1612 1160 ι
1636 1121 1734 1177 pro
1747 1106 1805 1161 S.
1823 1105 2189 1159 Athan.uuam
2218 1104 2342 1157 item
2361 1099 2487 1156 Dei-

867 1208 1025 1253 tatem
1057 1198 1190 1254 dicit
1219 1200 1398 1256 Patris
1430 1210 1477 1255 et
1524 1198 1650 1255 Filii
1677 1212 1722 1254 et
1765 1201 1993 1271 Spiritus
2023 1201 2221 1263 sancti;
2259 1210 2311 1253 et
2338 1200 2389 1254 in
2422 1215 2481 1264 ll,

863 1309 1025 1347 unam
1055 1295 1244 1349 habere
1279 1295 1529 1349 Deitatem
1564 1295 1779 1349 Patrem
1825 1312 1885 1349 ac
1911 1293 2111 1348 Filium
2151 1304 2195 1347 et
2227 1294 2485 1364 Spiritum

864 1398 1123 1441 sanciunt.
1160 1388 1404 1443 Dicimus
1436 1400 1617 1444 autem
1651 1405 1817 1444 unum
1853 1390 2017 1443 fuisse
2049 1388 2361 1443 Luciferum
2419 1404 2485 1442 ex

862 1483 1075 1551 paucis,
1096 1484 1183 1553 qui
1220 1500 1315 1553 per
1346 1500 1408 1538 ea
1439 1495 1685 1555 tempora
1704 1485 2030 1539 Diriuitatem
2051 1483 2484 1555 SpiritusSaucti

864 1578 1051 1646 palam
1084 1586 1139 1631 ct
1183 1588 1374 1646 aperte
1406 1579 1792 1646 profiteri-tur;
1818 1578 1961 1648 quod
1993 1594 2057 1633 ex
2104 1578 2325 1633 Pelavio
2350 1592 2484 1632 con-

863 1670 1140 1735 firmatur,
1192 1684 1244 1726 et
1297 1688 1363 1725 ex
1406 1671 1690 1726 Monachis
1738 1672 1998 1727 Manriuis
2046 1673 2099 1726 in
2152 1671 2369 1726 Przefat.
2418 1670 2485 1724 ad

864 1763 1022 1819 Tom.
1064 1763 1127 1818 Ill
1157 1763 1296 1834 Opp.
1336 1765 1401 1819 ἰ).
1435 1766 1647 1831 Basilii;
1682 1766 1771 1820 ille
1808 1766 1978 1830 enim,
2014 1765 2343 1829 Nonnullos,
2372 1764 2481 1829 ait,

862 1858 1140 1927 cwtequni
1188 1857 1480 1913 Catholicos
1508 1876 1598 1924 per
1646 1860 1781 1913 idem
1817 1870 2017 1927 tempus
2049 1859 2305 1929 Spiritum
2330 1873 2483 1911 sanc-

2587 650 2741 700 mus;
2773 633 2928 704 queis
2979 633 3115 689 nihil
3145 644 3331 690 contra
3385 634 3577 706 objicit
3630 636 3843 693 Lucifer
3879 653 3973 708 pro
4014 653 4155 693 causa

2589 728 2934 785 Constantini
2961 727 3344 787 tuenda.‘Tum
3386 731 3482 787 lib.
3514 749 3530 788 ι
3562 749 3661 802 pro
3690 735 3747 791 S.
3788 734 3985 791 Alban.
4019 752 4068 807 p.
4096 736 4149 791 9i

2590 821 2695 893 (hic
2720 824 2827 878 col.
2858 819 2985 893 857)
3008 840 3020 877 :
3041 821 3124 877 Tu
3144 824 3329 878 etenim
3354 825 3463 895 ipse
3481 827 3619 880 testis
3649 844 3721 893 es,
3752 828 3921 900 inquit
3942 829 4005 883 ad
4030 826 4157 883 Con-

2588 924 2871 989 stantium,
2891 922 3031 995 quod
3048 923 3184 977 enim
3213 933 3421 995 propter
3433 925 3611 994 Iidem,
3629 940 3783 993 quam
3803 939 3998 994 semper
4017 922 4159 977 tenuit

2588 1014 2828 1071 Ecclesia
2869 1033 2930 1070 ac
2973 1026 3130 1082 tenet,
3170 1016 3308 1088 quod
3354 1033 3468 1070 eam
3495 1017 3743 1072 damnare
3770 1019 3982 1072 noluerit
4008 1015 4159 1071 Alba-

2588 1110 2793 1175 nasius,
2813 1112 2995 1164 missus
3015 1110 3169 1181 fuerit
3187 1110 3255 1163 ad
3276 1110 3534 1175 exsilium,
3553 1112 3675 1182 quia
3702 1110 3931 1164 videlicet
3954 1111 4157 1164 noluerit

2588 1219 2699 1257 esse
2729 1204 2949 1257 Arianus
2974 1219 2993 1257 :
3014 1204 3210 1258 idcirco
3231 1220 3451 1275 namque
3478 1205 3810 1258 Athanasium
3836 1220 4060 1272 perosum
4079 1205 4159 1257 ha-

2590 1299 2751 1351 bitum
2779 1316 2809 1351 a
2852 1309 2997 1368 patre
3026 1308 3114 1353 tuo
3141 1315 3244 1352 non
3274 1298 3401 1367 fugit
3425 1308 3508 1363 te;
3533 1297 3941 1369 quandoquidem
3966 1307 4011 1350 et
4040 1308 4091 1351 tu
4117 1297 4161 1349 in

2590 1410 2651 1448 ea
2681 1410 2796 1446 eum
2842 1393 3068 1463 digneris
3098 1392 3333 1463 persequi
3372 1408 3549 1456 causa,
3583 1393 3635 1445 in
3664 1409 3765 1461 qua
3794 1394 3945 1461 fuerit
3980 1402 4025 1445 et
4059 1400 4160 1444 tutis

2591 1496 2738 1557 pater
2765 1496 3086 1555 persecutus.
3110 1488 3185 1541 Ac
3218 1487 3268 1540 in
3295 1486 3386 1539 lib.
3420 1501 3454 1539 ιι
3486 1500 3545 1540 se
3573 1485 3755 1555 inique
3782 1493 4004 1541 testatur
4032 1485 4161 1540 (lant-

2591 1590 2844 1635 nalurum
2895 1581 3064 1637 fuisse
3110 1581 3496 1646 Athanasium,
3542 1581 3586 1635 si
3614 1580 3918 1636 Constantii
3946 1591 3992 1635 et
4020 1582 4163 1651 patris

2590 1679 2704 1748 ejus
2738 1676 2991 1730 uoluntati
3045 1676 3493 1731 obsecundassct.
3530 1674 3665 1731 llinc
3708 1674 3970 1731 Baronius
3998 1676 4057 1730 ad
4079 1692 4160 1729 an.

2591 1768 2717 1830 536,
2750 1785 2899 1823 Itlllll.
2929 1766 3016 1834 ll,
3051 1769 3245 1823 merito
3273 1766 3577 1822 Luciferum
3598 1767 3959 1837 reprehendit,
3984 1766 4164 1838 quippe

2593 1878 2656 1918 ea
2690 1864 3008 1934 scripserit,
3040 1878 3156 1935 qua:
3181 1880 3211 1916 a
3238 1864 3449 1916 veritate
3472 1863 3669 1931 penitus
3700 1861 3999 1926 abhorrent;
4026 1869 4075 1913 at
4102 1859 4161 1912 ad

860 1963 971 2006 tum
997 1954 1172 2022 palam
1199 1964 1475 2023 aperteque
1504 1952 1673 2007 Deum
1704 1953 1963 2007 nominari
2006 1970 2104 2007 non
2138 1954 2403 2016 sinebant,
2433 1962 2481 2006 et
2513 1957 2562 2018 B
2588 1972 2677 2011 an.
2698 1957 2823 2023 32$,
2852 1957 2942 2013 ubi
2961 1956 3176 2011 ὠθέει-ἧι
3204 1956 3272 2011 de
3295 1956 3543 2010 Romano
3559 1953 3896 2009 Constantini
3917 1952 4165 2022 baptismo

858 2047 948 2119 qui
978 2063 1159 2102 t'ocare
1188 2048 1262 2102 sic
1290 2047 1579 2113 auderent,
1611 2050 1685 2104 eis
1710 2060 1972 2119 tamquam
2017 2047 2301 2102 Culholirtc
2331 2044 2486 2101 Fidei

858 2142 1088 2195 inimicis
1114 2141 1494 2214 obstrepebant.
1522 2144 1662 2209 Alii,
1688 2144 1783 2197 etsi
1814 2142 1979 2196 Deum
2007 2157 2114 2197 esse
2138 2159 2243 2195 non
2273 2140 2482 2194 dubita-

859 2246 1009 2302 rent,
1059 2238 1203 2305 pacis
1228 2255 1291 2291 ac
1330 2238 1627 2293 concordia:
1653 2240 1848 2302 studio,
1880 2249 1925 2293 et
1954 2256 2015 2294 ne
2041 2240 2319 2294 malevolos
2357 2239 2483 2292 istos

863 2329 1222 2397 offenderent,
1268 2333 1472 2401 publice
1510 2334 1565 2385 id
1596 2336 1807 2387 minime.
1838 2334 2237 2401 proﬁtebantur.
2270 2332 2483 2388 Primos

858 2424 1145 2494 redarguit
1168 2424 1400 2478 Basilius
1432 2425 1481 2479 in
1510 2425 1601 2480 lib.
1625 2426 1691 2480 de
1708 2426 1899 2494 Spirit.
1926 2428 2137 2491 Sanct.,
2163 2436 2219 2481 et
2242 2426 2293 2479 in
2317 2427 2480 2495 epist.

858 2535 979 2583 vni,
1030 2521 1104 2575 al.
1142 2519 1267 2588 Ml,
1312 2522 1513 2592 scripta
1546 2538 1635 2576 an.
1670 2522 1797 2577 560.
1832 2521 2052 2577 Alteros
2093 2537 2223 2577 vero
2255 2521 2487 2576 Basilius

858 2615 981 2684 ipse
1031 2616 1274 2670 imitatus
1323 2628 1405 2671 est
1451 2616 1767 2686 aliquando.
1800 2616 2004 2670 duabus
2052 2617 2377 2685 potissimum
2422 2615 2487 2669 de

859 2708 1050 2761 causis.
1080 2706 1266 2761 Prima
1292 2719 1405 2762 erat
1431 2720 1484 2762 ut
1510 2710 1736 2775 inﬁrmis
1758 2711 2080 2775 consuleret,
2113 2710 2284 2763 altera
2317 2720 2369 2762 ut
2402 2710 2485 2779 fu-

856 2802 1089 2856 rentibus
1109 2804 1366 2858 hazreticis
1392 2804 1561 2858 locum
1586 2805 1888 2873 prieriperet
1914 2805 2284 2873 perturbanda:
2304 2812 2352 2859 et
2372 2820 2488 2857 vas-

859 2895 1034 2951 lauda:
1060 2895 1428 2968 Cappadocus,
1460 2900 1714 2970 inquiunt
1739 2898 1973 2953 Maurini
2005 2899 2260 2955 Editores
2290 2901 2345 2955 in
2368 2898 2486 2953 lau-

860 2989 988 3045 data
1023 2988 1243 3045 Pin-im.
1277 3007 1425 3046 num.
1460 2992 1516 3058 5,
1541 2992 1637 3062 qui
1668 2992 1851 3047 Basilii
1884 2993 2172 3047 consilium
2207 2992 2325 3047 fuse
2357 3007 2481 3047 eru-

861 3086 1087 3157 diteqne
1118 3098 1355 3142 tuentur.
1390 3090 1454 3141 At
1486 3087 1704 3142 Lucifer
1731 3102 1838 3157 quo
1868 3096 1991 3143 erat
2018 3088 2204 3143 animo
2235 3087 2481 3157 fervens,

860 3192 917 3238 et
948 3182 1082 3235 mira
1132 3182 1186 3236 iu
1238 3180 1472 3237 dicendo
1519 3181 1776 3237 libertate
1804 3224 1817 3248 ,
1860 3182 2017 3238 unice
2061 3181 2214 3237 Fidei
2261 3196 2485 3238 causam

859 3275 1173 3343 speetabat,
1204 3284 1261 3329 et
1290 3274 1572 3343 quibusvis
1623 3284 1843 3344 poterat
1890 3274 2066 3329 modis
2117 3274 2233 3331 sive
2264 3290 2324 3330 re
2369 3275 2486 3329 sive

2590 2067 2741 2106 num.
2779 2050 2876 2105 5i:
2915 2050 3123 2106 Scimus
3154 2050 3294 2120 apud
3326 2048 3622 2119 Luciferum
3650 2047 3997 2103 Calarilanum
4040 2047 4165 2102 Con-

2588 2145 2871 2198 stantinum
2926 2142 3301 2215 Imperatorem
3354 2144 3573 2215 infantia
3622 2144 3828 2199 lucresis
3882 2143 4127 2197 laborasse
4153 2184 4165 2207 ,

2587 2236 2729 2309 quod
2760 2237 2821 2293 S.
2853 2236 3199 2293 Athanasium
3230 2238 3471 2291 exsulare
3503 2238 3764 2304 jussisset.
3805 2236 3990 2291 Verum
4018 2236 4169 2306 magis

2589 2332 2691 2401 ipsi
2716 2330 2976 2385 credimus
3008 2332 3315 2398 Athanasio,
3339 2332 3428 2403 qui
3453 2348 3568 2385 eum
3590 2347 3726 2400 stupe
3754 2342 3975 2395 excusat,
4004 2340 4048 2383 et
4067 2342 4169 2399 post

2591 2424 2788 2479 obitum
2816 2424 3207 2480 Constantinum
3241 2426 3405 2494 pium,
3435 2425 3601 2496 felicis
3630 2425 3906 2489 memoria’,
3936 2434 4077 2494 atque
4099 2441 4171 2478 re-

2591 2518 2981 2588 ligiosissimmn
3005 2518 3258 2585 nominat,
3284 2526 3423 2572 orat.
3454 2518 3476 2572 1
3504 2516 3626 2572 adv.
3659 2519 3842 2572 Arian.
3873 2528 3923 2573 et
3956 2518 4169 2588 .-\p0log.

2592 2611 2657 2665 ad
2686 2610 3073 2665 Constantium
3095 2652 3110 2677 ,
3137 2621 3247 2665 tum
3274 2610 3326 2664 in
3359 2611 3520 2681 epist.
3552 2611 3619 2667 ad
3646 2611 3967 2677 Solitarios,
3996 2612 4044 2666 in
4074 2625 4170 2679 qua

2591 2703 2674 2757 sui
2700 2702 2885 2758 exsilii
2917 2718 3139 2759 causam
3168 2703 3220 2758 in
3252 2703 3496 2759 fraudem
3528 2714 3577 2759 et
3613 2704 3832 2760 insidias
3860 2705 4170 2760 Arianorum

2591 2796 2791 2866 reiicit.
2818 2797 3084 2865 Equidem
3117 2806 3329 2853 veteres
3360 2798 3551 2854 Patres
3579 2815 3684 2853 non
3714 2802 3864 2868 pauci
3889 2798 4174 2854 catholicos

2594 2889 2939 2945 Constantini
2964 2906 3159 2947 sensus
3184 2933 3197 2956 ,
3229 2901 3279 2946 et
3317 2901 3479 2947 rectae
3506 2891 3657 2947 Fidei
3686 2892 3986 2947 conlormes
4014 2891 4170 2962 pluri-

2592 2983 2695 3038 bus
2727 2983 2974 3049 laudant,
3009 2992 3065 3038 et
3098 2983 3338 3039 Hilarius
3383 2985 3433 3038 in
3471 2984 3564 3040 lib.
3611 3001 3626 3040 ι
3666 2984 3885 3041 advers.
3915 2983 4171 3039 Constan-

2593 3078 2727 3131 tium
2762 3077 2905 3131 hunc
2947 3078 3154 3147 pietatis
3188 3087 3418 3147 paternae
3454 3078 3710 3134 hicredem
3737 3078 3969 3133 rebellem
3996 3079 4175 3149 appel-

2593 3171 2698 3237 lat,
2730 3180 2786 3226 et
2818 3171 3087 3243 Epiphau.
3107 3171 3301 3228 haeres.
3331 3173 3423 3238 69,
3450 3173 3826 3230 Constantium
3854 3175 3977 3231 item
4010 3174 4177 3231 incre-

2595 3272 2717 3333 pat,
2744 3263 2887 3334 quod
2917 3280 3019 3317 non
3044 3264 3331 3319 secundum
3357 3267 3510 3335 [idem
3542 3268 3703 3338 patris
3725 3268 3986 3338 processit.
4022 3267 4182 3322 Erant

864 3372 1049 3427 verbis
1073 3373 1193 3426 sive
1222 3371 1461 3442 scriptis,
1498 3382 1556 3426 ut
1581 3372 1728 3427 illam
1757 3371 1975 3443 publice
2004 3382 2060 3427 et
2085 3371 2209 3438 sine
2234 3372 2343 3427 ulla
2366 3386 2490 3426 ver-
2517 3340 2559 3405 Ο

2487 3403 2490 3410 .
2517 3340 2562 3405 C
2597 3367 2778 3414 tamen
2805 3359 3084 3423 nonnulli,
3111 3359 3202 3429 qui
3232 3375 3299 3414 ex
3329 3359 3414 3424 iis,
3437 3376 3555 3431 qua!
3578 3370 3687 3416 tum
3718 3362 4065 3432 gerebantur,
4101 3375 4182 3415 su-

864 3465 1063 3519 borum
1097 3465 1330 3535 ambage
1373 3473 1691 3530 testaretur,
1740 3474 1799 3519 ut
1847 3465 2082 3520 Arianos
2111 3464 2178 3519 ad
2226 3464 2489 3533 ejuranda

870 3558 1036 3628 impia
1070 3558 1345 3613 haereseos
1394 3558 1649 3629 dogmata
1700 3558 1982 3629 adigeret,
2033 3566 2145 3614 tota
2192 3557 2400 3629 ingenii
2439 3559 2489 3613 vi

867 3653 1189 3709 eonabatur.
1229 3652 1524 3723 Pr0pterea
1570 3652 1639 3708 de
1684 3651 1817 3709 Fide
1857 3652 2099 3708 Luciferi
2136 3667 2199 3707 ac
2238 3652 2490 3707 doctrina

869 3746 991 3801 ha'c
1038 3748 1234 3801 merito
1266 3746 1600 3802 Athanasius
1647 3747 1872 3816 scripsit
1921 3746 1974 3800 in
2008 3747 2180 3802 altera
2223 3745 2290 3802 ad
2337 3745 2490 3800 illum

872 3839 1107 3908 cpistola
1138 3856 1149 3891 :
1185 3838 1314 3906 Quis
1343 3855 1443 3893 non
1474 3838 1739 3911 pervidet,
1774 3839 1996 3909 exceptis
2030 3838 2240 3892 Arionis
2261 3880 2275 3905 ,
2310 3854 2375 3892 ea:
2403 3847 2493 3892 tua

871 3932 1112 3984 doctrina
1138 3946 1311 3984 ueram
1338 3929 1545 4001 quidem
1576 3929 1753 3997 ﬁdem,
1786 3930 2049 3983 maculam
2074 3940 2247 3984 autem
2275 3930 2495 3985 Ariano-

868 4024 1032 4079 rum?
1064 4022 1232 4079 Valde
1261 4035 1307 4078 et
1340 4023 1743 4089 admirabiliter,
1778 4038 1834 4079 ut
1873 4034 1951 4081 est
1982 4026 2155 4079 lumen
2177 4043 2209 4079 a
2237 4025 2491 4092 tenebris,

871 4122 946 4175 ita
968 4122 1223 4192 separasti
1259 4122 1523 4176 veritatem
1555 4138 1587 4175 a
1610 4122 1897 4176 calliditate
1920 4131 1969 4177 et
1998 4121 2264 4193 hypocrisi
2289 4121 2493 4175 Ita'reti-

872 4232 1076 4278 rorum,
1110 4216 1393 4287 defendisti
1423 4217 1735 4272 catholicam
1758 4216 2073 4285 Ecclesium,
2106 4217 2336 4287 probasti
2365 4214 2497 4270 nihil

872 4326 1011 4373 esse,
1056 4308 1145 4363 sed
1175 4318 1372 4363 tantum
1404 4312 1734 4378 phantasiam
1766 4310 2081 4366 Arianorum
2126 4310 2302 4365 verba.
2354 4309 2497 4365 Inte-

874 4420 1028 4474 grain
1062 4403 1295 4459 Luciferi
1326 4403 1515 4460 Fidem
1548 4404 1730 4459 laudat
1764 4406 1929 4459 etiam
1951 4404 2277 4459 Ambrosius
2307 4404 2360 4458 in
2396 4403 2493 4459 lib.

873 4498 941 4552 de
972 4512 1202 4552 excessu
1240 4496 1425 4551 lratris
1460 4498 1547 4552 sui
1598 4496 1823 4569 Satyri;
1870 4498 2025 4567 cujus
2074 4494 2232 4551 Fidei
2268 4496 2497 4552 Iiwredes

840 4594 1051 4662 .ipsnm
1098 4590 1333 4646 affirmat
1389 4592 1706 4662 reliquisse,
1742 4606 1973 4661 eamque
2001 4591 2264 4661 gravibus
2310 4590 2497 4646 verbis

869 4685 1260 4741 commendant
1311 4684 1603 4741 Faustinus
1655 4694 1713 4741 et
1765 4685 2111 4741 Marcellinus
2176 4685 2231 4740 in
2286 4682 2497 4741 Libello

872 4779 1104 4835 Precum
1136 4821 1148 4845 ,
1181 4788 1288 4834 etc.

968 4871 996 4945 ᾗ
1033 4869 1119 4927 Ill.
1153 4902 1225 4911 --
1258 4871 1487 4937 Qua'stio
1508 4872 1692 4925 critica
1722 4872 1776 4926 in
1801 4873 1997 4943 aliquot
2022 4871 2259 4944 Luciferi
2282 4874 2417 4927 loca.

944 4966 1100 5035 Quod
1134 4967 1200 5022 ad
1230 4966 1371 5022 hanc
1404 4966 1749 5022 Praefationis
1781 4978 1991 5037 partem
2026 4970 2254 5033 attinet,
2287 4984 2350 5024 ea
2383 4968 2496 5039 pri-

873 5077 1045 5125 mum,
1075 5076 1194 5131 qum
1227 5060 1297 5117 de
1331 5076 1561 5117 numero
1591 5061 2011 5132 Episcoporum,
2045 5061 2135 5133 qui
2165 5063 2217 5116 in
2242 5060 2494 5117 Concilio

874 5155 1098 5211 Mediol.
1126 5154 1495 5211 interfuerunt
1516 5170 1604 5209 an.
1626 5154 2001 5220 555,diximns
2018 5155 2104 5209 hic
2128 5154 2491 5211 examinanda

877 5266 1001 5307 esse
1020 5260 1143 5304 nota
1164 5250 1410 5319 subjecta
1428 5266 1481 5320 p.
1503 5251 1561 5305 11
1584 5250 1691 5322 (hic
1719 5248 1818 5304 col.
1854 5250 1959 5304 777
1988 5260 2096 5303 not.
2131 5248 2208 5321 τι),
2238 5250 2491 5319 videjam

878 5352 1107 5399 tractata
1145 5343 1195 5397 in
1225 5346 1337 5413 ipsa
1370 5341 1606 5397 Luciferi
1638 5343 1779 5410 \‘ita,
1815 5342 1983 5397 veluti
2013 5343 2222 5412 aptiore
2247 5342 2301 5397 in
2332 5343 2455 5397 loco
2476 5382 2491 5407 ,

877 5438 950 5490 uti
982 5438 1145 5490 etiam
1196 5451 1280 5499 ea,
1331 5451 1451 5505 qnzu
1479 5434 1545 5489 de
1578 5434 1769 5489 Edicto
1798 5435 2103 5490 Consmntii
2135 5434 2493 5505 imperatoris

872 5532 1179 5599 sepissime
1209 5530 1427 5585 Lucrfer
1483 5530 1711 5593 scribit,
1767 5530 2076 5600 prmsertim
2132 5532 2233 5585 sub
2274 5530 2491 5585 initium

876 5624 1055 5677 lib.de
1086 5640 1189 5677 non
1212 5640 1355 5692 pare.
1382 5625 1432 5675 in
1460 5620 1623 5677 Deum
1650 5624 1843 5693 delinq.
1865 5623 2103 5678 Primum
2138 5625 2302 5695 igitur
2328 5622 2488 5691 hujus

874 5718 1191 5783 qumstionis
1224 5720 1401 5771 locum
1436 5717 1538 5770 sibi
1583 5718 1821 5772 vindicat
1852 5717 2087 5774 Luciferi
2117 5718 2386 5773 sententia
2419 5717 2487 5773 de

871 5813 1239 5866 Constantino
1267 5813 1434 5883 Ang.,
1464 5827 1625 5882 quem
1657 5813 1775 5864 labe
1803 5813 1990 5867 Ariani
2023 5815 2230 5869 erroris
2249 5813 2490 5882 aspergit

872 5906 923 5959 in
952 5910 1038 5963 lib.
1059 5908 1121 5960 .le
1145 5907 1597 5978 lleg.Apost.p.59
1616 5907 1721 5980 (hic
1736 5906 1995 5979 col.804),
2018 5908 2070 5961 in
2088 5923 2197 5979 quo
2220 5905 2488 5962 Constan-

870 6001 1000 6059 tium
1052 6006 1167 6062 bmc
1207 6005 1523 6078 loquentem
1555 6003 1768 6062 inducit
1805 6023 1816 6059 :
1846 6004 1968 6061 Nisi
2020 6013 2165 6074 pater
2196 6020 2337 6061 meus
2367 6004 2492 6061 bene

2594 3452 2892 3522 spicionem
2912 3451 3397 3522 facilecapiebant,
3421 3454 3624 3525 quippe
3654 3469 3834 3509 rerum
3856 3454 4029 3510 minus
4055 3468 4185 3509 con-

2592 3546 2726 3611 scii,
2759 3546 2828 3601 de
2860 3545 3015 3602 Fidei
3063 3547 3376 3617 integritate
3425 3549 3476 3603 in
3525 3547 3917 3613 Constantino;
3966 3563 4085 3603 nam
4133 3558 4185 3603 et

2592 3642 2879 3699 Athanasii
2927 3643 3217 3709 exsilium,
3265 3652 3319 3699 et
3350 3643 3463 3699 Arii
3510 3644 3576 3698 ad
3618 3644 4013 3700 Catholicorum
4043 3660 4187 3701 com-

2596 3739 2913 3795 munionem
2964 3738 3299 3795 rcstitutioa
3352 3736 3711 3795 Coristantino
3764 3739 4181 3795 Eusebianorum

2594 3832 2723 3888 dolo
2752 3834 2984 3906 probata
3015 3832 3208 3888 dubios
3240 3832 3381 3887 haud
3416 3832 3612 3903 injuria
3640 3841 3951 3889 cunctorum
3979 3834 4186 3888 animos

2596 3928 2652 3984 in
2682 3944 2741 3984 re
2785 3939 2893 3983 tam
2925 3928 3076 3999 gravi
3108 3928 3400 3984 tenebant:
3435 3944 3607 4000 quare
3656 3929 3701 3985 is
3730 3928 3884 3984 morti
3915 3930 4187 4000 proximus

2596 4020 2716 4077 lucc
2747 4021 2912 4076 verba
2948 4020 3337 4091 pronuntiasse
3365 4020 3567 4076 dicitur
3610 4022 3678 4077 ab
3709 4020 3939 4078 Eusebio
3970 4022 4022 4076 in
4071 4022 4187 4091 ejus

2601 4112 2833 4170 Vitalib.
2860 4129 2934 4180 IV,
2959 4128 3080 4184 Cap.
3104 4113 3174 4169 69.
3199 4133 3211 4169 :
3239 4121 3317 4174 Mr}
3344 4113 3406 4174 δή
3431 4109 3521 4170 οὖν
3546 4115 3821 4188 ἀμφιϐολία
3846 4136 3922 4175 τις
3938 4117 4184 4189 γίγνηται,

2600 4205 2766 4262 Nulla
2787 4209 2905 4279 jam
2934 4207 3194 4261 dubitatio
3219 4206 3323 4272 sit;
3349 4222 3577 4278 quorum
3608 4208 3871 4261 verborum
3898 4224 4071 4262 sensus
4098 4224 4186 4261 sa-

2598 4303 2663 4359 tis
2690 4312 2765 4357 est
2795 4303 3041 4358 obscurus
3064 4344 3077 4367 ,
3109 4301 3295 4357 subdit
3339 4301 3589 4357 Valesius
3621 4303 3672 4357 in
3719 4304 3915 4357 Annal.
3955 4318 4017 4356 an
4055 4301 4186 4356 Cou-

2593 4400 2816 4455 stantius
2848 4399 2903 4453 id
2931 4399 3094 4452 voluit
3120 4398 3330 4453 dicere?
3366 4416 3384 4452 ι
3422 4396 3649 4454 Cessent
3674 4396 3784 4468 jam
3812 4412 3994 4453 omnes
4031 4395 4186 4450 dubi-

2605 4514 2625 4546 α
2660 4504 2778 4551 tare
2807 4494 2876 4550 de
2907 4508 2993 4548 me
3013 4533 3027 4559 ,
3056 4503 3237 4549 utrum
3270 4510 3329 4551 rc
3355 4510 3484 4550 vera
3508 4491 3844 4550 ChriStianus
3869 4492 3997 4559 sim;
4029 4504 4185 4547 nemo

2605 4610 2625 4643 ι
2664 4591 2717 4646 ἱιι
2746 4599 3028 4663 posterum
3057 4589 3388 4662 suspicetur,
3416 4604 3502 4645 me
3539 4588 3717 4645 verbis
3746 4587 4049 4654 dumtaxat,
4079 4600 4181 4641 non

2612 4703 2627 4737 i
2665 4700 2731 4741 ex
2764 4684 2958 4740 intimo
2987 4682 3169 4740 cordis
3204 4683 3402 4741 affectu
3441 4681 3629 4739 Fidem
3655 4682 3852 4739 Christi
3883 4680 4180 4751 amplexum

2607 4799 2625 4832 ι
2666 4777 2840 4835 fuisse
2864 4820 2877 4832 .
2918 4797 2935 4830 ι
2972 4778 3235 4847 Quamvis
3276 4778 3464 4835 Grieca
3500 4792 3597 4833 vox
3622 4778 3884 4851 ἀμφιϐολία
3911 4774 4063 4846 possit
4086 4771 4179 4825 hoc

2598 4874 2713 4928 loco
2736 4871 2876 4925 sumi
2895 4886 2987 4941 pro
3008 4872 3250 4935 ἀναϐολή,
3280 4870 3334 4925 id
3356 4879 3431 4925 est
3451 4870 3627 4925 omnis
3652 4886 3822 4939 mora,
3851 4870 4018 4925 omnis
4038 4879 4181 4921 amo-

2597 4975 2794 5022 veatur
2819 4964 3037 5031 dilatio;
3072 4968 3160 5038 qui
3185 4964 3393 5035 quidem
3421 4979 3598 5020 sensus
3630 4965 3789 5037 magis
3820 4962 4029 5018 cohteret
4068 4974 4180 5014 cum

2597 5059 3005 5131 prwcedentibus
3032 5060 3103 5117 de
3128 5058 3400 5129 baptismo
3422 5059 3634 5117 scilicet
3658 5059 3724 5115 ad
3767 5066 3987 5115 mortem
4015 5069 4181 5126 usque

2597 5154 2787 5210 dilato.
2840 5155 2979 5211 llinc
3012 5153 3283 5210 Baronius
3332 5152 3398 5209 ad
3432 5168 3519 5209 an.
3553 5154 3657 5210 556
3697 5150 3995 5209 Luciferum
4037 5147 4181 5203 hisce

2597 5258 2857 5306 esensat:
2895 5248 3064 5304 Porro
3094 5264 3269 5303 rerum
3296 5258 3416 5303 tunc
3446 5259 3703 5320 gestarum
3746 5259 3951 5316 prorsus
3974 5242 4179 5314 ignarus

2596 5346 2707 5411 ille,
2730 5345 2870 5418 quod
2898 5345 3110 5409 scisset,
3141 5340 3535 5398 Constantinum
3565 5340 3961 5396 Eusebianorum
3980 5351 4184 5407 persua-

2594 5441 2741 5496 sione
2762 5484 2775 5503 ,
2807 5438 3091 5509 itidemque
3120 5439 3471 5503 Arianorum,
3506 5435 3841 5491 Athanasium
3874 5434 3923 5487 in
3950 5428 4183 5487 exsiliunt

2595 5535 2649 5589 in
2677 5532 2884 5590 Gallias
2908 5530 3237 5599 «mandasse,
3259 5530 3481 5587 credidit
3505 5530 3713 5583 omnino
3739 5528 3793 5581 id
3822 5531 4020 5597 factum,
4047 5519 4183 5591 quod

2596 5626 2967 5684 Constantinus
2994 5626 3265 5681 transisset
3294 5626 3362 5680 ad
3395 5624 3641 5679 Arianam
3669 5621 3936 5686 heresim,-
3963 5619 4109 5687 idque
4132 5614 4181 5668 in

2593 5739 2709 5778 eum
2736 5721 3030 5775 inconsulto
3060 5722 3213 5775 nimis
3246 5720 3536 5774 declamare
3566 5734 3667 5772 non
3695 5716 3901 5773 destitit.
3927 5713 4181 5769 Praeterea

2592 5832 2715 5886 qua:
2759 5815 2810 5869 in
2867 5817 3054 5888 vulgus
3086 5824 3215 5869 tunc
3244 5812 3580 5877 ferebantur,
3613 5810 3751 5877 quod
3780 5808 4025 5865 Arianum
4054 5803 4181 5870 bap-

2594 5910 2756 5966 tisma
2790 5908 2837 5964 is
2879 5906 3313 5979 suscepissetab
3355 5904 3597 5961 Eusebio
3636 5903 3897 5974 Episcopo
3942 5897 4185 5954 Nicome-

2596 6002 2804 6073 diensi,
2837 6012 2892 6060 et
2928 6010 3201 6075 suspecta:
3234 6000 3516 6073 religionis
3550 5998 3788 6065 homine,
3826 5993 3914 6069 qui
3943 5981 4184 6048 morienti
