4292 6420
182 414 282 473 7Ξ1

1654 422 2049 481 ΡΚΕΡΑΤΙΗ.

3374 429 3481 487 72$

181 534 430 607 Augusto
458 536 699 594 adfuerat
720 582 733 605 ,
768 548 878 594 tum
908 540 1047 609 quod
1081 548 1436 594 lcslamenlum
1484 539 1782 594 tradidisset
1810 547 1862 603 Α
1891 543 2009 594 loco
2036 541 2157 595 libri
2191 541 2260 595 de
2289 541 2423 610 Reg.
2454 543 2646 610 Apost.
2683 556 2802 612 pag.
2832 542 2904 599 40
2935 543 3045 610 (Itic
3071 543 3171 598 col.
3207 543 3358 616 805),
3389 544 3483 600 ubi

179 632 479 702 presbytero
522 634 735 689 cuidam
768 636 877 689 Arii
909 636 1203 699 laudatori,
1233 652 1378 705 quem
1413 644 1466 687 ut
1493 637 1659 688 uirum
1695 636 1781 686 bo-

180 740 305 777 num
348 742 497 779 soror
524 729 685 795 ipsius
713 728 1013 781 Constantia
1054 730 1273 781 moriens
1320 731 1363 781 ei
1396 728 1781 781 commendave-

178 828 300 883 rat,
344 828 404 873 ut
444 822 634 875 scribit
672 822 888 875 Sozom.
918 822 1012 876 lib.
1047 838 1080 875 ll
1113 838 1232 891 cap.
1274 864 1279 869 ς
1318 841 1363 886 ι,
1397 838 1462 876 eo
1492 823 1661 890 magis
1690 836 1779 875 su-

176 913 477 982 spicionem
512 915 563 969 in
589 915 1007 971 COustantiuum
1039 918 1338 983 augebant;
1366 925 1425 969 ut
1457 917 1588 969 nihil
1622 932 1781 985 prop-

179 1014 329 1059 terea
362 1006 642 1073 miremur,
677 1009 721 1062 si
745 1008 958 1063 Lucifer
989 1009 1038 1062 in
1074 1025 1191 1063 eam
1224 1010 1532 1077 opinionem
1565 1010 1781 1078 prolap-

176 1112 275 1154 sus
304 1100 406 1167 sit,
435 1117 595 1173 quam
627 1104 881 1159 audiebat
923 1105 1148 1157 aliorum
1181 1119 1275 1157 ore
1320 1116 1371 1157 et
1419 1118 1690 1157 consensu
1725 1104 1777 1158 in

177 1193 410 1260 privatis
453 1195 735 1249 hominum
795 1196 1110 1266 colloquiis,
1143 1206 1198 1249 ut
1242 1199 1407 1249 inuris
1437 1212 1557 1249 esse
1606 1196 1775 1259 solet,

177 1288 487 1355 pervagari.
518 1286 663 1343 Sane
690 1288 1055 1360 Hieronymus
1088 1292 1139 1344 in
1166 1290 1367 1343 Chron.
1400 1290 1511 1343 ha-c
1536 1290 1602 1343 de
1633 1290 1778 1343 Con-

171 1377 417 1431 stantino
448 1377 665 1447 seripsit
692 1396 703 1431 :
728 1378 1093 1433 Constantinus
1122 1394 1346 1433 extremo
1376 1382 1490 1433 vittc
1516 1396 1623 1432 sua:
1654 1390 1778 1433 teut—

174 1486 305 1538 pore
332 1472 396 1524 ab
425 1470 648 1525 Eusebio
696 1470 1085 1526 Nicomediensi
1119 1473 1377 1541 Episcopo
1405 1474 1693 1536 baptizatus
1724 1474 1777 1525 in

173 1561 433 1616 Arianum
476 1562 667 1633 dogma
706 1564 966 1630 declinat;
1000 1582 1119 1635 qua:
1156 1568 1204 1619 in
1246 1566 1498 1619 oumibus
1549 1566 1777 1633 hujusce

167 1653 431 1710 Chronici
484 1658 894 1728 exemplaribus
930 1661 1038 1727 jam
1084 1662 1278 1722 editis,
1330 1670 1383 1714 et
1415 1663 1467 1713 in
1498 1676 1567 1713 vu
1604 1660 1772 1714 Vatie.

169 1762 310 1803 mss.
346 1749 623 1821 leguntur,
648 1754 722 1805 uti
752 1754 1134 1808 animadvertit
1162 1755 1429 1808 l’onlacus
1462 1756 1511 1808 in
1546 1757 1687 1808 notis
1710 1756 1774 1809 ad

169 1840 322 1897 hunc
350 1841 563 1909 locum;
599 1860 762 1899 unum
792 1856 976 1900 tamen
1005 1846 1324 1901 Lodonense
1356 1863 1457 1901 ms.
1487 1849 1564 1903 sic
1586 1850 1773 1903 eadem

1890 632 2193 700 perspicuis
2218 633 2397 686 verbis
2422 633 2683 701 .losaphat
2701 635 3107 687 sanctissimum
3132 651 3314 706 regem
3338 636 3481 691 Juda

1886 734 2171 792 comparat
2214 741 2335 780 cum
2383 727 2703 797 Constantio
2723 769 2735 786 .
2766 738 2822 781 et
2849 738 3147 798 utrumque
3173 732 3485 800 sacrilegum

1886 820 2179 875 manifesto
2216 824 2453 891 appellat
2486 841 2497 875 :
2533 823 2757 891 Quando
2789 824 3082 878 consideres
3112 824 3270 878 etiam
3311 826 3484 895 ﬁlium

1884 913 2185 968 Basaannis
2209 917 2800 987 trigintaauinque,cunt
2817 919 2970 987 fuerit
2996 928 3048 970 ut
3077 928 3134 971 tu
3156 920 3443 990 sacrilegus
3460 959 3477 983 ,

1883 1023 2125 1075 regnasse
2142 1011 2284 1075 apud
2306 1008 2543 1062 Judwos.
2564 1010 2729 1063 Error
2741 1009 2961 1079 quidem
2981 1010 3120 1064 inest
3140 1012 3344 1065 nomini
3362 1011 3487 1066 huic

1885 1099 2024 1154 Bosa
2054 1104 2168 1157 sive
2192 1105 2505 1173 interpretis
2536 1105 2651 1159 sive
2682 1105 2893 1159 librarii
2926 1103 3084 1174 culpa
3106 1147 3119 1169 ,
3148 1120 3269 1160 cum
3302 1106 3357 1159 in
3388 1120 3479 1161 sa-

1883 1197 1993 1249 cris
2026 1196 2176 1251 libris
2195 1206 2347 1264 pater
2372 1196 2635 1266 Josaphat
2658 1198 2856 1267 ubique
2887 1199 2990 1252 Asa
3015 1199 3347 1269 appelletur,
3368 1209 3419 1253 et
3448 1215 3480 1254 a

1884 1286 2121 1356 Josepho
2150 1290 2200 1341 iu
2232 1288 2321 1343 lib.
2343 1306 2433 1344 \‘tll
2453 1288 3031 1360 Antiq.Jud.cap.uet
3055 1306 3171 1360 seq.
3192 1294 3393 1346 Asanus
3421 1301 3480 1347 et

1882 1381 2112 1435 Assanus
2149 1383 2355 1452 absque
2383 1383 2495 1436 ullo
2540 1394 2784 1438 veterum
2817 1382 3066 1439 codicum
3117 1384 3477 1439 discrimine:

1881 1476 2084 1529 erravit
2115 1488 2292 1531 autem
2324 1477 2541 1532 Lucifer
2570 1479 2623 1532 in
2663 1478 3051 1548 consignandis
3084 1482 3239 1545 regni
3277 1480 3435 1533 annis
3461 1519 3477 1546 ,

1882 1570 1969 1637 qui
2000 1568 2261 1637 Josaphat
2286 1572 2631 1634 tribuuntur;
2656 1585 2781 1625 nam
2814 1572 2939 1624 anni
2972 1570 3191 1641 triginta
3214 1572 3475 1641 quinque,

1880 1676 2016 1727 quos
2042 1664 2091 1715 in
2126 1664 2241 1733 ejus
2273 1680 2438 1733 regno
2465 1674 2753 1735 supputat,
2779 1668 2957 1720 astatis
2979 1666 3105 1719 anui
3134 1675 3290 1731 sunt,
3314 1682 3479 1737 quam

1880 1766 1992 1809 tum
2025 1756 2279 1825 gerebat,
2308 1772 2429 1811 cum
2458 1758 2524 1811 ad
2554 1773 2780 1828 regnum
2821 1767 3045 1813 evectus
3074 1758 3171 1813 fuit
3191 1767 3297 1824 ,‘ut
3332 1760 3481 1814 clare

1877 1859 2096 1904 constat
2138 1867 2201 1904 ex
2245 1851 2285 1904 ll
2327 1852 2564 1921 Paralip.
2616 1866 2736 1921 cap.
2776 1869 2845 1906 xx
2888 1850 3029 1921 apud
3072 1852 3427 1923 Septuaginta
3462 1871 3476 1906 :

166 1934 469 1992 describit:
500 1936 866 1993 Constantinus
908 1952 1131 1995 extremo
1161 1944 1277 1995 rita’
1304 1958 1411 1994 sua:
1452 1952 1676 2012 tempore
1715 1942 1775 1993 ab
1809 1934 1851 1993 Β

1809 1934 1851 1993 Β
1884 1949 1973 1997 Καὶ
2000 1946 2327 1999 ἐϐασίλευσεν
2345 1944 2593 2018 Ἰωσαφάτ
2622 1948 2704 2000 ἐπὶ
2722 1948 2807 2001 τὸν
2829 1944 3017 2000 Ἱουδάν
3036 1987 3051 2012 ,
3084 1945 3153 2000 ὥν
3180 1948 3306 2000 ἐτῶν
3326 1967 3476 2020 τρια-

172 2026 400 2083 Ειιίρὺὶο
433 2028 692 2101 Episcopo
738 2032 1121 2087 Nicontedicnsi
1166 2035 1487 2105 baptizatus,
1520 2034 1772 2087 Eusebius

164 2124 225 2177 in
258 2124 507 2178 Arianum
550 2128 737 2200 dogma
765 2130 1007 2183 declinat.
1045 2131 1110 2185 Et
1142 2133 1531 2186 Alciihaciense
1568 2146 1669 2185 ηις.
1720 2142 1774 2186 et

166 2213 351 2270 Vatic.
384 2233 550 2272 unum
583 2234 684 2289 pro
710 2219 1071 2277 Constantino
1109 2223 1462 2278 Constantinus
1489 2225 1768 2291 nominat,

161 2312 259 2380 qui
282 2321 459 2367 tamen
484 2312 798 2369 Nicomedia
826 2318 1013 2387 procul
1040 2317 1340 2385 baptizatus
1368 2318 1465 2370 fuit
1484 2318 1550 2371 ab
1574 2319 1773 2387 Eulojo

160 2405 439 2475 Episc0p0
460 2408 683 2474 Ariano,
703 2423 923 2465 auctore
954 2410 1251 2465 Athanasio
1283 2414 1330 2464 in
1352 2412 1447 2466 lib.
1472 2412 1539 2465 de
1562 2412 1767 2483 Synod.

156 2498 437 2555 Barouius
484 2501 548 2556 ad
592 2518 679 2557 an.
718 2505 843 2568 Sil,
876 2515 1025 2573 putat
1056 2520 1117 2559 ea
1154 2506 1318 2558 verba
1356 2504 1612 2561 Cbronici
1646 2506 1769 2561 Ilie-

156 2594 474 2664 rouymiani
504 2610 628 2651 esse
672 2598 1032 2667 expungenda
1058 2641 1070 2662 ,
1103 2600 1301 2669 quippe
1326 2598 1657 2670 llieronymo
1689 2598 1771 2653 af-

153 2685 292 2741 ﬂeta
318 2729 331 2751 ,
365 2687 506 2757 quod
539 2697 718 2743 tamen
752 2689 1026 2745 Pontacus
1074 2691 1294 2746 efﬁcere
1339 2707 1501 2747 ausus
1544 2707 1652 2747 non
1685 2702 1767 2747 est

147 2790 350 2835 contra
380 2796 509 2837 mss.
538 2783 800 2838 Codicum
834 2784 1015 2851 tidem,
1044 2786 1168 2839 licet
1201 2786 1415 2839 Barouii
1441 2786 1765 2840 sententiam

147 2883 420 2943 sequatur
448 2874 518 2930 de
550 2876 712 2931 unico
738 2876 1081 2931 Constantini
1116 2878 1385 2945 baptismo
1432 2877 1617 2932 Roma:
1646 2891 1765 2932 sus-

144 2979 317 3039 cepto
370 2984 467 3039 per
512 2970 777 3040 Sylvestri
841 2971 1123 3025 Pontiﬁcis
1175 2972 1563 3025 ministerium.
1628 2970 1765 3026 Nus-

146 3072 302 3117 trum
342 3063 587 3133 profecto
619 3079 724 3117 non
748 3074 831 3119 est
862 3063 1001 3117 hanc
1041 3066 1474 3119 controversiam
1506 3065 1758 3131 aggredi,

142 3168 277 3223 qua!
302 3168 498 3225 magno
520 3156 792 3226 utrimque
817 3158 1046 3226 partium
1071 3158 1251 3211 studio
1282 3158 1460 3226 agitur
1485 3158 1628 3213 inter
1659 3157 1760 3211 Ec-

141 3245 496 3302 clesiastieos
528 3248 859 3317 Seriptores,
892 3259 1071 3303 utrum
1097 3250 1304 3304 scilicet
1334 3249 1665 3305 Nicomedi-.e
1693 3266 1758 3304 an

1880 2039 2177 2091 κοντάπεντι
2205 2040 2251 2090 ἐν
2275 2047 2349 2107 τῷ
2378 2039 2683 2109 βασιλεῦσαι
2714 2042 2865 2093 αὐτὸν
2903 2036 3005 2092 :Et
3039 2038 3269 2108 regnauit
3317 2036 3476 2091 lasa-

1877 2128 2000 2197 pliat
2031 2146 2184 2197 super
2200 2128 2232 2181 J
2242 2130 2413 2193 udam,
2434 2147 2550 2182 cum
2566 2140 2695 2184 esset
2726 2146 2984 2184 annorum
3012 2131 3226 2201 triginta
3247 2130 3473 2201 quinque

1873 2224 1924 2275 in
1954 2223 2214 2294 regnando
2238 2225 2441 2291 ipsum;
2473 2224 2614 2295 quod
2647 2224 2847 2279 ibidem
2885 2225 3111 2294 Vulgata
3139 2224 3427 2280 confirmat
3454 2240 3470 2288 ;

1872 2330 2043 2369 annos
2068 2331 2197 2370 vero
2223 2332 2478 2386 regnasse
2504 2318 2688 2387 viginti
2719 2320 2961 2387 quinque
2982 2326 3255 2372 testantur
3276 2317 3471 2374 itidem

1875 2406 2223 2475 Septuaginta
2254 2418 2365 2461 tum
2407 2410 2460 2462 in
2491 2424 2611 2477 cap.
2651 2409 2842 2463 eodem
2888 2410 3013 2463 libri
3041 2408 3085 2463 ll
3134 2409 3465 2479 Paralipom.

1875 2504 1951 2551 καὶ
1988 2496 2150 2555 εἴκοσι
2177 2505 2263 2556 καὶ
2290 2503 2436 2557 πέντε
2465 2500 2552 2559 ἔτη
2574 2502 2926 2565 ἐϐασίλευσεν,
2960 2510 3008 2556 el
3038 2504 3219 2574 viginti
3245 2516 3292 2558 et
3318 2506 3472 2573 quin-

1870 2609 1968 2663 que
1992 2609 2155 2647 annos
2182 2596 2444 2662 regnat-it;
2475 2604 2585 2648 tum
2618 2593 2671 2648 in
2698 2595 2789 2648 lib.
2820 2592 2883 2648 Ill
2914 2593 3046 2664 Reg.
3075 2608 3175 2664 Cap
3197 2610 3286 2649 xvr
3305 2637 3319 2659 ,
3345 2596 3469 2666 qui-

1869 2684 2095 2741 buscum
2140 2690 2415 2741 consentit
2452 2687 2715 2759 Vulgata,
2772 2699 2823 2743 et
2868 2688 3144 2757 Iosephus
3187 2691 3239 2744 in
3278 2691 3374 2746 lib.
3414 2707 3465 2745 ix

1869 2793 1991 2848 cap.
2041 2781 2107 2843 3,
2163 2780 2256 2849 qui
2307 2781 2497 2834 scribit
2542 2795 2728 2850 regem
2783 2779 2963 2845 hunc,
3014 2790 3197 2835 exacto
3255 2783 3468 2851 quidem

1868 2874 1983 2927 vita:
2027 2889 2137 2926 sure
2208 2889 2345 2925 anno
2404 2874 2758 2944 sexagesimo,
2813 2875 2956 2944 regni
3044 2889 3163 2928 vero
3218 2875 3468 2945 vigesimo

1868 2966 2046 3034 quinto
2078 2966 2218 3019 diem
2248 2979 2561 3032 supremum
2594 2966 2828 3021 obiisse:
2864 2965 3008 3021 unde
3037 2965 3286 3022 Latinius
3318 2978 3466 3023 recte

1867 3062 2120 3130 coojicit,
2154 3060 2466 3115 Luciferum
2504 3062 2642 3115 haud
2672 3074 2983 3118 assecutum
3034 3061 3207 3117 fuisse
3237 3078 3464 3118 sensum

1868 3154 2030 3221 hujus
2062 3154 2354 3208 testimOnii
2388 3154 2525 3209 adeo
2569 3156 2620 3209 in
2662 3156 2835 3209 sacris
2885 3155 3041 3210 libris
3090 3158 3462 3224 perspicuum.

1867 3247 2041 3301 Porro
2091 3247 2315 3303 dubium
2368 3264 2475 3301 nou
2506 3257 2627 3312 est,
2658 3249 2788 3317 quin
2839 3247 3059 3303 Lucifer
3103 3247 3465 3319 Josaphatum

141 3336 342 3392 Romae
365 3339 752 3395 Constantinus
801 3342 1125 3409 baptismum
1178 3346 1483 3410 susceperit
1520 3342 1757 3401 :Dauiel
1788 3315 1833 3378 (ἶ
1868 3342 2105 3396 innuerit
2128 3340 2193 3395 iis
2216 3341 2416 3407 verbis,
2446 3357 2566 3412 qum
2594 3357 2665 3396 ex
2694 3356 2851 3397 sacro
2880 3343 3157 3398 volumine
3174 3343 3458 3411 describit,

141 3442 333 3488 tamen
368 3434 770 3503 Papebrochius
799 3436 849 3489 iu
882 3436 1094 3489 Comm.
1131 3437 1265 3491 Ilist.
1301 3438 1367 3491 de
1396 3437 1457 3492 S.
1490 3439 1761 3493 Constan-

138 3527 268 3581 tino
317 3525 385 3579 Μ.
418 3526 671 3595 Imperat.
706 3526 771 3581 ad
812 3527 958 3581 diem
1010 3530 1070 3581 2|
1105 3528 1227 3582 Maii
1261 3529 1397 3583 Boll.
1429 3545 1549 3597 cap.
1582 3530 1637 3596 2,
1673 3529 1763 3584 Ni-

137 3620 505 3676 comediense
538 3622 802 3689 baptisma
848 3631 1030 3675 tuetur
1057 3622 1321 3676 adversus
1348 3623 1640 3677 Baronium
1663 3666 1676 3689 ,
1706 3633 1761 3678 et

138 3713 472 3784 Hieronymi
505 3714 687 3769 verbis
720 3714 859 3769 hanc
893 3715 1399 3783 interpretationem
1448 3732 1758 3771 accommo-

136 3810 242 3863 dat
274 3826 287 3861 :
321 3806 390 3860 Id
412 3817 518 3873 cst,
552 3809 803 3861 inclinare
832 3810 969 3862 visus
997 3818 1069 3862 est
1112 3806 1477 3863 Constantinus
1499 3810 1551 3862 in
1581 3827 1755 3863 eorum

134 3900 455 3954 sententiam
479 3940 492 3961 ,
519 3901 610 3970 qui
637 3900 919 3970 ὁμοονσίου
962 3902 1207 3954 rocabulo
1233 3901 1595 3954 abstinendum
1641 3918 1759 3955 cen-

134 3993 325 4046 sebant
347 4033 361 4056 ,
392 4008 491 4045 non
529 4002 583 4044 ut
613 3993 853 4045 Iueretico
884 3993 972 4046 sed
1013 4004 1066 4046 ut
1107 4011 1258 4055 nouo,
1291 3994 1509 4061 ideoque
1540 3996 1758 4047 scanda-

136 4088 256 4138 lum
286 4094 561 4156 generante
584 4084 728 4153 apud
758 4102 868 4151 eos,
895 4086 983 4152 qui
1014 4085 1241 4139 Nica'na.’
1272 4085 1428 4138 Fidei
1457 4089 1663 4139 omnino
1702 4104 1757 4138 se

131 4176 418 4232 adluerere
447 4177 844 4246 proﬁtebantur,
892 4179 1362 4245 persuadebatur/ue
1403 4176 1716 4243 Imperatori
1738 4219 1752 4241 ,

133 4282 203 4327 ut
234 4271 497 4337 crederet,
524 4287 630 4337 eos,
660 4273 748 4342 qui
776 4273 1086 4325 vocabantur
1114 4272 1292 4323 Ariani
1316 4312 1329 4331 ,
1357 4287 1474 4323 vocc
1514 4272 1605 4323 illa
1632 4286 1757 4340 sup-

135 4383 328 4436 preesa
350 4364 418 4417 ad
441 4364 770 4419 concordiam
800 4365 1099 4418 redituros:
1129 4374 1212 4428 et,
1251 4364 1425 4418 Simili
1456 4363 1611 4415 modo
1629 4364 1756 4416 alibi

136 4458 503 4528 Hieronymus
534 4457 740 4525 scripsit
770 4469 982 4525 propter
1010 4465 1265 4523 receptam
1303 4456 1535 4509 Valentis
1564 4465 1611 4509 et
1654 4454 1756 4509 Ur-

130 4555 272 4609 sacii
301 4552 676 4622 confessionem
700 4552 753 4604 in
776 4552 944 4618 specie
966 4549 1317 4613 Catholicam,
1346 4550 1487 4620 quod
1513 4551 1755 4621 ingemis-

129 4662 264 4701 cens
286 4644 424 4699 orbis
456 4656 712 4696 terrarum
738 4644 958 4695 miratus
982 4652 1055 4696 est
1096 4658 1149 4695 se
1173 4658 1282 4696 esse
1322 4643 1594 4695 Ariunum.
1627 4642 1753 4698 Hmc

1866 3445 1919 3490 et
1946 3435 2012 3489 ad
2039 3436 2181 3490 hunc
2210 3452 2391 3505 regem
2425 3438 2717 3504 pertinent,
2743 3436 2811 3491 Ill
2861 3437 2991 3506 Reg.
3029 3454 3119 3493 xvs
3151 3440 3294 3504 apud
3327 3440 3464 3511 Sep.

1868 3530 2140 3600 tuaginta:
2202 3529 2264 3583 Et
2305 3531 2356 3583 in
2379 3547 2518 3584 anno
2541 3531 2810 3584 undecimo
2856 3529 3033 3584 Ambri
3080 3541 3261 3601 regnat
3300 3531 3462 3588 lasa-

1866 3624 1990 3690 phat
2022 3624 2161 3688 ﬁlius
2205 3623 2379 3676 Asa...
2406 3632 2456 3678 et
2493 3624 2767 3677 ambulavit
2794 3625 2848 3676 in
2876 3625 2959 3676 via
2986 3623 3091 3676 Asa
3145 3626 3310 3693 patris
3332 3629 3417 3681 sui
3441 3668 3457 3693 ,

1862 3725 1909 3767 et
1965 3730 2066 3768 non
2122 3716 2402 3768 declinavit
2450 3717 2513 3768 ab
2550 3732 2639 3779 ea,
2679 3718 2921 3785 facienda
2970 3728 3165 3770 rectum
3229 3720 3285 3772 in
3333 3737 3463 3775 con-

1859 3818 2035 3873 spectu
2060 3804 2293 3864 Domini.
2321 3807 2540 3862 Tantum
2568 3810 2769 3862 excelsa
2789 3825 2892 3863 non
2914 3808 3256 3867 abstulerunt.
3286 3813 3468 3867 Sacri-

1862 3903 2086 3970 ﬁcabant
2142 3904 2196 3955 in
2240 3904 2484 3965 excelsis,
2541 3913 2586 3955 et
2652 3903 2966 3969 adolebant;
3022 3920 3143 3974 quae
3200 3906 3456 3977 leguntur

1863 3997 2090 4063 repetita
2119 4009 2240 4064 cap.
2272 4010 2419 4051 xxu:
2454 3993 2521 4049 Et
2548 3997 2825 4049 ambulavit
2848 3997 2901 4050 in
2930 3999 3073 4051 omni
3112 3999 3192 4053 aia
3226 4000 3331 4054 Asa
3367 4019 3464 4070 pa-

1862 4088 1953 4139 tris
1970 4088 2085 4140 sui:
2110 4104 2211 4139 non
2242 4088 2515 4140 declinavit
2532 4087 2591 4140 ab
2608 4104 2687 4148 ea,
2713 4088 2956 4157 faciendo
2986 4102 3181 4143 rectum
3211 4092 3263 4144 in
3288 4094 3458 4148 oculis

1862 4177 2090 4233 Domini.
2144 4178 2511 4235 Verumtamen
2558 4180 2763 4233 excelsa
2834 4197 2936 4234 non
2988 4182 3220 4236 abstulit.
3276 4184 3459 4240 Adhuc

1861 4273 2085 4341 papulas
2106 4272 2455 4340 sacriﬁcabat,
2478 4283 2525 4326 et
2556 4272 2832 4327 adolebant
2863 4272 2919 4327 in
2949 4276 3181 4329 excelsis.
3213 4275 3340 4333 llaec
3364 4294 3461 4333 au-

1862 4372 1970 4419 tem
2003 4364 2145 4420 laudi
2190 4366 2437 4435 profecto
2464 4365 2785 4420 tribuuntur
2832 4366 3080 4434 piissimo
3107 4366 3218 4438 regi
3263 4380 3464 4439 praeter

1860 4458 2030 4523 illud,
2084 4458 2226 4528 quod
2271 4473 2467 4529 passus
2497 4458 2663 4513 fuerit
2704 4459 2872 4528 impia
2916 4458 3153 4514 Deorum
3194 4475 3349 4517 sacra
3393 4464 3463 4519 ab

1863 4552 2095 4609 Hebraeo
2141 4554 2345 4625 popqu
2375 4555 2730 4624 frequentari,
2759 4570 2864 4611 nec
2898 4556 3159 4627 profanos
3205 4557 3381 4626 lucos,
3406 4568 3465 4615 et

1860 4656 2041 4701 erecta
2082 4646 2135 4700 in
2179 4646 2247 4701 iis
2297 4646 2595 4702 Numinum
2642 4647 2871 4705 delubra
2921 4650 3137 4716 penitus
3179 4652 3463 4707 everterit.

128 4744 235 4799 ille
268 4756 368 4813 pro
400 4739 755 4810 Hieronymo,
788 4754 908 4809 qum
939 4737 1192 4794 Lucifero
1233 4742 1407 4807 aptari
1442 4748 1751 4808 nequeunt,
1782 4714 2001 4795 1)llinc
2052 4740 2218 4809 igitur
2266 4739 2483 4797 Lucifer
2513 4756 2733 4797 causam
2791 4758 2853 4798 se
2893 4714 3112 4800 nactum
3160 4746 3459 4816 putaverit,

130 4848 325 4905 neque
356 4833 670 4887 testimonio
702 4830 893 4886 lsidori
927 4832 982 4885 in
1021 4829 1225 4885 Chron.
1252 4830 1400 4901 quod
1443 4832 1754 4900 hujusmodi

130 4935 226 4983 est
250 4944 263 4977 :
296 4922 670 4979 Constantinus
699 4926 753 4977 in
776 4934 1006 4979 extremo
1031 4924 1149 4977 t'ittz
1170 4939 1277 4977 stite
1304 4925 1365 4977 ab
1398 4923 1625 4978 Eusebio
1653 4924 1753 4979 Ni-

130 5019 457 5076 comediensi
480 5017 739 5088 EpiscOpo
760 5020 1053 5086 baptizatus
1075 5020 1127 5072 in
1152 5020 1403 5072 .lrianum
1430 5022 1618 5089 dogma
1642 5037 1756 5073 con-

131 5115 381 5170 vertitur.
431 5110 547 5166 Heu
578 5112 707 5183 proli
732 5112 919 5164 dolor!
948 5114 1078 5165 bono
1110 5130 1234 5166 usus
1276 5115 1534 5181 principio
1572 5122 1622 5166 et
1653 5113 1756 5182 ﬁne

133 5209 316 5274 malo;
348 5207 421 5262 al.
452 5206 615 5261 bonus
645 5206 927 5275 principio,
968 5214 1016 5260 et
1063 5206 1166 5274 ﬁne
1208 5208 1410 5273 malus;
1438 5208 1594 5277 queis
1637 5208 1754 5262 haec

128 5298 331 5357 subdit
355 5298 592 5355 Jacobus
625 5297 873 5353 Breulius
914 5298 965 5351 in
1019 5301 1163 5352 notis
1201 5316 1213 5351 :
1256 5297 1403 5352 Hanc
1444 5300 1752 5353 sententiam

132 5394 295 5449 docte
307 5393 503 5461 refellit
526 5390 792 5447 Cedrenus
814 5390 868 5443 in
890 5387 1179 5460 Compend.
1200 5388 1251 5443 11
1258 5392 1402 5443 istor.
1426 5394 1480 5444 in
1493 5393 1595 5444 rita
1616 5388 1753 5445 Con-

129 5495 300 5542 stant.
338 5486 403 5539 At
436 5484 525 5550 bi,
551 5484 679 5540 licet
715 5484 1053 5549 erraverint,
1093 5497 1249 5539 error
1279 5500 1346 5539 ex
1383 5485 1633 5555 populari
1664 5500 1754 5541 so-

131 5576 426 5637 lummodo
454 5576 591 5633 fama
621 5589 847 5635 exortus
877 5578 1176 5631 errantium
1210 5579 1423 5648 culpam
1459 5581 1750 5650 plurimum

131 5672 451 5735 imminuit;
485 5670 629 5737 quod
660 5671 915 5727 Lucifero
960 5678 1008 5723 et
1055 5668 1263 5725 Isidoro
1298 5672 1565 5727 accidisse
1597 5686 1751 5744 puta-

132 5782 284 5823 mus.
330 5765 407 5821 De
431 5763 579 5819 cultu
604 5761 663 5818 S.
710 5763 1053 5820 Constantini
1102 5761 1172 5817 bl.
1206 5765 1348 5834 apud
1379 5763 1603 5822 Griecos
1633 5767 1753 5822 vide

134 5859 580 5933 Papebrochium
608 5857 812 5913 inloco
838 5857 1077 5914 laudato.

213 5955 385 6014 Itulto
405 5951 782 6013 estdlﬂlcilius
797 5951 1039 6010 Luciferi
1058 5966 1281 6010 sensum
1305 5955 1585 6027 explicare
1612 5958 1666 6015 in
1690 5979 1757 6022 eo

1858 4851 1956 4891 cur
1989 4845 2171 4905 posset
2217 4835 2575 4907 Josaphatum
2626 4852 2751 4891 cum
2778 4836 3102 4892 Constantio
3160 4840 3459 4907 conferre;

1860 4944 1927 4983 ne
1965 4930 2171 4984 scilicet
2246 4930 2442 4984 mirum
2501 4930 2623 4984 huic
2669 4929 2971 4997 videretur,
3026 4932 3072 4986 si
3123 4933 3459 4989 catholicam

1862 5021 2019 5076 [idem
2052 5036 2149 5090 pro
2178 5020 2380 5075 Ariana
2414 5021 2607 5076 haeresi
2644 5021 2845 5077 tuenda
2875 5023 3157 5080 insecutus
3188 5026 3460 5095 tranquil-

1864 5116 1919 5171 lo
1942 5118 2311 5185 diuturnoque
2332 5131 2502 5186 regno
2536 5116 2831 5179 frueretur.
2851 5132 2974 5172 cum
2998 5127 3053 5173 et
3073 5133 3170 5173 rex
3201 5118 3467 5191 Josapbat

1862 5212 1954 5281 qui
1995 5210 2064 5265 ob
2113 5211 2437 5279 permissum
2483 5208 2652 5264 nimia
2705 5210 2759 5263 in
2798 5210 3062 5279 populum
3119 5209 3463 5281 indulgentia

1863 5304 2133 5359 idolorum
2161 5302 2371 5357 cultum
2405 5302 2675 5359 vindicem
2715 5304 2767 5356 iu
2791 5316 2852 5356 se
2880 5302 2975 5357 Dei
3025 5304 3165 5357 iram
3198 5316 3467 5373 provoca-

1862 5400 1978 5465 bat,
2004 5398 2267 5456 diutinam
2308 5408 2488 5453 tamen
2529 5398 2581 5452 in
2623 5410 2790 5467 regno
2831 5394 3154 5452 felicitatem
3202 5397 3461 5454 obtinuit.

1863 5490 1975 5549 Nec
2024 5493 2164 5545 inter
2192 5491 2484 5561 utriusque
2510 5490 2723 5545 crimen
2762 5490 3103 5560 comparatio
3132 5502 3195 5545 re
3218 5504 3348 5545 vera
3380 5489 3470 5544 in-

1869 5588 2135 5653 stituitur,
2165 5585 2263 5641 sed
2312 5587 2456 5641 inter
2502 5599 2826 5656 prosperum
2854 5587 2981 5638 vita:
3020 5597 3265 5646 cursum,
3298 5598 3465 5653 quem

1864 5689 2098 5750 uterque
2138 5679 2358 5749 exegit;
2392 5678 2521 5733 licet
2564 5687 2619 5733 et
2651 5676 3004 5733 Constantius
3026 5690 3156 5730 vere
3181 5676 3471 5746 sacrilegus

1865 5773 2077 5829 debitas
2107 5772 2209 5827 sibi
2244 5787 2274 5827 a
2313 5773 2425 5829 Deo
2457 5787 2649 5840 pinnas
2702 5774 2812 5842 jam
2865 5770 3198 5841 promeritus
3248 5770 3351 5835 sit,
3411 5780 3469 5826 et

1863 5867 2127 5940 Josaphat
2161 5909 2177 5935 ,
2227 5868 2319 5940 qui
2366 5866 2657 5938 sacrilegia
2711 5864 2893 5937 populi
2956 5863 3269 5927 tolerabat,
3318 5861 3471 5933 just:

1870 5978 1985 6020 suae
2019 5960 2199 6033 culpa:
2245 5960 2727 6017 animadversione
2757 5955 3065 6031 puniendus
3118 5953 3338 6012 fuisset.
3398 5955 3473 6007 E-
