4292 6450
866 412 975 467 723

862 530 1081 601 quidem
1118 531 1167 585 in
1217 530 1361 587 libro
1402 530 1576 587 Eccli.
1610 546 1731 603 cap.
1758 548 1904 602 xux,
1938 534 1993 599 5,
2037 533 2154 589 lucc
2194 534 2463 606 legimus:
2497 539 2549 599 Α

869 624 1064 679 Prteter
1112 624 1279 679 David
1316 636 1363 679 et
1408 625 1685 680 Ezechiam
1720 640 1769 682 et
1804 625 2009 683 Josiam
2053 645 2233 683 omnes
2286 629 2471 702 (reges

868 718 1031 790 .lnda)
1067 730 1335 789 peccatum
1366 721 1765 789 commiserunt;
1792 722 1948 792 queis
1979 721 2277 778 advertens
2307 721 2472 777 Luci-

864 810 963 877 fer,
1013 818 1068 865 et
1104 812 1218 867 acri
1256 820 1426 867 mstus
1457 813 1507 867 vi
1552 812 1851 883 abreptus,
1898 823 1959 869 ut
1996 813 2069 884 pii
2117 814 2282 869 etiam
2327 815 2474 886 regis

864 905 1122 973 exemplo
1154 902 1407 959 fidentem
1440 905 1546 961 sibi
1579 907 1795 961 inanem
1824 904 2473 977 Constantiijactantiam

863 996 1203 1065 retunderet,
1231 1002 1541 1068 sacrilegum
1574 999 1710 1055 dixit
1742 999 2096 1069 Josapltatum
2118 1043 2131 1068 ,
2167 1000 2251 1055 cui
2282 1016 2476 1069 pecca-

862 1101 977 1146 tum
1026 1094 1276 1161 permissi
1317 1095 1518 1166 popqu
1552 1096 1827 1167 sacrilegii
1854 1095 2113 1151 tribuitur
2144 1097 2215 1151 iis
2253 1097 2470 1152 verbis:

876 1186 1241 1241 Verumtamen
1258 1188 1462 1243 excelsa
1491 1206 1597 1243 non
1624 1190 1839 1244 abstulit
1861 1205 2015 1245 :cum
2044 1192 2386 1262 cretcroquin
2417 1191 2472 1246 in

864 1281 992 1335 lib.t
1019 1282 1191 1351 proS.
1228 1282 1430 1337 Athan.
1458 1300 1513 1353 p.
1535 1283 1597 1340 81
1624 1285 1734 1359 (hic
1763 1284 1866 1339 col.
1891 1285 2043 1352 847),
2068 1283 2337 1351 Josaphat
2365 1285 2473 1339 Deo

863 1374 1097 1428 dicatum
1127 1390 1313 1447 regem
1361 1374 1502 1432 .luda
1534 1377 1919 1445 commendet,
1943 1378 2173 1447 ejusque
2202 1376 2390 1432 laudes
2418 1384 2477 1432 ut

864 1466 968 1521 viri
999 1466 1109 1522 Deo
1130 1470 1289 1522 dicati
1336 1469 1455 1525 fuse
1484 1478 1875 1540 persequatur.
1917 1470 2051 1538 Qua:
2098 1471 2367 1526 hactenus
2407 1468 2476 1524 de

866 1571 1047 1616 mente
1078 1561 1313 1617 Luciferi
1346 1562 1449 1618 hoc
1484 1566 1535 1617 in
1577 1564 1699 1619 loco
1728 1565 1799 1618 ita
1837 1564 2098 1619 duximus
2128 1563 2474 1635 explicanda,

866 1665 922 1709 ut
950 1657 1129 1710 omnis
1168 1655 1237 1712 de
1268 1657 1389 1726 ejus
1429 1656 1702 1727 religione
1743 1673 1873 1729 erga
1908 1672 2100 1714 sacros
2133 1659 2303 1713 libros
2333 1698 2345 1720 .
2382 1656 2476 1726 qui

868 1747 1013 1817 regis
1040 1747 1268 1819 hujusce
1299 1750 1559 1821 pietatem
1593 1751 1843 1820 pluribus
1874 1751 2178 1816 celebrant,
2206 1751 2480 1821 ambigui-

870 1851 971 1905 tas,
1000 1849 1056 1895 et
1083 1844 1263 1897 omnis
1295 1843 1362 1897 ab
1400 1844 1642 1913 ejusdem
1675 1843 1835 1897 libris
1860 1844 2125 1914 antilngia
2165 1843 2473 1900 auferatur.

866 1932 1082 1989 Addere
1115 1934 1200 1989 hic
1248 1935 1397 1991 lubet
1438 1947 1492 1990 et
1534 1937 1702 1991 alium
1746 1936 1982 1992 Luciferi
2014 1937 2230 2003 locum,
2274 1938 2327 1992 ln
2364 1954 2475 2009 quo
2506 1933 2554 1993 B

868 2026 1176 2083 Manassem
1201 2045 1417 2099 quoque
1445 2045 1627 2099 regem
1655 2029 1794 2085 Juda
1824 2045 2154 2101 comparans
2182 2047 2304 2087 cum
2332 2030 2480 2086 (2on-

866 2118 1073 2173 stantio
1104 2120 1154 2172 in
1188 2120 1329 2175 libro
1357 2120 1426 2177 dc
1460 2121 1594 2193 Reg.
1631 2126 1826 2193 Apost.
1863 2138 1917 2193 p.
1944 2123 2014 2178 46
2044 2123 2154 2193 (hic
2184 2124 2283 2178 col.
2316 2123 2475 2193 811),

870 2209 983 2263 hmc
1043 2210 1365 2280 Imperatori
1418 2214 1706 2269 minitatur
1748 2231 1760 2267 :
1796 2214 1923 2269 Noli
1986 2213 2076 2268 tibi
2099 2214 2208 2283 ipse
2246 2215 2482 2269 misereri

867 2313 919 2355 ut
945 2314 1095 2357 temet
1131 2305 1199 2357 ad
1227 2302 1392 2359 Deum
1444 2318 1640 2375 vertas,
1670 2310 1777 2362 noli
1825 2311 2083 2381 corrigere
2131 2310 2358 2379 nefarios
2394 2325 2483 2363 ac-

871 2412 953 2453 tus
1010 2412 1124 2456 tuos
1160 2444 1174 2468 ,
1230 2414 1279 2457 et
1344 2406 1568 2458 invenies
1623 2416 1669 2459 te
1715 2408 1943 2475 torqueri
2010 2422 2125 2458 cum
2196 2403 2483 2470 Manasse;

870 2510 1016 2563 quae,
1048 2497 1093 2550 si
1127 2496 1195 2553 de
1228 2507 1437 2554 aitcrna
1468 2499 1735 2555 Manassis
1770 2514 1929 2569 poena
1962 2500 2188 2570 intelligi
2218 2500 2479 2565 velimus,

870 2587 936 2643 iis
966 2589 1212 2658 profecto
1270 2608 1376 2647 non
1419 2592 1723 2660 cohaerent,
1748 2609 1868 2665 qum
1913 2594 1981 2649 de
2018 2593 2342 2664 pmnitcntia
2383 2592 2479 2646 Int-

868 2684 1021 2751 joscc
1067 2686 1211 2755 regis
1248 2700 1420 2741 sacra:
1466 2686 1664 2743 littera:
1702 2695 1980 2743 testantur
2022 2686 2061 2741 ll
2094 2687 2329 2756 Pat'alip.
2356 2702 2480 2757 cap.

875 2794 1041 2833 xum
1060 2798 1071 2832 :
1092 2779 1193 2847 Qui
1206 2792 1475 2850 postquam
1499 2792 1874 2853 eoangustatns
1897 2792 1990 2849 est,
2018 2783 2181 2835 oravit
2202 2781 2483 2836 Dominum

874 2888 1025 2924 suum
1048 2912 1062 2935 ,
1097 2883 1142 2926 et
1176 2874 1278 2944 egit
1324 2876 1671 2941 pwnitentiam
1702 2876 1852 2929 valde
1907 2891 2078 2929 coram
2115 2873 2225 2928 Deo
2275 2884 2483 2943 patrum

874 2982 1108 3021 suorum.
1147 2964 1569 3036 Deprecatusque
1594 2978 1669 3022 est
1699 2985 1836 3028 eum,
1870 2978 1919 3021 et
1944 2968 2232 3021 obsecravit
2255 2968 2483 3020 intente:

874 3069 919 3112 et
962 3062 1227 3115 exaudirit
1276 3064 1560 3116 orationem
1588 3063 1698 3133 ejus
1721 3104 1737 3127 ,
1768 3064 2077 3132 reduxitque
2105 3078 2222 3117 eum
2263 3061 2483 3115 Jerusa-

875 3156 973 3204 lem
996 3153 1047 3204 in
1080 3169 1293 3224 regnum
1325 3172 1495 3218 suum,
1527 3166 1572 3208 et
1600 3156 1837 3227 cegnovit
1871 3154 2166 3219 Manasses,
2208 3156 2347 3223 quod
2380 3153 2481 3209 Do-

876 3251 1047 3303 minus
1076 3252 1184 3323 ipse
1230 3264 1358 3305 esset
1392 3250 1550 3307 Deus.
1586 3252 1725 3307 Tum
1755 3269 1875 3322 qua»
1916 3252 2002 3320 pie
2033 3261 2334 3321 sancteque
2358 3265 2484 3320 ges—

872 3345 944 3397 sit
980 3346 1029 3396 in
1056 3360 1244 3411 regno,
1280 3345 1479 3401 ibidem
1510 3355 1807 3399 narrantur
1829 3360 1953 3398 cum
1984 3344 2175 3408 laude;
2209 3342 2351 3397 unde
2391 3356 2483 3396 (ὀ-
2513 3320 2557 3381 C

870 3452 1107 3503 gnoseas
1156 3436 1417 3492 Manassis
1476 3439 1859 3507 pmnitentiam
1888 3438 2160 3491 sinceram
2198 3436 2395 3499 fuisse;
2429 3445 2486 3489 et

874 3544 1138 3583 concessa
1164 3529 1339 3582 eidem
1370 3545 1397 3583 a
1425 3531 1533 3583 lico
1560 3531 1713 3584 venia
1764 3530 2077 3598 probatam,
2108 3536 2165 3582 ut
2204 3528 2485 3583 (Ialmetus

874 3623 1037 3675 etiam
1066 3621 1448 3676 animadvertit
1473 3624 1538 3677 ad
1565 3625 1759 3677 librum
1793 3623 1857 3676 IV
1890 3622 2020 3692 lleg.
2047 3638 2168 3691 cap.
2198 3638 2321 3685 nt;
2352 3624 2483 3693 quin

875 3719 1041 3769 immo
1071 3734 1098 3769 a
1133 3729 1390 3787 suscepto
1423 3719 1536 3786 jam
1570 3718 1841 3789 religiOsm
1891 3719 2011 3772 vita:
2056 3719 2305 3772 instituto
2339 3717 2484 3774 haud

873 3809 1105 3877 amplim
1126 3810 1277 3863 illum
1306 3811 1537 3879 legimus
1569 3809 1861 3866 deflexisse
1888 3830 1897 3840 ·
1935 3822 1984 3865 et
2007 3811 2279 3881 Josepltus
2307 3812 2402 3864 lib.
2449 3826 2483 3866 ι

877 3899 1058 3968 Antiq.
1098 3914 1222 3967 cap.
1249 3899 1282 3955 3
1330 3901 1445 3955 Ιιαεο
1483 3900 1551 3956 de
1587 3901 1833 3959 Manasse
1883 3902 2165 3958 "tentoria:
2206 3903 2480 3972 prodidit:

876 3993 1033 4059 Atqui
1075 4008 1195 4046 vero
1245 3993 1297 4047 in
1335 3994 1450 4048 istis
1498 4005 1728 4049 mutatus
1770 3996 1821 4049 in
1876 3997 2060 4049 melius
2100 3998 2174 4050 ita
2227 3996 2485 4066 reliquum

870 4086 989 4139 vitet
1017 4084 1142 4156 egit,
1175 4096 1232 4137 ut
1272 4086 1598 4142 beatissimus
1632 4089 1926 4161 dignusque
1950 4092 2247 4147 imitatione
2275 4107 2341 4147 ex
2390 4092 2484 4147 illo

870 4188 1099 4245 tempore
1132 4177 1336 4232 habitus
1360 4181 1538 4249 fuerit,
1566 4196 1666 4250 quo
1692 4184 1842 4253 coepit
1874 4184 2116 4251 pietatem
2152 4202 2273 4256 erga
2313 4183 2482 4239 Deunt

870 4271 1063 4323 colere.
1095 4268 1301 4325 Verum
1335 4270 1554 4342 quidem
1595 4281 1711 4341 est,
1744 4274 1995 4329 Manasse
2038 4286 2161 4339 post
2184 4277 2482 4346 captivita-

872 4372 983 4418 tem
1013 4375 1295 4434 regnante,
1320 4366 1569 4439 populum
1599 4367 1900 4424 immolasse
1926 4370 1977 4425 in
2005 4372 2226 4426 excelsis
2255 4368 2485 4427 Domino

873 4454 986 4511 Deo
1006 4473 1098 4512 suo
1130 4458 1323 4514 illicito
1356 4461 1505 4516 cultu
1531 4478 1546 4527 ;
1580 4463 1671 4517 sed
1708 4463 1844 4517 illud
1868 4463 1997 4520 huic
2028 4465 2142 4535 regi
2196 4466 2485 4521 incommo-

868 4554 992 4606 dum
1022 4555 1258 4626 contigit,
1277 4556 1463 4612 subdit
1495 4557 1697 4613 ibidem
1712 4558 1989 4615 Calmetus
2014 4575 2162 4617 vers.
2182 4560 2269 4627 17,
2297 4572 2351 4615 ut
2379 4562 2483 4616 mi-

869 4647 986 4701 nori
1019 4646 1233 4715 polleret
1262 4650 1577 4703 auctoritate
1598 4690 1613 4716 ,
1646 4666 1802 4719 quam
1837 4668 1966 4720 opus
2008 4654 2227 4718 fuisset,
2270 4662 2329 4707 ut
2364 4670 2481 4709 eunt

868 4742 1090 4795 abusum
1115 4742 1344 4797 aboleret
1370 4786 1383 4809 ,
1434 4744 1563 4799 licet
1601 4744 1647 4799 is
1676 4719 1979 4814 pra'ceperit
2005 4746 2163 4800 Judre
2183 4787 2199 4812 ,
2230 4757 2288 4801 ut
2314 4749 2476 4803 servi-
2510 4719 2560 4780 Ι)

868 4844 946 4889 ret
974 4833 1201 4890 Domino
1235 4832 1438 4902 Israel,
1462 4847 1605 4893 teste
1627 4852 1787 4893 sacro
1813 4836 2102 4908 Seriptore
2121 4854 2263 4894 vers.
2301 4840 2391 4909 16,
2424 4851 2480 4898 et

865 4928 997 4984 imlc
1020 4944 1130 4984 non
1162 4930 1518 5001 consequitur
1559 4940 1740 4997 certe,
1780 4940 2045 4987 aeternum
2086 4931 2318 4988 Manassi
2345 4947 2477 5005 sup-

867 5025 1089 5095 plicium
1115 5044 1141 5077 a
1173 5025 1283 5081 Deo
1326 5025 1592 5081 inflictnm
1628 5026 1815 5083 fuisse.
1855 5028 1929 5084 De
1950 5043 2062 5098 quo
2092 5043 2217 5082 cum
2251 5029 2386 5084 nihil
2416 5029 2480 5085 li-

867 5134 988 5180 ccat
1015 5125 1324 5188 aftlrmare.
1359 5124 1564 5180 divinis
1597 5124 1753 5180 libris
1778 5125 2005 5181 omnino
2035 5123 2351 5188 silentibus,
2386 5139 2483 5197 ap-

870 5219 977 5273 tlns
1001 5230 1192 5272 nostro
1216 5217 1435 5285 quidem
1445 5218 1657 5288 judicio
1676 5217 1857 5273 locum
1882 5216 2119 5273 Luciferi
2141 5218 2476 5289 interpreta-

868 5310 1035 5375 beris,
1050 5312 1094 5365 si
1116 5320 1295 5380 putes,
1317 5309 1495 5379 ipsum
1513 5311 1901 5378 temporariam
1918 5311 2241 5366 Constantio
2254 5325 2476 5381 pmnam

868 5406 1143 5471 minitari,
1178 5406 1252 5460 uti
1285 5405 1564 5461 blanasscs
1622 5421 1795 5474 regno
1850 5406 2103 5475 dejectus
2156 5407 2477 5462 diuturnam

865 5500 1008 5568 apud
1060 5498 1392 5568 Babylonios
1432 5508 1487 5555 et
1518 5498 2049 5554 aerumnosissimam
2096 5498 2475 5571 captivitatem

868 5592 1089 5646 subivit.
1127 5589 1447 5645 Postremus
1491 5590 1728 5647 Luciferi
1792 5592 1949 5647 locus
2002 5592 2093 5662 qui
2132 5591 2469 5663 singularem

870 5685 1658 5754 posmlat:mimadversionem
1685 5685 1749 5739 ad
1782 5686 1955 5741 Eliam
1998 5695 2233 5755 spectat,
2265 5685 2334 5739 de
2364 5699 2471 5753 quo

870 5779 981 5834 ba'c
1017 5780 1146 5832 lib.t
1181 5794 1277 5847 pro
1301 5776 1361 5833 S.
1393 5777 1626 5841 Alliam,
1651 5793 1706 5847 p.
1736 5778 1924 5849 80(hic
1953 5778 2055 5834 col.
2081 5777 2233 5848 8l5),
2263 5776 2474 5833 "etiam

863 5874 1431 5941 conspicetranslatnm
1454 5873 1522 5925 ad
1549 5873 1803 5925 amicitias
1836 5870 1930 5924 Dei
1955 5875 2298 5942 perfruendas
2321 5885 2471 5927 ceter-

870 5984 959 6020 nas
976 5986 994 6032 ;
1028 5979 1073 6021 et
1115 5984 1252 6020 nunc
1277 5967 1449 6020 Achab
1475 5977 1741 6039 torquetur
1771 5971 1821 6023 in
1853 5970 2195 6023 exterioribus
2225 5972 2464 6025 tenebris.

1892 412 2191 473 LUClFEIt
2238 413 2615 474 EPISCOPUS
2655 414 3171 476 CALARITANUS.

4071 420 4167 481 Ἰἰι

2576 532 2670 587 Est
2700 532 2752 587 Η
2756 534 2879 588 ειίας
2904 532 2968 587 de
2993 531 3091 588 Dei
3112 532 3339 603 gaudens
3365 534 3627 602 amicitiis,
3644 545 3688 589 et
3714 544 3783 588 est
3810 531 3985 588 Achab
4009 538 4168 590 exsol-

2576 642 2695 682 vens
2742 637 3016 698 perpetuas
3058 644 3251 697 pennas.
3288 625 3404 682 Erit
3446 628 3558 683 sine
3582 628 3740 684 dubio
3770 628 4080 684 Athanasius
4118 631 4169 684 in

2577 721 2807 774 convivio
2839 720 2924 776 ubi
2952 730 3025 774 est
3078 719 3278 787 Ilelias,
3306 731 3355 775 et
3396 732 3452 776 tu
3484 721 3583 777 eris
3618 722 3673 777 in
3703 721 3813 780 loco
3834 722 3924 777 illo
3953 734 4170 778 tormen-

2577 821 2767 879 torum,
2811 824 2906 868 etc.
2940 811 3093 867 Istud
3118 823 3192 867 est
3224 829 3423 885 sapere,
3455 824 3510 867 ut
3539 813 3780 885 elegisses
3825 813 4169 885 infelicitatem

2576 916 2825 960 mternam
2846 905 3022 960 Achab
3046 908 3214 979 regis,
3247 907 3411 980 magis
3435 923 3590 978 quant
3628 907 3736 977 frui
3768 908 4010 981 felicitate
4056 925 4169 980 per-

2576 1005 2732 1074 petua
2756 1048 2770 1071 ,
2814 1019 2970 1073 quam
3008 1013 3082 1059 est
3134 1014 3434 1060 consecutus
3484 1004 3707 1061 Helias?
3753 1004 3883 1073 Quae
3931 1006 4169 1077 profecto

2576 1093 2849 1162 ejusmodi
2878 1106 3005 1149 sunt
3032 1136 3047 1161 ,
3077 1104 3137 1152 ut
3186 1095 3430 1151 indicent
3456 1138 3471 1164 ,
3504 1096 3674 1152 Eliam
3703 1107 3961 1155 aeternam
3982 1096 4168 1168 gloria

2576 1190 2820 1245 etelestis
2863 1189 3186 1246 felicitatem
3236 1190 3493 1262 adeptum
3521 1192 3632 1261 jam
3671 1204 3814 1249 esse.
3836 1190 4024 1248 Plures
4044 1190 4165 1261 qui-

2577 1280 2703 1337 dem
2735 1282 2991 1338 feruntur
3019 1286 3305 1341 sentcntiae
3344 1284 3488 1341 inter
3519 1285 3849 1363 lnterpretes
3889 1299 4072 1342 sacros
4113 1293 4167 1342 et

2578 1374 2894 1448 Thcologos
2915 1377 2983 1433 de
3010 1378 3160 1446 loco,
3187 1380 3239 1434 iu
3270 1395 3432 1450 quem
3461 1381 3757 1436 translatus
3788 1379 3948 1436 fuerit
3991 1378 4161 1445 Elias;

2576 1471 2667 1524 sed
2696 1481 2889 1525 certum
2919 1488 3078 1528 morte
3103 1473 3303 1538 locum,
3337 1472 3427 1529 ubi
3460 1473 3607 1529 Elias
3657 1482 3711 1530 ct
3763 1472 3941 1530 Enocb
3968 1472 4166 1545 degunt

2579 1580 2859 1635 numquam
2903 1566 3189 1637 designavit
3219 1565 3475 1633 Ecclesia,
3502 1568 3675 1638 inquit
3702 1566 3973 1622 Calmetus
4002 1566 4066 1620 ad
4099 1562 4161 1621 IV

2581 1656 2712 1729 Reg.
2742 1656 2832 1725 xt;
2861 1660 3257 1731 improbantque
3284 1660 3346 1716 S.
3375 1661 3691 1733 Augustinus
3723 1662 3812 1717 lib.
3858 1678 3891 1717 ll
3925 1662 3987 1715 de
4023 1677 4161 1729 pere.

2581 1750 2769 1821 origin.
2795 1769 2912 1820 cup.
2956 1754 3010 1817 3,
3064 1750 3126 1808 S.
3167 1752 3559 1825 CItrysostomtts
3589 1753 3729 1807 hom.
3771 1753 3835 1807 21
3867 1754 3919 1807 in
3956 1751 4080 1806 Gen.
4116 1760 4164 1803 et

2582 1843 2655 1897 22
2680 1845 2733 1899 in
2755 1846 2904 1913 epist.
2925 1845 2995 1900 ad
3018 1844 3182 1900 Hebr.
3213 1856 3261 1902 et
3294 1845 3647 1901 Thcorloretus
3672 1856 3853 1917 qua'st.
3876 1844 3945 1900 45
3964 1845 4016 1898 in
4030 1841 4160 1897 Gen.

2581 1952 2759 1990 eorum
2790 1939 3071 2006 licentiam,
3094 1942 3183 2007 qui
3209 1940 3262 1993 in
3286 1950 3427 1993 tanto
3444 1939 3836 2010 Scripturarum
3859 1955 3923 1995 ea
3941 1939 4003 1993 de
4023 1954 4074 1992 re
4096 1937 4164 1990 si-

2585 2030 2740 2084 lentio
2763 2032 3131 2103 magistrorum
3176 2048 3317 2087 more
3342 2031 3643 2087 seutentiant
3670 2031 3912 2085 audacter
3939 2046 4161 2099 pronun-

2584 2124 2733 2180 tiant.
2772 2125 2848 2180 Ex
2883 2125 3130 2183 Hebraeis
3158 2126 3383 2199 quidam
3416 2168 3431 2191 ,
3466 2142 3697 2198 quorum
3736 2125 4016 2197 opiniones
4038 2123 4166 2179 affe-

2584 2228 2712 2273 runt
2762 2218 3073 2275 Munsterus
3118 2228 3175 2274 et
3217 2219 3523 2287 Vatablus,
3577 2229 3946 2281 censuerunt,
3992 2214 4164 2271 Etiam

2584 2312 2636 2365 in
2668 2313 2845 2382 ipsum
2889 2330 2947 2369 re
2980 2329 3105 2369 vera
3134 2314 3332 2371 celum
3358 2356 3372 2381 ,
3416 2314 3622 2369 scilicet
3662 2310 3968 2368 Paradisum
3992 2351 4008 2377 ,
4042 2325 4166 2380 rap-

2587 2416 2699 2461 tum
2730 2404 2925 2471 fuisse,
2954 2417 3009 2462 et
3037 2416 3217 2463 vestes
3245 2421 3552 2478 corpusque
3572 2407 3692 2475 ejus
3717 2406 3768 2460 in
3796 2403 4005 2475 Spltmra
4031 2402 4166 2473 ignis

2586 2501 2755 2556 fuisse
2782 2501 3089 2571 absumpta;
3112 2500 3207 2556 sed
3238 2500 3340 2557 hos
3371 2500 3455 2555 vel
3484 2515 3588 2555 una
3618 2497 3841 2568 Josephi
3880 2493 4167 2551 auctoritas

2584 2602 2764 2664 potest
2798 2593 3094 2659 refellere,
3132 2594 3222 2662 qui
3267 2594 3319 2649 in
3348 2587 3444 2647 lib.
3471 2607 3524 2646 ιχ
3567 2591 3750 2661 Antiq.
3790 2604 3908 2660 cap.
3940 2588 4011 2655 ‘2,
4060 2586 4166 2641 Sub

2586 2686 2719 2739 idem
2745 2696 2969 2753 tempus.
2995 2684 3192 2755 inquit,
3225 2682 3373 2738 Elius
3395 2699 3458 2737 ex
3484 2683 3747 2736 hominum
3760 2691 4028 2749 conspectu
4052 2677 4168 2731 sub-

2586 2779 2726 2831 latus
2769 2788 2843 2831 est
2870 2792 2889 2831 :
2931 2794 3022 2831 nec
3069 2778 3121 2830 in
3164 2776 3472 2831 hodiernum
3530 2790 3693 2844 usque
3734 2773 3869 2826 diem
3907 2772 4166 2840 quisquam

2588 2875 2727 2928 novit
2752 2874 2839 2943 qui
2870 2875 3026 2943 fuerit
3059 2876 3174 2944 ejus
3200 2873 3387 2927 exitus.
3434 2871 3550 2925 Non
3584 2870 3802 2924 defuere
3829 2878 4000 2921 tamen
4034 2866 4168 2919 inter

2586 2968 2929 3024 Christianos
2972 2967 3281 3037 Scriptores
3312 3008 3326 3031 ,
3368 2967 3457 3036 qni
3512 2978 3824 3035 persuasum
3882 2961 4165 3025 haberent,

2590 3061 2870 3117 linocltam
2900 3071 2953 3117 ct
2982 3061 3155 3116 Eliam
3184 3060 3428 3114 absoluta
3460 3058 3624 3112 animi
3650 3068 3701 3111 et
3724 3054 3970 3122 corporis
3996 3054 4165 3124 gloria

2588 3156 2775 3209 beatos
2804 3168 2959 3219 esse;
2995 3154 3070 3207 ita
3100 3154 3246 3209 enim
3278 3152 3441 3206 sentit
3485 3150 3777 3219 Procopius
3806 3149 3965 3210 Gaza,
3995 3147 4081 3216 qui
4114 3148 4166 3199 in

2588 3250 2895 3311 Comment.
2931 3251 2996 3305 ad
3019 3250 3221 3306 Genes.
3258 3249 3515 3315 affirmat,
3535 3257 3822 3315 utrumque
3844 3245 4012 3298 videre
4038 3241 4165 3295 divi-

2591 3361 2707 3398 nant
2728 3343 3024 3410 essentiam,
3037 3344 3151 3397 etin
3167 3340 3469 3411 corporibus
3484 3338 3722 3410 gloriosis
3740 3353 3853 3391 cum
3870 3334 4068 3389 Christo
4081 3348 4165 3386 re-

2588 3453 2785 3508 gnare;
2814 3436 3141 3505 Procopium
3184 3449 3315 3489 vero
3343 3435 3514 3489 secuti
3554 3441 3673 3485 sunt
3704 3428 4029 3500 Augustinus
4060 3424 4164 3479 En-

2589 3530 2823 3599 gubinus
2855 3530 2909 3583 in
2964 3527 3244 3597 Recognit.
3287 3525 3403 3579 Vet.
3438 3524 3587 3579 Tcst.
3614 3521 3681 3576 ad
3724 3536 3843 3590 cap.
3875 3534 3910 3572 ιι
3940 3516 4073 3573 Gen.
4114 3524 4167 3571 et

2586 3623 2918 3678 Catltarinus
2954 3624 3006 3675 in
3054 3635 3247 3691 opnse.
3292 3619 3362 3676 de
3400 3630 3700 3673 consumm.
3740 3616 3905 3685 gloria
3932 3610 4167 3676 Christi,

2588 3730 2774 3775 contra
2804 3732 2941 3788 quos
2963 3716 3236 3771 uberrime
3267 3712 3487 3769 disserit
3514 3710 3831 3765 Franciscus
3872 3706 4070 3761 Suarez
4114 3703 4167 3758 In

2589 3824 2725 3871 sect.
2758 3814 2780 3868 1
2818 3812 3022 3881 diSput.
3058 3810 3128 3867 55
3154 3808 3222 3865 ad
3256 3810 3290 3866 5
3327 3819 3467 3879 part.
3516 3806 3575 3861 ἰ).
3611 3806 3639 3857 'l
3659 3804 3801 3859 hom.
3841 3809 4028 3871 qna'st.
4075 3796 4165 3863 l9,

2590 3916 2693 3962 art.
2743 3908 2798 3972 5,
2831 3905 3003 3973 ,‘l‘om.
3040 3919 3149 3959 xvn
3172 3902 3312 3974 Opp.
3341 3902 3411 3956 ‘Et
3452 3900 3578 3956 illus
3610 3900 3662 3954 in
3694 3912 3812 3954 eam
3847 3890 4166 3950 sententiam

2592 4000 2823 4057 fortasse
2844 3997 3071 4053 adduxit
3101 4007 3213 4050 tum
3259 3992 3625 4050 Ecclesiastici
3656 3988 4017 4046 testiinonium
4047 3998 4165 4055 cap.

2591 4104 2734 4157 ηιν,
2762 4090 2849 4143 ubi
2876 4087 3114 4159 legitur:
3148 4084 3369 4141 "enoclt
3411 4083 3689 4139 translatus
3734 4090 3805 4136 est
3846 4078 3898 4133 in
3942 4075 4163 4131 Parali-

2587 4199 2733 4249 sum,
2764 4192 2877 4236 tum
2907 4178 3266 4251 quorumdam
3300 4178 3521 4232 Patrum
3559 4175 3856 4230 locutiones
3883 4186 3911 4225 a
3952 4168 4164 4224 Lucife-

2588 4274 2759 4331 rianis
2791 4272 2934 4329 haud
2974 4271 3289 4327 absimiles:
3346 4284 3468 4324 nam
3520 4268 3875 4337 Hieronymus
3915 4265 3965 4316 in
4003 4260 4159 4329 epist.

2588 4370 2655 4424 ad
2702 4367 3113 4423 Pammachium
3155 4365 3342 4421 Enoclt
3377 4375 3428 4419 et
3470 4362 3642 4419 Eliam
3690 4360 3921 4431 appellat
3944 4353 4165 4428 paradisi

2590 4466 2823 4531 colonos,
2852 4465 2944 4537 qui
2965 4463 3138 4518 divino
3164 4461 3423 4517 consortio
3446 4469 3492 4515 et
3517 4457 3706 4514 ett-testi
3750 4468 3881 4527 pane
3901 4452 4159 4521 fruuntur,

2588 4570 2644 4618 ct
2668 4570 2974 4617 saturantur
3026 4558 3167 4613 omni
3197 4555 3348 4611 verbo
3383 4552 3479 4609 Dei
3508 4553 3748 4607 habentes
3794 4546 4017 4601 eumdem
4060 4540 4161 4595 Do-

2588 4661 2786 4715 minum
2806 4702 2820 4725 ,
2852 4672 3006 4729 quem
3028 4666 3076 4712 et
3104 4656 3308 4720 cibum;
3340 4665 3393 4708 et
3422 4650 3743 4715 Ambrosius
3770 4648 3821 4700 in
3854 4644 3942 4700 lib.
3974 4640 4041 4695 de
4061 4638 4159 4694 Na-

2588 4753 2719 4809 both
2750 4765 2872 4820 cap.
2909 4764 2975 4803 xv
3025 4764 3212 4819 atque,
3246 4761 3310 4801 ac
3345 4744 3576 4802 Lucifer.
3616 4738 3803 4795 scribit
3837 4735 4002 4792 Etiam
4031 4746 4157 4802 prir-

2587 4848 2690 4900 mio
2720 4852 3022 4899 coronatum
3047 4854 3168 4898 esse
3196 4848 3409 4895 retento.
3439 4832 3545 4891 Sed
3572 4830 3714 4903 quod
3745 4829 3809 4885 ad
3838 4828 4003 4883 locum
4033 4825 4155 4879 atti-

2590 4945 2685 4995 net
2713 4979 2726 5001 ,
2754 4935 2805 4990 in
2828 4950 2936 5008 quo
2963 4933 3128 4989 ambo
3166 4938 3478 4994 versantur,
3511 4923 3716 4997 optime
3751 4920 3937 4992 probat
3968 4918 4156 4974 Suare-

2588 5032 2707 5088 aius
2732 5032 2952 5087 Patrum
2980 5027 3312 5084 auctoritate
3352 5036 3476 5079 esse
3504 5020 3646 5075 hunc
3678 5026 3913 5073 secretam
3940 5012 4156 5077 aliquam

2586 5126 2846 5197 regionem
2873 5134 3046 5187 terra,
3071 5120 3319 5191 optimam
3345 5126 3512 5172 tamen
3540 5130 3601 5169 ac
3622 5110 3981 5184 felicissimam,
4012 5111 4155 5206 prout

2586 5220 2796 5273 illorum
2833 5215 2993 5272 statui
3041 5212 3295 5275 convenit,
3326 5212 3441 5265 sive
3490 5206 3707 5262 demum
3762 5202 3849 5255 illa
3897 5202 4153 5252 terrestris

2589 5312 2879 5369 Paradisus
2906 5310 2999 5377 sit,
3022 5309 3137 5364 sive
3162 5306 3288 5361 huic
3309 5302 3507 5359 similis
3532 5299 3708 5371 regio;
3733 5295 3799 5351 de
3830 5294 3930 5347 vita
3956 5298 4145 5353 autem,

2585 5425 2747 5482 quam
2774 5414 2941 5477 agunt
2968 5447 2981 5467 .
3014 5401 3367 5460 sentiendum
3402 5397 3628 5455 omnino
3651 5403 3734 5450 cst
3754 5407 3869 5446 eam
3897 5384 4146 5460 ejusmodi

2582 5518 2727 5570 esse,
2758 5509 2817 5555 ut
2842 5512 3073 5570 corpore
3102 5496 3284 5551 divina
3316 5494 3518 5549 virtute
3550 5491 3883 5556 incorrupto,
3906 5493 3959 5539 et
3977 5497 4005 5536 a
4029 5495 4149 5535 con-

2571 5594 2912 5666 cupiscentia
2953 5605 3020 5646 ac
3068 5587 3319 5645 humanis
3374 5582 3633 5642 aerumnis
3684 5577 3900 5635 immuni
3966 5591 4050 5642 per
4091 5572 4145 5641 ﬁ-

2576 5692 2695 5745 dem
2724 5697 2770 5742 et
2825 5685 3190 5742 abstractivant
3230 5679 3582 5753 cognitionem
3617 5670 3715 5728 Dei
3743 5667 4148 5739 contemplations

2573 5794 2623 5841 et
2676 5796 2853 5836 amore
2897 5781 3182 5841 fruantur;
3241 5772 3385 5845 quod
3436 5771 3621 5826 Patres
3669 5768 3847 5839 plures
3892 5766 4145 5826 asserunt,

2572 5881 2702 5933 dum
2766 5885 3002 5945 negant,
3055 5872 3184 5927 illos
3234 5878 3493 5923 mternam
3555 5862 3703 5935 regni
3752 5857 3989 5915 cmlestls
4033 5855 4148 5945 bea-

2575 5943 2866 6027 titudinem
2894 5968 3125 6040 adeptos
3144 5977 3290 6020 esse.
3324 5960 3489 6017 Docet
3509 5967 3687 6015 autem
3717 5952 3854 6010 idem
3878 5943 4147 6007 Βηναῖος
