4292 6390
205 413 315 477 725

1666 406 2055 466 ΡΗΕΡΑΤΙΟ.

3406 409 3515 470 7ὶὸ

207 535 263 590 in
294 546 445 593 tomo
482 533 503 591 l
533 537 674 607 Opp.
719 534 813 592 lib.
862 550 933 601 ιι,
967 547 1087 603 cap.
1126 532 1231 601 30,
1268 532 1388 587 Non
1435 542 1543 585 esse
1570 526 1803 583 absolute
1834 530 1878 587 Λ
1905 529 2058 595 jussu
2089 527 2335 595 adactus,
2361 537 2414 583 ιιι
2436 529 2613 585 innuit
2642 526 3051 587 llilariuslnllb
3091 540 3108 588 t
3156 527 3223 588 ad
3246 527 3517 589 Constan-

204 626 531 700 impossibile
559 628 819 684 hominem
847 628 898 683 in
928 641 1145 695 corpore
1173 623 1379 679 monali
1407 622 1595 676 elevari
1624 632 1805 674 secun-

203 720 331 776 dum
377 731 599 779 mentem
633 723 702 775 ad
738 721 1017 776 videndum
1044 716 1232 782 Deum,
1265 718 1391 771 licet
1446 715 1509 768 de
1549 710 1808 767 cbmmuni

200 814 316 886 lege
341 822 389 870 et
416 815 649 885 potentia
678 830 781 869 non
807 810 1124 867 concedatur
1166 809 1461 864 hominibus
1501 806 1806 860 mortalibus

200 906 350 960 clara
396 905 527 960 visio
558 905 752 961 divina
789 904 1061 969 assentire;
1107 912 1163 957 et
1196 902 1241 954 si
1271 901 1355 955 cui
1382 896 1600 952 videtur
1637 895 1808 951 fuisse

198 1010 465 1054 coiieessa
488 1038 504 1064 ,
528 1005 586 1052 ut
617 996 787 1069 Moysi
810 1040 824 1063 ,
856 1002 912 1051 et
944 995 1003 1049 υ.
1038 994 1259 1059 Paullo,
1293 990 1345 1045 id
1370 1007 1457 1060 per
1486 990 1632 1043 breve
1681 998 1807 1042 teni-

203 1104 308 1163 pus
337 1098 387 1145 et
416 1090 566 1160 quasi
616 1090 669 1143 in
721 1088 946 1143 transitu
970 1087 1220 1142 obtinere
1268 1092 1628 1146 meruerunt;
1684 1096 1805 1135 nam

201 1181 354 1251 quod
390 1180 580 1254 aliquis
606 1182 759 1236 homo
788 1190 896 1235 toto
926 1193 1150 1249 tempore
1178 1180 1298 1232 vita:
1338 1178 1575 1229 mortalis
1602 1176 1678 1227 rel
1715 1190 1807 1245 pro

203 1274 387 1345 aliqua
408 1290 597 1347 magna
627 1282 774 1343 parte
812 1273 926 1342 ejus
956 1273 1189 1325 habuerit
1224 1272 1366 1323 illam
1400 1269 1644 1321 risionent
1688 1283 1807 1333 per-

202 1373 474 1421 manenler
508 1374 557 1422 et
600 1366 1022 1429 immutabiliter,
1064 1366 1114 1417 in
1153 1366 1248 1415 hoc
1292 1379 1443 1416 sensu
1490 1372 1685 1415 certum
1734 1369 1809 1414 est

200 1477 307 1515 non
324 1478 435 1517 esse
454 1463 645 1531 factam
666 1461 1124 1530 dispensationem.
1142 1460 1332 1527 Igitur,
1350 1467 1403 1510 ut
1422 1459 1546 1512 hinc
1571 1459 1635 1509 ad
1655 1456 1811 1511 Luci-

200 1555 378 1611 ferum
405 1557 712 1620 redeamus,
742 1558 810 1610 ita
834 1557 950 1625 ejus
978 1557 1138 1608 verba
1170 1563 1328 1607 erunt
1364 1553 1731 1621 intelligenda,
1752 1558 1811 1605 ut

196 1647 524 1720 singularem
544 1652 818 1717 quamdam
844 1648 1206 1715 perfectionem
1231 1647 1414 1698 dit'inw
1431 1644 1812 1711 contemplatio-

196 1742 283 1794 nis
314 1738 643 1810 significent,
671 1740 1126 1809 quemadmodum
1171 1742 1337 1801 etiam
1362 1738 1672 1808 Hieronymi
1703 1748 1811 1791 tes.

196 1834 485 1889 timnnium
516 1834 752 1903 explicat
776 1832 1099 1895 Suarezius;
1131 1842 1186 1886 et
1207 1848 1299 1899 per
1317 1832 1600 1901 prolepsin
1628 1844 1811 1899 qnam-

190 1927 321 1980 dam
365 1926 588 1996 Scripsit
642 1926 890 1993 Lucifer,
920 1926 996 1979 uti
1029 1926 1370 1989 Ambrosius,
1404 1924 1575 1977 Ellam
1603 1932 1809 1977 a'terna:

192 2034 256 2073 re
272 2034 403 2075 vera
422 2019 515 2073 Dei
536 2020 781 2073 amicitur
802 2019 1112 2089 eapulatum
1140 2019 1261 2071 ineo
1282 2018 1515 2071 eonririo
1535 2017 1643 2087 jam
1662 2032 1805 2082 esse,

192 2112 284 2165 ubi
311 2112 412 2167 erit
449 2112 563 2166 sine
599 2112 755 2166 dubio
800 2112 1155 2176 Athanasius;
1194 2113 1318 2180 quia
1370 2114 1422 2164 in
1470 2112 1811 2165 translatione

190 2203 312 2276 ipsa
362 2203 701 2273 conﬁrmatus
735 2205 787 2257 in
831 2206 1001 2273 gratia
1032 2214 1077 2257 et
1107 2206 1156 2257 in
1190 2205 1339 2265 bono,
1363 2216 1586 2259 auctore
1610 2204 1807 2260 Suaru-

195 2301 287 2353 zin
317 2343 330 2363 ,
362 2299 431 2354 de
463 2299 645 2353 futura
691 2298 868 2354 beatae
924 2300 1249 2352 :cternitatis
1284 2300 1627 2365 possessione
1678 2300 1809 2353 vivit

193 2408 454 2449 Securus.
491 2394 763 2448 Ca-terum
804 2392 943 2448 duos
992 2392 1156 2446 hosce
1200 2392 1351 2445 viros
1392 2401 1592 2446 arterna
1636 2392 1808 2462 gloria

194 2489 402 2557 potitos
442 2500 553 2543 non
580 2504 703 2541 esse
733 2498 966 2558 quatuor
1010 2486 1122 2541 lia-e
1149 2498 1470 2554 argumenta
1498 2489 1651 2541 facile
1687 2502 1806 2557 per-

193 2579 471 2654 supdent;
502 2580 650 2651 quod
678 2595 744 2635 eo
784 2582 1017 2650 primum
1052 2595 1159 2633 non
1198 2581 1574 2647 ingrediuntur
1606 2594 1804 2647 Corpo-

194 2687 253 2726 ra
288 2673 393 2727 nisi
421 2671 757 2743 glorillcata;
786 2672 983 2727 deinde
1008 2674 1150 2741 quod
1185 2673 1364 2727 aditus
1391 2676 1440 2727 in
1470 2675 1639 2727 ecutos
1674 2689 1807 2726 nou-

192 2766 330 2820 dum
361 2765 537 2820 fuerat
581 2775 834 2835 apertus;
868 2767 1030 2819 tertio
1069 2766 1214 2835 quod
1251 2764 1500 2819 Christus
1549 2782 1687 2819 unus
1738 2767 1809 2821 sit

194 2859 603 2929 resurgentium
639 2859 931 2928 primitiae;
966 2859 1184 2913 demunt
1236 2858 1379 2927 quod
1433 2869 1661 2927 uterque
1704 2860 1807 2913 sub

197 2959 379 3027 ipsum
422 2954 608 3011 mundi
656 2956 883 3011 exitium
932 2960 987 3009 et
1028 2955 1186 3008 linem
1224 2956 1642 3023 prmnuntiaturi
1694 2955 1807 3007 sint

193 3049 371 3104 divini
410 3048 619 3106 Iudicis
672 3048 1003 3113 adventum,
1034 3063 1152 3116 qure
1185 3048 1433 3101 sententia
1461 3055 1548 3099 aut
1581 3047 1644 3099 tle
1675 3045 1807 3101 Fide

193 3154 297 3206 ω’,
321 3149 411 3195 aut
442 3139 594 3195 Fidei
617 3141 768 3196 valde
793 3141 1050 3209 proxima,
1086 3150 1139 3194 et
1168 3141 1403 3208 glorioso
1426 3142 1475 3191 in
1500 3138 1806 3193 Alllit'ilriS'

196 3236 636 3291 tumeertaminc
655 3243 883 3289 mortem
917 3232 1210 3305 oppetituri
1239 3248 1250 3291 :
1283 3234 1347 3287 de
1378 3246 1484 3299 quo
1513 3232 1634 3285 vide
1666 3246 1803 3301 prce-

191 3329 363 3397 cipue
391 3325 669 3381 laudatum
700 3326 1017 3383 Suarczium
1071 3328 1120 3379 in
1175 3335 1307 3379 sect.
1340 3325 1372 3377 2
1396 3325 1552 3379 dictu:
1596 3324 1801 3394 disput.

192 3417 290 3474 55.
328 3419 504 3488 Atque
534 3418 683 3475 hisce
704 3418 995 3487 expeditis,
1018 3428 1266 3485 Superest
1293 3418 1525 3487 denique
1551 3427 1605 3470 ut
1631 3417 1806 3486 inqui-

194 3524 392 3566 ramus
426 3528 440 3567 Ξ

274 3602 305 3674 ς
363 3603 547 3660 ιν.-
580 3602 658 3661 De
704 3613 977 3675 tempore,
1022 3622 1121 3674 quo
1163 3606 1354 3673 singuli
1398 3604 1629 3676 Lari/eri
1684 3607 1805 3661 libri

834 3700 1013 3768 scripti
1044 3709 1182 3753 sunt.

274 3790 462 3861 Itaque
494 3788 564 3845 ad
606 3790 893 3861 epistolam
939 3792 1079 3857 quod
1131 3792 1347 3854 attinet,
1381 3807 1538 3859 quam
1586 3790 1804 3848 Lucifer

193 3885 423 3955 scripsit
464 3884 697 3940 Eusebio
739 3882 1008 3955 Episcopo
1048 3885 1419 3949 \‘crcellcasi,
1456 3897 1512 3939 ιιι
1560 3885 1805 3943 Concilio

194 3976 490 4031 Mediolani
516 3978 627 4047 jam
660 3975 797 4031 inito
830 3978 1139 4043 interesset,
1174 3978 1332 4035 facile
1359 3980 1684 4048 conjicimus
1711 3980 1804 4033 da-

191 4081 308 4125 tam
350 4070 516 4126 fuisse
551 4085 739 4127 mense
782 4072 1003 4126 circiter
1052 4074 1218 4142 Aprili
1254 4074 1481 4142 hujusce
1514 4075 1638 4128 anni
1668 4075 1799 4131 355'.

194 4164 419 4219 Etenim
446 4162 640 4235 Pagius
672 4163 724 4219 in
768 4162 904 4219 Crit.
934 4164 1128 4219 Barou.
1174 4166 1238 4218 ad
1265 4183 1351 4218 an.
1396 4166 1649 4221 eumdem
1682 4167 1799 4219 ani-

192 4257 495 4312 madvertit
518 4272 586 4312 ex
634 4257 727 4311 lib.
762 4254 1052 4329 Theophili
1084 4257 1416 4313 Patriarclue
1448 4258 1801 4313 Alexandrini

189 4352 262 4403 ite
290 4348 678 4403 ronversatione
698 4360 746 4403 et
778 4350 1088 4418 particulari
1120 4350 1222 4404 vita
1252 4350 1565 4404 Sanctorum
1601 4349 1802 4405 Patito-

191 4444 287 4494 mii
319 4451 367 4494 et
402 4438 662 4494 'l‘lteodori
687 4454 807 4509 cap.
841 4441 894 4506 4,
928 4440 1284 4494 ΛιΙιῑιῐιτιηίιιιιι
1323 4455 1448 4495 ante
1479 4442 1623 4495 diem
1658 4445 1802 4497 vice-

186 4536 396 4588 simum
420 4540 669 4605 quintum
694 4534 811 4587 .\laii
836 4534 1149 4589 damnatum
1179 4534 1347 4589 fuisse
1372 4537 1421 4589 ιιι
1445 4551 1510 4591 eo
1532 4534 1801 4603 Concilio,

189 4627 345 4698 quod
379 4628 541 4696 igitur
571 4625 742 4698 Aprili
791 4643 977 4681 ttttutse
1022 4639 1271 4680 coactum
1308 4627 1419 4697 jam
1450 4638 1599 4689 erat;
1630 4628 1799 4697 siqui-

188 4722 329 4776 ilem
376 4719 642 4775 Eusebius
689 4720 884 4774 litteris
925 4720 1241 4775 Autistitum
1274 4718 1601 4774 Arianorum
1635 4722 1803 4775 totius

187 4811 436 4867 Concilii
461 4812 706 4878 nomine,
731 4822 842 4867 tum
872 4811 1108 4869 Luciferi
1136 4814 1390 4882 περι-μιῆς,
1423 4812 1681 4868 Vercellis
1707 4813 1800 4868 ad-

192 4907 307 4959 huc
331 4902 598 4969 substitit,
625 4912 676 4959 et
700 4903 1003 4959 Constantii
1044 4906 1261 4961 demunt
1306 4906 1537 4974 epistola
1592 4922 1806 4975 perun»-

193 5008 313 5060 tus.
340 5009 401 5049 ac
430 5004 717 5065 postquam
741 4995 791 5051 ei
818 4997 1223 5065 respoiidisst-t,
1259 4997 1621 5053 Mediolanum
1656 5010 1806 5053 eom-

192 5090 366 5146 mode
408 5090 703 5160 profectus,
750 5092 817 5145 ibi
867 5091 985 5146 dies
1031 5094 1220 5149 decem
1258 5104 1386 5149 ante
1432 5106 1803 5152 eutnmoratus

190 5193 319 5248 est,
371 5198 535 5254 quam
560 5185 612 5239 in
631 5184 920 5240 concilium
976 5186 1367 5255 advocaretur,
1416 5197 1475 5244 nt
1523 5186 1810 5244 Athanasii

190 5278 542 5332 damnationi
575 5278 967 5334 subscriberet.
1013 5278 1280 5334 Baronius
1314 5281 1377 5333 ad
1423 5282 1575 5335 illum
1604 5294 1807 5334 annum

188 5377 395 5422 censet
423 5366 663 5424 Luciferi
695 5370 904 5424 litteras
934 5367 1002 5423 ad
1029 5370 1318 5424 Eusebium
1358 5373 1592 5441 scriptas
1640 5372 1808 5429 fuisse

193 5469 327 5529 post
356 5460 653 5529 epistolam
695 5462 1005 5518 Constantii
1042 5480 1055 5517 :
1090 5464 1186 5520 sed
1220 5466 1485 5521 Eusebius
1521 5467 1635 5537 ipse
1664 5466 1808 5523 Con-

190 5555 411 5607 stantio
441 5553 747 5625 respondit,
771 5572 831 5612 se
859 5557 1147 5626 suscepisse
1173 5559 1329 5611 etiam
1350 5560 1549 5613 litteras
1584 5562 1807 5629 fratrum

188 5656 245 5704 et
265 5649 703 5720 coepiscopornm
759 5664 1004 5717 suorum,
1033 5653 1216 5715 quibus
1234 5652 1597 5710 lineintimare
1626 5656 1811 5727 digna-

187 5744 237 5797 ti
265 5752 414 5810 sunt,
444 5752 502 5795 ut
534 5743 690 5812 plena
728 5744 853 5798 milii
873 5786 887 5811 ,
918 5744 1118 5812 subdit,
1153 5746 1340 5799 relatio
1369 5763 1458 5815 per
1491 5748 1651 5816 ipsos,
1681 5762 1811 5815 quos

187 5847 299 5892 tua.-
322 5850 515 5905 parere
527 5834 762 5907 jussioui
790 5838 843 5889 in
875 5838 969 5892 hoc
992 5839 1341 5893 necessarium
1372 5840 1523 5907 duxi,
1550 5838 1811 5895 Mediola-

188 5946 325 5988 num
355 5930 532 5984 venire
561 5942 894 6000 properarem
915 5946 936 5996 ;
960 5944 1031 5986 eo
1056 5939 1238 5988 autem
1266 5930 1485 5987 advenit
1506 5931 1809 5988 Constantii

1911 624 2066 685 tium,
2098 629 2153 677 et
2171 623 2363 679 decem
2395 632 2518 694 post
2546 625 2664 679 dies
2706 624 2773 680 ab
2803 626 2921 695 ejus
2948 625 3182 681 adventu
3209 626 3263 681 in
3306 624 3511 683 Conci.

1910 714 2043 769 lium
2066 715 2359 769 advocatus
2379 715 2511 771 fuit:
2547 716 2807 771 Eusebius
2848 717 3188 774 Vercellensis
3215 714 3513 789 Episcopus

1909 808 1987 861 vir
2016 816 2090 861 est
2120 806 2260 861 omni
2292 810 2395 861 vita
2428 807 2537 863 Deo
2564 812 2809 866 serviens.
2846 810 2953 865 Iste
3001 820 3116 883 post
3162 810 3508 868 Arelatensem

1912 901 2203 972 Synodum,
2248 919 2365 956 cum
2399 904 2677 959 Paullinus
2732 905 3026 975 Episcopus
3080 907 3238 963 tantis
3286 909 3507 963 istorum

1910 994 2188 1049 sceleribus
2218 998 2547 1063 contraisset,
2583 996 2940 1053 Mediolanum
2972 999 3141 1055 venire
3181 1002 3509 1071 praecipitur.

1912 1083 2101 1139 Coacta
2119 1090 2237 1159 jam
2279 1088 2393 1143 illic
2433 1089 2834 1160 malignantium
2856 1104 3122 1163 synagoga
3145 1132 3161 1157 ,
3189 1092 3365 1145 decem
3396 1092 3509 1147 die-

1910 1181 2003 1234 bus
2028 1182 2098 1234 ad
2131 1179 2419 1237 Ecclesium
2451 1182 2634 1239 vetitus
2662 1193 2740 1239 est
2771 1187 3045 1255 accedere,
3087 1186 3212 1239 dunt
3257 1187 3511 1241 adversus

1913 1286 2015 1330 tam
2042 1288 2274 1332 sanctum
2303 1280 2470 1332 virum
2494 1279 2688 1333 malitia
2719 1297 2773 1334 se
2797 1294 3036 1352 perversa
3060 1279 3336 1335 consumit.
3370 1280 3512 1351 Sup-

1912 1370 2113 1440 puratis
2140 1372 2326 1425 deinde
2355 1372 2585 1425 consiliis
2627 1372 2897 1436 omnibus,
2933 1375 3017 1426 ubi
3045 1373 3249 1427 libitum
3274 1382 3347 1428 est
3368 1413 3383 1439 ,
3414 1375 3512 1427 ad-

1916 1472 2144 1516 rocatur.
2176 1465 2319 1529 Quas
2351 1465 2615 1533 temporis
2640 1472 2827 1528 notas,
2861 1473 2917 1519 et
2946 1464 3254 1529 intervalla,
3285 1480 3407 1534 quae
3431 1464 3513 1519 in-

1916 1566 1997 1611 ter
2031 1557 2255 1624 primam
2283 1556 2611 1611 Arianorqu
2635 1557 2702 1611 ad
2730 1558 3022 1613 Eusebium
3055 1558 3339 1628 epistolam
3363 1554 3510 1613 Cou-

1914 1648 2027 1703 cilii
2059 1650 2307 1711 nomine.
2348 1659 2403 1704 ct
2434 1650 2661 1704 alteram
2694 1649 2959 1716 Luciferi,
2990 1666 3054 1706 ac
3105 1652 3321 1707 tertiam
3372 1652 3512 1707 Con-

1915 1742 2097 1795 stantii
2122 1784 2134 1805 ,
2168 1752 2278 1795 tum
2332 1742 2546 1797 Eusebii
2578 1758 2759 1797 moras
2781 1752 2836 1797 et
2876 1745 3002 1807 iter,
3033 1743 3316 1813 ipsamque
3338 1742 3513 1798 Atha—

1917 1835 2050 1888 nasii
2082 1834 2488 1888 damnationem
2515 1836 2827 1889 necessario
2852 1835 3248 1900 intercurrunt,
3273 1834 3319 1889 si
3349 1832 3519 1891 simul

1912 1927 2159 1979 conferas
2186 1968 2199 1989 ,
2230 1926 2475 1995 profecto
2494 1927 2781 1995 dignosces
2812 1925 3049 1981 Luciferi
3092 1926 3160 1980 ad
3213 1927 3510 1983 Eusebium

1915 2020 2119 2073 litteras
2148 2021 2199 2072 iu
2231 2034 2471 2075 mensem
2502 2020 2745 2089 Aprilem
2777 2035 2899 2075 esse
2926 2020 3281 2089 rejiciendas:
3307 2032 3363 2076 et
3384 2021 3515 2079 hinc

1912 2112 2311 2167 Mediolanense
2333 2113 2637 2168 Concilium
2660 2129 2766 2169 non
2796 2113 2898 2168 sub
2922 2113 3100 2183 ipsum
3128 2114 3354 2169 omnino
3380 2116 3510 2171 anul

1912 2207 2018 2259 555
2046 2206 2358 2271 exordium,
2409 2214 2466 2259 nt
2488 2205 2843 2260 Constantius
2873 2222 2942 2260 ex
2968 2206 3330 2275 eruditorum,
3360 2207 3511 2279 quod

1916 2298 2027 2364 ipse
2049 2299 2142 2359 ait,
2167 2300 2431 2353 sententia
2456 2298 2691 2353 affirmat
2717 2300 2767 2353 in
2796 2308 2921 2353 uota
2940 2300 3186 2369 epistola:
3213 2300 3414 2357 Liberii
3439 2299 3509 2358 ad

1915 2389 2220 2445 Luciferum
2252 2392 2515 2461 subjecta,
2551 2394 2643 2448 sed
2676 2394 2761 2449 vel
2782 2395 2884 2449 sub
2909 2395 3113 2450 exitum
3140 2397 3346 2451 mensis
3372 2394 3513 2451 Mar-

1915 2483 1993 2542 tii.
2023 2486 2103 2539 vel
2132 2486 2235 2540 sub
2265 2486 2477 2540 initium
2510 2487 2713 2557 Aprilis
2735 2488 3028 2558 inemptum
3059 2488 3233 2544 fuisse
3254 2498 3505 2560 oportet;

1910 2594 2015 2647 quo
2038 2596 2203 2633 sensu
2238 2580 2381 2649 l'agii
2412 2596 2631 2650 quoque
2662 2582 2824 2637 verba
2853 2582 3227 2653 intelligimus,
3252 2586 3341 2654 qui
3364 2585 3505 2640 Con-

1910 2670 2087 2722 cilium
2124 2671 2509 2726 .llt'tliolanense
2540 2674 2791 2728 currentis
2813 2676 2935 2727 anni
2983 2674 3087 2727 355
3114 2676 3261 2729 initio
3280 2670 3506 2731 celebra'-

1913 2774 2017 2813 tnm
2049 2764 2237 2815 scribit
2270 2764 2387 2817 loco
2412 2764 2652 2819 laudato.

1986 2853 2111 2906 l'nst
2140 2853 2542 2910 Mediolaneuse
2562 2854 2865 2911 Concilium
2896 2857 3036 2913 Maio
3066 2872 3257 2915 mense
3286 2859 3509 2915 circiter

1911 2944 2241 3009 absolutum,
2274 2945 2531 3003 Lucifero
2555 2955 2605 3002 et
2638 2950 2756 3005 aliis
2777 2949 3081 3007 Catholicis
3104 2950 3391 3021 Episcopis
3413 2963 3511 3008 ex-

1912 3037 2037 3091 silio
2066 3037 2334 3094 damnatis
2360 3081 2374 3104 ,
2411 3040 2660 3096 Liberius
2697 3042 2972 3099 llomauus
3007 3042 3259 3098 Pontifex
3287 3059 3417 3098 suas
3439 3044 3507 3099 ad

1914 3130 2031 3183 illos
2062 3131 2265 3186 litteras
2306 3135 2546 3204 scripsit,
2580 3150 2698 3205 qua-
2726 3137 2777 3190 in
2808 3136 3055 3191 editione
3079 3147 3265 3192 nostra
3295 3136 3514 3192 Lucife-

1916 3225 2120 3278 rianam
2156 3227 2439 3295 epistolam
2474 3231 2722 3299 proxime
2764 3231 3193 3301 Subsequuntur.
3245 3231 3512 3287 Baronius

1911 3319 1976 3372 ad
2008 3334 2097 3372 an.
2130 3321 2232 3376 555
2263 3322 2538 3377 existimat
2564 3322 2865 3391 Liberium,
2894 3341 3037 3393 eum,
3068 3341 3185 3394 qtae
3211 3327 3265 3380 in
3288 3341 3373 3381 eos
3395 3339 3510 3399 ges-

1910 3419 1960 3463 ta
2015 3412 2267 3482 fuissent,
2299 3416 2615 3487 accepisset,
2654 3433 2795 3483 mox,
2829 3417 3043 3473 litteras
3096 3420 3258 3472 hasce
3286 3418 3353 3471 ad
3390 3418 3507 3472 sin-

1908 3504 2065 3574 gulos
2087 3515 2214 3559 ante
2246 3506 2416 3560 Ruina
2450 3510 2693 3575 misisse,
2726 3525 2887 3580 quam
2921 3508 3283 3565 Mediolanum
3311 3510 3376 3563 ad
3406 3510 3509 3564 lm-

1910 3607 2215 3666 peratorem
2248 3600 2627 3668 deduceretur,
2664 3613 2716 3657 et
2749 3600 3103 3657 Constantius
3142 3604 3195 3657 in
3222 3611 3346 3657 nota
3382 3603 3514 3656 sub-

1902 3689 2045 3757 jecta
2069 3693 2204 3744 eirea
2232 3693 2452 3746 mediam
2476 3709 2665 3746 annum
2693 3693 2799 3747 555i
2828 3704 3040 3763 tempus
3068 3695 3375 3764 coasignat,
3398 3704 3509 3764 quo

1909 3782 2109 3839 fuerint
2140 3786 2377 3855 scriptae.
2409 3786 2550 3840 Nihil
2581 3786 2799 3855 quidem
2832 3787 2965 3842 certi
3006 3788 3107 3842 bac
3138 3789 3191 3842 in
3224 3803 3282 3843 re
3303 3788 3508 3842 consti-

1911 3888 2059 3933 luere
2090 3894 2398 3947 pOSSllllIUS,
2429 3894 2548 3932 cmn
2570 3879 2682 3948 ipsa
2713 3880 2961 3949 epistola:
2997 3880 3161 3936 verba
3191 3881 3506 3952 ambiguum

1909 3969 2037 4039 quid
2070 3987 2176 4038 przc
2200 3986 2259 4024 se
2305 3972 2446 4027 ferre
2484 3972 2792 4041 videantur,
2820 3972 2944 4028 illos
2969 3974 3117 4029 enim
3162 3975 3231 4028 ad
3264 3975 3502 4045 futuram

1908 4063 2128 4133 gloriam
2175 4073 2423 4134 martyres
2466 4064 2749 4119 destinatos
2790 4066 3067 4136 appellat;
3120 4075 3230 4121 tum
3278 4068 3501 4123 subdit:

1910 4154 2033 4207 Scio
2064 4155 2185 4208 hinc
2229 4173 2307 4211 me
2346 4157 2693 4225 probabiliora
2737 4157 2873 4212 t'obis
2909 4156 3146 4213 exhibere
3180 4159 3411 4225 solatia,
3459 4161 3503 4213 si

1908 4248 2128 4301 credatis
2160 4264 2237 4301 mc
2257 4249 2310 4301 in
2334 4250 2570 4302 exsilium
2597 4251 2755 4304 simul
2791 4250 3053 4304 vobiscum
3082 4266 3189 4306 esse
3213 4250 3500 4306 detrusum.

1911 4337 2143 4407 Denique
2160 4356 2238 4394 me
2256 4339 2424 4395 adhuc
2438 4342 2487 4395 in
2504 4342 2614 4412 ipsa
2635 4343 3016 4411 exspectatione
3029 4346 3352 4413 pendentem,
3369 4348 3506 4411 quod

1910 4447 1940 4484 a
1970 4435 2227 4488 consortio
2256 4444 2419 4489 oestro
2449 4436 2629 4487 durior
2677 4438 2951 4491 necessitas
2990 4437 3197 4491 interim
3222 4436 3466 4493 distrahit
3486 4481 3501 4503 ,

1910 4528 2034 4580 satis
2079 4529 2373 4581 contristor.
2418 4528 2727 4598 Optaveram
2780 4530 2914 4583 enim
2961 4529 3105 4599 prior
3135 4545 3231 4599 pro
3276 4529 3513 4585 omnibus

1909 4618 2046 4671 cobis
2090 4619 2338 4689 impendi,
2364 4627 2459 4672 etc.
2510 4617 2613 4674 Et:
2664 4618 2801 4687 Quia
2850 4621 3185 4689 proximiores
3236 4623 3356 4675 estis
3397 4620 3513 4677 Deo

1911 4710 2099 4777 e/I'ecti,
2121 4714 2434 4767 orationibus
2464 4731 2560 4771 me.
2600 4756 2610 4768 .
2650 4757 2659 4768 .
2691 4756 2705 4770 .
2756 4715 3035 4783 sublevate,
3064 4726 3121 4771 ut
3145 4720 3512 4787 supervenien-

1912 4818 1983 4861 les
2014 4809 2253 4879 impetus,
2280 4810 2365 4879 qui
2380 4810 2442 4865 de
2460 4810 2543 4865 die
2569 4810 2623 4863 in
2646 4811 2801 4872 diem.
2826 4824 2945 4865 cum
2971 4814 3368 4877 annuntiantur,
3388 4828 3512 4884 gra-

1913 4905 2055 4954 riora
2094 4904 2305 4957 vulnera
2344 4903 2585 4972 inﬂigunt
2608 4944 2623 4967 ,
2664 4903 3005 4958 tolerabiliter
3044 4906 3180 4974 ferre
3224 4905 3503 4975 possimus.
3541 4974 3544 4978 Α

1915 4996 2081 5066 Igitur
2102 4997 2350 5053 audierat
2388 4995 2659 5063 Liberius,
2691 5011 2815 5053 cum
2840 4996 2957 5053 haec
2986 4989 3278 5064 scriberet,
3321 4998 3507 5055 exsilii

1918 5106 2130 5159 plenam
2166 5092 2215 5144 in
2250 5087 2576 5156 Luciferum,
2608 5089 2856 5160 aliosque
2890 5088 3191 5159 Episcopus
3227 5090 3509 5147 decretam

1915 5181 2123 5248 fuisse;
2159 5198 2215 5237 se
2248 5182 2365 5249 ipso
2396 5181 2614 5251 quidem
2646 5182 2810 5237 animi
2840 5180 3038 5237 affectu
3070 5180 3126 5235 in
3173 5184 3368 5238 exsilio
3405 5198 3513 5238 una

1912 5292 2034 5332 cum
2068 5278 2170 5331 illis
2218 5275 2420 5331 versari
2466 5275 2703 5331 affirmat
2730 5316 2746 5341 ,
2779 5276 2921 5345 quod
2959 5276 3109 5346 prior
3141 5275 3256 5343 ipse
3280 5276 3513 5333 subiisse

1912 5372 2185 5441 cupiebat,
2212 5379 2267 5423 at
2300 5372 2501 5425 incerta
2528 5371 2935 5439 exspectatione
2963 5368 3223 5438 pendere,
3246 5368 3376 5425 dum
3409 5371 3513 5426 im-

1914 5464 2211 5535 pendentes
2249 5464 2349 5518 sibi
2397 5462 2646 5533 procelbe
2696 5462 2930 5530 impetus
2976 5460 3281 5531 prosliieit,
3332 5467 3388 5516 et
3442 5462 3510 5517 ad

1918 5558 2168 5627 graviora
2195 5554 2385 5609 indies
2414 5552 2551 5607 mala
2584 5549 2864 5606 toleranda
2896 5550 3139 5606 animum
3170 5558 3323 5621 parat
3350 5568 3363 5617 ;
3390 5567 3512 5622 qua:

1919 5651 2136 5720 quidem
2170 5648 2350 5703 omnia
2386 5649 2435 5703 in
2460 5646 2510 5701 id
2536 5654 2753 5715 tempus
2778 5653 2927 5701 recte
2950 5646 3199 5700 conferas
3224 5687 3238 5711 ,
3266 5660 3372 5716 quo
3402 5654 3513 5701 sta.

1920 5747 2017 5800 tim
2054 5754 2169 5815 post
2210 5743 2512 5797 Concilium
2547 5739 2813 5794 Eusebius
2861 5737 3164 5793 Eunuchus
3211 5737 3442 5793 Romam
3484 5755 3513 5793 a

1919 5834 2239 5891 Cutistantio
2266 5835 2465 5889 missus
2485 5840 2589 5896 est,
2616 5840 2674 5886 ut
2697 5830 2972 5886 Liberium
2997 5826 3342 5899 Imperatoris
3358 5830 3516 5899 jussu

1916 5933 1983 5989 ad
2018 5933 2339 5987 Arianorum
2360 5928 2797 5984 communit-nem
2828 5924 3157 5995 impelleret,
3188 5937 3240 5980 et
3263 5925 3327 5979 ad
3353 5926 3521 5983 Atha-
