4636 6428
714 393 823 451 797

1726 392 2032 451 LUCIFER
2074 393 2450 456 EPISC‘JPUS
2490 395 3005 455 CALARITANUS.

3944 398 4067 454 7'28

711 514 929 569 nasium
958 512 1438 570 condemnandum
1468 512 1743 584 adigeret;
1776 512 1922 569 unde
1947 522 2058 569 tum
2088 529 2233 570 saeva
2268 515 2322 569 in
2354 521 2407 579 Α
2431 515 2642 581 debuit,
2674 530 2838 586 quam
2867 525 2927 570 ut
2950 514 3163 571 consilii
3191 514 3275 570 sui
3305 556 3319 581 ,
3352 528 3649 588 rerumque
3678 515 3745 570 ab
3765 530 3824 572 se
3856 516 3919 572 in
3956 531 4071 573 eo-

713 603 1032 661 Catholicos
1085 605 1363 661 Romanos
1418 613 1748 675 tempestate
1803 617 2038 671 exorta,
2082 607 2333 663 Liberius

715 698 906 765 paullo
936 710 1061 770 post
1087 716 1223 771 a'gre
1244 700 1425 772 populi
1467 711 1604 753 metu
1627 742 1641 765 ,
1673 700 1763 770 qui
1784 704 1896 774 ejus
1934 717 2110 756 amore
2138 703 2334 772 ﬂagra-

716 792 823 858 bat,
842 810 961 847 cum
976 811 1162 865 magna
1190 794 1507 865 difficultate
1554 795 1721 848 noctis
1744 794 1915 848 medio
1936 798 2102 865 potuit
2125 794 2335 851 Medio-

714 887 902 941 lanum
952 902 1140 943 mense
1167 886 1332 942 Iunio
1361 888 1584 942 circiter
1616 889 1921 957 asportari,
1966 902 2077 957 quo
2120 906 2152 941 a
2198 886 2335 943 Con-

714 984 906 1035 stantio
930 983 1062 1035 mitti
1091 992 1381 1053 prwceptus
1405 987 1609 1053 fuerat,
1644 983 1821 1053 inquit
1849 982 2201 1038 Marcellinus
2231 983 2329 1039 lib.

718 1089 788 1129 xv
816 1089 938 1145 cap.
974 1076 1025 1128 7.
1054 1075 1235 1144 Quare
1258 1084 1313 1130 et
1344 1074 1579 1130 Baronio
1629 1075 1773 1146 quod
1803 1076 1871 1130 ad
1904 1076 2102 1140 locum,
2125 1076 2335 1132 eidem-

721 1182 832 1238 que
863 1178 918 1222 et
951 1169 1275 1223 Couslanlio
1306 1169 1451 1240 quod
1496 1169 1563 1223 ad
1588 1180 1808 1239 tempus
1830 1170 2057 1235 attinet,
2081 1184 2189 1239 quo
2220 1171 2335 1240 epi-

722 1264 863 1318 stola
880 1264 1081 1333 scripta
1106 1263 1229 1327 fuit,
1250 1264 1599 1319 assentimur.
1628 1263 1872 1319 Hilarius
1902 1265 1952 1317 in
1978 1268 2094 1318 suis
2117 1263 2332 1334 Fragm.

724 1353 780 1409 in
814 1353 970 1410 Tom.
1016 1370 1050 1410 ιι
1077 1355 1217 1426 Opp.
1245 1356 1392 1412 Edit.
1422 1356 1594 1412 Manr.
1622 1356 1735 1411 haec
1761 1357 2059 1426 przeposuit
2086 1357 2336 1426 epistola:

724 1446 1035 1503 Liberiana:
1063 1448 1352 1522 inFragm.
1396 1466 1447 1505 vr
1475 1467 1486 1503 :
1513 1449 1751 1504 Liberius
1792 1460 2070 1513 antequam
2108 1452 2177 1504 ad
2203 1452 2339 1506 exsi—

724 1541 856 1596 lium
881 1542 998 1605 iret,
1023 1543 1157 1597 hanc
1178 1546 1492 1615 uniformem
1511 1545 1791 1613 epistolam
1818 1546 2028 1614 scripsit
2060 1544 2338 1615 Confessa-

722 1634 885 1699 ribus,
913 1635 971 1688 id
1001 1645 1107 1700 est,
1132 1635 1377 1701 Eusebio,
1411 1634 1667 1707 Dionysio
1689 1679 1703 1702 ,
1727 1646 1774 1690 et
1804 1635 2051 1707 Lucifero
2074 1638 2127 1691 in
2156 1636 2339 1691 exsilio

724 1730 1056 1795 constitutis;
1092 1729 1189 1785 sed
1225 1745 1289 1785 ea
1319 1730 1801 1796 verba,ontequam
1827 1732 1897 1785 ad
1924 1733 2168 1786 exsilium
2209 1732 2335 1796 iret,

729 1819 805 1874 ita
830 1830 1109 1891 nequeunt
1142 1822 1397 1892 intelligi,
1423 1821 1749 1877 utLiberius
1781 1822 2072 1893 epistolam
2104 1821 2340 1893 scripse—

2440 608 2565 663 dem
2581 608 2828 663 Concilio
2849 619 3126 679 gestarum
3154 609 3292 663 ratio
3311 608 3568 663 omnibus
3594 616 3819 679 pateret,
3852 616 3921 663 et
3945 624 4074 665 suae

2439 716 2620 757 causa:
2662 702 2981 771 mquitatem
3042 709 3307 756 tueretur.
3343 701 3520 757 Aliter
3544 701 3762 772 quidem
3808 710 4073 757 censent

2440 794 2819 849 Tillcmontios
2848 794 2900 849 in
2945 792 3105 850 Tom.
3138 792 3227 849 VII
3260 802 3379 849 not.
3431 795 3454 847 I
3515 803 3571 848 et
3613 792 4079 849 Montfauconius

2440 889 2493 943 in
2526 889 2637 943 vita
2668 889 2727 945 S.
2774 888 3062 944 Athanasii
3092 929 3106 953 ,
3135 889 3229 958 qui
3287 886 3529 943 Luciferi
3556 888 3724 944 libros
3751 901 3960 942 omnes
4005 888 4079 943 ab

2439 995 2506 1036 eo
2549 981 2890 1051 compositos
2923 982 3091 1036 fuisse
3126 981 3416 1050 perhibent
3441 995 3530 1034 an.
3557 981 3691 1046 560;
3715 980 3864 1049 quod
3900 980 3977 1035 de
4013 979 4084 1034 li-

2439 1074 2551 1130 bris
2600 1074 2814 1129 duolius
2847 1089 2946 1144 pro
2991 1073 3049 1130 8.
3101 1073 3405 1129 Athanasio
3453 1082 3507 1129 et
3538 1089 3635 1127 nos
3668 1074 4033 1127 aflirmamus
4061 1115 4078 1139 ,

2441 1170 2581 1225 haud
2614 1172 2686 1224 ita
2720 1170 2788 1225 de
2830 1170 3075 1240 reliquis.
3127 1168 3235 1223 Nec
3276 1168 3550 1224 Gallandii
3601 1169 3930 1239 opinionem
3986 1182 4081 1222 se-

2439 1266 2680 1335 quimur,
2734 1263 3043 1327 cuilubet,
3076 1272 3200 1332 post
3246 1260 3404 1317 binos
3426 1262 3494 1317 de
3542 1260 3842 1316 Athanasio
3894 1261 4081 1315 libros

2440 1360 2698 1427 scriptos,
2732 1358 2909 1421 utait,
2935 1370 3027 1410 an.
3057 1354 3384 1425 360,paullo
3422 1366 3535 1425 post
3566 1364 3624 1411 et
3674 1354 3806 1408 alios
3851 1369 4083 1408 succes-

2441 1450 2544 1504 sive
2566 1449 2871 1518 descriptos
2904 1448 3043 1503 intra
3066 1464 3261 1502 annum
3290 1448 3420 1512 361;
3456 1448 3546 1516 qui
3569 1452 3823 1501 auctores
3849 1446 4079 1503 nullum

2444 1558 2545 1614 pro
2567 1558 2665 1597 sua
2714 1543 2989 1598 sententia
3020 1549 3403 1612 argumentum
3432 1538 3753 1609 prteferunt.
3787 1539 4083 1597 Baronius

2441 1636 2508 1692 ad
2540 1654 2630 1691 an.
2665 1637 2774 1693 556
2807 1637 2935 1693 huic
2966 1636 3081 1693 fere
3112 1650 3256 1690 anno
3284 1635 3535 1690 attribuit
3568 1636 3781 1706 priores
3821 1645 4080 1708 quatuor

2444 1730 2682 1786 Luciferi
2708 1731 2876 1786 libros
2899 1739 3007 1786 vet.
3033 1730 3197 1796 edit.,
3222 1729 3421 1800 quibus
3441 1731 3485 1783 is
3509 1741 3633 1798 post
3654 1728 4082 1786 Mediolancnse

2445 1826 2753 1881 Concilimn
2780 1825 3062 1881 Athanasii
3094 1833 3149 1880 et
3197 1823 3321 1879 fidei
3361 1838 3580 1877 causam
3620 1822 3872 1879 defendit
3905 1841 3921 1878 :
3971 1825 4082 1892 Qui

730 1914 807 1969 rit
829 1924 950 1985 post
981 1916 1086 1970 iter
1111 1915 1611 1981 Mediolanense,et
1637 1917 1836 1973 exsilio
1862 1918 1975 1987 jam
2003 1917 2300 1972 damnatus
2325 1959 2341 1985 ,
2377 1915 2423 1975 B
2450 1921 2725 1975 Athanasii
2753 1920 2956 1974 tuenda:
2996 1920 3306 1972 innocentia:
3327 1932 3487 1970 causa
3517 1916 3746 1987 episcopi
3770 1917 3895 1986 iam
3919 1926 4080 1970 antea

730 2024 857 2064 cum
890 2011 945 2065 in
975 2010 1067 2065 illa
1087 2025 1291 2082 cupere
1321 2025 1381 2068 se
1414 2020 1669 2079 testetur,
1708 2021 1770 2067 ut
1798 2028 1977 2083 parem
2007 2013 2076 2075 iis
2106 2013 2348 2083 dignetur

730 2102 888 2158 illum
917 2102 1177 2161 Dominus
1218 2106 1461 2175 efﬁcere,
1507 2106 1753 2177 martyrii
1800 2107 2012 2163 scilicet
2051 2107 2251 2161 merito
2292 2117 2347 2161 et

731 2197 974 2266 honore;
1007 2215 1110 2256 nec
1171 2201 1470 2257 verisimile
1500 2212 1605 2269 est,
1638 2202 1971 2268 Luciferum,
2005 2203 2082 2257 uti
2106 2211 2161 2258 et
2182 2211 2350 2259 crete-

732 2303 826 2346 ros
854 2333 869 2357 ,
898 2290 1009 2360 jam
1047 2300 1160 2346 tum
1185 2292 1253 2346 ad
1282 2294 1517 2363 primum
1550 2294 1636 2349 sui
1674 2294 1851 2350 exsilii
1898 2296 1952 2351 in
2001 2295 2347 2367 Cappadocia

735 2383 912 2437 locum
946 2383 1253 2440 Mediolano
1286 2384 1699 2443 dissitissimum
1726 2390 2077 2459 pervenisse,
2104 2405 2229 2446 cum
2262 2389 2352 2444 Li-

736 2474 922 2531 berius
951 2476 1139 2532 Romae
1163 2478 1341 2535 adhuc
1370 2480 1633 2551 degebat:
1660 2498 1830 2553 quare
1858 2482 2103 2539 Hilarius
2132 2484 2200 2539 iis
2223 2498 2347 2539 ver—

734 2567 819 2624 bis
850 2570 901 2621 in
930 2571 1118 2625 exsilio
1150 2573 1447 2627 constitutis
1476 2573 1703 2642 indicat,
1728 2574 1902 2631 fuisse
1924 2577 1979 2633 in
2018 2577 2147 2632 illos
2175 2576 2352 2631 exsilii

738 2677 961 2735 poenam
993 2664 1305 2732 decretam;
1336 2677 1431 2722 aut
1459 2680 1611 2724 certe
1634 2670 1789 2726 exsul
1811 2680 1868 2726 et
1892 2671 2027 2742 ipse,
2053 2682 2108 2727 et
2134 2687 2351 2737 eorum,

740 2773 864 2829 qua:
897 2760 951 2813 in
984 2758 1136 2815 Italia
1162 2761 1519 2831 gerebantur,
1554 2779 1747 2833 parum
1786 2767 2044 2822 conscius
2070 2768 2357 2823 existima-

740 2852 843 2917 vit,
872 2852 1085 2909 litteras
1116 2869 1146 2907 a
1169 2853 1394 2911 Liberio
1416 2864 1533 2910 tum
1561 2858 1795 2929 scriptas
1825 2858 2014 2924 fuisse,
2049 2874 2175 2914 cum
2207 2875 2358 2915 sanc-

739 2947 780 2999 ti
813 2946 1163 3003 confessores
1197 2948 1249 3002 in
1292 2947 1587 3003 destinatis
1618 2949 1956 3020 singulorum
2000 2952 2199 3007 exsilio
2224 2953 2358 3008 locis

740 3040 1127 3095 constiterant.
1182 3039 1374 3097 Utrum
1408 3057 1575 3111 porro
1604 3042 1823 3099 Lucifer
1862 3044 2067 3115 aliique
2102 3046 2356 3116 Episcopi

743 3135 923 3190 adhuc
968 3133 1259 3190 Mediolani
1298 3145 1485 3191 essent
1514 3179 1527 3201 ,
1562 3140 1643 3201 ian
1682 3137 1735 3191 in
1793 3138 1993 3195 itinere
2022 3138 2092 3193 ad
2139 3139 2359 3195 decreta

749 3229 980 3299 singulis
1010 3229 1194 3283 exsilii
1225 3228 1346 3284 loca
1378 3229 1721 3297 abducendi,
1752 3245 1877 3286 cum
1909 3231 2162 3287 Liberius
2189 3231 2363 3303 scrip-

2451 2017 2727 2084 proscripti
2754 2018 2993 2086 fuerant,
3028 2014 3139 2083 qui,
3172 2014 3405 2082 inquam,
3439 2026 3503 2065 ne
3528 2012 3581 2064 in
3627 2010 3776 2064 illum
3824 2010 3963 2065 lata?
4012 2009 4079 2064 ab

2451 2106 2661 2161 Arionis
2682 2104 2947 2160 sententia:
2961 2102 3358 2169 subscriberent,
3377 2104 3430 2157 in
3443 2103 3687 2157 exsilium
3710 2118 3771 2156 ea;
3795 2100 4080 2155 Mediola-

2452 2199 2599 2252 nensi
2637 2196 2998 2252 Conciliabula
3026 2197 3077 2250 in
3106 2196 3311 2250 diversa
3358 2196 3476 2250 loca
3517 2194 3728 2266 fuerant
3768 2195 4076 2262 deportati,

2453 2291 2832 2361 quantumlibet
2862 2292 2998 2343 inter
3045 2292 3236 2361 hostes,
3261 2299 3433 2343 tamen
3454 2304 3558 2343 non
3592 2288 3790 2341 desiere
3837 2287 4081 2358 ejusdem

2457 2385 2728 2440 Athanasii
2774 2386 3123 2438 innocentiam
3175 2360 3501 2453 pradicare,
3551 2390 3702 2452 atque
3740 2395 3866 2434 cum
3899 2380 4083 2433 liceret

2457 2478 2612 2531 etiam
2657 2478 2841 2531 litteris
2888 2477 3205 2530 rontestari:
3248 2475 3388 2546 quod
3433 2474 3566 2528 inter
3615 2474 3814 2544 primos
3876 2474 4086 2546 egregie

2458 2570 2700 2639 priestitit
2750 2568 2964 2639 Lucifer
3009 2566 3306 2640 Episcopus
3350 2567 3708 2622 Calaritanus.
3767 2565 3878 2622 llic
3936 2568 4074 2622 enim

2457 2680 2577 2717 cum
2605 2664 2753 2717 exsul
2793 2672 3006 2735 ageret,
3057 2678 3152 2735 pro
3194 2663 3481 2716 Athanasio
3518 2662 3778 2731 imprimis
3832 2646 4086 2716 adversus

2460 2757 2822 2813 Constantium
2868 2758 2999 2811 duos
3043 2756 3203 2812 libros
3241 2758 3595 2829 conscripsit,
3641 2757 3854 2810 tertium
3903 2766 4089 2811 contra

2462 2854 2699 2909 eumdem
2725 2854 2789 2905 de
2830 2870 2933 2906 non
2966 2852 3403 2906 communicando
3428 2867 3547 2904 cum
3583 2850 3869 2916 haereticis,
3900 2866 4087 2905 rursus

2462 2949 2687 3002 alterum
2718 2946 2783 3000 de
2810 2946 3037 3018 Regibus
3059 2944 3396 3015 Apostaticis.
3427 2942 3573 3011 Quas
3601 2942 3811 3012 quidem
3843 2958 3973 2996 suas
4009 2943 4089 2995 lu-

2461 3042 2787 3096 cubrationes
2818 3054 3143 3112 nequaquam
3182 3039 3327 3110 apud
3347 3054 3402 3091 se
3444 3037 3663 3091 retinuit
3693 3036 3927 3091 edendas
3974 3048 4087 3108 post

2464 3145 2677 3189 mortem
2694 3133 3037 3202 Imperatoris
3053 3147 3204 3202 quem
3217 3130 3537 3184 uehementer
3551 3129 3733 3182 iisdem
3746 3129 4085 3199 exagitasset,

2464 3230 2557 3283 sed
2588 3238 2726 3281 certo
2752 3226 2951 3279 homini
2978 3225 3152 3291 dedit,
3185 3224 3273 3290 qui
3296 3239 3382 3277 eas
3418 3223 3521 3292 ipsi
3570 3222 3797 3291 deferret
3846 3219 4087 3293 Imptra-

745 3324 857 3389 sit,
901 3332 959 3377 et
1006 3322 1208 3379 Liberii
1232 3337 1376 3379 anne
1416 3324 1631 3380 litteras
1671 3326 1875 3395 singuli
1906 3327 2264 3396 acceperim,
2292 3344 2361 3382 ne
2387 3306 2432 3368 C
2470 3323 2591 3375 tori.
2624 3321 2829 3376 Verum
2860 3319 2987 3376 libri
3012 3333 3114 3388 pro
3134 3317 3437 3372 Athanasio
3464 3316 3519 3370 in
3543 3330 3636 3371 an.
3670 3314 3810 3371 circ.
3846 3314 3957 3370 560
3974 3326 4088 3367 om-

745 3416 1062 3485 conjectura
1095 3416 1321 3487 quidem
1344 3418 1571 3488 assequi
1602 3417 1906 3488 quidquam
1930 3418 2089 3484 licet;
2117 3420 2249 3474 illttd
2285 3430 2363 3474 ta-

748 3523 875 3563 men
899 3518 1109 3563 certum
1155 3508 1426 3564 Ammiani
1465 3508 1763 3565 Marcellini
1792 3552 1806 3575 ,
1842 3510 2082 3577 Baronii,
2111 3510 2319 3567 Petavii
2347 3552 2363 3575 .

750 3609 809 3657 et
845 3599 995 3668 Pagii
1038 3602 1369 3656 auctoritate
1402 3642 1416 3667 ,
1454 3601 1732 3657 Liberium
1760 3603 1954 3659 eodem
2000 3619 2092 3658 an.
2151 3603 2259 3660 355
2312 3606 2365 3659 in

746 3692 1049 3750 Berosense
1078 3695 1329 3750 exsilium
1356 3696 1573 3765 pulsum
1603 3696 1804 3763 fuisse,
1835 3712 1945 3753 non
1978 3712 2109 3753 vero
2139 3714 2234 3753 an.
2259 3697 2368 3754 “556

750 3786 831 3841 uti
862 3786 1079 3842 censuit
1112 3785 1380 3843 Henricus
1408 3786 1660 3843 Valesius
1702 3789 1755 3843 in
1796 3799 1909 3846 not.
1938 3788 2008 3844 ad
2055 3789 2153 3850 lib.
2187 3805 2226 3844 ιι
2267 3790 2370 3852 8οτ

753 3881 922 3939 cratis
959 3895 1083 3950 cap.
1119 3880 1212 3935 37.

828 3973 960 4028 Post
986 3972 1101 4029 haec
1125 3972 1344 4029 Lucifer
1364 3974 1478 4045 jam
1502 3976 1656 4031 exsul
1688 3977 1828 4032 inter
1852 3977 2208 4048 gravissimas
2231 3979 2372 4033 exsi-

752 4066 813 4123 lii
852 4080 1129 4121 :ernmnas
1155 4067 1343 4122 animo
1391 4065 1627 4124 invictus
1669 4078 1723 4124 et
1744 4068 2056 4126 vehementi
2084 4070 2373 4126 catholica:

700 4204 703 4207 .
753 4158 1041 4230 religionis
1070 4158 1286 4215 tuendae
1324 4159 1525 4216 ardore
1574 4162 1834 4218 incensus
1863 4164 2098 4233 primum
2131 4164 2198 4219 ad
2230 4164 2374 4220 Con-

754 4254 1015 4307 stantium
1042 4252 1241 4308 librum
1268 4252 1490 4325 scripsit
1516 4295 1532 4321 ,
1557 4256 1647 4311 cui
1680 4257 1872 4312 titulus
1900 4267 1987 4313 est
2017 4258 2083 4311 de
2112 4275 2214 4312 non
2249 4276 2376 4313 con-

756 4349 1009 4403 veniendo
1041 4365 1157 4401 cum
1188 4349 1471 4403 ha'reticis.
1498 4349 1557 4403 In
1585 4364 1653 4406 eo
1679 4360 1828 4406 totus
1854 4362 1961 4416 est,
1988 4360 2046 4405 ut
2066 4353 2220 4422 gravi
2244 4367 2372 4408 ora-

758 4442 923 4497 tionis
946 4442 1114 4513 stylo,
1163 4452 1218 4497 et
1258 4442 1538 4512 congestis
1559 4458 1841 4499 sacrorum
1866 4443 2167 4501 Bibliorum
2186 4460 2373 4501 exem-

758 4536 901 4605 plis,
950 4535 1280 4590 testimoniis
1321 4545 1381 4591 et
1420 4536 1847 4592 auctoritatibus
1872 4537 2110 4607 probet,
2166 4538 2272 4594 sibi
2323 4548 2379 4594 et

755 4628 1057 4685 Catholicis
1086 4629 1375 4700 Episcopis
1418 4628 1575 4685 nefas
1618 4628 1791 4687 fuisse
1823 4647 1948 4687 cum
1977 4632 2201 4687 Arianis
2245 4649 2377 4690 con-

2472 3418 2603 3471 nino
2628 3414 2919 3485 rejiciendi
2950 3421 3117 3479 sunt;
3149 3421 3202 3468 et
3222 3453 3239 3479 ,
3270 3422 3448 3466 utrum
3477 3424 3602 3465 cum
3633 3408 3720 3465 his
3748 3416 3808 3464 et
3848 3408 3941 3463 alii
3982 3406 4085 3462 duo

2473 3510 2539 3563 ad
2563 3508 2956 3578 Imperatorem
2988 3506 3155 3563 delati
3186 3505 3415 3571 fuerint,
3448 3519 3547 3559 suo
3577 3505 3697 3559 loco
3727 3504 4085 3575 inquiremus.

2474 3604 2607 3658 Cum
2643 3604 2875 3658 Baronio
2897 3602 3062 3658 etiam
3096 3598 3504 3671 Papebrochius
3534 3597 3769 3668 primum
3796 3596 3987 3651 tribuit
4011 3594 4088 3648 lo-

2474 3713 2597 3755 cum
2630 3698 2783 3753 libris
2806 3712 2905 3767 pro
2933 3694 3235 3751 Athanasio
3257 3692 3589 3763 conscriptis
3619 3690 3675 3746 in
3706 3705 3831 3762 cap.
3868 3690 3927 3744 lI
3958 3687 4087 3742 Vita:

2474 3791 2532 3848 8.
2566 3790 2807 3847 Luciferi
2835 3789 2994 3845 Tom.
3028 3788 3094 3842 IV
3124 3787 3248 3843 Maii
3281 3786 3453 3851 Boll.;
3495 3794 3691 3855 etcap.
3717 3782 3775 3849 4,
3812 3791 3979 3853 negat
4009 3790 4087 3835 to-

2479 3897 2592 3941 tum
2622 3886 2861 3940 volumen
2901 3900 3006 3938 uno
3038 3893 3209 3937 tractu
3247 3880 3563 3954 Imperatori
3592 3879 3902 3934 Constantio
3930 3876 4087 3947 fuisse

2478 3982 2853 4044 continuatum,
2882 3980 2957 4034 uti
2988 3977 3164 4033 Tilius
3186 3977 3563 4043 existimavit;
3595 3991 3720 4031 cum
3749 3975 3843 4029 alii
3870 3982 4086 4045 quatuor

2482 4074 2601 4127 libri
2629 4090 2722 4127 nec
2747 4089 2851 4127 uno
2875 4088 3050 4126 omnes
3073 4072 3185 4125 loco
3207 4113 3223 4136 ,
3257 4086 3349 4123 nec
3381 4079 3611 4138 tempore
3635 4108 3649 4133 ,
3678 4067 3771 4122 sed
3808 4064 4086 4120 successive

2480 4166 2663 4234 scripti
2688 4164 2790 4218 sint
2814 4181 2831 4229 ;
2858 4179 3059 4218 annum
3081 4178 3236 4228 vero,
3261 4175 3371 4232 quo
3396 4159 3600 4215 fuerint
3624 4157 3957 4223 elucubrati,
3980 4168 4082 4209 non

2482 4258 2748 4328 assignat.
2784 4255 2855 4310 At
2891 4255 3036 4310 enim
3080 4268 3181 4309 nos
3224 4254 3555 4323 conjiciatus
3597 4252 3746 4309 hunc
3782 4250 3979 4305 librum
4026 4246 4086 4298 de

2482 4366 2586 4403 non
2614 4347 2967 4403 conveniendo
2995 4362 3113 4402 cum
3136 4346 3392 4401 haereticis
3420 4345 3689 4414 scriptum
3716 4343 3890 4399 fuisse
3913 4354 3942 4394 a
3984 4338 4081 4393 Lu-

2482 4440 2678 4507 cifero,
2710 4455 2837 4497 cum
2868 4440 3233 4497 Germaniciae
3280 4439 3581 4505 exsularet,
3613 4438 3707 4494 ubi
3738 4434 3966 4493 Eudoxii
4014 4433 4081 4486 A-

2485 4538 2621 4593 riani
2647 4536 3183 4593 Germaniciensium
3210 4537 3465 4607 EpiscOpi
3502 4535 3886 4593 crudelitatem
3927 4542 4080 4601 atque

2484 4632 2752 4688 smvitiem
2778 4647 3070 4703 perpessus
3088 4642 3204 4697 est;
3230 4641 3350 4689 erat
3373 4633 3575 4703 quippe
3600 4632 3880 4687 Eudoxius
3900 4626 4079 4683 Catho-

756 4722 963 4779 sentire
994 4722 1049 4777 in
1071 4721 1320 4777 Concilio
1350 4721 1765 4785 Mediolanensi,
1809 4740 2041 4794 quormn
2074 4725 2294 4782 fraudes
2318 4736 2373 4783 et
2402 4706 2453 4766 D
2479 4726 2713 4781 licorum
2741 4724 2917 4780 hostis
2936 4724 3439 4788 infensissimus,ut
3460 4733 3776 4794 prepterea,
3797 4723 3873 4777 ait
3899 4721 4077 4777 Petrus

754 4817 943 4888 iniqua
996 4816 1226 4871 consilia
1277 4825 1541 4881 noverat,
1598 4826 1654 4873 et
1692 4818 1842 4888 pacis
1894 4834 2017 4874 esse
2069 4831 2367 4884 auctores,

756 4925 919 4981 quam
951 4907 1254 4979 Imperator
1283 4908 1496 4966 nefario
1522 4909 1760 4981 fictoque
1793 4912 1978 4966 animo
2008 4912 2262 4969 studebat
2292 4916 2371 4969 in-

757 5014 841 5059 tcr
870 5014 1079 5075 partem
1109 5013 1397 5075 utramque
1417 5005 1734 5060 conciliare.
1753 5005 1899 5076 Lege
1925 5021 2048 5076 qua:
2072 5009 2373 5075 prmsertim

760 5099 853 5154 lib.
908 5100 971 5152 de
1028 5114 1130 5153 non
1218 5115 1356 5155 com.
1412 5116 1529 5153 cum
1602 5101 1779 5155 lueret.
1870 5100 1922 5155 in
1982 5100 2368 5156 Constantium

757 5192 1068 5248 ctArianos
1089 5195 1286 5248 acriter
1314 5195 1591 5264 intorquet
1614 5194 1779 5250 verba
1826 5203 1881 5251 et
1902 5210 2099 5259 sensa;
2134 5193 2259 5250 hinc
2292 5205 2376 5249 to-

761 5296 848 5341 tus
877 5286 1017 5341 liber
1044 5284 1339 5355 quamdam
1362 5288 1677 5357 suimet,qui
1698 5288 1971 5358 pontificio
1992 5290 2214 5343 nomine
2229 5290 2376 5344 Con-

762 5379 892 5435 cilio
915 5378 1229 5449 przefuerat,
1257 5389 1422 5451 atque
1454 5381 1730 5435 sociorum
1753 5398 1975 5437 suorum
2002 5382 2166 5438 veluti
2190 5381 2372 5439 defen-

764 5470 976 5525 sionem
999 5474 1405 5541 complcctilur.
1434 5475 1568 5541 Quae
1595 5475 1825 5545 proinde
1847 5491 2009 5531 causa
2026 5478 2377 5547 nosimpulit,

764 5574 822 5617 ut
858 5564 983 5617 huic
1014 5564 1151 5618 libro
1180 5568 1481 5636 principem
1516 5585 1625 5637 prae
1653 5570 1869 5625 crctcris
1894 5571 2073 5625 locum
2106 5571 2378 5627 tribuere-

766 5673 907 5719 mus;
936 5673 1056 5710 cum
1092 5658 1264 5725 prima
1292 5658 1405 5713 haec
1426 5660 1734 5717 Constantii
1768 5678 1896 5717 cura
1929 5664 2113 5730 fuerit,
2148 5672 2203 5717 ut
2234 5665 2285 5719 in
2310 5679 2377 5721 eo

765 5751 1009 5806 Concilio
1028 5752 1291 5807 Catholici
1318 5753 1709 5824 Episcopicum
1728 5754 2199 5813 Arianisinunum
2225 5756 2375 5814 Fidei

763 5859 990 5897 sensum
1018 5884 1030 5907 ,
1055 5860 1117 5897 ac
1158 5848 1465 5903 animorum
1499 5852 2006 5922 sententiarumque
2056 5852 2375 5909 societatem

760 5939 1161 6000 convenirent;
1194 5950 1247 5995 ct
1276 5940 1529 5998 Lucifero
1563 5943 1697 5998 nihil
1750 5955 1897 5999 certe.
1929 5946 2206 6017 antiquius
2250 5962 2374 6004 esse

2476 4817 2743 4875 Boschius
2763 4818 2814 4872 in
2841 4818 2982 4874 Hist.
3007 4817 3587 4874 Patriarch.Antioclt.
3617 4818 3685 4873 ad
3702 4818 3862 4874 Tom.
3888 4814 3955 4871 IV
3975 4811 4073 4868 Jul.

2475 4912 2755 4978 Bolland.,
2790 4911 3101 4968 Luciferum
3142 4911 3533 4966 Germaniciam
3564 4925 3834 4985 tamquam
3864 4913 3915 4964 in
3941 4906 4076 4963 tutis—

2481 5008 2670 5061 simam
2716 5007 3015 5061 custodiam
3047 5005 3116 5058 ad
3156 5004 3462 5061 Eudoxium
3521 5008 3767 5078 princeps
3822 5002 4077 5058 hereticus

2480 5097 2840 5156 Constantius
2867 5099 3145 5153 destinarit
3165 5116 3360 5171 ;quem
3390 5101 3472 5155 sui
3504 5101 3686 5156 exsilii
3708 5102 3882 5154 locum
3913 5087 4075 5149 innuit

2487 5192 2704 5247 Lucifer
2735 5192 2831 5247 lib.
2868 5208 2884 5245 I
2917 5206 3019 5262 pro
3048 5191 3106 5248 S.
3127 5191 3329 5246 Athan.
3363 5206 3419 5263 p.
3447 5192 3517 5248 65
3536 5191 3643 5261 (hic
3671 5189 3773 5246 col.
3803 5187 3946 5251 850).
3971 5182 4073 5238 Iloc

2488 5295 2672 5341 autem
2695 5286 2745 5339 in
2763 5286 2902 5339 libro
2926 5300 3085 5355 quam
3098 5284 3404 5340 crudeliter
3430 5299 3619 5339 secum
3636 5270 4069 5356 agerentAriani.

2488 5385 2606 5455 ipse
2621 5382 2877 5437 describit
2894 5383 3016 5451 ιλιι
3043 5384 3148 5453 (hic
3162 5381 3344 5450 c.775)
3358 5380 3531 5445 ,bisce
3544 5380 3728 5437 verbis
3743 5378 3807 5434 ad
3820 5376 4069 5433 Constan-

2490 5483 2624 5534 tium
2647 5496 2662 5532 :
2682 5478 2970 5547 Propterea
3000 5479 3116 5531 odis
3145 5477 3401 5548 uos,quia
3432 5477 3714 5530 concilium
3744 5482 3954 5529 vestrum
3976 5477 4072 5517 ma-

2486 5572 2795 5643 lignantium
2808 5588 3157 5635 exsecrentur;
3170 5580 3443 5640 propterea
3458 5570 3509 5623 in
3521 5570 3707 5624 exsilio
3720 5580 3908 5628 sumus,
3925 5572 4069 5630 prop'

2487 5674 2628 5719 terea
2654 5667 2706 5718 in
2741 5681 2949 5719 carcere
2977 5680 3243 5728 necantur,
3276 5673 3552 5734 prepterea
3576 5661 3724 5718 nobis
3764 5658 3885 5715 solis
3913 5646 4070 5725 probi--

2488 5761 2633 5814 betur
2663 5770 2999 5832 conspectus;
3027 5758 3224 5812 idcirco
3272 5760 3463 5813 reclusi
3511 5761 3564 5812 in
3597 5757 3831 5812 tenebras
3856 5740 4065 5805 custodi-

2487 5868 2604 5905 mur
2652 5852 2848 5920 ingenti
2892 5846 3153 5905 custodia.
3213 5849 3405 5907 Auitus
3485 5864 3651 5920 porro
3712 5856 3918 5907 certus.
3973 5842 4067 5904 «ιιιο

2487 5944 2738 6001 eumdem
2769 5945 2965 6002 librum
2993 5943 3207 6001 Lucifer
3233 5946 3565 6015 composuit,
3586 5942 3838 6002 constitui
3863 5926 4058 5999 nolim”
