4292 6426
92 464 186 523 πθ

1506 463 1902 523 ΡΗΕΡΑΤΙΟ.

3262 472 3369 530 ’150

91 586 339 659 siquidem
370 598 491 659 post
514 585 747 656 primum
773 586 825 642 in
840 585 1181 658 Cappadocia
1204 586 1486 652 exsilium,
1511 585 1672 641 illud-
1698 613 1750 673 Α
1780 589 2111 645 auctoritate
2133 597 2297 659 atque
2324 588 2619 645 sententia.
2645 588 2701 645 Id
2734 589 2911 661 ipsum
2941 590 3121 646 innuit
3148 590 3379 647 Marcel-

92 698 181 755 que
204 682 610 748 brevissimum,
636 690 696 737 ut
724 680 1134 753 Papebrochius
1192 682 1581 738 animadvertit
1614 684 1665 738 in

92 779 195 851 ejus
224 776 345 833 Vita
369 792 489 849 cap.
512 779 560 842 1,
583 778 987 833 Germaniciam
1018 778 1284 833 abductus
1319 776 1419 831 fuit
1441 776 1665 842 an.356,

91 880 199 941 post
218 883 539 942 occupatam
562 888 592 927 a
620 872 859 941 Georgio
878 872 1205 941 tiappadoce
1240 870 1665 925 Alexandrinam

91 962 562 1035 Ecclesiam,quod
585 978 639 1019 et
665 965 719 1018 itt
752 963 871 1017 Vita
902 964 1134 1019 Luciferi
1156 976 1205 1017 et
1234 980 1349 1032 pag.
1381 964 1473 1027 66,
1499 970 1611 1016 not.
1637 964 1660 1017 1

91 1059 184 1129 (hic
218 1055 320 1111 col.
354 1057 481 1123 83l,
511 1067 619 1111 not.
650 1057 725 1127 c),
757 1056 955 1111 dictum
988 1068 1100 1123 est;
1138 1068 1189 1111 et
1238 1057 1517 1111 Eudoxius
1557 1056 1667 1109 Au.

86 1148 382 1204 tiocltenum
410 1147 795 1219 Episcopatom
824 1152 926 1203 sibi
952 1151 1061 1219 jam
1088 1149 1396 1218 arripuerat
1415 1164 1503 1203 an.
1530 1148 1661 1203 circ.

85 1243 177 1300 558
215 1244 441 1300 ineunte
462 1285 476 1308 ,
506 1252 565 1299 ut
596 1244 758 1299 tradit
789 1244 981 1299 Petrus
1013 1245 1279 1299 Boschius
1306 1261 1319 1309 ;
1349 1260 1471 1298 cum
1506 1243 1664 1298 Vale-

84 1337 186 1392 sius
211 1336 265 1391 in
296 1345 413 1391 not.
444 1336 511 1391 ad
543 1336 637 1391 lib.
672 1352 723 1391 tv
769 1338 991 1392 Sozom.
1040 1355 1160 1407 cap.
1196 1339 1246 1404 1,
1279 1338 1385 1391 hoc
1435 1336 1665 1392 Eudoxii

83 1430 277 1485 facinus
308 1430 520 1499 rejiciat
551 1429 605 1485 itt
645 1446 735 1485 an.
766 1432 873 1487 357
906 1432 1130 1486 dimidia
1178 1432 1395 1503 quidem
1427 1432 1510 1485 sui
1545 1446 1665 1501 par-

83 1530 130 1577 te
156 1523 434 1593 elapsum:
467 1538 635 1592 quare
659 1524 797 1578 intra
823 1524 925 1577 hoc
958 1534 1190 1593 tempus,
1227 1525 1370 1595 quod
1400 1526 1664 1578 intercur-

81 1613 145 1668 rit
190 1615 258 1670 ab
294 1630 384 1670 an.
438 1616 545 1671 356
575 1616 781 1686 aliquot
823 1618 1104 1672 mensibus
1134 1633 1422 1688 progresso
1461 1617 1524 1671 ad
1570 1634 1657 1671 an.

80 1707 197 1775 357,
224 1724 333 1764 non
358 1710 585 1764 omnino
607 1708 914 1764 absolutum
935 1753 949 1776 ,
979 1721 1069 1764 aut
1095 1711 1369 1764 ineuntem
1396 1712 1524 1775 558,
1558 1710 1663 1764 Lu-

81 1798 205 1856 cifer
230 1815 388 1855 suum
413 1801 465 1855 in
496 1800 684 1871 primis
707 1801 907 1856 librum
932 1802 1218 1871 scripsisse
1242 1806 1400 1858 nobis
1424 1804 1659 1867 videtur;

78 1902 130 1949 et
163 1894 213 1949 in
242 1893 353 1950 hac
378 1892 588 1965 epocha
638 1908 761 1949 cum
808 1894 1042 1951 Baronio
1090 1897 1491 1966 quodammodo
1534 1913 1661 1951 con-

78 1986 351 2042 sentimus.

111 2077 338 2149 Scripsit
352 2081 765 2150 posteaLucifer
778 2084 1006 2138 alterum
1022 2084 1218 2138 librum
1238 2086 1300 2139 de
1317 2084 1440 2154 Reg.
1456 2088 1632 2155 Apost.
1648 2129 1659 2150 ,

77 2184 298 2241 eumque
319 2186 348 2226 a
372 2176 595 2230 caeteris
620 2176 951 2243 scjunctum,
1002 2188 1058 2230 ut
1088 2178 1202 2245 ipse
1228 2188 1455 2233 testatur
1484 2180 1534 2233 in
1562 2180 1660 2233 lib.

79 2260 400 2318 Moriendum
422 2282 531 2321 esse
553 2285 647 2339 pro
673 2268 817 2321 Filio
849 2270 973 2333 Dei,
1003 2286 1053 2337 p.
1086 2272 1187 2325 9.61
1220 2273 1322 2340 (ln'c
1344 2272 1443 2324 col.
1477 2273 1659 2343 1051).

77 2353 235 2424 Hujus
264 2369 651 2428 argumentum
680 2371 733 2414 et
762 2376 970 2415 summa
1000 2372 1105 2425 est,
1132 2372 1189 2415 ut
1212 2406 1225 2429 ,
1258 2368 1537 2433 proposito
1566 2367 1665 2418 im-

77 2447 275 2514 piorum
338 2464 527 2520 regum
573 2453 861 2523 exemplo,
892 2453 983 2522 qui
1018 2454 1141 2507 lieet
1177 2457 1467 2523 pessimam
1501 2456 1662 2509 vitam

75 2541 273 2609 egerint
297 2553 351 2598 et
378 2544 643 2599 idolorum
674 2546 880 2601 cultum
924 2549 1317 2616 probaverittt,
1349 2552 1663 2605 diutissime

76 2631 121 2686 itt
149 2649 318 2705 regno
348 2636 687 2705 floruerunt,
708 2641 962 2693 ostendat
992 2640 1310 2695 Constantio
1337 2659 1525 2696 verum
1557 2660 1660 2698 non

73 2739 185 2782 esse
209 2728 331 2797 ejus
356 2730 525 2785 animi
554 2744 927 2802 sensutn,quo
958 2750 1022 2787 ex
1050 2735 1438 2789 florentissimo
1468 2737 1546 2789 sui
1580 2753 1663 2792 re-

71 2820 151 2889 gni
178 2832 325 2876 statu
370 2825 675 2894 arguebat,
701 2839 761 2880 se
803 2837 953 2881 recte
983 2828 1241 2882 Arianatn
1291 2831 1431 2884 tueri
1464 2831 1621 2885 fidem
1648 2874 1661 2895 ,

71 2919 120 2967 et
144 2912 417 2970 Nicmnam
443 2916 700 2973 insectari
724 2936 734 2969 :
767 2919 1063 2974 identidem
1090 2938 1219 2975 vero
1244 2924 1492 2992 quautam
1515 2940 1666 2993 repe-

72 3004 158 3071 tit,
192 3024 314 3077 qure
341 3009 696 3067 Constantius
740 3012 795 3066 in
844 3012 1157 3068 Luciferum
1206 3017 1478 3085 jactabat,
1514 3029 1565 3071 et
1598 3020 1663 3071 ad

69 3110 176 3153 acta
201 3103 429 3158 Concilii
459 3104 680 3161 Mediol.
718 3106 977 3161 videntur
999 3123 1122 3162 esse
1155 3111 1469 3174 referenda;
1505 3112 1575 3163 ita
1608 3127 1662 3180 p.

70 3189 133 3247 33
160 3194 264 3263 (hic
309 3196 413 3249 col.
440 3196 567 3268 796)
593 3214 606 3251 :
636 3200 695 3254 Si
727 3200 860 3252 male
878 3202 1118 3271 egissem,
1146 3202 1212 3265 si,
1248 3202 1505 3267 quomodo
1538 3204 1665 3257 dicit

70 3282 290 3356 Lucifer,
308 3303 471 3343 essent
491 3290 788 3357 hwreticus,
798 3294 915 3362 jam
941 3294 1070 3345 mihi
1097 3295 1393 3347 abstulisset
1422 3292 1564 3349 Deus
1587 3312 1666 3349 re-

1776 682 1921 737 linus
1951 684 2001 737 in
2029 684 2124 738 lib.
2159 699 2253 749 xv,
2279 698 2400 753 cap.
2436 684 2501 750 8,
2536 684 2631 739 tibi
2665 685 2780 740 haec
2806 683 2875 741 de
2900 684 3121 741 Liberio
3150 685 3379 742 Pontili-

1771 790 1872 831 ce:
1945 776 2303 831 Athanasium
2359 793 2449 846 per
2494 777 2921 849 subscriptionem
2977 778 3199 849 abjicere
3253 778 3375 833 sede

1772 869 2108 931 sacerdotali,
2135 870 2287 939 paria
2315 870 2539 925 sentiens
2569 870 2789 934 ueteris,
2812 868 2903 940 qui
2935 869 3260 937 renuebant,
3278 874 3374 944 ju-

1773 961 1918 1016 bente
1940 961 2214 1032 Principe,
2248 962 2480 1017 Liberius
2519 964 2781 1027 monitus;
2813 974 3197 1033 perseveranter
3231 964 3370 1019 reni-

1773 1054 2001 1121 tebatur,
2032 1072 2127 1109 nec
2155 1056 2322 1109 uisum
2355 1057 2631 1124 hominem,
2680 1074 2774 1113 nec
2819 1057 3056 1112 auditum
3097 1060 3366 1128 damnare,

1771 1152 1915 1217 nefas
1956 1150 2195 1202 ultimum
2238 1166 2373 1217 sa'pc
2412 1152 2737 1215 exclamans,
2764 1161 2943 1221 aperte
2967 1152 3167 1206 scilicet
3198 1153 3367 1207 recal-

1771 1243 1961 1295 citrans
1991 1241 2332 1313 Imperatoris
2376 1243 2612 1297 arbitrio.
2646 1242 2765 1311 Quo
2801 1244 2854 1299 in
2904 1243 3025 1298 loco
3066 1244 3138 1297 ita
3161 1241 3365 1298 Linde-

1770 1336 2023 1407 brogius;
2052 1335 2328 1406 lpsissima
2354 1335 2545 1391 Liberii
2570 1336 2818 1409 Episcopi
2838 1338 2989 1391 verba
3011 1338 3080 1392 ad
3093 1336 3360 1392 Constant.

1770 1430 1969 1499 Imper.
2010 1432 2211 1499 Adiecit
2251 1430 2508 1485 Tlteodor.
2556 1429 2760 1485 Hister.
2797 1431 2890 1485 lib.
2926 1447 3101 1499 ncap.
3128 1431 3219 1496 16,
3251 1430 3362 1487 οὐδὲ

1768 1528 1868 1598 γὰρ
1912 1521 2009 1579 οἷόν
2040 1546 2093 1581 τε
2145 1525 2588 1597 καταψηφίζεσθαι
2630 1523 2810 1600 ἀνδρὸς
2852 1522 2905 1579 ὃν
2944 1525 3032 1578 οὐκ
3077 1524 3358 1599 ἐκρίναμεν.

1770 1616 1886 1683 Quo
1914 1618 2069 1670 etiam
2090 1619 2364 1686 pertinent,
2379 1634 2494 1687 qua:
2510 1616 2723 1685 Lucifer
2748 1614 3080 1670 Calaritanus
3094 1630 3189 1685 pro
3204 1613 3367 1668 Atlta-

1768 1710 1919 1762 nasio
1953 1710 2178 1779 scripsit.
2216 1709 2459 1763 Sciebant
2486 1709 2567 1762 illi
2590 1725 2691 1762 non
2724 1709 2898 1762 diuina
2920 1708 3089 1762 solum
3110 1708 3239 1777 lege,
3271 1706 3364 1761 sed

1768 1804 1923 1856 etiam
1954 1818 2024 1856 χιι
2060 1801 2242 1854 Tabul.
2268 1804 2478 1854 t‘etitum
2499 1802 2699 1855 indicta
2717 1818 2875 1854 causa
2889 1812 3196 1873 quemquam
3220 1802 3361 1855 occi-

1767 1898 1909 1953 dere.
1939 1896 2086 1951 Salv.
2124 1895 2328 1949 Massil.
2364 1895 2586 1950 lib.vut.
2608 1892 3206 1965 Basil.lagnusEpist.
3233 1909 3355 1960 ιιι,

1693 2002 1739 2061 Β
1770 2008 1888 2059 pag.
1923 1990 2046 2043 ⁸518.
2066 1994 2355 2065 Κακούργος
2381 1992 2472 2060 μὲν
2496 1988 2659 2049 οὐδεὶς
2687 1986 2808 2043 ἄνευ
2839 1989 3068 2061 ἐλέγχων
3091 1986 3364 2044 καταδικά-

1768 2090 1926 2149 (erat.
1962 2084 2251 2155 Sacrilegis
2274 2093 2332 2138 et
2364 2082 2733 2150 proditoribus
2754 2092 2808 2136 et
2835 2081 3093 2136 venelicis
3122 2088 3366 2150 potestas

1768 2178 2094 2232 defendendi
2117 2180 2199 2233 sui
2219 2180 2399 2242 datur,
2418 2192 2517 2231 nec
2536 2176 2902 2246 prmdamnari
2928 2189 3253 2246 quemquam
3283 2174 3365 2230 in-

1767 2272 1981 2339 cognita
2016 2285 2205 2324 caussa
2241 2271 2386 2325 licet.
2417 2269 2659 2325 Lactant.
2680 2270 2769 2324 lib.
2796 2268 3051 2340 v,cap.i.
3078 2266 3365 2324 llorumli-

1769 2363 1989 2417 brorum
2012 2380 2223 2419 summa
2253 2377 2507 2421 accurate
2546 2365 2779 2421 confecit
2809 2364 3212 2432 Papebrochius
3238 2378 3361 2434 cap.

1769 2459 1802 2513 3
1829 2456 1965 2510 Vitta
1996 2458 2204 2521 Lucil.;
2238 2470 2289 2512 et
2313 2473 2437 2529 cap.
2465 2461 2521 2523 «1,
2547 2459 2782 2512 affirmat
2806 2457 3029 2511 eosdem
3048 2457 3370 2525 conscriptos

1768 2567 1830 2603 ac
1858 2552 2217 2604 verosirniliter
2240 2552 2461 2614 oblatos,
2502 2562 2549 2605 et
2580 2566 2672 2621 per
2696 2549 3020 2605 Florentium
3050 2549 3218 2605 denuo
3248 2552 3367 2604 red-

1767 2647 1901 2698 ditos
1930 2648 2113 2709 uit/eri,
2148 2664 2261 2699 runt
2291 2646 2463 2700 adhuc
2486 2648 2827 2700 Cermaniciw
2847 2655 2975 2700 esset
2996 2644 3242 2713 Sanctus,
3269 2644 3364 2699 sub

1769 2736 2009 2792 Eudoxio
2043 2739 2234 2791 Ariano
2267 2737 2525 2807 Episcopo
2551 2741 2733 2792 exsul:
2766 2739 2818 2792 itt
2846 2750 3008 2808 quam
3035 2737 3362 2793 sententiain

1768 2833 2035 2885 adductus
2061 2831 2159 2886 fuit
2180 2834 2347 2901 ipsius
2372 2833 2607 2887 Luciferi
2630 2833 2935 2888 verbisinl.
2952 2849 2967 2888 l
2986 2833 3235 2903 p.65(hic
3257 2832 3361 2886 col.

1769 2925 1914 2993 850):
1946 2924 2035 2978 Vel
2048 2926 2115 2977 ad
2133 2942 2280 2995 quem
2305 2942 2386 2979 me
2398 2925 2669 2979 destinasti
2694 2923 3371 2989 Gertttarticicitsiutit,Ado-

1766 3018 1926 3079 :rius;
1956 3018 2043 3070 ubi
2084 3016 2532 3073 Gcrmanicicttse
2573 3018 2789 3087 quidem
2835 3019 3087 3074 exsilium
3126 3017 3367 3083 indicat,

1767 3108 1912 3179 quod
1945 3120 2103 3163 antea
2130 3110 2435 3179 pertulerit,
2471 3126 2577 3164 non
2609 3126 2736 3164 vero
2758 3112 2901 3179 quod
2933 3120 3043 3165 tum
3076 3111 3373 3181 perferret,

1768 3217 1890 3257 cum
1920 3203 2035 3257 lucc
2077 3203 2387 3258 scribebat:
2439 3206 2642 3258 etenim
2675 3220 2798 3275 pag.
2835 3205 2896 3259 91
2938 3205 3042 3275 (hic
3072 3202 3173 3256 col.
3203 3202 3363 3267 857),

1771 3306 1962 3365 aperte
1990 3298 2282 3365 significat,
2314 3290 2515 3351 bellum
2548 3306 2657 3350 tum
2701 3298 2841 3350 inter
2867 3296 3142 3350 llomanos
3169 3305 3224 3348 et
3246 3295 3375 3349 Per-

68 3397 239 3451 gnum;
259 3393 377 3453 etp.
397 3384 581 3456 38(ltic
598 3388 697 3440 col.
718 3386 950 3455 803):Si
969 3388 1183 3456 fuissem
1198 3388 1493 3455 lia’reticus,
1516 3392 1582 3454 si,
1612 3400 1663 3443 ttt
1692 3382 1738 3445 C
1770 3402 1859 3443 sas
1884 3390 2080 3443 iterum
2113 3390 2388 3445 exarsisse
2414 3406 2428 3453 ;
2456 3388 2749 3457 Soporinus
2784 3387 3064 3441 Persarum
3100 3404 3191 3441 rea:
3240 3403 3378 3440 nunc

70 3474 239 3530 dicunt
273 3477 508 3549 Lucifer,
532 3477 875 3543 Pancratius,
902 3491 950 3533 et
992 3480 1252 3545 Hilarius,
1276 3482 1367 3535 Dei
1391 3484 1665 3555 impugna-

69 3584 166 3621 rent
190 3570 514 3643 religionem,
543 3576 657 3645 jam
674 3575 726 3627 in
747 3590 825 3627 me
848 3575 1029 3643 fuisset
1051 3576 1387 3629 vindicatum.
1420 3579 1666 3645 Scriptus

70 3658 163 3713 fuit
194 3662 281 3717 hic
324 3664 460 3718 liber
511 3673 635 3734 post
674 3664 1172 3721 Alexandrinorum
1207 3668 1412 3723 easdem
1437 3684 1463 3721 a
1494 3669 1665 3723 Geor-

68 3752 149 3821 gio
176 3754 499 3826 Cappadoce
527 3756 832 3827 etSyriano
860 3758 1172 3813 Constantii
1206 3760 1350 3814 Duce
1392 3771 1663 3829 patratum

67 3860 149 3899 an.
180 3848 285 3903 556
321 3857 377 3904 et
423 3860 751 3905 commotam
804 3851 856 3905 in
888 3850 1201 3906 Catholicos
1230 3868 1325 3922 per
1368 3853 1660 3923 eligyptum

69 3935 345 3995 Antistitcs
375 3940 733 3997 foedissimam
766 3954 1149 4014 tempestatem
1180 3986 1192 4008 .
1237 3962 1397 4017 quam
1450 3946 1665 4003 Lucifer

67 4035 599 4105 memoratp.b3(ltic
624 4054 668 4089 c.
698 4038 848 4107 808),
867 4046 923 4092 et
946 4038 1011 4091 ad
1036 4053 1125 4091 an.
1145 4038 1248 4091 358
1278 4040 1469 4093 referri
1490 4049 1667 4109 potest

66 4122 445 4197 chronologica
457 4126 703 4196 ejusdem
723 4128 846 4183 libri
869 4138 1016 4189 nota,
1034 4145 1299 4200 quoanno
1313 4132 1664 4186 Constantius

65 4216 338 4274 Sarmatas
370 4222 603 4291 primum
634 4232 688 4277 et
724 4222 943 4291 Quados
985 4226 1208 4278 omnino
1260 4226 1496 4296 subegit,
1534 4227 1662 4282 dein

65 4312 394 4389 Limigantes
418 4318 701 4373 Sarmatas
737 4321 942 4390 ingenti
977 4321 1205 4375 victoria
1239 4337 1268 4376 e
1298 4323 1409 4375 suis
1446 4322 1665 4377 sedibus

62 4412 235 4485 ejecit,
258 4411 405 4467 unde
430 4411 756 4468 Sarmaticus
782 4416 1081 4484 appellatus
1112 4432 1176 4470 ea:
1205 4418 1453 4469 vocabulo
1482 4417 1667 4470 subac-

64 4512 245 4574 torum,
289 4504 469 4576 inquit
498 4504 843 4561 Marcellinus
869 4506 905 4559 l.
944 4522 1068 4571 xvn,
1104 4522 1154 4562 c.
1191 4507 1259 4562 12
1292 4518 1345 4561 et
1378 4508 1443 4563 15
1476 4525 1488 4560 :
1527 4508 1667 4562 hanc

62 4598 256 4653 etenim
298 4598 592 4655 victoriam
627 4599 857 4655 innuere
886 4600 1102 4655 videtur
1128 4601 1242 4669 ipse
1274 4600 1493 4655 Lucifer
1523 4616 1575 4670 p.
1596 4602 1666 4655 4'2

64 4689 164 4757 (llic
184 4692 289 4746 col.
316 4690 447 4761 807)
479 4690 581 4745 :Ut
612 4693 771 4761 igitur
802 4691 952 4745 illum
981 4692 1220 4761 (Achab)
1250 4695 1445 4757 eripuit
1475 4693 1613 4747 Dens
1636 4714 1665 4747 (ι

63 4783 162 4849 ﬁlio
180 4784 211 4837 ¹1
217 4787 392 4839 aderis
406 4784 579 4857 Syrica
592 4787 831 4857 regis,sic
849 4788 1002 4839 etiam
1018 4797 1065 4838 te
1080 4787 1141 4839 ab
1157 4788 1393 4840 munibus
1407 4788 1659 4855 perimere
1688 4776 1740 4836 D

65 4879 378 4945 cupientibus
408 4882 598 4949 eripuit
626 4891 777 4951 atque
814 4882 1146 4949 eripit....ud
1174 4881 1267 4934 hoc
1316 4892 1371 4934 ut
1408 4884 1664 4949 conjicere

66 4974 222 5037 possis
246 4990 351 5026 non
376 4989 472 5042 pro
491 4975 688 5026 meritis
704 4975 827 5041 fidei
846 4985 950 5028 tua?
963 4992 1023 5027 ac
1039 4976 1257 5027 νὶιιιίιὺὶ
1282 4976 1549 5027 victoriam
1576 4975 1667 5026 tri—

67 5063 266 5131 butum,-
298 5066 404 5121 nisi
430 5066 561 5120 velit
586 5065 630 5120 is
658 5080 922 5123 revocare
949 5069 1000 5122 in
1034 5070 1353 5121 memoriam
1384 5068 1660 5121 Constan-

69 5159 135 5211 tio
187 5160 478 5216 victoriam
526 5158 595 5213 de
658 5157 966 5225 Magnentio
1012 5160 1269 5229 Tyrauno
1324 5160 1552 5213 relatam
1608 5163 1660 5213 iit

70 5247 340 5307 Pannonia
389 5250 533 5321 apud
563 5248 795 5305 Mursam
845 5266 938 5306 an.
968 5251 1096 5307 551.
1128 5251 1347 5307 Lucifer
1387 5253 1486 5307 hoc
1518 5268 1662 5306 anno

69 5340 184 5407 358,
212 5344 439 5399 tertium
468 5342 577 5411 jam
599 5340 848 5397 exsilium
879 5340 1286 5413 EleutherOpoli
1308 5344 1662 5399 invictissime

70 5434 285 5494 ferebat.

135 5531 336 5586 Eodem
367 5533 422 5585 in
458 5533 577 5587 loco
605 5531 742 5586 duos
789 5530 959 5586 libros
983 5532 1154 5587 edidit
1180 5548 1276 5602 pro
1327 5533 1385 5589 S.
1423 5534 1663 5589 Athana-

71 5625 163 5692 sio,
188 5626 344 5695 cujus
376 5640 627 5681 caussam
652 5626 724 5681 ita
755 5634 936 5681 tuetur
952 5630 1297 5697 gravissimis
1324 5631 1661 5699 argumentis

74 5730 121 5774 et
146 5735 429 5777 sacrorum
454 5721 724 5777 librorum
754 5721 1105 5791 testimoniis,
1127 5734 1185 5779 ut
1216 5726 1352 5779 mira
1384 5726 1588 5793 ingenii
1612 5726 1659 5779 vi

75 5814 219 5872 facile
248 5818 547 5872 convincat
578 5816 933 5871 Athanasium
981 5832 1083 5873 nec
1121 5820 1292 5872 visum
1346 5818 1622 5873 hominem
1645 5860 1659 5885 ,

75 5924 164 5964 uec
192 5910 440 5965 auditum
488 5909 544 5964 in
573 5909 781 5977 judicio
808 5908 1053 5965 damnari
1086 5926 1192 5967 non
1232 5912 1477 5981 potuisse
1503 5954 1517 5977 ,
1552 5923 1607 5968 et
1632 5928 1663 5968 e

77 6016 159 6058 sua
184 6004 311 6061 sede
334 6002 503 6073 dejici
528 6000 948 6061 Mediolanensis
970 6005 1195 6063 Concilii
1226 6017 1281 6063 et
1313 6007 1662 6078 Imperatoris

1772 3492 1951 3534 contra
1994 3492 2042 3535 te
2073 3482 2205 3552 gerit
2244 3481 2503 3547 praelium.
2545 3480 2741 3535 Verum
2796 3489 2917 3548 post
2964 3478 3370 3534 Mediolanense

1769 3572 2076 3627 Concilium
2107 3585 2159 3628 et
2188 3590 2277 3627 an.
2310 3574 2437 3639 355,
2471 3584 2677 3643 pacatae
2704 3573 2941 3627 induciis
2972 3588 3059 3628 res
3094 3573 3262 3627 fuisse
3296 3574 3372 3627 vi.

1769 3666 1967 3719 dentur
1987 3680 2110 3719 eum
2138 3666 2352 3729 Persis;
2384 3666 2551 3720 immo
2575 3666 2643 3721 de
2671 3681 2801 3735 pace
2826 3676 3005 3719 autum
3047 3665 3146 3719 fuit
3170 3682 3199 3719 a
3226 3664 3370 3721 Con-

1767 3758 1970 3811 stantio
2003 3773 2090 3811 an.
2123 3758 2227 3814 556
2254 3798 2269 3823 ,
2297 3758 2522 3810 omnino
2565 3756 2826 3812 firmanda
2853 3772 2974 3812 cum
3013 3756 3206 3812 iisdem
3233 3798 3249 3822 ,
3277 3757 3372 3826 qui

1766 3852 1820 3905 in
1852 3850 2062 3906 Oriente
2086 3869 2173 3918 per
2197 3857 2335 3922 furta
2362 3862 2407 3904 et
2440 3852 2717 3905 latrocinia
2748 3852 2951 3920 potius,
2979 3866 3133 3920 quam
3155 3891 3169 3914 ,
3201 3858 3257 3902 ut
3285 3866 3370 3904 sa-

1769 3945 1939 3999 lebant
1961 3956 2133 4008 antea,
2159 3962 2249 4015 per
2275 3946 2688 3997 concursatorias
2716 3959 2915 4014 pugnas
2939 3944 3204 3995 hominum
3233 3957 3368 4011 prte-

1769 4037 1863 4090 das
1894 4037 2158 4111 agitabant
2186 4047 2232 4091 et
2255 4054 2519 4106 pecorum,
2547 4037 2719 4104 inquit
2746 4035 3087 4089 Marcellinus
3118 4034 3213 4089 lib.
3247 4049 3332 4088 xvs
3354 4074 3369 4097 ,

1768 4146 1889 4199 cap.
1925 4131 1979 4197 9,
2013 4140 2069 4185 et
2096 4131 2196 4184 sub
2222 4131 2427 4185 exitum
2455 4130 2581 4184 anni
2612 4129 2737 4192 357,
2773 4144 2833 4183 ac
2857 4128 3067 4181 initium
3102 4141 3194 4181 an.
3227 4126 3364 4189 558,

1769 4222 1960 4276 litterae
1999 4224 2253 4292 utrinque
2291 4234 2344 4277 et
2388 4224 2545 4293 legati
2578 4223 2731 4277 missi
2761 4224 2975 4276 fuerunt
3002 4264 3014 4283 ,
3039 4234 3147 4291 quo
3174 4218 3367 4273 Stabile

1766 4315 1983 4370 demum
2013 4316 2189 4371 laelns
2220 4316 2469 4382 iniretur,
2518 4318 2593 4370 uti
2640 4316 2781 4370 idem
2825 4324 3054 4369 testatur
3082 4314 3174 4370 lib.
3223 4326 3363 4379 xvrt,

1768 4427 1889 4482 cap.
1911 4414 1962 4467 5.
1990 4414 2059 4467 At
2080 4412 2311 4467 Romani
2335 4412 2542 4482 negotio
2562 4411 2831 4465 redierunt
2856 4412 3047 4481 infecto
3068 4424 3098 4463 e
3118 4407 3364 4475 Perside,

1770 4506 1955 4560 subdit
1995 4507 2040 4560 is
2064 4521 2183 4575 cap.
2214 4506 2299 4570 M,
2328 4515 2380 4560 et
2413 4505 2589 4574 Sapor
2624 4504 2912 4559 Persarum
2959 4518 3049 4557 rex
3078 4544 3092 4567 ,
3137 4516 3364 4571 compo-

1768 4601 1869 4655 sita
1892 4615 2021 4669 pace
2047 4614 2170 4654 cum
2195 4598 2483 4664 Chionitis,
2506 4609 2561 4652 ct
2584 4597 2826 4663 Gelanis,
2851 4604 3040 4651 contra
3064 4611 3199 4665 quos
3213 4595 3369 4650 bien-

1774 4696 1863 4749 nio
1897 4693 2011 4748 fere
2036 4705 2165 4749 ante
2196 4694 2397 4750 bellum
2430 4700 2708 4763 gesserat,
2749 4705 2838 4743 an.
2871 4689 3009 4755 559,
3043 4689 3169 4745 totis
3195 4689 3368 4758 impc-

1767 4794 1829 4847 rii
1880 4791 2084 4847 viribus
2151 4792 2423 4846 Romanos
2474 4801 2763 4858 aggressus
2825 4794 2951 4853 est,
3009 4793 3062 4840 ct
3116 4794 3365 4838 autumno

1766 4888 2019 4938 introrsus
2067 4885 2301 4939 tendente
2346 4882 2596 4938 Amidam
2652 4879 2942 4935 obsidione
2980 4879 3184 4943 cinxit;
3242 4894 3361 4947 qum

1768 4979 1887 5035 fuse
1920 4988 2108 5035 narrat
2135 4979 2384 5033 laudatus
2421 4984 2616 5030 auctor
2642 4984 2755 5029 toto
2784 4974 2875 5028 lib.
2910 4988 3062 5027 xvnt.
3104 4970 3238 5025 Hinc
3259 4970 3361 5040 igi-

1770 5085 1857 5129 tur
1884 5073 2148 5142 coniicias
2179 5073 2341 5136 licet,
2374 5081 2666 5139 utrumque
2704 5083 2799 5137 pro
2831 5067 3128 5121 Athanasio
3165 5066 3363 5121 librum

1767 5169 2032 5234 scriptum
2066 5164 2238 5219 fuisse
2267 5180 2294 5216 a
2336 5162 2586 5217 Lucifero
2617 5170 2854 5215 exeunte
2874 5161 3007 5215 circ.
3033 5174 3121 5214 an.
3155 5156 3282 5218 359.
3313 5166 3368 5213 et

1769 5261 1986 5329 incepto
2015 5274 2103 5312 an.
2138 5258 2272 5323 560,
2309 5268 2366 5311 ιιι
2389 5256 2777 5311 Tillemontius
2798 5298 2811 5319 ,
2845 5251 3282 5309 Montl'auconius
3311 5259 3367 5304 et

1766 5350 2086 5407 Gallandius
2118 5361 2269 5406 recte
2291 5348 2587 5404 affirmant.
2628 5349 2795 5404 Paulo
2825 5348 3075 5418 superius
3119 5342 3368 5399 animad-

1768 5444 2031 5499 vertimus
2058 5442 2348 5497 Baronium
2374 5442 2426 5496 in
2458 5456 2519 5497 ea
2551 5455 2673 5496 esse
2721 5440 3008 5509 Opinione.
3055 5436 3227 5492 libros
3254 5439 3369 5507 Spro

1769 5536 2068 5593 Athanasio
2116 5552 2224 5591 una
2259 5552 2380 5592 cum
2423 5536 2638 5590 duobus
2670 5535 2792 5588 aliis
2835 5534 2901 5589 de
2932 5549 3034 5589 non
3082 5532 3368 5587 communi-

1770 5634 1937 5687 cando
1965 5648 2083 5685 cum
2113 5630 2372 5686 luereticis
2398 5640 2452 5685 et
2484 5630 2547 5682 de
2583 5629 2809 5699 Regibus
2838 5628 3152 5690 Apostatieis
3172 5626 3364 5680 eodem

1775 5736 2019 5799 tempore
2050 5722 2371 5795 Imperatori
2403 5725 2622 5780 oblatos
2650 5725 2852 5789 fuisse;
2884 5734 2939 5779 et
2961 5721 3371 5792 Papebrochius

1772 5835 1894 5891 cap.
1927 5837 2001 5886 tv,
2035 5820 2206 5873 uerius
2236 5835 2356 5877 esse
2403 5820 2518 5883 ait,
2556 5821 2694 5891 quod
2739 5818 3070 5872 Constantius
3110 5816 3369 5889 prioribus

1772 5918 1949 5982 libris,
1991 5914 2201 5969 scilicet
2240 5929 2341 5986 pro
2373 5914 2430 5969 S.
2457 5914 2790 5979 Athanasio,
2838 5929 2944 5968 una
2982 5928 3098 5965 cum
3126 5911 3370 5967 Auctoris

1772 6010 2091 6079 confessione
2118 6008 2576 6080 receptis,longius
2599 6024 2710 6063 (unt
2744 6005 3016 6080 transferri
3035 6006 3254 6077 jusserit
3280 6024 3364 6062 se-
