4292 6430
888 440 981 499 7η
1895 437 2196 498 LUCIFER
2240 436 2619 497 EPISCOPUS
2655 440 3167 500 CALARITANUS.
4088 441 4176 498 732

885 560 982 610 me!
1007 558 1048 608 it
1079 571 1318 628 rumque.
1343 555 1452 612 Sed
1487 556 1586 612 hac
1619 557 1670 611 lu
1705 572 1761 611 re
1796 571 1973 627 neque
2003 555 2264 611 Florentii
2294 557 2360 610 ad
2388 556 2494 612 Lu-
2522 557 2576 618 Α
2601 558 2865 618 resistunt.
2899 568 2948 611 ct
2978 558 3151 628 qualis
3183 558 3250 614 sit
3279 560 3568 614 commissis
3596 559 3690 613 sibi
3708 559 3914 628 populis
3944 557 4173 627 indicant,

883 655 1113 708 citerum
1144 653 1375 721 epistola
1404 652 1698 722 quidquam
1725 653 1858 706 certi
1889 652 2045 706 nobis
2076 651 2318 707 iudicare
2341 650 2488 706 vide-

884 757 1009 808 tur;
1044 745 1210 801 codex
1236 748 1380 800 enim
1408 789 1422 813 ,
1446 747 1602 815 cujus
1630 746 1920 812 meminit,
1953 755 2007 800 et
2037 761 2203 800 unum
2225 755 2279 800 et
2302 746 2494 815 plures

881 838 1055 892 libros
1083 837 1372 907 complecti
1416 845 1650 907 poterat,
1697 838 1740 891 si
1786 839 2078 907 genuinam
2122 836 2365 893 nominis
2395 840 2494 890 hu-

879 931 1037 1001 jusce
1085 930 1541 1001 signiﬁcationem
1588 928 1870 998 inspicias.
1931 929 2057 982 llaec
2109 939 2289 985 tamen
2338 928 2496 985 nobis

884 1026 1178 1094 sententia,
1216 1035 1310 1080 aut
1333 1068 1349 1090 ,
1375 1026 1420 1080 si
1446 1026 1616 1081 mavis
1636 1064 1658 1091 ,
1689 1026 2003 1095 conjectura
2037 1026 2176 1080 inest
2203 1065 2216 1088 ,
2249 1024 2496 1094 singulos

883 1120 1123 1176 seorsim
1159 1119 1367 1185 libros,
1419 1129 1476 1173 ttt
1519 1121 1572 1173 in
1607 1133 1751 1172 nova
1783 1119 1944 1180 etlit.,
1989 1118 2056 1172 ad
2111 1117 2495 1173 Constantium

882 1214 1054 1269 fuisse
1085 1213 1416 1277 delatos;et
1455 1213 1701 1282 priorum
1749 1211 1987 1267 lectione
2032 1212 2413 1266 vehementius
2443 1210 2496 1264 in

887 1304 1203 1361 Luciferum
1247 1307 1326 1361 ira
1355 1320 1618 1362 accensus
1654 1305 1997 1363 Germanicia
2031 1305 2495 1376 Eleutheroliulim

885 1405 936 1454 in
970 1402 1337 1456 antnnnosius
1361 1402 1635 1466 exsilium,
1671 1401 2076 1471 inde,acceptis
2106 1401 2262 1456 libris
2293 1417 2392 1472 pro
2424 1405 2492 1454 Λ-

880 1498 1132 1552 thanasio
1154 1499 1394 1567 scriptis,
1415 1497 1481 1550 ad
1502 1507 1758 1567 quartum
1777 1496 1959 1552 exsilii
1985 1497 2036 1551 itt
2059 1496 2295 1569 Egypto
2320 1498 2494 1552 locum

884 1593 1076 1650 abduci
1108 1592 1336 1660 jusserit
1367 1590 1776 1646 sanctissimum
1810 1592 2124 1646 Antistitem
2161 1610 2173 1645 :
2201 1591 2271 1648 de
2301 1593 2498 1662 quibus

884 1685 934 1738 in
970 1683 1205 1739 Luciferi
1260 1683 1374 1738 \‘ita
1409 1683 1720 1739 accuratius
1761 1684 2140 1738 disseruimus.
2180 1682 2498 1736 Franciscus

889 1779 1084 1849 l'agius
1113 1780 1166 1834 in
1189 1777 1374 1832 Critic.
1406 1778 1807 1832 Baroniiadan.
1829 1776 2130 1841 554,:illert
2155 1793 2216 1829 ex
2250 1777 2341 1829 lib.
2366 1793 2378 1829 ι
2405 1775 2500 1830 Lu-

880 1873 1035 1928 ciferi
1062 1890 1158 1941 pro
1187 1873 1243 1927 S.
1279 1871 1571 1925 Athanasio
1601 1873 1777 1924 locum
1811 1869 2097 1939 quennlam
2122 1913 2134 1929 ,
2165 1885 2272 1938 quo
2308 1872 2501 1929 probet

2597 651 2798 724 ipsique
2821 663 3145 724 peccatorum
3176 670 3394 710 suorum
3435 655 3700 726 explicant
3731 655 4093 719 enormitatem,
4122 671 4174 708 ac

2597 750 2923 819 gravitatem,
2956 765 3051 803 suo
3094 749 3242 820 fungi
3271 751 3469 822 ofﬁcio,
3511 765 3602 804 nec
3645 750 3790 804 aliud
3835 765 4000 821 agere,
4039 765 4175 819 quam

2604 839 2882 909 Prw/tela:
2909 852 2954 896 et
2987 843 3224 913 Apostoli
3257 844 3475 914 fecerint
3517 845 3569 897 in
3597 844 3848 917 ejusmodi
3887 843 4175 896 occasione:

2600 935 2818 1006 denique
2846 954 2949 992 non
2979 939 3383 994 contumeliosos
3426 955 3555 1003 esse,
3584 939 3673 993 sed
3715 954 3937 1002 veraces,
3961 946 4007 991 et
4035 937 4176 990 acini.

2602 1046 2714 1084 nem
2747 1033 2848 1084 nisi
2882 1030 3047 1085 Deum
3076 1033 3332 1097 timentes,
3363 1041 3516 1104 atque
3540 1033 3725 1086 anima:
3752 1034 3862 1104 ejus
3889 1030 4040 1086 saluti
4064 1046 4175 1082 con-

2602 1125 2771 1176 sulere
2797 1142 2812 1177 :
2840 1124 2954 1193 finit
2982 1133 3152 1179 autem
3193 1125 3246 1180 in
3277 1125 3510 1194 exemplo
3539 1135 3730 1196 septem
3779 1122 4177 1177 .llachabarorum

2603 1216 2877 1284 Antiocho,
2907 1234 3059 1288 quem
3090 1219 3391 1271 imitabatur
3436 1217 3792 1273 Constantius.
3831 1217 3983 1270 libere
4011 1232 4178 1285 expro-

2604 1311 2888 1366 brantium.
2923 1312 2996 1366 De
3025 1313 3166 1367 libro
3193 1312 3385 1368 eodem
3418 1313 3534 1366 lucc
3563 1311 3830 1368 Baronins
3855 1311 3917 1365 ad
3951 1326 4034 1365 an.
4063 1309 4176 1375 356,

2605 1420 2750 1456 num.
2788 1406 2855 1458 68
2875 1423 2885 1458 :
2903 1405 3157 1460 Cancrum
3171 1407 3418 1460 adrrrsns
3439 1405 3850 1475 reprehensorem
3873 1421 4014 1458 suum
4037 1402 4176 1456 Luci-

2603 1499 2770 1566 ferum
2800 1500 3158 1569 ‹·ια;ροςιιιι‹ιδειξ
3184 1499 3570 1566 Constantium,
3603 1501 3709 1553 illis
3740 1499 3882 1553 lectis
3903 1498 4058 1561 libris,
4081 1497 4179 1564 ipse

2607 1590 2814 1661 Lucifer
2834 1608 2892 1647 eo
2922 1594 3313 1659 commentario,
3347 1609 3497 1664 quem
3527 1602 3702 1663 postea
3727 1593 3780 1645 in
3803 1592 4028 1644 ennuleut
4049 1591 4181 1660 inge-

2604 1687 2807 1739 minans
2840 1688 3066 1759 scripsit,
3117 1687 3184 1742 de
3234 1705 3341 1743 non
3377 1687 3652 1757 parcendo
3700 1687 3753 1741 in
3807 1687 3966 1741 Deum
4016 1683 4176 1739 delin-

2605 1780 2924 1848 quentibus,
2957 1781 3399 1836 (Ιαιιηοηςινηι.....
3431 1779 3594 1836 Porro
3624 1779 3935 1853 grauioribus
3965 1793 4072 1830 eum
4101 1777 4181 1828 illo

2607 1874 2737 1928 libra
2775 1876 3001 1948 exagitat
3032 1877 3312 1929 ittvo't‘lit'is.
3364 1875 3653 1937 Baronius,
3687 1872 3830 1941 quod
3860 1871 3921 1924 ad
3962 1879 4181 1938 tempus,

885 1964 1181 2032 Georgium
1212 1963 1590 2033 Cappadocem
1614 1973 1741 2017 ante
1764 1962 2169 2017 Mediolanense
2198 1963 2499 2017 Cutlctlllllll
2539 1962 2580 2022 ll
2609 1983 2716 2036 quo
2754 1968 2892 2022 liber
2925 1968 3013 2022 hic
3045 1968 3354 2037 descriptus
3384 1966 3504 2030 fuit,
3538 1966 3819 2020 uobiscum
3855 1963 4034 2027 sentit,
4069 1977 4181 2019 cum

888 2059 1012 2111 a-mi
1045 2059 1150 2112 555
1173 2099 1189 2123 ,
1227 2057 1596 2126 episcopalem
1652 2057 2127 2110 consecratiOnem
2171 2059 2450 2124 accepisse
2481 2074 2494 2111 :

893 2148 1102 2217 Lucifer
1138 2149 1472 2202 (.‘nlaritanns
1495 2191 1509 2213 ,
1544 2151 1632 2220 qui
1668 2151 1899 2203 Concilio
1925 2148 2305 2201 Mediolanensi
2341 2149 2499 2202 inter-

885 2246 1006 2314 fuit,
1035 2246 1084 2297 in
1119 2243 1373 2316 Apologia
1398 2263 1491 2311 pro
1523 2244 1825 2304 .-ltltanusio,
1854 2243 1943 2296 lib.
1980 2260 1989 2294 t
2016 2288 2026 2301 ,
2063 2252 2295 2302 testatur,
2329 2241 2496 2297 (icor-

2604 2068 2852 2113 autumet
2907 2069 3021 2129 post
3091 2059 3729 2130 Constantinapolitanum
3797 2055 4184 2110 Conciliabnlum

2606 2153 2833 2222 hujusce
2865 2155 2989 2208 anui
3037 2156 3143 2209 560
3195 2153 3508 2209 confectum
3541 2152 3748 2208 fuisse:
3799 2158 3980 2206 censet
4019 2158 4184 2202 tamen

2603 2247 2923 2302 Gallandius
2958 2249 3276 2316 pra'elarmn
3309 2248 3411 2303 hoc
3441 2261 3576 2317 opus
3617 2261 3648 2299 a
3677 2243 3925 2301 Lucifero
3951 2241 4184 2296 elabora-

887 2339 1026 2410 qium
1065 2347 1184 2392 ante
1211 2338 1502 2394 Concilium
1539 2336 1922 2393 Hcdiolaneme
1955 2339 2250 2391 ordinatum
2285 2355 2420 2401 esse,
2454 2347 2501 2392 et

893 2433 970 2486 his
992 2433 1154 2486 verbis
1176 2432 1534 2486 Constantium
1557 2434 1840 2503 alloquitur
1866 2450 1881 2484 .·
1912 2453 1929 2483 ι
1968 2433 2324 2499 Pet'seqtteris
2349 2448 2501 2499 eum,

891 2538 917 2574 ι
965 2540 1064 2593 per
1090 2538 1251 2592 quem
1295 2533 1345 2577 te
1375 2525 1566 2577 audire
1603 2523 1926 2592 perceperit
1961 2524 2259 2590 Dominus,
2308 2534 2505 2592 agente

897 2643 912 2664 ι.
961 2633 1026 2672 eo
1067 2619 1118 2670 in
1152 2616 1315 2672 rebus
1350 2617 1622 2678 humanis,
1657 2634 1764 2686 quo
1797 2617 2117 2672 luerctieum
2152 2627 2299 2671 tuum
2332 2617 2504 2672 Geor-

899 2731 914 2758 ‹
963 2711 1108 2778 gium
1147 2711 1319 2764 mittis
1366 2725 1771 2775 Successorem,
1806 2727 1929 2766 cum
1976 2713 2193 2766 tametsi
2242 2712 2506 2766 liberatus

900 2831 914 2855 ι
967 2807 1161 2857 luisset
1209 2804 1546 2860 Athanasius
1593 2822 1623 2859 e
1675 2820 1932 2874 corpore,
1990 2806 2087 2858 tibi
2144 2822 2248 2857 nun
2293 2804 2508 2861 licuerit

900 2919 921 2942 ιιι
967 2897 1208 2952 mittere.
1249 2895 1440 2950 Paullo
1464 2907 1573 2968 post
1604 2915 1621 2951 :
1668 2897 1944 2967 Numquid
1980 2908 2158 2966 potest
2195 2898 2337 2952 Deus
2389 2913 2510 2952 esse

900 3010 916 3040 ι
968 3007 1091 3043 eum
1149 2989 1372 3045 inimico
1418 2989 1702 3060 Georgio?
1734 2990 2010 3060 Numquid
2064 2992 2138 3056 ei,
2181 3006 2343 3060 quem
2399 3005 2508 3044 non

900 3101 918 3131 ι
967 3083 1331 3149 ordinaverit,
1365 3100 1529 3152 quem
1560 3101 1670 3138 non
1701 3084 1950 3154 elegerit,
1985 3085 2188 3152 poterit
2218 3100 2345 3138 esse
2381 3097 2506 3152 pro-

902 3197 918 3226 ι
974 3177 1169 3246 Pinus.
1216 3187 1330 3233 010-
1381 3198 1398 3228 ’
1434 3178 1504 3231 Al
1532 3181 1655 3249 tl"is
1680 3196 1744 3232 εκ
1771 3177 1922 3233 hisce
1961 3179 2260 3248 (ιιιίειιιιιθιιι
2293 3189 2510 3232 Ninum
2619 3189 2714 3242 561
2756 3187 2937 3241 editus
2960 3188 3052 3248 sit,
3106 3195 3159 3240 et
3182 3186 3372 3240 eodem
3403 3198 3545 3238 anno
3571 3180 3770 3248 scripta
3797 3177 3954 3234 fuerit
3981 3175 4200 3246 epistola

898 3273 1100 3326 inferat
1152 3287 1250 3341 pro
1280 3274 1556 3326 sententia
1590 3272 1783 3343 l’agii?
1821 3287 1945 3327 cum
1981 3287 2114 3342 vaga
2154 3273 2382 3326 omnino
2418 3272 2509 3339 sit,
2620 3279 2926 3343 Athanasii,
2955 3293 3059 3348 qua
3092 3276 3348 3333 Lucifero
3377 3291 3504 3330 suos
3538 3276 3589 3329 in
3635 3271 4009 3328 Constantium
4043 3269 4203 3324 libros

897 3377 952 3422 et
987 3368 1118 3421 milli
1167 3368 1435 3422 obstricta
1491 3371 1612 3422 loco
1644 3366 1879 3420 Luciferi
1928 3368 2146 3432 oratiu;
2189 3382 2425 3437 eumque
2458 3366 2509 3422 id
2537 3359 2582 3422 C
2618 3387 2809 3429 omnes
2841 3388 2900 3425 sc
2934 3371 3216 3440 accepisse
3248 3378 3497 3425 testatur.

901 3477 1068 3516 ttutnn
1097 3461 1162 3515 iis
1190 3462 1378 3515 verbis
1399 3460 1948 3531 reprehendat,quod
1967 3461 2222 3515 nimirum
2240 3461 2513 3529 Georgius
2693 3465 3012 3519 l'ostrentus
3038 3464 3176 3518 liber
3203 3475 3231 3516 tt
3261 3460 3516 3517 Lucifero
3546 3459 3805 3514 adversus
3831 3455 4201 3512 Constantium

898 3556 1192 3609 lnrretieus
1249 3555 1412 3609 humo
1467 3556 1595 3607 vim
1656 3555 1962 3608 Athanasio
2016 3555 2276 3609 sulfeetus
2337 3555 2408 3608 sit
2460 3555 2512 3608 in
2619 3558 2956 3626 compositus
2987 3557 3034 3610 is
3062 3566 3168 3620 est,
3193 3572 3300 3626 quo
3330 3553 3573 3618 ostendit,
3605 3549 3940 3606 moriendum
3968 3561 4088 3602 esse
4116 3560 4208 3614 pro

901 3647 1340 3703 Alexamlriuum
1373 3648 1760 3716 lipiscopatum
1791 3656 2086 3717 :prmlerea
2118 3648 2242 3700 huic
2275 3646 2514 3702 Luciferi
2623 3649 2761 3703 Filia
2809 3649 2925 3714 llei,
2973 3649 3048 3701 ait
3094 3645 3505 3718 Papebrocliius
3565 3643 3724 3713 paulo
3773 3649 3893 3710 post
3932 3639 4206 3694 laudatum

903 3742 1244 3808 testimonio,
1282 3757 1336 3794 ιιι
1369 3759 1396 3793 a
1428 3741 1595 3810 Pugio
1630 3741 1976 3809 producitur,
2024 3742 2230 3810 aliquot
2281 3742 2517 3794 subsunt
2620 3744 2876 3812 superius
2907 3743 3109 3808 locum,
3139 3756 3288 3811 quem
3313 3748 3424 3810 post
3446 3737 3646 3791 initiunt
3685 3735 3807 3787 anui
3836 3731 3938 3788 560
3953 3749 4061 3785 esse
4091 3746 4210 3784 con-

903 3835 1199 3889 verlnnutn
1234 3843 1286 3886 et
1312 3843 1645 3887 commatmu
1682 3835 1896 3886 tuenda.
1932 3852 2053 3903 qna-
2083 3852 2300 3888 senatttlt
2334 3837 2510 3903 serip-
2621 3838 2872 3904 scriptum
2912 3834 3135 3889 ostendit
3189 3833 3380 3886 mentio
3418 3834 3435 3900 (
3471 3831 3550 3882 hic
3601 3828 3700 3883 col.
3759 3827 3930 3895 1028)
3977 3822 4203 3877 Eudoxii

902 3931 1040 3983 turis
1065 3929 1434 3983 interturbant
1460 3944 1474 3991 ;
1501 3944 1670 3996 quare
1702 3929 1830 3983 illud
1865 3934 2056 3984 coul'er
2083 3946 2203 3986 cum
2229 3930 2396 3986 editis
2429 3930 2516 3986 hic
2626 3931 2919 4000 (.ldoxinm
2981 3946 3159 3983 rursus
3184 3945 3294 3980 eum
3337 3925 3606 3985 nominat)
3661 3923 3728 3976 ad
3767 3917 4205 3988 Constantinopoli

907 4038 1028 4093 1³³8·
1062 4021 1130 4076 Μ
1155 4023 1262 4094 ("lc
1301 4021 1402 4075 σοι·
1422 4021 1576 4091 θείη·
2626 4033 2797 4077 tumuit
2817 4023 2989 4077 sedem
3008 4022 3185 4088 evecti,
3210 4020 3348 4092 quod
3371 4019 3453 4072 die
3486 4018 3546 4071 17
3574 4015 3698 4071 Jan.
3731 4015 3934 4082 faction.
3961 4009 4207 4079 Sequenti

980 4119 1184 4173 Eodem
1218 4117 1348 4172 circ.
1401 4133 1546 4172 anno
1591 4117 1695 4173 560
1726 4119 1965 4189 scriptus
2005 4119 2102 4174 fuit
2144 4121 2282 4176 liber
2309 4123 2373 4176 dc
2415 4139 2515 4177 ηοη
2623 4128 2791 4171 autem
2822 4133 2958 4170 anno
2993 4132 3162 4168 mense
3193 4112 3472 4167 Novembri
3519 4110 3740 4164 moriens
3769 4104 4092 4160 Constantius
4122 4119 4212 4156 ex-

905 4213 1162 4280 parcinilo
1193 4211 1240 4261 in
1277 4209 1443 4261 Deum
1475 4207 1921 4279 di-linpu'utibus,
1949 4212 2104 4281 cujus
2134 4213 2272 4266 tituli
2316 4227 2516 4268 sensus
2624 4212 2782 4279 periri
2811 4211 2959 4280 rtepit
3005 4211 3268 4263 veritatem
3298 4221 3499 4266 eorum,
3545 4218 3658 4272 qua:
3703 4200 3795 4253 sibi
3838 4209 3941 4252 tum
3971 4198 4021 4248 in
4069 4197 4209 4260 aliis,

2625 4316 2730 4359 tum
2759 4305 2812 4357 in
2843 4306 2939 4357 hoc
2968 4303 3293 4374 potissimum
3324 4301 3456 4354 libro
3488 4299 3827 4352 comminatur
3848 4291 4052 4357 Lucifer
4079 4299 4212 4340 totus

2607 2351 2718 2396 tmn
2745 2358 2835 2395 an.
2866 2342 2992 2407 561,
3027 2342 3121 2396 sed
3151 2341 3373 2395 nimium
3405 2356 3562 2405 sero;
3600 2349 3878 2409 postquam
3917 2335 4050 2388 enim
4081 2333 4190 2400 ejus

2609 2435 2730 2489 lihri
2767 2454 2864 2504 pro
2990 2437 3291 2490 Athanasio
3313 2435 3379 2490 ad
3405 2434 3779 2490 Constantium
3807 2429 3966 2485 delati
3987 2432 4188 2483 luerunt

2609 2529 2884 2582 subinitia
2917 2544 3005 2581 an.
3043 2528 3149 2582 560
3179 2569 3194 2592 ,
3244 2536 3456 2581 tantum
3489 2526 3749 2595 temporis
3799 2524 3976 2593 nequit
4027 2525 4186 2574 inter-

2607 2625 2865 2688 cessisse,
2907 2631 2964 2677 ut
3018 2621 3370 2691 Imperatoris
3403 2630 3664 2684 mentem,
3708 2632 4028 2687 sensusque,
4059 2625 4112 2670 et
4142 2617 4189 2667 in

2612 2731 2670 2770 se
2695 2728 2990 2784 conceptus
3009 2716 3172 2768 animi
3194 2718 3410 2768 furores
3435 2729 3498 2768 ex
3523 2727 3715 2768 eorum
3742 2711 3967 2766 lectione
3989 2707 4192 2763 Lucifer

2613 2810 2934 2878 Cognoverit
2973 2811 3116 2863 eirea
3161 2808 3406 2879 ejusdem
3456 2809 3586 2862 anni
3633 2807 3861 2872 exitum,
3909 2811 3962 2860 et
4009 2816 4193 2856 novum

2616 2905 2757 2957 hunc
2788 2903 2986 2957 lilirnm
3021 2904 3287 2956 adversus
3315 2902 3468 2955 illum
3505 2899 3813 2955 exaraverit
3840 2912 3978 2950 anno
4005 2897 4195 2947 solum.

2617 3001 2775 3050 nunlo
2805 3000 2936 3062 561,
2967 2998 3270 3067 praesertim
3298 3010 3420 3050 cum
3452 2992 3935 3065 postremusliber,
3967 2989 4049 3042 cui
4079 2988 4198 3041 titu-

2619 3098 2722 3160 lus,
2759 3093 3336 3162 illm-iendumcssepro
3384 3088 3520 3144 Filio
3557 3087 3675 3153 Dei,
3707 3086 3859 3141 initio
3892 3083 4047 3153 hujus
4075 3080 4198 3136 anni

906 4315 1015 4368 ιεηι,
1063 4308 1218 4358 nefas
1237 4322 1360 4360 Ossa:
1403 4306 1715 4377 EpisCopEs,
1756 4320 2000 4372 errores,
2046 4317 2101 4360 et
2149 4309 2327 4374 iniqua
2376 4310 2516 4362 facta

910 4401 1191 4457 hominum
1267 4405 1576 4472 praasertim
1650 4401 2040 4457 hwrcticorum
2123 4402 2214 4455 vili
2281 4401 2516 4470 quadam

909 4494 1202 4549 timiditate
1259 4505 1306 4546 et
1365 4495 1636 4565 iujurioso
1705 4496 1755 4550 in
1819 4496 1984 4552 Deum
2059 4495 2286 4550 silentio
2345 4495 2516 4549 dissi-

909 4590 1138 4655 mulare,
1181 4590 1382 4660 quippe
1409 4604 1537 4645 cum
1568 4605 1759 4646 eorum
1795 4591 2040 4646 muneris
2074 4589 2145 4643 sit
2174 4587 2516 4645 Catholicam

911 4685 1070 4739 Iidem
1138 4684 1315 4754 palam
1378 4682 1545 4749 tueri,
1605 4693 1654 4736 et
1722 4684 2011 4750 impiorum
2071 4685 2282 4739 scelera
2343 4684 2518 4740 libere

2625 4407 2848 4454 a'stuans
2868 4397 3105 4467 martyrii
3121 4395 3398 4449 desiderio.
3425 4389 3686 4461 Equidem
3711 4386 3918 4444 Lucifer
3941 4385 3988 4438 iu
4009 4381 4211 4454 [Egyp-

2627 4503 2681 4545 to
2708 4491 3062 4562 gravissimas
3089 4488 3272 4545 exsilii
3302 4487 3380 4541 sui
3415 4485 3755 4540 calamitates
3780 4475 4208 4535 constantissime

2625 4589 2928 4656 perferens,
2960 4583 3100 4654 quod
3129 4588 3440 4643 autnmorct,
3488 4575 3670 4632 subdit
3704 4574 3958 4628 Duronius
4009 4567 4073 4622 ad
4117 4581 4201 4619 an.

2623 4677 2875 4734 eumdem
2908 4676 3033 4745 7.55,
3058 4690 3206 4732 num.
3239 4674 3308 4731 69
3327 4715 3340 4739 ι,
3371 4669 3727 4726 Constantium
3752 4677 3801 4722 et
3828 4663 4080 4717 ministros
4101 4663 4206 4730 «jus

908 4794 970 4830 ac
1013 4776 1228 4832 fortiter
1278 4779 1632 4845 redarguere.
1695 4777 1931 4833 Fureliat
1979 4780 2190 4833 scilicet
2243 4778 2518 4833 Constan-
2551 4767 2604 4828 D
2632 4773 2681 4826 in
2714 4788 2884 4826 necem
2913 4788 3062 4826 suam
3089 4769 3498 4837 conspiraturos,
3528 4762 3689 4816 alium
3727 4757 3923 4813 addidit
3957 4768 4205 4808 continen-

907 4872 1016 4926 tius
1067 4871 1119 4924 in
1178 4869 1514 4938 Lucilermu,
1576 4871 1807 4942 ejusque
1872 4871 2029 4927 lectis
2097 4873 2276 4938 libris,
2338 4889 2520 4944 super.
2633 4867 2844 4930 torium,
2879 4868 3032 4938 cujus
3075 4873 3147 4918 est
3176 4861 3357 4915 titulus
3385 4869 3433 4912 et
3474 4863 3850 4927 argumentum,
3881 4846 4206 4948 Moriendum

909 4966 1052 5030 bum,
1120 4966 1446 5030 insolentem,
1507 4967 1933 5021 contumeliosum
1993 4967 2043 5020 in
2112 4966 2521 5036 iniperatoriim
2635 4975 2732 5030 pro
2765 4957 2905 5013 Filio
2935 4957 3053 5013 Dei.
3096 4955 3285 5008 Videas
3313 4953 3566 5006 hominem
3599 4950 3792 5020 majori-
3828 4960 4017 5012 semprr
4055 4956 4205 5042 nullm

910 5060 1250 5128 majestatem
1274 5073 1397 5115 esse
1425 5060 1576 5113 illum
1604 5069 1660 5114 et
1687 5059 2006 5114 Calltolicns
2039 5061 2335 5129 Episcopus
2359 5059 2523 5131 jacti.
2632 5053 2868 5107 libertate
2915 5063 3068 5122 atque
3110 5048 3399 5103 constantia
3442 5047 3704 5114 insurgere
3732 5042 3783 5094 in
3824 5037 4202 5131 Constantium;

911 5127 1101 5204 tabat:
1137 5167 1306 5213 quare
1342 5151 1559 5208 Lucifer
1601 5151 1800 5207 suimet
1850 5127 2120 5206 rationein
2171 5127 2523 5206 ret—lditvllon.
2631 5147 2768 5214 quod
2795 5161 2861 5200 ex
2887 5161 2987 5197 una
3010 5143 3088 5198 vel
3122 5143 3284 5196 altera
3311 5141 3543 5204 eiusdem
3573 5131 3839 5190 voluminis
3868 5127 4052 5195 scripta
4089 5139 4202 5175 sett-

907 5255 952 5298 rt
974 5258 1154 5305 intui;
1201 5245 1470 5305 declarat.
1503 5261 1602 5300 cur
1633 5245 1850 5314 priores
1881 5246 2049 5299 libros
2094 5256 2201 5300 tam
2236 5249 2346 5301 acri
2379 5247 2526 5318 stylo
2633 5244 2792 5297 tentia
2821 5242 2974 5295 datur
3002 5240 3271 5311 inspicere.
3305 5235 3479 5289 llahes
3516 5233 3569 5286 in
3616 5230 3717 5284 hoc
3751 5227 3884 5280 libro
3909 5222 4062 5322 iusta:
4091 5230 4204 5285 prr-

911 5340 1268 5402 cxaraverit;
1303 5347 1413 5392 tutu
1450 5351 1599 5401 sese.
1622 5347 1677 5391 cl
1704 5339 2011 5408 religionis,
2047 5339 2330 5394 Athanasii
2359 5351 2525 5409 atque
2631 5340 2662 5392 l1
2683 5347 2895 5406 etaeque
2923 5333 3184 5389 orationis
3219 5332 3445 5385 formam
3471 5333 3904 5396 argumentorum
3935 5321 4204 5369 varietate.

911 5433 1316 5488 tlatholicuruin
1343 5433 2526 5503 AntistitumcauSsas,suosqueitemlibros
2629 5437 3025 5487 sententiarum
3092 5427 3376 5498 gravitate,
3435 5433 3712 5477 sacrorum
3782 5413 4206 5468 testimoniorum

912 5538 1060 5582 tinta
1111 5529 1308 5596 ingenii
1344 5529 1417 5589 vi,
1462 5538 1513 5581 et
1553 5529 1824 5582 orationis
1869 5526 2121 5582 facundm
2162 5528 2432 5592 defendit,
2471 5537 2528 5584 ut
2632 5528 2898 5598 pondere,
2927 5534 2977 5578 et
3006 5523 3184 5577 facilis
3209 5518 3461 5575 facundia
3482 5503 4204 5598 υιυσμιίῑ(ῖθιιιυιὶεοενλδφ-

907 5622 1177 5675 ’l'nllimze
1220 5623 1575 5690 eloquentue,
1611 5623 1654 5674 si
1691 5622 2033 5691 incomptum
2082 5623 2303 5679 dicendi
2355 5640 2525 5693 genus
2635 5636 2703 5692 po
2732 5621 2976 5690 dignam,
3005 5632 3126 5688 qua:
3153 5599 4015 5674 cum'l'ullianisl’iiilippieisjurc
4041 5601 4206 5661 pmsﬂ

910 5716 1174 5781 excipias.
1221 5717 1472 5786 proxime
1526 5717 1790 5772 accedere
1842 5717 2111 5773 videatur.
2168 5718 2364 5773 Totius
2406 5719 2527 5774 libri

2506 5719 2527 5774 ’ἰ
2633 5711 2982 5785 comparari;
3028 5711 3306 5766 Niczenam
3349 5705 3531 5768 tidem,
3568 5696 3845 5769 legationis
3884 5707 3989 5746 sua:
4031 5696 4201 5788 gesta.

913 5826 1199 5883 synopsnn
1228 5785 1472 5865 exhibet
1504 5810 1910 5877 I'apelirnirltius
1941 5827 2062 5880 cap.
2101 5813 2129 5866 ι
2165 5811 2302 5866 Vita!
2351 5809 2527 5868 Lucil.
2635 5809 2917 5866 Athanasii
2945 5820 3166 5862 causam
3215 5797 3550 5854 validissime
3583 5803 3802 5857 tutatur,
3841 5785 4127 5890 liottslattlii
4157 5785 4205 5830 fl

915 5907 1068 5964 hisee
1107 5909 1327 5963 ierhis:
1381 5908 1601 5962 Summa
1661 5909 1818 5962 totius
1861 5909 1978 5962 libri
2025 5930 2082 5963 eo
2117 5910 2279 5964 tendit
2312 5918 2364 5964 ut
2407 5925 2533 5967 con-
2639 5905 2966 5960 Arianorum
3021 5898 3229 5954 scelera
3285 5891 3655 5968 persequitur.
3705 5895 3760 5942 ει
3812 5881 4051 5953 ΒΙοτίοδε
4116 5885 4200 5968 PT“

922 6005 1153 6059 vincatur
1187 6001 1500 6074 Imperator,
1530 6003 1699 6059 iosum
1731 6002 1963 6057 aliosque
1995 5999 2284 6073 Episwhos
2315 6005 2438 6057 dum
2487 6003 2536 6058 ei
2637 6000 2858 6058 Christo
2891 5998 3082 6054 mortis
3113 5991 3477 6054 nobilitatem,
3507 5986 3694 6051 decus.
3725 5977 4009 6046 laudesque
4037 5966 4205 6025 "mh
