4292 6438
121 492 213 547 753

1556 478 1953 541 ΡΠΕΡΔΤΙΟ.

3298 477 3406 536 754

120 609 190 669 lit,
218 619 375 676 quam
406 618 466 659 se
487 601 665 657 aridis
686 603 805 658 .itue
833 615 1035 671 cupere
1061 610 1291 656 testatur
1318 618 1331 653 :
1362 599 1502 656 hanc
1522 608 1704 655 tamen
1735 604 1780 665 Α
1812 600 2027 653 νίιιιιιιιι-
2053 603 2224 655 latino
2256 616 2510 657 sermone
2554 602 2783 669 scripta,
2817 612 2873 656 ut
2902 616 3025 656 cum
3059 602 3176 671 ipso
3220 598 3405 657 Mont-

122 696 343 768 martyrii
360 695 593 768 gloriam
615 696 767 764 plane
786 704 983 750 constat
996 705 1103 748 tum
1126 693 1485 749 Constantium
1500 693 1698 765 ipsum,

118 801 210 844 tum
238 789 455 843 Arianos
478 797 688 842 cwtcros
713 788 793 841 illi
828 787 1093 851 incidisse,
1138 787 1215 841 ait
1244 786 1515 841 Baronius
1542 800 1695 840 num.

116 883 196 948 80,
226 884 371 951 cujus
400 897 454 935 se
481 881 609 934 adeo
638 880 887 952 cupidum
938 892 1009 935 tot
1031 882 1286 951 tantisque
1316 882 1522 951 scriptis
1547 880 1699 934 editis

117 990 211 1043 pra:
225 992 275 1025 se
295 974 507 1043 ferebat.
543 972 731 1028 Verum
753 991 816 1028 ea:
829 975 931 1040 his,
956 976 1147 1029 scribit
1172 975 1313 1029 idem
1332 985 1522 1030 auctor
1544 991 1696 1029 num.

115 1072 191 1136 73,
213 1085 327 1139 qua:
348 1069 527 1124 eodem
547 1071 678 1125 libro
702 1070 917 1139 inferius
942 1071 1005 1123 de
1034 1070 1271 1124 Eudoxio
1286 1070 1356 1123 ait
1382 1087 1413 1123 a
1448 1070 1700 1124 Constan-

111 1166 174 1218 tio
198 1163 413 1228 suffecto
438 1164 491 1217 in
534 1165 701 1218 locum
727 1161 1024 1217 Macedonii
1055 1164 1108 1216 in
1136 1166 1306 1216 sedem
1335 1162 1700 1217 Constantino-

110 1258 398 1325 politanam,
445 1268 559 1328 post
593 1258 851 1311 biennium
893 1257 1312 1311 commentarium
1348 1258 1493 1309 illum
1538 1258 1699 1326 fuisse

105 1349 342 1420 scriptum
371 1359 611 1419 apparet,
640 1366 703 1403 ac
730 1350 949 1421 proinde
977 1366 1089 1420 qua:
1138 1367 1301 1418 nuper
1322 1350 1447 1401 dicit
1486 1349 1547 1401 ab
1585 1352 1698 1418 ipso

105 1446 231 1509 facta
254 1458 367 1496 esse
386 1458 481 1497 suo
510 1444 757 1513 rescripto
789 1443 840 1495 in
866 1440 1155 1496 Ecclesium
1183 1442 1587 1495 Alexandrinum
1617 1441 1698 1495 di—

102 1550 236 1586 rersa
269 1534 336 1587 ub
382 1535 488 1589 illis
524 1532 704 1605 fuisse,
736 1552 851 1605 qut:
880 1552 943 1589 ea
984 1536 1267 1589 Athanasio
1296 1536 1537 1605 superius
1577 1544 1698 1589 sunt

102 1627 368 1691 recensita,
402 1627 581 1696 liquet.
614 1628 682 1681 At
714 1627 780 1681 de
808 1626 957 1683 hisce
986 1626 1035 1682 iu
1066 1622 1467 1681 Alexandrinos
1499 1627 1699 1682 crude-

102 1720 218 1775 liter
239 1722 468 1790 patratis
491 1721 613 1776 vide
640 1738 762 1792 qute
789 1723 839 1775 in
876 1724 1017 1776 uotis
1057 1722 1122 1775 ad
1152 1723 1294 1776 hunc
1327 1722 1562 1775 Luciferi
1594 1720 1693 1776 lib.

101 1811 195 1880 ipsi
222 1812 547 1882 conjicimus
575 1828 588 1877 ;
615 1822 669 1867 et
697 1829 819 1868 cum
852 1813 1087 1867 Baronio
1110 1813 1400 1879 sentimus,
1418 1814 1695 1868 diversam

97 1918 209 1958 esse
253 1903 751 1959 Alexandrinorum
798 1904 1005 1959 cmdem
1030 1921 1057 1957 a
1088 1905 1336 1959 Lucifero
1369 1919 1419 1974 p.
1450 1904 1557 1959 252
1588 1905 1697 1974 (hic

1807 694 1949 747 faue.
1978 694 2336 749 observamus
2358 693 2412 749 in
2437 705 2562 749 nota
2590 694 2774 750 eidem
2797 694 3013 765 adjecta
3032 710 3085 763 p.
3103 693 3210 750 270
3223 691 3330 764 (hic
3352 709 3402 746 c.

1808 784 1947 840 l0l0
1962 787 2155 856 not.q).
2174 786 2344 842 Porro
2365 786 2509 841 idem
2525 785 2826 843 Montfauc.
2846 785 2987 843 falso
3004 794 3271 849 autumat,
3286 783 3405 856 cpi-

1804 878 2000 933 stolam
2032 880 2262 955 primam
2286 885 2421 950 forte
2450 882 2611 950 paulo
2640 890 2757 951 post
2784 881 3025 936 exsilium
3052 878 3304 951 Luciferi,
3335 879 3406 936 ad

1804 972 1949 1028 hunc
2000 974 2069 1029 ab
2116 972 2418 1030 Athanasio
2461 976 2725 1039 missam;
2769 975 3004 1046 ideoque
3049 992 3138 1030 an.
3182 972 3408 1030 circiter

1801 1064 1931 1132 356,
1973 1081 2097 1121 cum
2133 1065 2355 1123 Lucifer
2397 1084 2465 1123 tte
2507 1067 2746 1137 primum
2781 1066 3000 1139 quidem
3045 1066 3283 1122 fortasse
3336 1065 3405 1121 li-

1804 1158 1957 1212 hrum
2004 1160 2068 1213 de
2108 1177 2210 1214 non
2255 1159 2606 1215 conceniendo
2651 1177 2766 1215 cum
2813 1160 3072 1215 haereticis
3114 1158 3403 1215 edidisset.

1804 1248 2212 1319 Papehrochius
2241 1260 2531 1322 utramque
2556 1252 2846 1323 epistolam
2872 1252 3041 1309 refert
3070 1253 3122 1308 in
3150 1268 3243 1307 an.
3272 1252 3404 1321 560,

1803 1358 1925 1396 nam
1960 1345 2068 1397 hcce
2098 1345 2293 1412 omnia,
2328 1345 2409 1400 ait
2460 1361 2585 1416 cap.
2628 1348 2661 1401 4
2694 1346 2763 1400 tle
2796 1346 2953 1402 libris
2987 1346 3202 1403 scilicet
3242 1345 3405 1402 Luci-

1803 1436 2052 1502 feriauis,
2084 1441 2345 1509 accepisse
2374 1441 2737 1508 Athanasium,
2766 1457 2882 1494 cum
2918 1441 2972 1495 in
3002 1451 3188 1510 quarto
3215 1440 3403 1496 exsilio

1802 1532 2040 1599 partibus
2086 1531 2309 1607 /Egypti
2358 1534 2580 1589 vicinior
2626 1534 2834 1608 degeret
2882 1533 3099 1590 Lucifer
3125 1549 3215 1587 an.
3248 1532 3404 1603 360.,

1799 1625 1917 1678 ideo
1938 1626 2271 1693 persuadeor,
2295 1630 2416 1698 quia
2443 1638 2490 1683 et
2512 1629 2717 1683 titulum
2736 1629 2983 1699 postremi
3004 1628 3143 1694 libri,
3174 1637 3222 1681 et
3246 1627 3401 1683 fren-

1800 1720 1962 1773 dores
1999 1720 2302 1775 diabolicos
2348 1721 2663 1789 calcandos,
2706 1732 2754 1776 et
2797 1723 2935 1776 alias
2960 1724 3044 1776 hic
3069 1728 3403 1779 occurrqu

1800 1811 2010 1880 phrases
2035 1814 2265 1879 observo,
2302 1816 2355 1869 in
2387 1814 2623 1869 secunda
2659 1813 2917 1868 uimiruut
2951 1814 3198 1884 ejusdem
3231 1813 3403 1869 Atha-

1802 1910 1936 1961 nasii
1994 1909 2248 1977 epistola.
2301 1909 2408 1967 Sed
2461 1911 2608 1980 prior
2652 1910 2887 1981 epistola
2940 1908 2993 1964 in
3038 1924 3129 1963 an.
3178 1908 3400 1978 quidem

98 1996 192 2049 col.
220 1995 383 2067 1022)
406 1997 489 2051 hic
518 2008 873 2052 memoratam
894 1998 961 2051 ab
985 1998 1095 2058 illa,
1117 2014 1236 2066 qnzr
1258 2013 1346 2051 au.
1372 1998 1499 2061 356,
1532 1998 1695 2067 impie
1727 2004 1774 2065 Β
1799 2002 1906 2057 560
1937 2002 2089 2070 rejici
2114 2002 2407 2058 commode
2436 2012 2640 2073 potest,
2675 2019 2783 2056 non
2818 2003 2948 2057 item
2995 2002 3194 2067 altera,
3231 2014 3397 2071 quam

94 2088 378 2143 commissa
411 2088 510 2142 fuit
541 2099 659 2159 post
677 2091 910 2159 ejectum
941 2106 970 2144 e
1003 2106 1096 2142 sua
1130 2089 1257 2143 sede
1294 2089 1687 2157 Athanasium,

94 2196 357 2250 quamque
385 2180 717 2237 Athanasius
745 2184 860 2251 ipse
890 2181 1153 2236 describit
1184 2184 1233 2235 in
1274 2182 1430 2249 Apol.
1460 2180 1529 2235 de
1563 2180 1687 2250 fuga

94 2286 204 2338 sua,
233 2285 291 2328 et
320 2272 375 2328 in
405 2272 569 2342 epist.
601 2272 667 2327 ad
700 2274 861 2329 Solit.
896 2272 1094 2327 Verum
1125 2274 1271 2326 enim
1309 2288 1440 2327 vero
1470 2281 1691 2328 sentcn-

94 2365 217 2418 tiam
247 2366 495 2433 ejusdem
526 2364 743 2419 Barouii
778 2380 883 2419 non
918 2365 1237 2434 probamus,
1267 2378 1394 2418 cum
1427 2364 1689 2430 aflirmat,

94 2467 201 2523 post
228 2457 493 2511 biennium
520 2456 590 2515 ab
617 2468 877 2529 occupata
906 2474 1003 2529 per
1038 2458 1339 2512 Eudoxiutn
1369 2458 1692 2512 Constanti-

94 2552 401 2619 nopolitaua
432 2550 562 2606 sede
579 2552 1005 2605 commentarium
1035 2554 1178 2606 hunc
1202 2552 1366 2619 [uisse
1393 2552 1646 2618 scriptum
1671 2566 1690 2605 :

91 2644 322 2714 quippe,
356 2646 401 2699 si
445 2660 633 2699 mense
669 2644 929 2699 Januario
968 2648 1090 2698 anni
1126 2647 1233 2700 560
1275 2645 1549 2700 Eudoxius
1579 2646 1692 2700 suf-

94 2736 265 2792 fectus
290 2746 377 2793 est
409 2738 725 2793 Macedonio
758 2738 1027 2809 Episcopo
1052 2738 1687 2809 Constantinopolitauo,

90 2834 449 2903 consequitur
500 2832 644 2888 hune
696 2833 895 2887 librum
938 2848 966 2887 a
1019 2832 1270 2887 Lucifero
1320 2834 1689 2903 compositum

92 2928 257 2982 luisse
311 2945 403 2983 an.
455 2928 585 2995 362,
632 2944 757 2983 cum
799 2926 1151 2982 Constantius
1200 2942 1342 2981 anno
1402 2938 1527 2981 ante
1578 2928 1689 2996 jam

90 3020 294 3074 obierat
320 3062 337 3088 ,
378 3030 432 3075 et
469 3020 716 3076 Julianus
749 3021 1051 3090 Imperator
1083 3022 1278 3075 eodem
1309 3036 1397 3073 au.
1447 3021 1546 3075 36l
1596 3035 1690 3076 ex-

88 3116 233 3166 sules
260 3115 565 3184 I'Zpiseopos
596 3116 659 3166 ad
687 3130 815 3168 suas
841 3115 1109 3169 ltieclesias
1131 3116 1308 3167 redire
1335 3114 1686 3183 permiserat,

90 3216 140 3257 ot
168 3222 231 3259 es
281 3206 580 3261 Ammiano
603 3208 959 3279 intelligimus
983 3207 1077 3260 lib.
1110 3222 1243 3271 χχιι,
1276 3222 1393 3275 cap.
1423 3205 1455 3258 5
1484 3205 1693 3270 ,Geor-

86 3300 173 3364 git)
204 3311 392 3353 autem
425 3299 748 3369 Cappadoce
778 3300 847 3355 ab
877 3298 1259 3355 Alexandrinis
1290 3298 1419 3353 sedc
1442 3297 1688 3365 discerp-

1797 2097 1935 2151 idem
1986 2098 2396 2168 Papebrochius
2446 2100 2497 2151 itt
2550 2098 2744 2153 Tomo.
2794 2098 2809 2151 Ι
2859 2097 2985 2151 Maii
3046 2096 3296 2151 Bolland.
3344 2096 3398 2151 in

1798 2188 1902 2243 Vit.
1944 2191 2001 2244 S.
2038 2191 2239 2244 Athan.
2282 2207 2403 2261 cap.
2436 2190 2506 2245 2t
2552 2190 2759 2246 clarius
2790 2191 2981 2246 scribit
3012 2192 3187 2244 datam
3231 2190 3402 2245 fuisse

1792 2284 1929 2335 circa
1972 2301 2057 2335 an.
2090 2298 2280 2338 cccu.
2318 2284 2465 2339 .‘llissi
2512 2284 2737 2353 quidem
2781 2282 2885 2339 huc
2914 2299 3061 2337 anno
3094 2283 3315 2338 fuerant
3358 2294 3393 2336 a

1794 2375 2045 2431 Lucifero
2101 2378 2169 2431 ad
2234 2376 2621 2446 Athanasium,
2683 2379 2776 2449 qui
2838 2379 2990 2433 illtnu
3053 2378 3398 2443 inviserent,

1792 2482 1845 2526 et
1870 2486 1964 2541 per
1993 2487 2129 2540 quos
2162 2471 2232 2527 de
2256 2472 2643 2527 communibus
2673 2473 2961 2541 utriusque
2992 2470 3397 2541 curisagcret;

1791 2562 1887 2617 sed
1908 2577 2005 2618 eos
2022 2564 2359 2618 Athanasius
2385 2580 2485 2619 nec
2505 2563 2714 2630 videre,
2744 2578 2843 2619 uec
2865 2562 3071 2632 alloqui
3101 2571 3395 2634 potuerat,

1788 2672 1912 2711 eum
1986 2659 2037 2712 in
2108 2661 2440 2713 secretiores
2505 2659 2745 2713 latebras
2798 2657 3103 2729 aufugisset
3168 2654 3399 2711 insidias

1790 2751 1998 2804 veritus
2028 2752 2372 2816 Arianorum,
2402 2749 2495 2822 qui
2523 2751 2717 2806 itinera
2746 2749 3136 2811 observabant,
3159 2757 3213 2802 et
3240 2760 3399 2801 curas

1790 2854 1950 2915 agunt
1971 2885 1984 2907 ,
2016 2846 2090 2898 ait
2124 2846 2242 2913 ipse
2266 2844 2319 2899 in
2351 2844 2541 2899 eadem
2573 2844 2825 2913 epistola,
2857 2844 2922 2898 de
2950 2839 3399 2912 proficiscentibus

1792 2948 1837 2990 et
1860 2936 2167 2991 exeuntibus
2197 2938 2260 2991 de
2280 2936 2485 2990 civitate
2515 2935 2884 2991 Alexnndrina
2910 2974 2925 3000 ,
2957 2950 3111 2989 naves
3135 2940 3398 3004 quarunt,

1792 3032 2006 3084 cremias
2036 3040 2240 3100 qyraut,
2278 3031 2459 3084 domos
2490 3030 2814 3099 perturbant,
2847 3029 3153 3082 concutiunt
3182 3028 3395 3096 fratres,

1790 3130 2009 3196 singulis
2040 3129 2245 3197 negotia
2270 3128 2611 3189 concinnant,
2647 3136 2698 3181 et
2726 3125 2912 3195 paullo
2946 3132 3073 3178 ante
3103 3124 3155 3177 in
3196 3122 3392 3177 Mona-

1791 3224 1925 3275 chos
1942 3237 2036 3290 per
2052 3220 2267 3291 Egypti
2298 3220 2621 3275 solitudines
2644 3219 2870 3290 impune
2891 3216 3123 3289 grassati
3146 3216 3391 3281 fuerant;

1793 3328 1953 3382 quam
1989 3323 2363 3381 tempestatem
2400 3314 2551 3366 initio
2593 3310 2846 3365 secunda:
2897 3308 3145 3380 epistola:
3193 3306 3399 3362 indicat

86 3398 138 3443 to
165 3392 270 3447 sub
303 3392 523 3447 iuitiutn
554 3394 683 3448 anui
709 3393 838 3458 362,
892 3392 1217 3447 Athanasius
1247 3393 1297 3445 in
1328 3406 1481 3445 suam
1503 3390 1685 3446 sedem

1800 3411 1939 3465 idem
1975 3410 2339 3463 Athanasius:
2377 3407 2493 3463 ltzec
2522 3422 2655 3461 vero
2681 3406 2874 3461 eodem
2901 3419 3045 3459 anno
3069 3401 3178 3457 560
3207 3401 3401 3456 viden-

86 3484 245 3548 paulu
270 3491 402 3554 post
448 3484 735 3538 restitutus
756 3484 878 3548 fuit,
901 3482 994 3553 qui
1020 3494 1201 3537 tamen
1225 3498 1416 3536 omnes
1448 3480 1686 3536 Luciferi

84 3572 250 3629 libros
276 3575 440 3630 exsul
462 3574 641 3629 adhuc
666 3584 977 3646 acceperat,
1008 3584 1065 3628 ttt
1092 3575 1260 3643 ipsius
1284 3575 1348 3628 ad
1381 3574 1687 3629 Luciferum

80 3666 314 3736 epistola
332 3678 588 3725 testatur.
616 3669 885 3725 l’rwterca
908 3686 1083 3739 neque
1107 3669 1686 3738 l’apebroehioassen-

82 3756 269 3826 timur,
329 3760 423 3815 cui
481 3760 632 3815 lubet
678 3773 1013 3829 postremum
1085 3763 1186 3814 hoc
1248 3760 1484 3814 Luciferi
1549 3776 1686 3829 opus

81 3862 198 3916 post
220 3853 447 3906 initium
472 3851 585 3907 fere
610 3867 701 3907 an.
727 3852 835 3908 560
870 3854 1246 3907 elucubratum
1277 3855 1445 3908 fuisse
1470 3870 1483 3919 ;
1506 3863 1687 3923 poste-

78 3960 191 4000 l'illS
220 3946 502 4016 siquidem
549 3957 632 4003 est
689 3947 831 4003 libro
881 3947 947 4001 de
983 3966 1085 4001 non
1130 3948 1391 4019 parcendo
1426 3949 1475 4001 in
1516 3946 1685 4003 Deum

76 4037 503 4109 delinquentibus
531 4042 740 4110 scripto
770 4056 915 4097 anno
946 4044 1065 4112 ipso
1114 4043 1241 4109 560,
1276 4060 1397 4096 tum
1441 4043 1685 4099 nondum

76 4133 329 4189 audisset
387 4133 613 4190 Lucifer
661 4134 731 4191 de
778 4136 1391 4204 Constantinopolitano
1453 4136 1683 4192 Eudoxii

77 4224 451 4301 Episcopatu.
503 4226 685 4295 Quare
735 4228 875 4284 hanc
923 4230 975 4282 in
1023 4244 1136 4282 rem
1178 4228 1258 4281 sic
1305 4227 1681 4293 decernimus,

72 4318 272 4375 librum
310 4321 483 4387 hunc,
519 4323 608 4375 cui
642 4323 834 4377 titulus
888 4322 1218 4377 Moriendum
1258 4339 1366 4375 esse
1403 4340 1495 4389 pro
1544 4320 1683 4376 Filio

75 4410 168 4466 Dei
187 4456 204 4479 ,
246 4424 384 4469 ante
410 4413 718 4470 Constantii
765 4425 1033 4483 mortem,
1066 4432 1190 4487 quae
1221 4415 1421 4472 accidit
1453 4430 1508 4470 Ill
1539 4415 1681 4472 Non.

69 4507 269 4564 Octob.
321 4510 446 4564 sive
475 4508 764 4575 Novemb,
813 4517 872 4565 ut
903 4510 1113 4564 malunt
1156 4510 1270 4576 alii,
1314 4512 1438 4564 anui
1486 4510 1613 4576 561,
1649 4525 1681 4566 a

69 4599 331 4660 Lucifero
357 4602 703 4675 descriptum
741 4604 1062 4674 editumque
1098 4603 1289 4670 fuisse,
1319 4616 1371 4659 et
1412 4622 1557 4659 anno
1588 4616 1683 4662 aut

65 4697 170 4754 360
200 4698 272 4756 ad
307 4700 524 4756 exitum
563 4699 683 4755 fere
714 4700 1001 4769 perducto,
1058 4700 1182 4754 licet
1213 4700 1598 4758 Tilletnontius
1628 4712 1683 4760 et

65 4788 525 4847 Montfauconius
555 4806 759 4848 annum
791 4792 1041 4851 absolute
1078 4792 1186 4848 360
1230 4794 1538 4864 assignent,
1586 4804 1681 4851 aut
1707 4787 1759 4848 D

62 4882 196 4953 ipsis
223 4886 364 4939 anui
396 4885 497 4939 561
521 4884 787 4954 exordiis,
813 4884 958 4957 quod
988 4888 1165 4942 multo
1189 4887 1529 4956 probabilius
1554 4904 1680 4945 cum

62 4976 373 5033 Galiaudio
406 4986 585 5047 potest
610 4976 897 5035 aflirmari.

130 5069 270 5126 Herc
311 5069 533 5143 quidem
558 5080 703 5136 sunt,
728 5074 1080 5141 prosequitur
1104 5073 1376 5129 Baronius
1407 5089 1559 5130 num.
1591 5075 1682 5142 73,

58 5174 104 5221 et
132 5168 245 5222 alia
272 5166 442 5240 plura
462 5164 543 5221 his
569 5164 783 5232 similia,
806 5182 921 5236 quo:
943 5165 1157 5239 Lucifer
1188 5169 1499 5241 Apostolicte
1531 5169 1686 5226 Sedis

61 5260 291 5331 Legatus
323 5261 621 5333 apostolico
651 5272 855 5331 pectore
894 5263 947 5316 in
977 5261 1337 5320 Constantium
1386 5266 1449 5321 ab
1494 5266 1679 5321 exsilio

59 5356 157 5409 tela
178 5357 441 5427 conjecit.
464 5354 575 5409 ista
594 5364 766 5410 autem
793 5370 912 5410 eum
931 5355 1133 5427 perlata
1152 5368 1318 5411 essent
1342 5360 1411 5412 ad
1439 5360 1676 5415 Athana-

60 5452 191 5506 cium
225 5452 284 5505 in
314 5466 499 5505 eremo
538 5450 848 5513 latitantem,
894 5450 1130 5506 nonnihil
1180 5454 1387 5523 gavisus
1416 5465 1517 5519 est,
1560 5456 1679 5510 mit-

60 5555 279 5615 tensque
329 5542 409 5598 ad
459 5541 754 5615 Luciferum
806 5544 1082 5600 diaconum
1134 5561 1283 5599 suum
1336 5544 1679 5619 Eutychetem

61 5639 268 5695 litteras
316 5635 495 5704 dedit,
541 5651 683 5707 quas
731 5637 819 5694 hic
850 5637 1029 5693 editas
1072 5638 1241 5694 habes
1286 5651 1408 5709 post
1441 5641 1682 5700 Luciferi

61 5735 248 5790 libros.
290 5728 745 5788 Montfauconius
762 5747 855 5789 eas
876 5733 1019 5789 inter
1047 5732 1331 5788 Athanasii
1363 5748 1529 5806 opera
1554 5737 1680 5792 vul-

59 5829 224 5900 gavit,
258 5827 530 5882 incertum
569 5839 678 5879 esse
721 5826 990 5893 scribens,
1025 5844 1093 5881 an
1136 5826 1318 5881 Latine
1358 5830 1588 5899 scripta,
1629 5840 1681 5887 ct

60 5934 234 5991 postea
256 5920 325 5972 ub
351 5917 538 5986 aliquo
555 5915 610 5971 in
639 5913 881 5972 Graecum
903 5919 1310 5988 translatiused
1339 5923 1550 5977 nullum
1579 5924 1675 5979 ba-

63 6029 177 6070 rum
196 6020 470 6084 superest
486 6007 738 6067 (ira-cum
775 6012 1077 6087 exemplar,
1106 6024 1158 6071 et
1180 6014 1425 6072 secunda
1447 6018 1681 6091 cpistola

1796 3515 1881 3555 tur
1906 3505 2152 3558 ercuisse
2182 3512 2302 3572 post
2334 3502 2589 3571 scriptam
2620 3500 2857 3571 priorem
2885 3496 3170 3568 epistolam
3205 3512 3217 3547 :
3242 3509 3399 3549 cum-

1791 3612 1899 3666 que
1940 3597 1992 3650 iu
2026 3595 2257 3651 secunda
2291 3605 2629 3664 postremum
2672 3607 2890 3662 quoque
2920 3590 3150 3647 Luciferi
3194 3587 3393 3643 librum

1791 3706 1848 3742 se
1921 3687 2194 3758 accepisse
2268 3686 2452 3745 ditat.
2526 3684 2615 3753 qui
2672 3684 2909 3753 scriptus
2981 3682 3081 3737 fuit
3132 3695 3221 3734 an.
3287 3678 3398 3734 360

1788 3791 2045 3848 exeunte,
2088 3780 2169 3833 vel
2200 3780 2378 3850 potius
2410 3778 2565 3832 initio
2611 3793 2697 3830 an.
2731 3776 2860 3841 561,
2914 3774 2980 3830 ad
3027 3776 3170 3829 hunc
3215 3772 3393 3842 ipsum

1789 3889 1987 3926 annum
2015 3872 2181 3926 altera
2212 3872 2325 3925 haec
2360 3870 2590 3941 epistola
2620 3867 2845 3922 omnino
2870 3867 3032 3922 debet
3071 3864 3285 3920 referri.
3314 3861 3394 3920 De

1788 3965 2018 4035 epistula
2044 3974 2274 4034 utraque
2309 3963 2422 4017 haec
2447 3960 2711 4017 Baronius
2732 3960 2799 4013 ad
2827 3976 2915 4013 au.
2948 3959 3077 4025 356,
3110 3972 3261 4012 num.
3296 3955 3390 4011 75.

1789 4057 1891 4111 llis
1919 4057 2106 4126 primis
2134 4057 2360 4125 acceptis
2382 4054 2589 4119 litteris,
2612 4052 2878 4122 exemplar
2900 4051 3130 4103 omnium
3150 4049 3395 4118 scriptio-

1790 4166 1935 4215 nunt,
1967 4165 2095 4219 quas
2139 4149 2208 4202 ad
2253 4148 2614 4202 Constantium
2645 4144 2879 4209 dederat,
2933 4142 3147 4196 libenter
3175 4138 3394 4196 Lucifer

1784 4241 2073 4311 impertitus
2120 4250 2195 4293 est
2225 4238 2526 4295 Athanasio
2555 4254 2570 4292 :
2595 4254 2720 4307 quas
2762 4253 2879 4290 cum
2921 4234 3237 4288 Athanasius
3278 4248 3391 4285 nta—

1786 4352 1887 4406 gtm
1913 4334 2073 4388 animi
2123 4333 2466 4387 admiratione
2502 4343 2655 4401 atque
2683 4330 2863 4383 laetitia
2893 4328 3198 4398 perlegisset
3219 4369 3233 4391 ,
3258 4327 3393 4382 alias

1786 4431 1854 4481 ad
1882 4428 2119 4482 eumdem
2148 4428 2345 4481 litteras
2385 4425 2522 4477 misit
2549 4466 2562 4487 ,
2591 4422 2777 4492 quibus
2803 4431 2850 4477 et
2878 4438 2982 4492 quo
3008 4429 3143 4475 statu
3172 4435 3255 4474 res
3283 4433 3393 4474 sua

1785 4530 1974 4587 essent,
1992 4519 2220 4575 reddidit
2244 4520 2533 4583 certiorem,
2551 4532 2729 4588 nempe
2744 4516 2807 4570 de
2818 4515 3141 4587 grassatioue
3171 4515 3310 4584 facta
3337 4513 3392 4566 in

1783 4623 1988 4668 sanctos
2008 4614 2288 4667 monachos
2310 4612 2363 4667 in
2392 4612 2569 4666 odium
2592 4610 2864 4665 Athanasii
2890 4650 2905 4671 ,
2926 4608 3075 4678 quasi
3104 4609 3273 4679 ipsum
3305 4622 3388 4661 re-

1784 4708 2033 4779 cepissent
2064 4714 2112 4760 ct
2137 4705 2525 4770 occultassent;
2553 4704 2716 4772 deque
2752 4704 2878 4775 fuga
2924 4702 3111 4756 iterum
3163 4700 3227 4754 ab
3276 4701 3391 4764 ipso

1785 4810 2009 4871 captata,
2040 4809 2090 4853 et
2131 4800 2185 4853 in
2224 4796 2593 4854 occultioribus
2627 4794 2839 4850 latebris
2878 4795 3100 4864 quaesito
3147 4794 3393 4865 perfugio

1786 4894 1910 4966 (An.
1936 4894 2059 4948 circ.
2089 4894 2241 4963 36l).
2273 4891 2539 4947 Antonius
2568 4889 2719 4945 Felix
2750 4888 3061 4944 Mattbteius
3107 4889 3161 4944 in
3195 4887 3387 4942 Sordi-

1783 4990 1873 5043 nia
1918 4988 2086 5045 Sacra
2141 5003 2259 5057 pag.
2288 4986 2359 5041 72
2413 4983 2633 5042 videtur
2671 4986 2724 5039 itt
2773 4985 2873 5041 hac
2915 4998 3038 5039 esse
3085 4982 3387 5051 sententia,

1780 5082 1927 5151 quod
1959 5080 2181 5137 Litterm
2227 5077 2508 5134 Athanasii
2536 5079 2603 5133 ad
2644 5078 2957 5134 Luciferum
3007 5077 3227 5147 scripta:
3274 5078 3391 5132 fue-

1782 5176 1893 5231 rint
1938 5177 2120 5230 statim
2173 5182 2297 5243 post
2327 5173 2504 5229 editos
2535 5173 2605 5228 ab
2642 5173 2759 5241 ipso
2792 5169 3046 5227 Lucifero
3075 5170 3245 5228 libros
3285 5184 3387 5241 pro

1786 5269 2111 5331 Athanasio,
2143 5281 2351 5337 eosque
2396 5268 2635 5321 al‘lirmat
2662 5264 3025 5323 Germauirim
3046 5264 3382 5336 compositos

1787 5363 1951 5417 fuisse
1982 5380 1994 5415 :
2019 5360 2363 5416 ﬂermanicite
2397 5361 2619 5416 existens
2663 5360 2794 5414 duos
2820 5376 2914 5432 pro
2939 5357 3228 5414 Athanasio
3254 5358 3385 5413 scri-

1787 5456 1887 5525 psit
1954 5455 2111 5509 libros
2137 5494 2151 5518 ,
2202 5469 2387 5524 eosque
2438 5452 2625 5507 obtulit
2677 5450 2987 5521 Imperatori
3033 5450 3381 5519 Constantio,

1786 5563 1935 5617 quem
1962 5546 2016 5600 in
2041 5543 2221 5598 iisdem
2244 5545 2509 5599 acerrimis
2533 5543 2700 5597 verbis
2720 5541 3070 5612 reprehendit.
3104 5540 3173 5597 Id
3203 5552 3258 5596 ut
3293 5544 3380 5597 in-

1784 5641 1981 5696 tellexit
2016 5642 2125 5711 ipse
2150 5638 2469 5694 Athanasius
2486 5679 2500 5704 ,
2524 5635 2772 5708 Lucifero
2800 5638 2999 5693 litteras
3038 5638 3180 5691 dedit
3206 5636 3377 5707 pluri-

1782 5732 1875 5787 bus
1904 5748 2113 5805 rogans,
2140 5740 2198 5785 ut
2225 5732 2521 5786 earumdem
2546 5730 2815 5800 exemplar
2842 5731 3187 5785 transmittere
3211 5731 3379 5787 uellet.

1782 5829 1985 5886 Morem
2014 5829 2171 5905 gessit
2222 5827 2456 5900 Lucifer,
2483 5836 2637 5898 atque
2667 5829 2765 5882 hoc
2788 5835 2938 5899 pacto
2983 5825 3054 5881 ad
3094 5827 3375 5882 amicitiam

1782 5927 2007 5996 peruenit
2060 5926 2351 5981 Athanasii.
2382 5922 2484 5981 Sed
2536 5933 2791 5980 neutrum
2827 5936 3013 5978 verum
3046 5936 3168 5981 esse
3226 5923 3387 5982 facile

1783 6029 2003 6080 constat
2021 6037 2091 6079 ex
2111 6022 2177 6079 iis
2208 6036 2331 6094 qua:
2358 6019 2509 6077 dicta
2538 6028 2707 6087 sunt;
2738 6017 3040 6091 praesertim
3077 6031 3201 6076 eum
3234 6016 3401 6079 Luci-
