4292 6452
861 416 969 474 755

1875 410 2175 470 LUCIFER
2219 410 2598 471 EPISCOPUS
2635 411 3146 472 CALARITANUS.

4062 419 4158 475 736

863 533 946 589 fer
974 543 1083 586 non
1115 529 1256 586 duos
1288 531 1463 586 solum
1494 544 1594 603 pro
1623 530 1921 586 Athanasio
1954 532 2153 596 libros,
2179 530 2274 586 sed
2297 573 2310 596 ,
2344 544 2481 602 quos
2508 542 2562 604 Α
2588 533 2730 589 viter
2798 548 2965 602 porro
3039 532 3263 589 ferenda
3331 542 3414 589 est
3471 535 3846 592 Athanasiana:
3907 539 4159 595 versionis

864 627 1192 696 scripserat,
1219 640 1410 681 omnes
1441 626 1506 680 ad
1532 627 1706 696 ipsum
1736 627 1979 691 miserit;
2012 628 2154 698 iique
2185 641 2376 682 omnes
2419 629 2471 682 in

864 718 1113 775 Griecum
1164 733 1473 775 sermonem
1521 719 1778 775 conversi
1827 720 2045 775 fuerint.
2077 718 2188 775 Nec
2236 720 2304 775 de
2345 719 2475 774 Am-

863 811 1035 868 brosii
1078 810 1312 868 Maeliini
1366 812 1776 883 Arcbiepiscopi
1818 813 2114 868 Calaritani
2166 814 2476 868 testimonio

863 918 1054 960 sumus
1083 905 1338 972 solliciti;
1369 907 1414 960 is
1444 907 1588 962 enim
1611 908 1662 960 in
1698 905 1913 978 Defens.
1948 907 2172 962 Sanctit.
2199 905 2264 960 Β.
2296 906 2473 976 Lucif.

867 1013 991 1070 cap.
1029 1000 1084 1066 7,
1111 998 1166 1064 8,
1197 998 1254 1064 9,
1291 997 1358 1054 10
1411 1009 1466 1055 et
1513 999 1603 1066 li,
1658 1001 1746 1056 ubi
1789 1000 1859 1056 de
1916 1000 2068 1056 libris
2123 999 2480 1055 Luciferianis

868 1107 1054 1150 sermo
1106 1103 1210 1158 est,
1269 1092 1563 1150 Baronium
1609 1097 1916 1161 exscribit,
1970 1097 2088 1166 ejus
2150 1096 2478 1151 sententiam

870 1196 1146 1252 sectatus;
1179 1201 1369 1242 verum
1423 1198 1478 1242 et
1523 1188 1592 1242 ab
1637 1189 1730 1242 illo
1772 1198 1827 1243 et
1880 1203 1910 1241 a
1969 1189 2126 1243 nobis
2183 1188 2477 1252 dissentit,

870 1292 995 1334 cum
1052 1279 1128 1334 ait
1183 1294 1301 1350 cap.
1341 1278 1426 1347 12,
1489 1280 1688 1334 librum
1722 1280 1785 1335 de
1827 1297 1928 1335 non
1976 1281 2325 1335 conveniendo
2367 1296 2482 1333 cum

872 1377 1054 1432 liceret.
1115 1376 1383 1449 scriptum
1429 1377 1598 1434 fuisse
1650 1379 1776 1431 circ.
1827 1395 1917 1432 an.
1975 1376 2034 1430 C.
2077 1377 2224 1442 560;
2283 1377 2483 1447 quippe

873 1482 986 1528 tum
1030 1472 1212 1526 Ariani
1263 1489 1463 1526 summa
1535 1489 1706 1526 rerum
1739 1474 2026 1542 potirentur
2053 1514 2067 1537 ,
2115 1482 2170 1526 et
2217 1469 2484 1526 Catholici

872 1567 967 1619 sub
1018 1567 1226 1619 nomine
1284 1568 1425 1636 pacis
1479 1566 1792 1619 Arianorum
1847 1567 2108 1619 consortio
2149 1569 2257 1636 fere
2313 1581 2487 1618 omnes

871 1660 1269 1733 polluerentur;
1299 1659 1446 1732 quod
1488 1660 1708 1716 Lucifer
1739 1662 1974 1716 maxime
2005 1660 2149 1716 dolet
2185 1662 2238 1715 in
2285 1661 2387 1715 hoc
2425 1660 2488 1713 li-

875 1755 1012 1820 bro;
1044 1756 1281 1813 Luciferi
1309 1766 1489 1812 tamen
1519 1772 1718 1813 sensus
1744 1758 1920 1811 multo
1937 1756 2277 1812 commodius
2307 1755 2371 1810 ad
2395 1769 2489 1824 ge-

874 1859 958 1905 sta
992 1849 1417 1906 Mediolanensis
1443 1849 1676 1906 Coucilii
1721 1849 1916 1905 referri
1969 1859 2194 1919 possunt
2216 1891 2230 1914 ,
2264 1849 2341 1903 uti
2375 1864 2490 1903 mo-

2574 627 2811 698 jactura,
2840 641 2945 696 qua
2978 627 3181 682 misere
3207 625 3490 697 deperdita
3518 670 3531 693 ,
3563 638 3653 683 aut
3699 627 3871 684 adhuc
3917 631 3966 684 in
4013 641 4159 686 tene-

2581 721 2694 776 bris
2725 720 2956 776 fortasse
2982 721 3250 787 latitante,
3271 722 3732 792 promptissimum
3763 721 3827 778 ad
3851 724 4158 794 corrigenda

2580 815 2817 870 Luciferi
2850 830 3020 885 opera
3052 815 3348 871 subsidium
3389 814 3545 871 nobis
3584 816 3851 872 sublatum
3896 831 4011 873 esse
4045 817 4162 887 jure

2582 909 2854 965 dolemus.

2656 1003 2775 1056 Alia
2802 1003 3050 1072 quaedam
3081 1001 3298 1071 scripsit
3325 1000 3540 1057 Lucifer
3567 1043 3580 1066 ,
3613 1016 3732 1072 quae
3767 1011 4023 1057 vetustate
4054 1002 4163 1071 ipsa

2586 1096 2871 1167 absmupta
2903 1106 3048 1151 sunt.
3107 1095 3312 1152 lndicat
3341 1096 3744 1166 Papebrocliius
3775 1099 3825 1151 in
3855 1112 3970 1166 cap.
4003 1097 4025 1151 l
4057 1097 4165 1166 epi-

2584 1193 2778 1247 stolam
2812 1207 2840 1246 a
2876 1191 3124 1247 Lucifero
3154 1193 3372 1246 missam
3405 1193 3471 1245 ad
3504 1193 3836 1259 Catliulicos,
3873 1193 3960 1264 qui
3989 1193 4037 1246 in
4067 1191 4164 1246 Ec-

2587 1287 2811 1341 clesiarn
2873 1285 3164 1340 Mediolani
3222 1297 3624 1349 convenerant,
3677 1286 3744 1340 de
3806 1301 3907 1356 qua
3965 1287 4012 1339 in
4050 1285 4162 1338 Vita

2588 1381 2645 1434 S.
2681 1379 2925 1451 Dionysii
2971 1381 3223 1449 Episcopi
3259 1379 3714 1434 Mediolauensis:
3752 1378 3908 1432 Missa
3939 1377 4162 1448 Epistola

2590 1484 2661 1528 est
2693 1491 2723 1525 a
2754 1473 2998 1543 Lucifera
3029 1474 3300 1528 Catholica
3346 1474 3601 1543 Episcopo
3622 1515 3636 1536 ,
3683 1483 3736 1527 et
3768 1473 4163 1528 Mediolauensis

2589 1568 2818 1622 Concilii
2845 1568 3081 1623 Prmsitle
3113 1567 3389 1638 pontificio
3417 1568 3652 1630 nomine,
3670 1583 3730 1620 ea:
3757 1566 3976 1630 Palatio,
3997 1565 4075 1619 ubi
4099 1577 4162 1618 te-

2592 1661 2806 1716 nebatur
2830 1679 2860 1713 a
2883 1659 3039 1733 Rege,
3062 1660 3411 1732 Dionysioque
3431 1669 3476 1713 et
3507 1659 3726 1713 Eusebio
3751 1669 3997 1730 porrecta,
4021 1673 4164 1725 quant

2594 1755 2735 1824 plebs
2761 1765 2813 1808 ut
2840 1754 2935 1806 sibi
2962 1754 3213 1825 legeretur
3240 1755 3500 1825 postulare
3520 1755 3687 1822 erepit.
3722 1753 3785 1805 Et
3813 1766 3927 1819 cap.
3947 1751 3977 1803 4
4001 1750 4167 1803 innuit

2596 1845 2980 1915 Professionem
3014 1844 3166 1900 Fidei
3193 1861 3221 1899 a
3252 1845 3500 1900 Lucifero
3529 1847 3726 1898 editam
3757 1858 3858 1897 una
3881 1857 3996 1896 cum
4023 1841 4166 1894 libris

877 1943 1100 1998 nuimus
1132 1959 1143 1996 :
1173 1951 1229 1998 et
1273 1944 1402 2014 quid
1451 1946 1593 2014 pacis
1614 1985 1629 2010 ,
1655 1943 1782 2015 quid
1815 1944 1973 1997 edicti
2024 1944 2243 1999 nomine
2288 1942 2488 1998 ibidem
2523 1950 2569 2010 Β
2598 1955 2696 2010 pro
2717 1941 2774 1997 S.
2802 1937 4167 2006 Athanasio,etCoustantiodelatam;quodahsque

878 2034 1171 2106 intelligat,
1205 2037 1341 2091 satis
1368 2046 1423 2092 et
1471 2039 1522 2092 iu
1554 2037 1678 2093 Vita
1706 2036 1947 2094 Luciferi
1974 2078 1989 2104 ,
2022 2047 2080 2093 et
2108 2040 2159 2092 in
2190 2038 2492 2092 notationi-

877 2129 983 2186 bus
1012 2133 1222 2186 nostris
1251 2134 1631 2188 tliSseruiinus.
1667 2134 1812 2188 Idem
1861 2132 2143 2187 Machinus
2185 2143 2492 2202 postremos

877 2223 1118 2278 collocat
1139 2225 1281 2279 inter
1312 2224 1548 2281 Luciferi
1576 2241 1742 2296 opera
1769 2226 2006 2291 librum,
2035 2227 2120 2280 cui
2154 2227 2342 2280 titulus
2375 2224 2494 2279 Mo-

879 2317 1123 2370 riendum
1177 2333 1287 2380 esse
1314 2334 1407 2388 pro
1432 2317 1574 2372 Filio
1619 2315 1750 2383 Dei,
1781 2328 1838 2374 et
1867 2317 2102 2373 alterum
2134 2319 2198 2372 de
2227 2335 2329 2372 non
2375 2336 2495 2389 par-

877 2409 1042 2463 cendo
1067 2410 1121 2462 in
1153 2409 1318 2462 Deum
1349 2411 1796 2479 delinquentibus;
1829 2410 1970 2465 hunc
2004 2410 2081 2464 illi
2113 2410 2309 2465 ordine
2352 2420 2497 2479 post-

883 2503 1059 2572 ponit,
1106 2503 1250 2571 quod
1301 2503 1493 2557 falsum
1524 2514 1638 2567 CSl;
1691 2514 1985 2573 utrumque
2040 2520 2127 2558 an.
2180 2504 2286 2560 560
2327 2503 2499 2572 affigit

880 2607 1007 2663 cap.
1044 2595 1110 2647 10
1138 2604 1195 2648 et
1230 2593 1329 2658 12,
1366 2595 1511 2665 quod
1559 2612 1749 2653 verum
1797 2596 2022 2651 omnino
2070 2605 2153 2651 est
2198 2597 2265 2651 de
2296 2597 2492 2664 altera,

881 2688 1110 2756 prapius
1145 2701 1279 2742 vero
1308 2687 1376 2742 de
1404 2690 1600 2759 primo.
1627 2690 1824 2758 Quanti
1855 2705 2022 2761 porro
2052 2689 2288 2745 Luciferi
2328 2691 2498 2746 libros

882 2784 1080 2838 fecerit
1118 2785 1470 2850 Athanasius,
1526 2803 1594 2840 cx
1644 2785 1836 2841 eadem
1879 2786 2111 2855 epistola
2155 2796 2498 2855 compertum

881 2888 988 2942 est,
1019 2879 1109 2947 qui
1144 2888 1404 2946 praeterea
1435 2880 1486 2932 in
1511 2879 1764 2934 Grrccum
1799 2894 2110 2934 sermonem
2135 2880 2257 2934 illos
2274 2895 2502 2935 convero

883 2971 967 3039 tit,
1002 2987 1110 3040 quo
1142 2972 1515 3027 Orientalibus
1545 2973 1799 3028 omnibus
1842 2983 2030 3026 esseut
2074 2973 2498 3036 communiores,

881 3066 956 3119 uti
991 3076 1259 3120 testantur
1283 3065 1630 3121 Marcellinus
1657 3078 1711 3122 et
1740 3066 2030 3121 FauStiuus
2059 3067 2112 3121 iu
2145 3067 2238 3121 lib.
2270 3067 2498 3121 Precum

881 3160 950 3212 ad
985 3160 1372 3229 Imperatores,
1405 3176 1640 3230 quorum
1669 3161 1737 3214 de
1768 3159 2003 3215 Lumferi
2050 3160 2204 3214 libris
2251 3161 2502 3214 testimo-

885 3255 1036 3308 nium
1087 3253 1174 3308 hic
1213 3255 1366 3322 juvat
1413 3256 1685 3325 integrum
1730 3256 2046 3310 exscribere
2079 3273 2091 3307 :
2125 3252 2314 3308 Dicant
2345 3271 2496 3320 nunc,

881 3348 1006 3417 quid
1037 3345 1253 3416 Lucifer
1277 3365 1460 3401 norum
1491 3350 1748 3414 docuerit,
1780 3351 1920 3418 quod
1952 3365 2053 3401 non
2083 3365 2145 3401 ea:
2172 3347 2370 3401 Christi
2389 3365 2499 3400 ma-
2529 3353 2574 3416 C

878 3442 1088 3513 gisterio
1116 3441 1364 3494 traditum
1397 3452 1491 3506 est,
1516 3443 1657 3511 quod
1695 3459 1800 3496 non
1827 3444 1889 3496 ab
1924 3443 2184 3512 Apastolis
2223 3443 2498 3510 discipulis

884 3535 1178 3589 Saluatoris
1209 3536 1571 3588 transmissum
1601 3545 1671 3589 est
1704 3538 1756 3587 in
1785 3545 2035 3605 posteros.
2077 3533 2140 3587 Et
2173 3535 2334 3600 bene,
2360 3535 2499 3603 quod

876 3628 1041 3682 libros
1071 3628 1280 3695 scripsit
1304 3629 1372 3681 ad
1396 3626 1776 3692 Constantium,
1812 3646 1914 3683 non
1943 3638 1998 3682 ut
2022 3630 2249 3698 plerique
2279 3627 2502 3698 gloriam

879 3731 1106 3791 captans
1128 3721 1346 3793 ingenii,
1377 3721 1467 3776 sed
1495 3722 1673 3775 diuina
1704 3725 1997 3777 testimonia
2028 3723 2294 3790 aptissime
2316 3738 2502 3795 conge-

876 3830 999 3868 rens
1020 3823 1199 3868 contra
1229 3813 1519 3881 hereticos,
1552 3824 1600 3869 et
1622 3825 1803 3870 contra
1832 3820 2000 3886 ipsum
2027 3830 2301 3888 patronum
2334 3821 2499 3873 lucre-

875 3910 1120 3973 ticarunt,
1150 3909 1219 3961 ad
1248 3906 1474 3962 divinam
1501 3911 1885 3964 aemulationem
1918 3928 2013 3974 pro
2043 3913 2169 3967 Filii
2202 3913 2299 3968 Dei
2328 3932 2502 3968 amore

879 4019 1182 4057 succensus.
1216 4001 1476 4058 Denotent
1506 4007 1632 4074 quid
1661 4005 1771 4059 illic
1799 4007 2118 4059 contrarium
2169 4006 2460 4076 Scripturis
2488 4051 2500 4071 ,

875 4102 1003 4171 quid
1036 4119 1222 4155 novum
1252 4103 1400 4172 quasi
1444 4103 1718 4156 hereticus
1751 4104 1978 4171 scripsit.
2018 4102 2160 4170 Quos
2197 4102 2404 4170 quidem
2438 4104 2503 4154 li-

880 4198 1024 4260 bras,
1065 4213 1182 4249 cum
1229 4214 1322 4266 per
1367 4201 1540 4250 omnia
1583 4215 1645 4252 ea:
1685 4199 1887 4268 integro
1935 4209 2132 4268 ageret,
2180 4200 2411 4268 suspexit
2458 4208 2504 4250 et

878 4292 1200 4346 Athanasius
1275 4300 1330 4345 ut
1408 4295 1513 4345 veri
1585 4293 1847 4354 vindices,
1919 4305 2069 4363 atque
2139 4295 2194 4346 in
2264 4293 2504 4347 Gra’cnm

881 4385 1078 4456 stylum
1119 4387 1411 4454 transtulit,
1457 4403 1520 4441 ne
1571 4396 1771 4440 tantum
1804 4387 1923 4440 boni
1955 4386 2137 4442 Graeca
2185 4388 2363 4459 lingua
2403 4404 2506 4443 non

880 4478 1110 4532 haberet.
1141 4477 1336 4532 Parum
1374 4491 1480 4544 est,
1513 4484 1638 4550 quin
1677 4481 1833 4534 etiam
1879 4480 2110 4551 prapriis
2154 4481 2340 4534 litteris
2370 4481 2508 4535 idem

883 4573 1211 4628 Athanasius
1239 4575 1446 4628 eosdem
1473 4576 1632 4630 libros
1663 4577 1916 4646 praedicat
1947 4587 2002 4629 ut
2043 4575 2434 4646 Pmphetarum
2463 4588 2509 4630 et

885 4667 1350 4739 Euangelistarum
1397 4681 1550 4739 atque
1600 4671 1976 4740 Apostolorum
2025 4671 2281 4725 doctrinis
2327 4681 2374 4724 et
2422 4673 2509 4742 pia

2598 2036 2708 2089 ullo
2751 2043 2974 2088 auctore
3008 2032 3278 2100 affirmat,
3316 2047 3415 2088 nec
3444 2049 3507 2087 ex
3540 2030 3774 2087 Luciferi
3808 2030 3955 2085 libris
3985 2037 4035 2084 et
4062 2030 4168 2097 epi-

2595 2130 2732 2184 stola
2765 2128 2829 2183 ad
2863 2128 3199 2183 Florentium
3248 2128 3538 2198 quidquam
3591 2125 4034 2196 deprehendimus
4077 2135 4168 2190 pro

2599 2223 2964 2278 l’abebrocliii
2995 2221 3270 2292 opinione,
3295 2236 3418 2276 cum
3445 2220 3656 2275 Lucifer
3689 2219 3738 2273 id
3785 2218 4019 2288 profecto
4068 2229 4166 2268 non

2599 2319 2860 2380 siluisset,
2908 2333 3082 2388 neque
3112 2331 3248 2386 opus
3277 2316 3455 2371 eidem
3480 2316 3664 2368 fuisset
3691 2312 3952 2367 Niezcuam
3996 2309 4170 2364 Fidem

2604 2429 2702 2483 pro
2735 2429 2848 2467 sum
2874 2413 3381 2468 Fitleicoufessione
3403 2410 3723 2467 Constantio
3749 2409 3999 2463 exhibere
4019 2407 4064 2460 in
4082 2408 4168 2461 lib.

2603 2509 2665 2561 de
2683 2527 2783 2561 non
2801 2525 2947 2576 pare.
2973 2509 3024 2560 in
3045 2507 3205 2560 Deum
3219 2507 3322 2561 del.
3343 2507 3512 2576 p.205
3539 2507 3642 2576 (hic
3660 2506 3756 2559 col.
3782 2504 3926 2574 973).
3947 2504 4125 2558 Plures
4146 2519 4172 2557 a

2601 2614 2660 2655 se
2689 2601 2899 2656 litteras
2928 2601 3159 2669 scriptas
3191 2609 3460 2654 memorat
3479 2597 3882 2669 ipsel.uciferin
3912 2596 4173 2652 eod.libro

2606 2709 2658 2764 p.
2683 2693 2792 2747 212
2825 2695 2930 2763 (hic
2953 2694 3054 2750 col.
3079 2692 3178 2748 981
3213 2712 3224 2745 :
3260 2691 3489 2746 Probant
3519 2691 3748 2760 epistolte
3776 2706 3896 2744 inca:
3922 2690 4176 2742 mediocri-

2607 2789 2745 2849 tatis,
2775 2797 2822 2840 ct
2858 2788 2972 2840 libri
3001 2789 3194 2840 rustico
3221 2788 3341 2840 licet
3379 2801 3610 2840 sermone
3646 2785 3920 2854 descripti,
3951 2801 4026 2836 me
4052 2799 4178 2850 sirpe

2606 2883 2821 2942 dixisse,
2853 2881 2995 2951 quod
3047 2889 3255 2947 peccata
3309 2879 3516 2947 quidem
3574 2881 3784 2948 fecerint
3837 2887 4021 2940 nostra,
4052 2887 4101 2927 ut
4132 2878 4176 2926 in

2606 2985 2720 3028 tuas
2744 2975 3045 3028 Antichristi
3066 2974 3402 3043 precem-saris
3421 2974 3702 3025 veniremus
3722 2987 3900 3024 manus
3916 2980 3994 3034 ;et
4015 2970 4147 3022 Atha
4161 2998 4178 3007 -

2607 3070 2795 3123 nasius
2821 3068 2871 3121 in
2902 3067 3072 3121 altera
3097 3066 3162 3120 ad
3190 3065 3340 3118 illum
3365 3064 3595 3134 epistola
3627 3078 3683 3117 se
3711 3063 3825 3132 ejus
3847 3063 4044 3115 litteras
4064 3074 4177 3113 cum

2609 3160 2873 3214 libratum
2916 3159 3104 3214 codice
3140 3159 3332 3214 scribit
3361 3156 3657 3226 accepisse.
3691 3156 3763 3210 De
3793 3153 4017 3209 Luciferi
4054 3154 4180 3207 scri-

2610 3255 2717 3324 ptis
2749 3262 3016 3323 prmterea
3047 3251 3202 3306 nihil.

2683 3348 2810 3417 [Ejus
2840 3349 2891 3401 in
2916 3344 3204 3400 scribendo
3233 3344 3404 3416 stylus
3427 3342 3650 3398 omnino
3671 3340 3818 3396 rudis
3843 3350 3896 3394 et
3921 3353 4049 3409 pene
4072 3339 4183 3392 bar-

2606 3442 2772 3496 barus
2801 3443 3052 3511 cuiquam
3097 3446 3245 3509 patet
3301 3437 3499 3507 legenti
3533 3453 3547 3500 ;
3586 3433 3726 3505 quod
3767 3434 3808 3486 is
3842 3433 3980 3487 ultro
4003 3431 4185 3484 fatetur

2606 3535 2788 3590 verbis
2845 3534 3004 3602 paulo
3049 3532 3297 3601 superius
3345 3529 3561 3592 allatis;
3613 3536 3666 3581 et
3696 3530 3747 3579 in
3788 3527 3880 3579 lib.
3931 3522 4064 3578 Mor.
4100 3539 4185 3588 pro

2609 3629 2749 3684 Filio
2783 3627 2877 3680 Dei
2922 3642 2976 3697 p.
3011 3626 3116 3681 247
3153 3625 3258 3695 (hic
3289 3621 3391 3676 col.
3420 3619 3580 3691 1017)
3607 3661 3623 3686 ,
3655 3619 3799 3672 Inter
3829 3619 3953 3680 ha'c,
3985 3617 4184 3677 scribit,

2607 3725 2824 3777 daturos
2852 3725 3075 3792 legentes
3100 3721 3298 3774 ueniam
3321 3718 3616 3787 conspicere
3647 3715 3814 3777 debes,
3853 3712 3984 3780 quod
4013 3714 4187 3778 facun-

2607 3821 2696 3872 dia
2729 3818 3003 3872 mediocris
3031 3816 3223 3886 ingenii
3252 3815 3469 3868 mei.....
3506 3811 3789 3865 describere
3818 3824 3916 3860 non
3951 3806 4189 3863 ualuerit;

2609 3926 2721 3968 tum
2755 3929 2806 3982 p.
2838 3911 2945 3966 258
2981 3911 3083 3980 (hic
3125 3909 3226 3963 col.
3260 3906 3420 3977 103:8)
3455 3924 3467 3960 :
3504 3904 3616 3960 Nos
3637 3921 3770 3967 vero,
3804 3903 3980 3971 quibus
4027 3902 4090 3952 ad
4121 3899 4190 3951 lo-

2608 4009 2869 4078 quendum
2894 4016 3076 4058 natura
3100 4002 3484 4073 sufﬁcit,a:lieni
3505 4001 3566 4052 ab
3590 3999 3726 4051 omni
3755 3997 3981 4056 scientia,
4009 4006 4052 4047 et
4082 3994 4190 4044 hinc

2607 4101 2766 4153 alieni
2795 4100 3104 4160 litterarum,
3139 4095 3206 4148 ad
3239 4111 3439 4148 omnem
3472 4093 3830 4147 destruendam
3863 4090 4087 4142 ltwresim
4115 4105 4191 4137 ia-

2610 4195 2938 4262 lemtts,quia
2958 4210 3035 4245 rcs
3061 4193 3175 4259 ipsa
3202 4207 3260 4243 ac
3275 4190 3464 4242 ueritas
3484 4187 3742 4255 loquitur;
3772 4198 3830 4237 ac
3851 4200 3956 4237 rur:
3977 4201 4057 4235 'un
4084 4183 4152 4234 ib.
4179 4197 4189 4230 :

2613 4292 2725 4347 Nos
2757 4307 2931 4345 sumus
2955 4299 3156 4341 tantunt
3180 4301 3358 4339 sacras
3389 4285 3602 4337 scientes
3625 4282 3837 4341 litteras,
3858 4289 4019 4331 noster
4041 4290 4193 4329 sermo

2608 4398 2685 4442 est
2714 4385 3033 4448 communis;
3061 4389 3240 4436 contra
3269 4388 3430 4433 vester
3450 4379 3657 4450 politus,
3689 4383 3914 4436 ornatus,
3944 4373 4027 4438 qui
4048 4371 4191 4423 etiam

2612 4481 2716 4534 diei
2758 4487 3019 4532 mereatur
3048 4477 3291 4530 disertus.
3321 4473 3455 4528 Illinc
3487 4472 3539 4525 in
3573 4469 3777 4525 Libello
3809 4467 4025 4521 Precum
4053 4465 4191 4535 igna-

2610 4593 2699 4630 rus
2732 4574 2930 4628 dicitur
2973 4571 3269 4640 artiﬁciosa:
3299 4567 3622 4634 eloquentitc.
3647 4564 3910 4618 Cancrum
3943 4558 4100 4612 Tilius
4142 4558 4187 4607 in

2617 4670 2835 4727 Prtefat.
2860 4669 2927 4723 ad
2962 4667 3118 4722 Pium
3152 4665 3190 4718 V
3219 4664 3535 4719 Pontificem
3569 4678 3580 4712 :
3615 4657 3904 4712 Communis
3925 4653 4069 4712 mihi,
4099 4653 4183 4712 ait,

881 4763 1206 4831 confessione
1233 4774 1514 4818 contextos.
1537 4763 1602 4818 Et
1631 4765 1862 4831 quamvis
1885 4765 2126 4835 plurimis
2156 4768 2207 4818 in
2241 4782 2356 4820 eum
2388 4767 2502 4819 lau-
2533 4758 2585 4819 Ι)
2610 4779 2760 4837 atque
2787 4765 2928 4818 illius
2949 4764 3117 4818 celatis
3149 4761 3347 4815 videtur
3387 4773 3551 4811 sermo
3586 4756 3779 4823 ipsius,
3811 4750 3934 4804 adeo
3963 4748 4097 4800 rudis
4120 4757 4189 4798 est

885 4855 1038 4908 dibus
1076 4855 1333 4927 erigatur,
1362 4865 1531 4909 tamen
1561 4872 1663 4910 non
1693 4866 1862 4926 tequut
1893 4858 1960 4910 ad
1992 4858 2164 4911 meriti
2209 4863 2320 4930 ejus
2361 4874 2500 4928 prcc-

884 4949 1127 5010 canium;
1155 4959 1201 5002 et
1230 4947 1440 5019 quidem
1479 4965 1595 5002 cum
1629 4950 1854 5018 amplius
1885 4950 2102 5004 laudare
2144 4967 2245 5004 non
2289 4962 2457 5019 posset
2484 4969 2501 5006 :

886 5044 961 5096 ita
988 5059 1160 5096 rerum
1188 5048 1304 5116 ejus
1333 5046 1767 5114 supereminentia
1809 5047 2003 5116 qutevis
2052 5047 2278 5100 laudans
2325 5047 2502 5119 lingua

889 5151 1187 5210 superatur.
1217 5142 1323 5196 Sed
1353 5141 1565 5212 Lucifer
1588 5185 1603 5210 ,
1632 5145 1850 5215 ignarus
1884 5144 2002 5199 licet
2047 5145 2350 5213 artiﬁciosa:
2392 5147 2501 5200 elo-

886 5234 1132 5302 quentia},
1169 5245 1336 5289 tamen
1369 5249 1421 5291 ut
1461 5241 1759 5310 prophetico
1785 5250 1832 5293 et
1869 5241 2169 5310 evangelica
2199 5251 2350 5308 atque
2378 5257 2507 5308 apo-

886 5327 1070 5380 stolico
1104 5343 1245 5381 more
1272 5329 1553 5394 scriberet,
1592 5333 1729 5401 quod
1775 5349 1932 5401 super
1979 5350 2180 5388 onmem
2227 5333 2505 5389 humanum

891 5421 1232 5484 eloquentiam
1261 5433 1355 5486 est,
1389 5423 1566 5477 habuit
1603 5426 1824 5497 gratiam
1853 5427 2018 5480 sancti
2051 5427 2285 5496 Spiritus
2309 5443 2371 5481 ex
2396 5446 2504 5483 me-

887 5515 990 5568 rita
1046 5525 1199 5568 rectte
1248 5517 1368 5584 ﬁdei
1412 5528 1460 5570 et
1500 5519 1863 5573 sincerissima:
1915 5522 2243 5575 conscientia?
2291 5520 2506 5591 (erca

892 5609 1056 5662 uersio
1083 5608 1338 5662 librorum
1368 5609 1660 5682 Luciferi).
1698 5612 1825 5667 "(PC
1855 5612 1968 5675 illi,
2003 5614 2128 5667 alibi
2156 5612 2364 5682 quidem
2411 5617 2508 5668 mi-

893 5710 1031 5761 nime
1071 5709 1358 5778 probandi,
1396 5707 1676 5778 Subjungit
1721 5708 2134 5777 Papebrocltius
2167 5723 2291 5778 cap.
2326 5707 2362 5762 2
2395 5709 2500 5765 Vit.

894 5800 1092 5865 Lucif.,
1129 5802 1179 5855 in
1208 5817 1265 5856 eo
1288 5811 1457 5856 tamen
1487 5802 1541 5854 in
1563 5816 1663 5871 quo
1695 5800 1997 5871 Luciferum
2029 5803 2287 5865 laudant,
2319 5820 2512 5872 nequa-

895 5913 1053 5968 quam
1098 5898 1494 5962 contemnendi,
1560 5895 1686 5950 dum
1739 5894 2118 5967 suﬂ'ragantem
2172 5896 2270 5950 sibi
2325 5897 2514 5954 habent

914 5991 1288 6054 Athanasium,
1348 5993 1506 6046 immo
1564 6001 1720 6045 totam
1771 5988 1962 6045 Christi
2024 5991 2325 6046 Ecclesium.
2378 5991 2515 6046 Gra-

2611 4869 2662 4916 et
2702 4862 2990 4930 incomptus
3010 4901 3022 4923 ,
3048 4873 3201 4928 quem
3228 4857 3439 4926 ipsemet
3467 4853 3623 4906 etiam
3666 4849 3910 4902 rusticum
3940 4853 4105 4905 uocat;
4143 4851 4189 4891 at

2610 4957 2698 5025 qui
2753 4955 3027 5024 diligenter
3069 4951 3419 5021 perpenderit,
3460 4965 3572 5002 eum
3612 4961 3808 5016 gravem
3855 4953 3898 4995 et
3946 4938 4189 4993 sententiis

2612 5051 2877 5120 refertum,
2904 5049 3103 5118 virique
3133 5046 3338 5117 ingenia
3367 5044 3579 5098 calentis
3611 5041 3823 5095 inveniet
3845 5045 3923 5090 :et
3952 5035 3998 5087 la
4027 5029 4186 5085 Cerda

2612 5161 2733 5214 cap.
2769 5146 2857 5210 57,
2886 5141 3198 5199 Luciferum
3227 5150 3476 5204 excusat,
3508 5139 3707 5209 quippe
3753 5130 4017 5201 religionis
4047 5127 4188 5181 abre-

2613 5248 2734 5308 ptus
2791 5238 3014 5300 ardore,
3069 5247 3123 5291 et
3179 5237 3320 5289 inter
3377 5233 3594 5288 Grzecos
3654 5238 4019 5286 commorans,
4074 5234 4185 5274 cum

2611 5351 2740 5393 suos
2795 5334 3060 5390 scriberet
3106 5331 3299 5392 libros,
3333 5327 3448 5384 fere
3507 5327 3711 5382 invitus
3757 5321 3914 5376 multa
3979 5327 4184 5385 expres-

2609 5431 2746 5486 serit
2789 5427 3081 5497 negligenti
3133 5425 3360 5488 calamo,
3409 5431 3464 5478 et
3503 5421 3744 5477 Grmcam
3791 5416 4068 5471 dictionem
4116 5424 4189 5463 se-

2611 5537 2770 5582 cutus
2797 5523 2981 5589 fuerit,
3009 5532 3068 5577 ut
3096 5523 3149 5577 in
3175 5521 3316 5576 natis
3339 5518 3535 5574 alicubi
3558 5531 3678 5569 cum
3704 5512 3838 5567 Tilio
3860 5507 4144 5565 monuimus
4173 5521 4184 5554 :

2625 5620 2841 5675 Videtur
2882 5619 2933 5672 in
2989 5619 3163 5672 multis
3217 5615 3523 5670 latinitatem
3563 5610 3866 5684 neglexisse,
3916 5614 3960 5657 et
4010 5610 4186 5656 sctum:

2619 5713 2829 5770 Grtccos
2875 5713 3004 5768 adeo
3032 5713 3142 5768 zelo
3197 5708 3448 5777 efferbuit,
3499 5716 3554 5761 ut
3583 5706 3740 5759 multa
3782 5701 3912 5754 velut
3956 5696 4014 5750 ab
4050 5693 4186 5750 int-ito

2621 5809 2942 5877 efﬂuxerint.
