4292 6458
126 449 209 503 737
1472 445 1793 505 LUCIFI‘IRI
1844 448 2023 505 VITA.
3301 450 3407 508 758

581 674 1140 761 LUCIFERI
1217 674 1747 759 EPISCOPI
1826 672 2533 759 CALABITANI
2608 674 2919 759 VITA.

1730 935 1783 996 Α
1810 928 2031 982 Arelate
2060 926 2113 982 in
2146 926 2336 983 Galliis
2358 927 2468 997 jam
2498 924 2717 984 devicto
2739 927 3042 999 Magnentio
3063 929 3409 997 constiterat,

1810 1036 1840 1074 a
1880 1020 2126 1084 Valente,
2154 1020 2387 1090 aliisque
2435 1021 2650 1075 Arianis
2693 1020 2982 1094 Episcopis
3028 1023 3313 1096 comitatus
3360 1032 3415 1079 et

1810 1114 2239 1170 circumventus.
2266 1112 2348 1168 Ad
2380 1114 2769 1171 eutnLiberius
2790 1118 3072 1185 superiore
3099 1130 3241 1171 anno
3271 1116 3416 1187 lega-

856 934 962 1005 δι.

184 1116 413 1175 Calarim
439 1126 464 1155 ι
494 1116 759 1173 Sardinia:
792 1116 1095 1187 principem
1130 1116 1320 1170 urbem
1354 1115 1579 1184 patriam
1613 1114 1707 1167 ha-

122 1214 293 1269 buisse
337 1209 686 1275 Luciferum,
722 1220 777 1265 et
822 1222 1075 1279 parentes
1126 1210 1369 1263 Romana
1418 1208 1627 1278 origine
1676 1222 1707 1262 c

122 1306 482 1362 Lucilerorum
532 1303 740 1359 familia
783 1310 811 1350 δ
843 1304 1129 1359 virtutibus
1158 1314 1211 1357 ct
1254 1303 1373 1357 fuso
1413 1317 1511 1371 pro
1546 1300 1704 1356 Chri-

124 1404 286 1457 stiana
319 1400 603 1473 Religione
632 1399 895 1471 sanguine
921 1400 1258 1455 clarissimos
1294 1398 1510 1467 scripsit
1549 1412 1709 1465 supe-

118 1499 237 1553 riori
270 1498 475 1553 saeculo
506 1495 813 1553 Methodius
850 1506 895 1548 ε.
946 1494 1040 1548 His
1088 1510 1253 1563 super
1287 1493 1349 1546 D.
1392 1490 1707 1546 Juvenalem

116 1589 483 1645 Calai-itanum
517 1588 829 1644 AntiStitem
864 1584 889 1624 ά
924 1603 1149 1657 puerum
1176 1585 1485 1641 Luciferum
1519 1600 1709 1655 paren-

118 1682 252 1737 tibus
292 1683 546 1737 orbatum
593 1681 985 1737 instituendum
1018 1682 1317 1749 accepisse,
1378 1691 1430 1734 et
1481 1680 1709 1734 Romam

114 1774 304 1830 deinde
339 1774 582 1829 firmiore
612 1783 769 1828 aetate
798 1772 1097 1843 profectum
1133 1773 1196 1825 D.
1233 1772 1466 1825 Eusebio
1488 1771 1710 1825 Vercel-

116 1870 244 1924 lcusi
275 1869 622 1939 postmodum
648 1868 889 1923 Pncsule
918 1878 1254 1937 prteccptore
1284 1882 1435 1920 usum
1458 1908 1470 1928 ,
1517 1867 1585 1921 ab
1623 1880 1715 1920 eo-

112 1978 213 2032 que
256 1978 415 2017 sacro
467 1963 614 2017 fonte
654 1960 871 2015 Christo
918 1971 1295 2029 regeneratum
1347 1959 1533 2023 fuisse,
1579 1968 1636 2013 et
1685 1976 1713 2013 a

116 2054 178 2108 D.
208 2056 480 2111 Silvestre
504 2056 663 2111 Rom.
695 2055 958 2110 Pontiﬁce
990 2055 1235 2109 Lectoris
1263 2052 1445 2108 oflicio
1476 2053 1716 2107 cohone-

112 2160 334 2217 statuin,
366 2150 551 2220 illique
570 2152 779 2213 Cncca,
807 2150 1103 2220 Latinaque
1128 2150 1307 2219 lingua
1335 2149 1715 2219 probatissimo

114 2259 309 2299 munus
340 2258 529 2299 sacras
558 2245 765 2299 litteras
788 2243 1184 2312 interpretandi
1212 2242 1615 2307 demandatum,
1652 2256 1715 2295 ac

1813 1212 2013 1265 tionem
2045 1212 2499 1281 instituerat,qua
2523 1226 2621 1282 per
2655 1210 2990 1267 Vincentium
3022 1220 3077 1267 et
3102 1209 3414 1267 Marcellum

1814 1303 2117 1373 Episcopus
2139 1315 2459 1374 speraverat
2475 1319 2533 1359 se
2556 1304 2802 1374 Angusto
2817 1319 3218 1375 persuasurum,
3237 1313 3295 1359 ut
3319 1320 3418 1375 pro

1813 1396 2094 1452 Athanasii
2143 1413 2305 1452 causa
2330 1441 2345 1461 ,
2374 1407 2430 1453 et
2457 1398 2522 1452 ad
2564 1397 2896 1455 refellendos
2918 1441 2932 1464 ,
2970 1398 3417 1470 damnandosque

1813 1490 2139 1546 Arianorum
2163 1506 2381 1546 errores
2408 1490 2671 1562 Aquileia:
2708 1490 3008 1548 Concilium
3044 1493 3215 1549 libere
3250 1507 3418 1564 coge-

1814 1593 1987 1637 retur.
2017 1583 2121 1638 Sed
2142 1598 2262 1639 cum
2288 1601 2375 1639 res
2404 1600 2508 1639 non
2544 1587 2801 1641 cessisset
2849 1602 2913 1643 ex
2963 1596 3087 1641 voto
3109 1629 3122 1652 ,
3169 1596 3223 1642 et
3268 1588 3423 1657 lapsu

1816 1676 2093 1731 Vincentii
2120 1676 2358 1747 Capuani
2396 1677 2653 1749 Episcopi
2683 1676 2707 1715 δ
2732 1679 2909 1735 omnia
2940 1696 3157 1750 pessum
3192 1680 3335 1736 irent
3366 1680 3419 1735 in

1815 1772 1957 1836 dics,
1987 1773 2223 1843 legatnnt
2254 1774 2421 1827 alium
2452 1773 2519 1827 ad
2550 1772 2928 1828 Constantium
2985 1774 3284 1829 destinavit
3326 1774 3418 1828 Li-

1818 1865 1999 1927 berius
2034 1881 2155 1920 cum
2190 1865 2476 1919 Pancratio
2506 1865 2518 1901 ί
2553 1866 2869 1937 presbytero
2907 1875 2963 1921 et
3001 1867 3213 1920 llilario
3252 1878 3264 1916 ι
3305 1865 3424 1921 dia-

1818 1972 1957 2012 cono
1986 1957 2296 2013 Luciferum
2330 1957 2699 2013 Calaritanum
2732 1958 3046 2014 Antistitetn
3079 1957 3265 2014 Roma:
3295 1967 3424 2015 tunc

1821 2052 2081 2121 temporis
2128 2051 2309 2106 divina
2358 2052 2439 2107 sic
2469 2051 2796 2122 disponente
2850 2052 3195 2123 providentia
3243 2050 3428 2108 diver-

1820 2156 2138 2207 santem,ut
2170 2146 2430 2202 Ecclesiae
2480 2148 2584 2201 sibi
2638 2147 2946 2203 commissae
2996 2149 3275 2218 negotium
3322 2148 3426 2203 ali-

1820 2240 1960 2311 quod
1991 2256 2229 2309 prmsens
2258 2242 2473 2297 facilius
2494 2241 2821 2298 absolveret.
2847 2242 3074 2298 ltomam
3099 2243 3424 2311 accessisse,

113 2338 328 2393 tandem
357 2378 371 2402 ,
415 2337 632 2391 sublato
661 2351 692 2391 e
725 2337 863 2389 vivis
896 2335 1185 2403 Protogeni
1227 2334 1538 2388 Calaritano
1590 2332 1717 2403 Epi-
1748 2346 1794 2405 Β
1823 2346 2087 2401 suumque
2116 2349 2333 2403 gregem
2363 2333 2674 2389 deseruisse
2708 2333 3019 2391 Luciferum
3049 2352 3076 2388 a
3116 2336 3226 2390 Deo
3268 2350 3428 2390 voca-

112 2447 277 2502 scopo
308 2441 357 2496 ο,
390 2446 419 2485 a
468 2428 612 2485 Julio
644 2428 805 2483 Rom.
852 2428 1008 2483 Pont.
1059 2430 1111 2481 itt
1154 2442 1217 2482 ea
1272 2427 1400 2481 sede
1458 2435 1578 2495 post
1623 2441 1713 2479 an.

111 2524 237 2579 Chr.
270 2524 379 2580 547
428 2522 708 2578 suffectum
737 2522 900 2575 fuisse
922 2522 1062 2575 idem
1093 2530 1282 2575 auctor
1306 2519 1498 2573 litteris
1534 2518 1717 2572 consi-

110 2619 319 2688 gnavit.
353 2617 555 2673 Verum
597 2615 903 2671 Methodins
930 2614 1260 2683 conjecturis
1288 2614 1509 2667 nimium
1541 2612 1719 2666 indul-

110 2729 244 2784 gens
276 2728 342 2767 ea
364 2711 436 2767 de
458 2710 711 2765 Lucifero
739 2709 995 2772 tradidit,
1024 2724 1143 2775 qum
1166 2750 1180 2773 ,
1219 2708 1266 2760 si
1303 2722 1453 2775 requa
1503 2706 1719 2761 critices

114 2804 268 2859 lance
294 2804 636 2875 pendantur,
674 2801 826 2855 nihili
858 2802 1097 2854 facienda
1136 2809 1260 2853 sunt
1300 2798 1341 2852 ¹.
1376 2799 1529 2866 Quod
1558 2800 1718 2853 etiam

108 2898 374 2967 judicium
411 2897 477 2951 iis
500 2896 752 2963 debetur,
780 2912 900 2965 quin
930 2895 996 2949 de
1026 2896 1189 2948 natali
1222 2910 1388 2960 anno,
1417 2894 1594 2965 deque
1615 2894 1721 2948 Lu-

111 2987 264 3043 ciferi
297 3002 502 3059 genere
536 2996 591 3041 et
630 2986 924 3056 episcOpali
953 2987 1296 3042 ordinatione
1344 3002 1409 3041 ex
1459 2986 1723 3043 Bonfante

112 3078 322 3142 hausit,
370 3078 699 3149 scripsitque
744 3077 1023 3131 Machinns
1076 3078 1536 3147 Arcliiepisc0pns
1568 3078 1723 3133 Cala-

111 3173 331 3228 ritanus
356 3182 405 3228 Β.
436 3172 580 3243 Ergo
606 3174 811 3227 incerta
844 3171 1075 3225 Luciferi
1109 3174 1303 3241 patria,
1332 3174 1601 3227 incertum
1631 3190 1723 3242 ge-

112 3280 215 3319 nus
243 3276 300 3321 et
332 3276 571 3335 tempus,
600 3263 806 3319 incerta
830 3264 1035 3327 omnia,
1062 3280 1181 3332 qua:
1210 3264 1488 3318 somnians
1518 3266 1725 3319 Metho-

112 3357 234 3412 ditts
258 3363 522 3427 asseruit,
570 3361 636 3416 ad
664 3378 865 3416 annum
894 3376 1064 3431 usque
1094 3360 1219 3421 554,
1244 3377 1349 3430 quo
1372 3373 1423 3415 et
1457 3378 1652 3417 nomen
1677 3374 1731 3417 et

111 3449 363 3507 officium
392 3452 629 3509 Luciferi
661 3457 890 3522 primum
922 3465 1215 3507 occurrunt
1238 3453 1289 3506 in
1315 3454 1507 3508 litteris
1533 3454 1728 3510 Liberii

114 3542 279 3599 Pont.
308 3544 385 3601 ad
413 3545 789 3601 Constantium
816 3546 1117 3615 Augustum
1141 3588 1153 3609 ,
1180 3547 1271 3615 qui
1312 3561 1408 3615 per
1435 3546 1484 3601 id
1520 3556 1731 3620 tempus

190 3713 215 3740 ⁸
243 3704 495 3789 ιίᾴραλις,
534 3702 838 3789 Ριοιθηιωο
882 3702 1105 3789 Corallis
1138 3703 1234 3789 Ilill
1280 3718 1413 3789 mss.
1462 3706 1733 3789 pluribus,
1763 3709 1808 3773 C

115 3774 351 3841 Caralis',
388 3776 751 3837 Caralitanus;
781 3776 1131 3844 Καρακάλεως,
1162 3774 1446 3839 Caracalis,
1476 3776 1735 3831 ϐαι-οταιὶ-

112 3858 291 3923 (unus.
324 3848 711 3923 Kafazaliawv,
738 3844 1163 3923 Caraealinurunt
1197 3845 1359 3923 habet
1391 3847 1735 3917 Sophronias

112 3918 182 3973 de
216 3919 337 3973 Vir.
376 3916 553 3973 lllnst.
585 3918 864 3972 Cerardus
890 3918 1104 3969 Castecl
1142 3918 1191 3969 iu
1223 3916 1487 3971 Controv.
1527 3922 1732 3973 l'lcclcs.

111 3988 255 4045 Hist.
305 4001 569 4045 controv.
606 3989 693 4049 10,
730 4004 850 4057 pag.
884 3986 1013 4051 345,
1044 3988 1151 4040 col.
1185 3989 1233 4053 1,
1264 3988 1565 4057 Luciferum
1615 3992 1741 4057 Epi-

112 4078 343 4130 scopum
375 4062 811 4133 Calagurilanuiu
840 4058 976 4112 dixit
1008 4078 1019 4113 :
1058 4059 1172 4133 huic
1204 4070 1289 4113 est
1321 4060 1623 4130 Calagurris
1646 4058 1739 4117 Li-

111 4135 202 4187 vio
248 4135 394 4188 urbs
451 4130 727 4201 Histrorum
770 4130 1223 4194 Tarraconensis,
1260 4146 1404 4184 nunc
1449 4134 1741 4186 (ﬁala/terra

110 4204 165 4260 in
188 4206 448 4275 Castella
482 4203 686 4258 Veteri.
712 4203 781 4257 At
802 4205 928 4275 quid
955 4218 983 4255 a
1008 4206 1234 4275 veritate
1258 4203 1497 4275 alienum
1529 4206 1740 4275 magis?

184 4274 213 4314 δ
276 4277 362 4330 Ex
421 4276 814 4331 comtueutttiis
868 4272 1321 4339 Inscriptionibm
1370 4272 1738 4342 Calaritanis,

112 4346 177 4403 Τ.
225 4346 477 4405 ΕΜιῶ
525 4344 848 4409 LL'CIFER,
891 4346 952 4400 L.
1000 4344 1229 4400 rELIUS
1278 4344 1601 4410 LUCIFI‘LR,
1651 4347 1738 4401 IV.

112 4419 399 4475 EMILIA
436 4415 806 4477 LUClFEllA,
836 4426 891 4469 et
915 4433 977 4470 ex
1014 4419 1249 4483 quodam
1280 4420 1629 4487 supposititio
1658 4419 1744 4473 Si-

112 4492 243 4546 culo
274 4490 497 4558 lapide,
528 4490 587 4543 L.
620 4487 892 4542 CASSILS
924 4487 1242 4542 LUtllFLll.
1280 4488 1398 4542 th.
1437 4489 1569 4543 Boll.
1609 4493 1741 4545 Acta

112 4563 221 4620 SS.
261 4575 306 4618 t.
344 4561 445 4625 IV,
475 4562 547 4616 20
577 4560 722 4623 Maii,
756 4560 889 4613 edit.
929 4558 1065 4613 Ven.
1097 4576 1217 4629 pag.
1252 4560 1380 4624 600,
1416 4580 1469 4614 ιι.
1504 4561 1560 4615 2.

191 4648 213 4673 ο
247 4635 317 4691 F.
357 4634 695 4690 Ambrosius
741 4630 1049 4685 Methodius
1084 4630 1413 4686 Tarentinus
1442 4631 1578 4688 0rd.
1614 4633 1745 4689 Ere-

112 4706 243 4764 utit.
280 4707 346 4763 S.
387 4706 682 4773 Augustini
718 4705 768 4757 in
810 4702 926 4755 \ita
960 4717 1059 4754 tus.
1092 4718 1155 4755 ex
1188 4703 1322 4756 Bell.
1358 4705 1476 4758 loco
1503 4706 1595 4759 cit.

187 4777 214 4815 ⁶¹
245 4778 405 4834 Bell.
447 4776 520 4830 ib.
556 4777 609 4831 iu
637 4783 852 4845 prmter.
882 4774 947 4828 ad
984 4774 1055 4827 28
1086 4773 1229 4827 Maii.
1275 4778 1355 4829 Au
1387 4775 1432 4829 is
1461 4776 1624 4832 fuerit
1646 4775 1747 4832 Ca‘

112 4850 410 4904 laritanus
446 4848 689 4902 Auti~tes
722 4861 850 4901 saec.
886 4848 1015 4898 Chr.
1053 4860 1126 4911 tv,
1158 4855 1251 4899 attt
1289 4861 1358 4901 eo
1398 4850 1644 4909 ineunte.
1678 4865 1745 4903 an

113 4922 242 4977 scil.
284 4920 399 4975 Clt.
435 4919 565 4984 303,
603 4928 661 4972 ut
696 4916 1005 4981 Ferrarius,
1036 4917 1200 4979 Area,
1230 4916 1552 4984 Bonfantes,
1584 4920 1743 4986 Fara,

114 4992 451 5052 Machinus,
486 5000 540 5043 et
582 4990 998 5058 l‘apebrochius
1027 4989 1392 5055 contendunt,
1423 4991 1640 5047 dubitat
1671 4994 1742 5047 cl.

112 5062 454 5119 Matthaeius
482 5060 640 5117 Sard.
672 5061 796 5113 Sac.
834 5076 957 5131 pag.
993 5062 1083 5116 70.

1824 2434 1961 2488 tum,
1994 2434 2055 2477 ut
2094 2424 2358 2478 laboranti
2410 2426 2688 2495 suppetias
2733 2426 2904 2481 ferret
2951 2436 3138 2481 contra
3189 2425 3431 2481 Ariauos

1822 2514 2119 2571 Catholica:
2143 2515 2425 2583 Ecclesiae,
2450 2529 2637 2573 auctor
2671 2527 2757 2572 est
2789 2516 2931 2572 ident
2966 2516 3276 2573 Methodius
3304 2517 3328 2554 ι
3364 2532 3432 2572 ex

1824 2612 1890 2666 iis
1922 2611 2059 2666 forte
2090 2611 2293 2667 Liberii
2326 2612 2531 2679 verbis,
2560 2610 2672 2667 Deo
2693 2623 3004 2682 cooperante
3031 2610 3219 2667 Frater
3234 2621 3281 2668 et
3302 2612 3434 2668 Coe-

1828 2706 2073 2775 piswpus
2103 2714 2274 2759 noster
2304 2704 2517 2774 Lucifer
2546 2705 2610 2759 de
2632 2705 2886 2759 Sardinia
2912 2706 3207 2775 superuenit
3235 2704 3279 2759 ι.

1897 2801 1998 2867 Qui
2039 2799 2349 2855 Luciferum
2394 2816 2501 2855 non
2542 2800 2973 2867 Sardiniensem,
3024 2800 3117 2854 sed
3167 2798 3433 2855 Sirmien-

1827 2910 1940 2951 sem
1974 2905 2046 2961 ιη,
2074 2896 2159 2950 vel
2191 2896 2355 2949 etiam
2400 2895 2785 2951 Sardiceusem
2816 2903 2843 2929 ιι
2875 2895 3169 2949 Prmsulem
3211 2893 3436 2961 dixere,

1828 2991 1897 3046 ab
1929 2989 2186 3045 historica
2218 2991 2451 3045 veritate
2473 2989 2715 3044 omnium
2746 2987 2920 3044 ferme
2939 2988 3303 3053 eruditorum,
3331 2988 3440 3043 cri-

1829 3086 2167 3153 ticorutnque
2220 3083 2494 3153 sun‘ragiis
2524 3124 2538 3147 ,
2591 3091 2647 3137 et
2690 3081 3062 3137 Conciliorum
3114 3079 3440 3136 auctoritate

1831 3182 2061 3243 lirtuata,
2092 3193 2252 3248 quam
2285 3177 2601 3246 turpissime
2645 3177 2987 3231 aberrarunt.
3018 3174 3063 3229 A
3095 3182 3285 3230 nostro
3306 3187 3438 3228 vero

1831 3272 1970 3325 alius
2008 3272 2231 3325 omnino
2262 3279 2347 3325 est
2374 3268 2591 3325 Lucifer
2621 3270 2712 3324 ille
2749 3267 3063 3333 Sardensis,
3094 3266 3187 3337 qui
3218 3263 3438 3336 Synodo

1832 3367 2154 3423 Caesariensi
2196 3367 2248 3420 in
2296 3364 2672 3434 Cappadocia,
2723 3364 2776 3418 in
2822 3379 2927 3434 qua
2998 3361 3058 3419 S.
3092 3360 3327 3416 Basilius
3371 3358 3440 3414 ad

1835 3460 1983 3514 illam
2013 3459 2197 3514 sedem
2230 3457 2600 3528 occupandam
2645 3455 2857 3511 electus
2908 3455 3032 3522 fuit,
3077 3452 3439 3509 interfuitan.

1837 3554 1965 3609 Chr.
2001 3554 2106 3609 570
2136 3566 2181 3621 υ,
2218 3566 2325 3625 quo
2353 3561 2608 3620 exeunte,
2639 3551 2723 3606 vel
2760 3550 2955 3607 saltem
3008 3546 3286 3620 sequentis
3314 3545 3443 3602 anui

1916 3708 1940 3745 ιι
1969 3709 2088 3763 Vid.
2106 3708 2278 3779 Epist.
2303 3708 2505 3763 Liberii
2532 3708 2691 3779 Papia
2713 3707 2780 3762 ad
2798 3706 3091 3779 Eusebium
3126 3705 3443 3779 Vercelleng

1843 3795 1955 3833 sem
1989 3777 2317 3849 Episcopum
2354 3790 2390 3833 t.
2434 3779 2473 3833 ll
2504 3778 2717 3833 Concil.
2753 3780 2886 3833 edit.
2923 3777 3143 3834 Veneta:
3182 3794 3302 3849 pag.
3336 3777 3445 3833 803

1842 3862 1892 3906 et
1918 3862 2035 3905 not.
2064 3852 2204 3905 Binii
2236 3850 2368 3905 ibid.
2402 3866 2521 3920 pag.
2552 3852 2676 3905 800.

1923 3922 1934 3959 ί
1978 3922 2287 3993 Entropinm
2330 3933 2488 3977 vocat
2518 3921 2661 3977 Cave
2698 3921 2767 3977 de
2811 3922 3015 3993 Script.
3060 3920 3273 3977 Ecclcs.
3316 3936 3448 3979 saec.

1845 3994 2037 4051 Arian.
2075 3994 2194 4049 νιιι.
2228 3993 2477 4062 Lucifer;
2508 3993 2603 4048 sed
2638 3995 2799 4049 male.

1922 4064 1934 4115 i
1978 4066 2221 4120 Hilarius
2258 4066 2346 4119 hic
2395 4065 2555 4120 Rom.
2604 4064 2867 4120 Ecclesia:
2914 4064 3187 4120 Diaconus
3230 4064 3450 4122 Lucife-

1845 4137 2015 4192 rianis
2059 4152 2185 4191 sese
2228 4137 2506 4206 adjnnxit,
2559 4151 2860 4200 eorumque
2892 4137 3227 4208 icorypha-us
3275 4137 3452 4192 factus

1846 4208 2127 4263 scliismati
2156 4210 2409 4281 bzeresim
2440 4208 2670 4281 addidit,
2701 4223 2861 4280 quem
2887 4207 2954 4262 D.
2990 4208 3355 4281 Hieronymus
3381 4207 3454 4264 ob

1847 4282 2175 4334 Arianorum
2223 4280 2290 4333 ad
2337 4279 2675 4334 Catholicam
2720 4278 3171 4335 communionem
3203 4278 3459 4335 redeuu-

1849 4352 1981 4405 tium
2013 4351 2499 4420 rebaptizationem
2531 4366 2731 4405 novum
2756 4349 2910 4405 orbis
2938 4351 3329 4407 Deucalionem
3362 4367 3462 4407 no-

1849 4425 2017 4477 minat
2049 4424 2101 4477 in
2138 4424 2235 4476 lib.
2279 4434 2469 4477 contra
2512 4422 2913 4479 Luciferianos.
2959 4423 3139 4491 Opera
3181 4432 3361 4478 tamen
3406 4430 3463 4479 et

1849 4496 1968 4548 zelo
2012 4495 2070 4550 S.
2110 4494 2321 4548 Damasi
2374 4493 2537 4563 Papzu
2584 4494 2849 4549 Hilarium
2890 4496 3109 4548 tandem
3157 4493 3227 4549 ad
3270 4509 3459 4550 sanam

1849 4576 2088 4620 mentem
2120 4566 2371 4629 rediisse,
2395 4575 2451 4619 et
2473 4566 2773 4620 Catholicis
2804 4564 3105 4620 adhaesisse
3131 4580 3257 4620 cum
3292 4567 3461 4634 l‘agio

1850 4637 1901 4691 in
1950 4640 2093 4690 Anu.
2126 4636 2249 4691 Bar.
2280 4635 2347 4690 ad
2379 4652 2469 4691 an.
2500 4638 2636 4691 Chr.
2672 4637 2801 4701 362,
2829 4654 2883 4690 ιι.
2916 4637 3011 4701 ‘25,
3046 4647 3102 4693 et
3138 4636 3263 4691 Nat.
3300 4638 3461 4693 Alex.

1848 4722 1977 4762 ειυς.
2013 4706 2068 4773 4,
2101 4724 2150 4763 e.
2182 4707 2237 4773 6,
2270 4718 2376 4762 art.
2418 4708 2505 4774 N,
2548 4716 2699 4763 tenet
2735 4708 2810 4763 cl.
2849 4708 3183 4764 Sarazanius
3217 4708 3272 4764 in
3319 4708 3467 4765 uotis

1849 4779 1914 4832 ad
1946 4790 2100 4849 gesta
2134 4791 2191 4833 et
2218 4781 2483 4850 opuscula
2512 4781 2570 4836 S.
2611 4779 2826 4851 Damasi
2858 4794 2984 4851 cap.
3023 4780 3121 4845 2i,
3155 4798 3210 4834 ιι.
3247 4781 3302 4842 6,
3334 4796 3466 4836 nos-

1850 4867 1955 4975 (lpte
1985 4852 2177 4907 iisdem
2211 4852 2332 4906 fulti
2361 4853 2699 4921 argumentis
2730 4850 2859 4907 huic
2886 4850 3186 4909 sententia:
3216 4853 3463 4910 subscri-

1892 4939 2055 4975 llnllS.

1892 4939 2055 4976 1111115.

1926 4993 1948 5065 ἓ
1985 4994 2085 5050 Ubi
2115 5010 2299 5065 supra.
2337 4993 2457 5047 Vid.
2489 4994 2742 5050 Bolland.
2776 4996 2815 5051 ι.
2842 4995 2936 5051 cit.
2965 5012 3019 5051 n.
3049 4995 3104 5051 3.

1931 5062 1948 5104 ι
1984 5065 2041 5120 In
2087 5062 2258 5138 Epist.
2297 5066 2363 5119 ad
2397 5067 2597 5123 Euseb.
2631 5067 2860 5138 Vcrcell.
2911 5077 2950 5121 t.
2983 5067 3025 5121 ll
3069 5066 3284 5123 Concil.
3326 5066 3462 5124 edit.

192 5110 1498 5209 Evinieirfuitwl‘iicien‘m,retoSa-rdicensiSynodo
1526 5155 1537 5189 :
1568 5138 1612 5191 is
1644 5152 1750 5191 non
1776 5110 1829 5171 D
1860 5110 2597 5209 Ven:

117 5206 534 5272 Sardiniensis,
586 5207 681 5259 sed
735 5203 1062 5277 Sardicemis
1112 5207 1164 5259 iu
1217 5203 1399 5261 Maisia
1448 5208 1753 5277 Episcopus

115 5280 246 5344 fuit,
297 5292 361 5334 ut
415 5287 643 5334 constat
680 5291 746 5330 ex
794 5275 1107 5330 Andronico
1166 5275 1752 5347 Pal-.eologo'Seniore

114 5352 266 5421 apud
304 5350 591 5421 Goarium
618 5350 685 5403 ad
712 5347 1149 5421 calceurCodini
1168 5366 1288 5417 pag.
1314 5349 1442 5416 405,
1469 5363 1521 5405 et
1550 5368 1620 5406 ex
1653 5352 1753 5406 Le—

116 5416 359 5495 quienio
409 5432 455 5475 t.
492 5420 560 5479 11.
592 5421 779 5495 Orien.
819 5416 1025 5495 Christ.
1068 5416 1175 5474 col.
1220 5421 1347 5495 501,
1381 5434 1431 5495 et
1478 5439 1594 5492 seq.
1641 5424 1752 5477 Ma-

115 5491 332 5552 eliitius
387 5504 583 5547 tamen
629 5494 754 5565 totis
804 5491 1009 5545 vitibus
1052 5493 1338 5565 contendit
1385 5491 1747 5565 Protogenem

119 5568 271 5623 hunc
326 5565 667 5638 Antistitem
713 5564 1081 5638 Calaritanum
1125 5564 1296 5638 luisse
1341 5574 1456 5621 toto
1500 5564 1620 5638 cap.
1658 5569 1746 5633 t7,

118 5640 222 5695 lib.
261 5655 300 5695 lt
343 5638 555 5691 I)efeu.
589 5636 778 5691 Sanct.
812 5634 872 5688 Β.
901 5634 1157 5689 Luciferi.

198 5712 215 5750 ί
252 5712 349 5766 CI.
392 5705 714 5778 Mat_th:eius
746 5708 866 5761 loco
898 5723 1057 5777 supra
1084 5708 1174 5760 cit.
1213 5721 1334 5778 pag.
1363 5708 1450 5771 7:2,
1478 5711 1555 5764 ait
1589 5732 1601 5766 :
1633 5710 1761 5765 "(re

117 5785 343 5857 quidem
379 5780 457 5833 de
493 5776 947 5857 Luciferauarrat
980 5776 1426 5857 Met/rodius,ﬂs_ed
1444 5782 1638 5857 ~omnia
1682 5786 1763 5857 in-

120 5851 305 5923 certa,
343 5869 416 5926 ne
463 5851 589 5926 quid
616 5851 820 5918 gravius
849 5852 1053 5917 dicam,
1098 5862 1235 5905 sunt.
1276 5851 1394 5906 για.
1441 5853 1674 5926 Papcbr.
1720 5856 1758 5909 1.

119 5936 245 5997 eit.,
284 5944 345 5982 n.
380 5925 421 5979 2
455 5922 593 5997 et}.

198 5993 240 6056 ι’
262 6000 479 6060 Deleri.
514 5994 698 6052 Sanct.
733 5993 792 6050 Β.
820 5994 1053 6054 Luciferi
1086 6012 1203 6070 par.
1232 6000 1283 6069 t,
1316 6012 1365 6055 c.
1402 5999 1450 6055 1.

1930 5208 2367 5283 mjmciferiani}
2398 5209 2642 5282 Lucifero
2671 5211 2880 5283 Sirniia:
2904 5209 3192 5283 Episcopo,
3224 5211 3313 5281 qui
3339 5227 3465 5266 con-

1857 5290 1937 5333 (ra
1967 5278 2251 5354 Episcopus
2291 5278 2612 5346 Catholicos,
2653 5284 2739 5351 qui
2778 5278 3069 5338 Constantii
3104 5278 3468 5350 persecutione

1855 5355 2091 5420 perﬁdia:
2121 5354 2433 5407 Arianorum
2461 5355 2832 5409 consentientes
2858 5367 3028 5417 erant,
3063 5365 3112 5409 et
3146 5364 3325 5423 postea
3354 5370 3474 5408 cor-

1852 5426 1977 5478 recti
2006 5426 2201 5479 rediere
2228 5425 2281 5477 in
2306 5424 2654 5488 Catholicam,
2671 5436 2780 5481 etc.
2812 5423 2870 5481 S.
2896 5425 3138 5480 Isidorus
3156 5424 3226 5480 de
3247 5424 3467 5488 Origiu.

1853 5495 1950 5550 lib.
1975 5513 2087 5561 vttt,
2118 5511 2235 5568 pag.
2262 5496 2389 5562 105,
2417 5498 2552 5552 edit.
2586 5496 2946 5568 Pat'is.36t)l,
2972 5506 3029 5549 et
3054 5496 3329 5553 Ilonorius
3355 5495 3469 5553 Att-

1850 5566 2145 5637 gustodun}
2180 5571 2244 5621 de
2278 5568 2483 5624 hmres.
2510 5570 2560 5624 itt
2594 5567 2735 5622 Bibl.
2770 5566 2877 5622 PP.
2912 5577 2951 5623 ι.
2979 5567 3099 5624 XII.
3130 5569 3205 5623 lta
3246 5579 3300 5622 et
3333 5570 3470 5624 Era-

1872 5655 2025 5693 smus
2050 5644 2101 5695 in
2133 5649 2247 5695 not.
2282 5639 2352 5695 ad
2385 5642 2520 5696 Dial.
2546 5639 2603 5696 S.
2634 5638 2856 5696 llieron.
2894 5656 3085 5696 contra
3115 5638 3380 5703 anifer.,
3412 5654 3476 5695 ac

1871 5709 2171 5768 Nauclerns
2197 5712 2248 5764 iu
2277 5728 2379 5767 suo
2411 5711 2610 5769 Chron.
2649 5720 2686 5764 t.
2724 5711 2787 5776 ll,
2820 5720 2983 5781 atque
3018 5716 3186 5767 etiam
3215 5711 3472 5767 Moutbo-

1872 5782 2052 5838 Ionius
2085 5783 2137 5855 in
2167 5783 2414 5855 Protupt.
2449 5793 2489 5839 t.
2513 5782 2577 5849 ll,
2610 5797 2737 5855 pag.
2770 5783 2865 5839 28.

1950 5801 2052 5838 nus
2085 5800 2137 5838 in
2169 5799 2414 5866 t'ronipt.
2449 5799 2489 5839 t.
2513 5799 2577 5849 ll,
2610 5799 2737 5909 pag.
2767 5799 2865 5867 gis.

1944 5864 1970 5892 η
2010 5857 2070 5911 V.
2102 5854 2419 5911 Cornehunt
2465 5872 2491 5909 a
2530 5855 2663 5925 Lapt
2704 5872 2735 5910 e
2766 5871 2821 5911 tn
2860 5856 3031 5925 Apoc.
3059 5870 3111 5912 c.
3136 5856 3194 5924 ὅ,
3221 5871 3364 5913 vers.
3396 5855 3421 5909 1
3457 5872 3470 5910 :

1873 5926 1938 5982 Et
1970 5927 2166 5997 Angela
2190 5926 2442 5983 Ecclesia:
2474 5928 2661 5983 Sardis
2691 5929 2879 5992 scribe,
2911 5938 3019 5983 etc.

1945 6012 1967 6032 “
1995 6004 2087 6057 Καὶ
2114 6007 2229 6061 τοῦς
2275 6002 2328 6055 ἐκ
2370 6011 2462 6065 τῆς
2509 6000 2789 6078 ὑπερορίας
2831 6001 3196 6066 ἀνακληθέπας
3240 6021 3474 6084 apocata-
