4292 6468
63 494 150 548 765
1404 482 1716 542 LUCIFEIiI
1762 485 1941 542 VITA.
3216 485 3322 542 746

64 608 202 663 etiam
252 603 441 660 exsilio
496 598 794 653 multarunt
839 598 890 652 iu
953 597 1328 668 superioribus
1383 597 1622 664 Thebis,
1653 610 1700 666 Α
1730 616 1827 654 sua
1853 597 2185 654 Bibliotheca
2211 598 2478 669 scriptum
2509 598 2834 668 reliquisse,
2866 596 3182 655 Luciferum
3209 616 3339 656 nos-

63 717 141 756 seu
182 694 404 753 secunda
463 690 760 757 Thebaide,
795 700 849 744 ιιι
906 693 1165 744 Socrates
1219 699 1265 755 ει,
1309 689 1623 745 Theodore-
1730 705 1872 750 trum
1899 705 2027 765 post
2064 693 2470 750 Mediolanense
2511 693 2823 749 Concilium
2866 708 2990 748 cum
3031 695 3327 768 Dionysio.

61 805 133 850 ius
162 795 217 856 ιι,
245 791 581 846 Suzomeuus
613 797 666 850 τ,
704 795 759 840 et
804 784 1168 840 Cassiodorus
1199 779 1222 817 d
1254 785 1625 850 traniderunt,
1733 786 2003 848 Eusebio.
2053 784 2351 852 Rhodano,
2389 797 2443 840 et
2481 785 2735 841 Paullino
2770 786 3057 857 Episcopis
3097 787 3334 845 Arimini

62 890 133 944 vel
161 889 205 940 iu
236 883 481 956 partibus
508 880 744 951 Egypto
767 880 984 943 vicinis,
1019 889 1071 930 ut
1103 878 1304 947 placuit
1341 879 1539 932 Ituﬁno
1579 889 1627 930 ι’.
1732 879 2017 933 exsulasse
2040 888 2100 932 ιη.
2132 876 2318 948 Neque
2349 879 2492 933 enim
2527 879 2656 933 urbs
2697 878 2784 932 illa
2815 878 3011 933 exsilio
3053 889 3209 950 apta,
3245 892 3336 936 ut-

60 985 130 1040 Cl.
177 977 474 1036 Iiichardus
520 992 552 1031 e
609 974 1034 1031 l’rmdicatorum
1095 973 1503 1041 sapiemissima
1555 970 1631 1024 fa-
1735 979 1862 1039 pote
1913 972 1966 1025 in
2028 970 2421 1026 florentissima
2475 970 2644 1025 Italia:
2696 971 2921 1040 regione
2973 971 3112 1037 sita,
3163 987 3344 1043 neque

64 1078 193 1132 milia
229 1073 330 1127 hoc
364 1071 531 1126 etiam
577 1069 829 1124 exsilium
878 1078 1245 1122 commutasse
1301 1066 1629 1129 Luciferum,
1737 1064 1846 1118 ulla
1885 1064 2028 1134 apud
2070 1064 2211 1119 alios
2254 1062 2596 1134 synchronos
2632 1073 2890 1120 auctores
2933 1067 3136 1120 mentio
3177 1065 3341 1136 hujus

63 1172 254 1239 alioque
304 1167 611 1220 traductum
656 1170 916 1217 autumat.
980 1161 994 1198 ί
1030 1161 1231 1215 Verum
1286 1175 1407 1213 cum
1455 1159 1632 1212 locum
1739 1155 1842 1209 loci
1865 1157 2128 1220 occurrit,
2155 1157 2322 1210 immo
2345 1171 2538 1211 omnes
2559 1171 2668 1212 uno
2689 1170 2786 1211 ore
2808 1154 3046 1211 fatentur
3068 1156 3120 1211 in
3143 1156 3345 1214 Orien-

61 1262 217 1320 exsilii
262 1274 367 1315 non
425 1256 709 1328 indigitet,
742 1265 963 1324 tresque
1016 1263 1224 1308 tantum
1287 1261 1446 1306 antea
1481 1251 1636 1305 Luci-
1740 1248 1879 1303 tales
1908 1247 2220 1304 Provincias
2256 1263 2521 1320 perquam
2567 1249 3004 1314 retnotissimas,
3045 1259 3209 1320 atque
3249 1265 3341 1306 as-

59 1357 144 1410 feri
172 1361 456 1409 cmnnerct
484 1349 896 1421 deportationes
915 1389 928 1411 ,
959 1347 1290 1402 crediderim
1332 1347 1638 1416 respexisse

63 1448 368 1504 ltichardum
398 1446 466 1502 ad
495 1446 743 1502 exsilium
763 1445 814 1497 in
837 1443 1201 1512 Cappadocia,
1227 1442 1369 1512 quod
1402 1442 1636 1510 primmn

60 1541 167 1606 fuit,
201 1542 560 1612 ordinemque
593 1539 904 1595 invertisse.
941 1537 1051 1592 IIoc
1082 1539 1286 1591 interea
1318 1537 1637 1606 septeuuio,

61 1651 149 1690 nec
181 1645 357 1688 tamen
389 1635 606 1703 integro
625 1643 675 1697 ε,
701 1633 766 1686 ab
797 1647 939 1685 :mno
973 1629 1182 1684 scilicet
1204 1631 1330 1692 555,
1357 1645 1464 1699 quo
1483 1646 1510 1683 e
1535 1629 1640 1683 Me-

59 1726 353 1781 diolauensi
385 1725 669 1779 Conventu
703 1723 757 1776 in
787 1723 1040 1776 exsilium
1072 1731 1226 1774 actus
1281 1732 1396 1782 est,
1439 1721 1504 1773 ad
1546 1736 1645 1774 au-

61 1835 175 1874 num
219 1817 392 1889 usque
437 1817 537 1872 561
592 1816 703 1886 jam
752 1817 1142 1876 inclinantem,
1187 1828 1297 1884 quo
1343 1815 1410 1865 ab
1455 1815 1646 1868 exsilio

60 1914 317 1967 liberatus
360 1920 448 1967 est
468 1953 482 1974 .
509 1926 629 1982 qua:
652 1919 968 1980 quantaque
1000 1909 1068 1963 ab
1097 1907 1315 1961 Arianis
1359 1906 1648 1975 pertulerit

60 2007 265 2064 Lucifer
297 2049 312 2072 ,
373 2005 477 2060 etsi
524 2005 806 2060 memOrize
852 2019 960 2056 non
1014 2002 1459 2072 consignaverint
1506 2000 1652 2054 illius
1685 2012 1728 2071 Β

59 2110 224 2162 tctatis
256 2107 594 2175 scriptores,
619 2106 686 2159 ab
717 2106 830 2174 ipsa
859 2115 1038 2159 tamen
1065 2103 1443 2158 hmrelicornm
1476 2102 1658 2158 indole

59 2211 106 2255 ct
127 2201 414 2272 impotenti
441 2199 707 2254 smviendi
738 2201 789 2253 iu
816 2199 1165 2253 Orthodoxos
1191 2200 1374 2252 animo
1397 2200 1658 2268 colligere

58 2293 207 2349 facile
253 2303 371 2357 est;
407 2302 483 2352 et.
519 2291 564 2347 si
610 2291 872 2344 Fausnno
913 2307 974 2344 ac
1023 2292 1344 2345 Marcellino
1391 2292 1556 2355 fides,
1606 2292 1657 2344 in

59 2402 148 2442 exs
175 2390 305 2442 lium
341 2389 568 2442 ductum
600 2388 769 2439 luisse
795 2385 1103 2440 Luciferum
1135 2387 1338 2438 scimus
1364 2401 1482 2437 cum
1514 2386 1663 2438 omni

58 2484 341 2537 atrocitate
403 2482 729 2551 injuriarum
763 2478 783 2513 ⁵·
818 2524 829 2545 ,
893 2481 1029 2532 adeo
1082 2488 1139 2532 ut
1191 2478 1664 2546 religiosissimum

58 2577 230 2630 virum
265 2581 434 2629 vitam
466 2575 533 2629 ad
568 2574 769 2629 multos
794 2589 968 2626 annos
998 2572 1317 2641 produxisse
1345 2571 1666 2626 miraculum

58 2671 332 2725 videatur.
370 2671 542 2725 Porro
590 2686 658 2724 ex
704 2670 928 2735 Sulpicii
964 2668 1152 2721 Severi
1201 2667 1430 2720 historia
1476 2666 1542 2720 de
1587 2667 1670 2719 bis

59 2763 378 2817 fortissimis
408 2763 692 2817 exsulibus
731 2762 1017 2824 Lucifero,
1056 2761 1323 2827 Eusebio,
1370 2761 1666 2830 Dionysio,

57 2854 287 2925 aliisque
319 2853 559 2908 Concilii
604 2853 1028 2908 Mediolanensis
1069 2851 1374 2905 Catholicis
1418 2853 1671 2907 Patribus

59 2945 160 3002 hoc
201 2949 477 3001 habemus
522 2946 899 3001 testimonium
929 2962 938 2997 :
976 2945 1227 2997 Ca'tcrum
1258 2945 1464 3012 (inquit
1496 2944 1673 2999 Ilisto—

58 3040 246 3108 ricus)
280 3042 492 3094 exsules
533 3040 660 3092 satis
707 3049 908 3092 (Ottslttf
949 3039 1112 3090 tutius
1143 3037 1280 3089 orbis
1319 3039 1505 3091 studiis
1541 3038 1674 3091 cele-

60 3135 253 3198 bratos,
298 3135 652 3202 pecuniasque
683 3135 752 3185 eis
784 3135 835 3185 in
867 3142 1126 3198 sumptum
1158 3131 1354 3196 a/fatint
1385 3145 1674 3201 congestas,

58 3228 419 3298 legiuionibus
459 3244 661 3299 quoque
705 3245 789 3282 eos
834 3228 994 3295 plebis
1037 3229 1309 3280 catholij
1348 3245 1408 3280 ea;
1441 3228 1676 3280 omnibus

61 3326 167 3392 fere
219 3324 512 3393 provinciis
565 3326 914 3392 {requentalos
952 3321 1002 3382 λς
1057 3336 1179 3389 qua:
1231 3322 1452 3389 egregie
1507 3321 1674 3373 etiam

1745 1341 1978 1410 peritate
2011 1341 2289 1404 locorum,
2329 1351 2386 1396 et
2427 1341 2756 1396 Arianorum
2806 1343 3030 1412 perfidia
3073 1345 3348 1414 potentia-

1743 1452 1848 1506 que
1885 1437 2238 1494 difficillimas
2265 1439 2522 1495 exsulare
2565 1449 2790 1495 coactos
2826 1449 3041 1496 sanctos
3080 1441 3352 1498 I’raesules

1746 1545 1773 1584 a
1805 1531 2130 1585 Constantio
2161 1532 2498 1601 liuperatore
2534 1533 2725 1588 fuisse.
2757 1533 3040 1589 Notandus
3073 1535 3264 1590 ultimo
3299 1548 3356 1592 et

1747 1624 1924 1678 obiter
1947 1623 2184 1694 Philippi
2215 1624 2453 1679 Ferrarii
2479 1625 2740 1695 palmaris
2768 1641 2944 1691 error,
2977 1627 3068 1696 qui
3090 1627 3353 1683 Lucifero

1747 1732 1777 1769 a
1801 1716 2164 1772 Constantino
2193 1715 2326 1786 Imp.
2353 1717 2404 1770 in
2435 1718 2688 1772 exsiliunt
2713 1728 2890 1772 actum
2921 1719 3218 1790 scripsit";
3244 1721 3351 1776 nisi

1749 1808 2075 1880 typographi
2115 1811 2247 1863 vitio
2285 1809 2684 1864 Constantinum
2733 1826 2832 1881 pro
2863 1811 3170 1888 Constantio
3207 1814 3351 1869 irre-

1754 1907 1927 1975 psisse
1958 1905 2186 1976 atquiori
2217 1904 2426 1976 judicio
2459 1905 2708 1961 velimus.

2485 2068 2514 2138 ᾗ
2556 2068 2646 2125 IV.

1833 2201 1966 2254 Dum
1994 2202 2150 2256 exsul
2180 2201 2404 2257 Lucifer
2432 2203 2714 2271 perfidiam
2738 2206 3072 2263 Arianorum
3098 2207 3363 2278 patientia

1761 2293 2079 2360 confundit,
2108 2309 2296 2349 eorum
2337 2295 2504 2350 etiam
2542 2313 2760 2354 errores
2791 2300 3078 2358 scribendo
3109 2303 3365 2374 proﬂiga—

1764 2388 1858 2439 vit.
1908 2387 2156 2452 Quatuor
2189 2389 2451 2445 habemus
2494 2393 2714 2461 priores
2755 2395 2972 2463 egregie
3015 2397 3250 2465 scriptos
3299 2396 3364 2450 ad

1765 2478 2147 2534 Constantium
2179 2485 2478 2551 Augustum
2512 2484 2684 2539 libros
2711 2501 2739 2538 a
2769 2486 3022 2543 Lucifero
3054 2498 3243 2543 nostro
3274 2507 3371 2559 pro

1768 2572 2054 2627 Catholica
2115 2576 2418 2630 asserenda
2469 2579 2778 2649 tncndaque
2833 2581 3062 2636 veritate
3111 2582 3378 2638 adversus

1769 2669 1883 2722 Arii
1929 2680 1986 2723 et
2032 2670 2366 2723 asseclarum
2419 2671 2537 2740 ejus
2587 2673 2749 2742 impia
2788 2675 3075 2743 dogmata,
3109 2687 3162 2731 et
3199 2677 3376 2747 impo-

1773 2772 1947 2815 tentes
1991 2761 2056 2815 ad
2089 2777 2149 2814 ea
2181 2763 2500 2817 sustinenda
2535 2766 2700 2834 ipsius
2734 2765 3085 2834 Imperatoris
3115 2778 3368 2825 conatus.

1769 2856 1978 2924 Scripta
2003 2855 2166 2924 igitur
2190 2856 2381 2911 istluec
2407 2856 2554 2910 misit
2578 2857 2642 2910 ad
2669 2857 3047 2913 Constantimu
3072 2860 3296 2916 Lucifer
3317 2874 3340 2895 υ
3365 2881 3376 2914 :

1774 2963 1834 3002 ea
1868 2949 1912 3001 is
1942 2950 2183 3015 accepit,
2219 2948 2383 3017 legit,
2419 2949 2732 3019 obstupuit,
2773 2952 2977 3020 vixque
3008 2953 3110 3007 sibi
3152 2969 3381 3023 persua-

1773 3040 1908 3094 dens
1932 3083 1944 3103 ,
1981 3040 2209 3094 inveniri
2243 3042 2477 3111 aliquem
2510 3057 2673 3111 posse
2706 3052 2869 3097 tante
2901 3044 3286 3108 confidentius,
3325 3047 3384 3100 Ii—

1777 3133 2110 3202 bertatisque
2140 3133 2314 3186 virum
2341 3177 2354 3198 ,
2389 3134 2482 3202 qui
2509 3133 2576 3188 de
2623 3135 2909 3204 impietate
2953 3151 3048 3190 sua
3095 3138 3246 3190 IIItllll
3287 3157 3382 3191 au-

1783 3227 1941 3280 deret
1968 3235 2076 3279 tam
2107 3226 2278 3280 libere
2307 3235 2603 3294 aperteque
2630 3242 2881 3295 arguere,
2919 3228 3200 3283 Florentio
3223 3230 3387 3299 jussit

1784 3319 2100 3373 Ofliciorum
2144 3318 2441 3387 magistro,
2479 3326 2534 3372 ut
2580 3317 2836 3374 Lucifero
2881 3321 2984 3390 ipsi
3023 3334 3126 3376 suo
3168 3323 3388 3377 nomine

55 3419 466 3470 confirmantur
499 3425 609 3469 tum
641 3414 834 3467 llilarii
866 3414 1051 3468 multis
1077 3414 1126 3466 iu
1152 3413 1282 3466 locis
1306 3423 1361 3466 et
1387 3413 1671 3481 lipiphanii
1700 3397 1743 3458 C
1780 3414 2025 3466 scribens
2066 3412 2291 3465 illumne
2327 3427 2518 3465 eorum
2557 3412 2894 3466 voluminum
2935 3424 3217 3470 auctorem
3266 3431 3388 3470 esse

57 3510 393 3564 testimonio
420 3522 468 3574 I,
501 3517 612 3561 tum
641 3506 839 3561 eximia
870 3507 957 3560 illa
994 3506 1212 3560 Eusebii
1243 3505 1480 3575 epistola
1515 3521 1541 3556 a
1575 3505 1675 3558 Ba-

55 3605 214 3658 ronio
264 3605 442 3659 relata
470 3602 490 3639 λ
520 3644 532 3665 .
575 3616 640 3657 ex
673 3616 777 3671 qua
809 3602 974 3655 etiam
1018 3601 1216 3668 liquet,
1248 3615 1411 3670 quam
1451 3600 1674 3670 indigne

57 3698 122 3752 ab
154 3699 387 3753 Arianis
429 3696 762 3752 sanctissimi
801 3695 876 3749 illi
909 3694 1265 3748 Confessores
1318 3707 1668 3749 vexarentur.

56 3789 213 3857 Quod
249 3802 442 3845 autem
475 3789 730 3844 Lucifero
763 3788 1114 3857 peperccrint
1150 3787 1370 3850 Ariani,
1408 3803 1475 3840 ne
1502 3797 1672 3840 morte

54 3880 209 3936 illum
257 3882 590 3942 afﬁcerent,
633 3880 686 3933 in
723 3894 884 3933 causa
929 3879 1023 3931 fuit
1089 3879 1332 3948 martyrii
1396 3878 1596 3932 invidia
1626 3875 1670 3940 ι,

48 3989 155 4043 qua
187 3991 217 4026 a
253 3973 586 4029 Constantio
615 3971 929 4026 ordinatum
953 4013 966 4037 ,
1001 3971 1423 4040 mandatumque
1445 4013 1457 4033 ,
1492 3981 1549 4026 ut
1571 3970 1674 4024 Lu-

51 4068 192 4122 cifer
225 4066 467 4122 omnino
504 4073 820 4120 servaretur
870 4063 971 4118 hac
1001 4063 1164 4119 ducto
1205 4064 1364 4133 impia
1407 4063 1489 4117 vel
1530 4063 1671 4116 inani

45 4174 170 4229 spe,
202 4169 268 4216 ut
291 4174 412 4215 sua:
439 4158 694 4214 nimirum
724 4156 986 4211 voluntati
1026 4157 1321 4227 aliquando
1351 4156 1592 4221 cederet,
1622 4167 1676 4211 et

47 4254 355 4309 Athanasii
379 4251 818 4309 condemnationi
843 4292 857 4317 ,
881 4251 1028 4322 quod
1055 4252 1215 4306 unice
1257 4251 1307 4304 in
1338 4251 1480 4304 votis
1523 4260 1671 4315 erat,

46 4361 286 4404 manum
321 4345 504 4404 daret.
547 4345 644 4402 llic
687 4345 984 4401 notandum
1030 4345 1272 4401 occurrit
1313 4343 1570 4400 l‘hotium
1624 4345 1674 4399 in

125 4549 148 4576 ἰ
195 4537 332 4594 Lib.
361 4538 418 4603 3,
451 4552 503 4593 c.
539 4538 594 4594 5.

46 4646 56 4676 ς
120 4621 149 4650 ι’
194 4611 335 4666 Lib.
365 4609 428 4674 5,
458 4625 508 4664 c.
543 4610 599 4664 4.

126 4696 148 4718 "
196 4683 339 4737 ιιι».
369 4681 425 4744 5,
455 4697 506 4735 c.
540 4680 626 4734 12.

117 4752 145 4790 ⁸¹
195 4753 352 4809 Ilist.
389 4753 576 4823 tripar.
611 4747 786 4823 lib._6,
821 4763 874 4823 c.
903 4747 990 4803 I9.
1027 4747 1253 4823 Uterque
1275 4750 1410 4803 enim
1434 4748 1675 4816 (Lucifer

45 4835 103 4881 et
133 4821 475 4892 Ensebiusi
509 4825 648 4878 ultra
683 4821 961 4876 Thebaidis
997 4821 1242 4876 terminos
1276 4823 1339 4874 ab
1377 4823 1563 4875 exsilio
1591 4838 1674 4874 re-

47 4908 297 4952 meantes
309 4938 325 4959 ,
355 4905 463 4950 clc.

121 4980 147 5007 ι·
194 4969 337 5024 Lib.
379 4969 444 5030 I,
475 4982 524 5021 c.
564 4967 648 5020 I7.
686 4967 885 5020 Barou.
917 4965 952 5019 I.
985 4979 1033 5020 c.
1071 4981 1126 5019 ιι.
1165 4964 1592 5033 80.1’apebr.l.
1624 4977 1673 5017 c.

47 5057 103 5095 n.
136 5041 196 5095 8.
241 5038 564 5094 Maltlmeitts
597 5040 634 5091 l.
661 5053 822 5106 supra
851 5037 943 5093 cit.

126 5111 148 5150 ί
197 5113 508 5168 Constante
538 5110 772 5180 l’enuoya
802 5126 863 5162 en
897 5109 1002 5163 erit
1031 5109 1062 5160 ὰ
1091 5106 1438 5173 Cermanirie,
1473 5110 1589 5180 rillc
1618 5107 1680 5158 de

46 5186 241 5255 Syria,
281 5185 410 5235 (l‘oit
440 5183 479 5236 il
509 5179 872 5255 [ututi-audere
899 5182 929 5234 ὰ
962 5180 1377 5248 Eleuthéropolis
1405 5198 1464 5255 en
1498 5179 1680 5255 Pales-

46 5251 182 5316 tine,
220 5257 434 5308 ensuile
467 5272 530 5308 en
565 5252 850 5314 Thebaide,
887 5263 933 5305 et
961 5269 1022 5305 cn
1055 5270 1121 5304 un
1153 5261 1300 5304 autre
1325 5251 1530 5314 emirojt
1556 5253 1680 5302 (lout

43 5346 112 5381 on
146 5346 215 5381 ne
241 5325 357 5382 sail
382 5343 472 5394 pas
498 5326 544 5378 le
571 5341 709 5378 noni.
743 5324 971 5394 ltictiou.
1001 5322 1161 5377 Iluiv.
1194 5321 1399 5377 Eccles.
1436 5334 1564 5376 tom.
1589 5321 1678 5388 Ill,

46 5402 157 5454 litt.
199 5417 274 5461 ι,
311 5393 435 5464 pag.
463 5397 599 5462 7l‘2,
635 5398 741 5451 col.
774 5398 825 5448 2.
865 5393 930 5446 V.
967 5395 1222 5449 Lucrrsn.

121 5483 145 5517 ε
187 5463 556 5526 Marcellinus
594 5478 649 5521 et
691 5466 980 5521 Faustinus
1019 5470 1224 5520 erroris
1266 5463 1560 5530 arguendi,
1589 5464 1682 5534 qui

43 5541 312 5599 Luciferi
346 5540 540 5592 exsilio
566 5540 886 5594 decennium
913 5541 1190 5606 assignant
1219 5539 1268 5591 in
1299 5542 1391 5591 cit.
1425 5536 1572 5590 Iibel.

119 5615 146 5651 λι
183 5613 248 5667 In
279 5609 438 5664 libel.
461 5625 608 5679 prec.
629 5611 769 5680 apud
790 5609 1094 5680 Sirmonﬂl.
1119 5624 1168 5661 c.
1198 5621 1252 5680 et
1281 5625 1344 5663 ex
1368 5608 1538 5662 Lucil.
1565 5608 1680 5680 ipso

43 5688 141 5741 lib.
175 5687 248 5738 de
295 5698 403 5734 non
431 5678 640 5735 conven.
669 5678 788 5736 eum
818 5680 945 5733 hmr.
984 5678 1141 5750 (Iluj.
1187 5679 1385 5734 Patro].
1421 5692 1542 5732 (om.
1578 5678 1676 5730 cui.

44 5760 210 5819 775i,
243 5755 381 5808 ulti:
413 5752 690 5820 Propterea
725 5755 836 5808 odia
870 5769 989 5812 nos,
1014 5768 1134 5815 quia
1156 5753 1432 5805 concilium
1461 5761 1674 5804 vestrum

44 5825 480 5897 malignantium
502 5840 853 5884 exsecrentur,
885 5832 1151 5893 proniorea
1180 5825 1230 5876 in
1260 5823 1443 5878 exsilio
1472 5839 1677 5897 sumus,

43 5921 145 5974 pro
154 5891 354 5964 picrea
373 5897 426 5948 in
445 5912 648 5949 carcere
667 5891 926 5974 necantur.
953 5904 1221 5974 propterea
1241 5898 1383 5974 nobis
1409 5895 1532 5948 solis
1565 5911 1684 5974 pro-

45 5966 281 6028 hibetur
319 5978 620 6037 conspectus
646 5984 665 6022 :
687 5970 880 6024 idcirco
902 5968 1085 6021 reclusi
1114 5969 1164 6018 in
1193 5967 1424 6020 tenebras
1461 5966 1686 6020 custodi-

44 6065 174 6104 mur
205 6039 423 6115 ingenti
463 6039 698 6093 custodia
725 6056 743 6093 :
790 6044 942 6114 hujus
981 6040 1050 6094 rei
1083 6055 1240 6092 causa
1280 6041 1456 6094 nullus
1489 6038 1556 6093 ad
1598 6055 1686 6091 nos

327 6136 608 6200 Ρηιιοι..
654 6133 831 6196 XIII.

1705 4865 1757 4924 D

1779 3507 2176 3566 sciscitaretur,
2225 3504 2576 3575 mitteretque
2606 3504 2770 3559 etiam
2823 3505 2996 3560 libros
3025 3507 3173 3576 ipsos
3214 3523 3243 3560 a
3279 3507 3386 3561 Lu-

1777 3601 1947 3654 cifero
1996 3599 2408 3668 cognoscendus
2433 3611 2477 3650 r.
2536 3598 2716 3654 Libris
2763 3614 2897 3670 ergo
2941 3615 3063 3654 cum
3119 3601 3386 3656 Florentii

1776 3693 2005 3762 epistola
2034 3695 2278 3760 acceptis
2311 3690 2532 3746 Lucifer
2560 3693 2792 3761 ingenue
2820 3691 2998 3746 fassus
3031 3703 3116 3748 est
3137 3735 3152 3759 ,
3184 3709 3243 3747 se
3268 3695 3390 3749 illu-

1775 3802 1893 3840 rum
1926 3795 2214 3855 parentem
2244 3795 2637 3854 auctoremque
2667 3799 2824 3850 esse,
2857 3786 3072 3856 ipsique
3105 3787 3388 3842 Florentio

1780 3881 2084 3934 rescribens
2131 3879 2377 3934 codicem
2417 3879 2723 3934 reddiditQ.
2759 3880 2905 3934 Duos
2943 3898 3040 3950 pro
3088 3883 3394 3936 Athanasio

1781 3973 1949 4028 libros
1979 3973 2342 4028 Cermanicia:
2366 3973 2604 4042 scriptos
2626 4015 2641 4040 ,
2675 3975 2985 4044 missosque
3016 3975 3141 4032 inde
3165 3978 3229 4032 ad
3254 3975 3400 4032 Cun-

1781 4070 2042 4120 stautium
2075 4075 2324 4120 autumat
2346 4066 2416 4121 cl.
2445 4067 2751 4123 Matthreius
2776 4078 2796 4105 τ
2826 4083 2890 4122 ex
2921 4085 2988 4124 eo
3021 4070 3074 4124 in
3105 4069 3244 4125 hanc
3271 4086 3395 4126 sen-

1785 4161 2008 4213 tentiam
2044 4157 2386 4213 descendens
2409 4199 2421 4222 ,
2454 4158 2598 4228 quod
2629 4161 2681 4213 in
2724 4161 2806 4214 eis
2835 4159 3056 4216 Lucifer
3089 4162 3391 4219 Eudoxiunt

1783 4253 2028 4307 nominet
2048 4250 2582 4317 Germaniciensem,
2607 4253 2869 4308 Arianum
2893 4255 3248 4328 Episcopum.
3281 4258 3392 4313 Ad-

1785 4354 2036 4401 versatur
2061 4354 2238 4400 tamen
2261 4344 2406 4399 Cave
2432 4342 2735 4411 Mattlucio,
2759 4345 2955 4402 volens
2977 4347 3391 4421 EleutherOpoli

1785 4532 2022 4587 visendos
2051 4531 2343 4585 admittitur
2374 4531 2664 4584 hominum.

1867 4605 1879 4640 ί
1917 4604 2038 4658 Lib.
2069 4604 2123 4656 2.
2156 4620 2211 4658 n.
2245 4603 2338 4658 40.

1861 4677 1873 4723 I
1913 4675 2056 4729 Ilzcr.
2087 4676 2178 4730 50.

1857 4743 1879 4781 ¹ι
1911 4745 1991 4799 Ad
2018 4761 2102 4798 an.
2133 4743 2266 4800 Chr.
2296 4745 2424 4810 7.56,
2460 4764 2513 4802 n.
2547 4747 2638 4804 92.

1861 4814 1875 4853 ¹
1914 4816 1993 4871 Id.
2025 4817 2157 4870 ibid.
2197 4834 2250 4869 ιι.
2285 4816 2374 4872 80.

1854 4898 1890 4923 nt
1989 4892 1998 4905 ‘
2044 4914 2053 4919 .
2116 4895 2122 4900 ‘
2211 4889 2226 4907 ’
2418 4889 2440 4906 ’⁵
2475 4892 2485 4907 ‘
2594 4898 2614 4908 '
2848 4896 2855 4908 '
2983 4891 3006 4910 “
3043 4909 3046 4916 ι

1904 4903 2008 4963 Aio
2047 4913 2128 4943 Ααι
2161 4888 2376 4944 συνοδον
2411 4903 2494 4944 ὸια
2519 4914 2691 4946 ταυτα
2732 4914 2864 4947 κατα
2905 4895 3202 4950 Μεοιολανον
3241 4901 3383 4955 πολιν

1783 4969 1874 5020 τῆς
1901 4961 2389 5037 ῼΙττιιλιᾷεςις-ἀθροίζει⁶
2422 4966 2679 5037 καϊτιγας
2707 4968 2796 5032 μὲν
2827 4967 2955 5037 πρὸς·
2983 4969 3039 5021 τὸ
3068 4972 3252 5022 οἰκεῖον
3274 4970 3385 5026 δια-

1784 5035 1992 5103 στρέφει
2016 5032 2272 5105 βούλημα.
2304 5035 2554 5093 Διονύσιος
2582 5032 2634 5086 δὲ
2658 5075 2670 5096 ,
2700 5038 2778 5087 καὶ
2805 5032 3045 5098 Ede-egro;
3065 5080 3077 5097 .
3109 5044 3191 5093 καὶ
3219 5039 3382 5097 Ἰδοδα-

1782 5106 1886 5179 voc,
1916 5106 2164 5179 Παυλῖνός
2181 5125 2264 5179 rs,
2289 5109 2378 5179 γκαὶ
2407 5109 2659 5179 Λουκὶφερ
2679 5147 2689 5164 .
2715 5107 2773 5158 τὸ
2799 5109 2975 5162 οἰκεῖσν
3004 5113 3090 5164 καὶ
3115 5120 3205 5171 τῆς
3235 5115 3388 5168 suos.

1785 5176 1927 5236 ϐείας
1969 5183 2037 5247 μὴ
2083 5176 2484 5251 καθυϐρίσᾳντες
2527 5176 2786 5251 φρρξὶημα,
2833 5183 2919 5233 καὶ
2959 5180 3066 5235 οὐδ’
3099 5180 3388 5240 Ἀθανασὶου

1785 5257 2098 5320 καταγνῶναι
2146 5248 2495 5316 ἀνασχόμενοι
2536 5247 2764 5324 (ᾔδεσαν
2804 5256 2904 5328 γὰρ
2954 5259 3043 5311 τήν
3097 5252 3389 5312 Ἀθανασίου

1784 5325 2082 5396 ζαῖάκρισιν
2109 5325 2199 5396 τήν
2226 5328 2327 5396 αιἰῐιςΔ
2345 5321 2570 5396 πίστεως
2586 5321 3022 5396 ’πρροιμιάζέσᾷᾳι
3053 5327 3344 5396 καθαίρεσιν
3368 5327 3386 5396 )

1783 5391 1830 5442 ἐν
1857 5379 2102 5469 'Apiujwn
2121 5393 2523 5469 ὑπεροριξςονται.
2546 5379 2600 5445 In
2621 5379 2881 5448 Bibliotlt'.
2902 5392 3033 5447 edit.
3057 5379 3383 5469 Rotlt‘omaig:

1782 5477 1850 5514 an
1892 5461 2049 5524 I603.
2078 5461 2200 5529 pag.
2223 5461 2396 5514 1444.

1858 5542 1882 5568 ἰ
1918 5532 1981 5586 In
2013 5535 2193 5587 ca‘silto
2222 5549 2324 5585 una
2354 5549 2470 5586 cum
2500 5534 2558 5588 S.
2595 5532 2818 5589 Eusebio
2854 5534 3168 5593 Vercellensi
3195 5559 3226 5594 a
3257 5540 3391 5596 Con-

1784 5607 2009 5658 stantino
2055 5605 2230 5676 pulsus
2277 5613 2371 5657 cst.
2407 5606 2464 5659 In
2490 5607 2664 5660 Catal.
2712 5608 2812 5664 SS.
2849 5608 2917 5663 ad
2959 5609 3103 5665 diem
3146 5612 3231 5668 1:5.
3264 5613 3387 5670 Jun.

1789 5691 1909 5746 pag.
1945 5678 2033 5732 65.

1862 5758 1883 5782 ο
1922 5750 1982 5821 D.
2015 5749 2162 5803 Ilier.
2191 5747 2258 5802 de
2281 5748 2456 5821 Scrip.
2491 5751 2637 5806 Eccl.
2671 5751 2724 5806 in
2749 5750 2928 5807 Lucil".

1861 5831 1888 5870 ιι
1919 5820 1984 5876 ν.
2019 5821 2216 5875 Βςιτοιι.
2249 5821 2315 5874 ad
2359 5820 2449 5875 an.
2483 5822 2612 5877 Chr.
2646 5825 2771 5879 356.
2813 5841 2866 5878 ιι.
2901 5825 2990 5888 75,
3025 5835 3081 5880 et
3109 5825 3306 5886 Tilium
3337 5832 3389 5886 in

1793 5893 1941 5948 calce
1969 5894 2204 5960 Operum
2234 5891 2409 5947 Lucif.
2444 5894 2575 5949 edit.
2615 5894 2786 5950 Paris.
2819 5909 2911 5950 an.
2950 5895 3113 5954 1568.

1867 5976 1892 6013 (ι
1927 5963 2124 6020 Β.ιι·οιι.
2157 5963 2288 6020 ibid.
2319 5976 2373 6018 et
2401 5964 2511 6024 Til.
2545 5966 2679 6021 ibid.

1873 6047 1893 6074 τ
1928 6035 2091 6092 Sard.
2120 6037 2246 6094 Sac.
2275 6039 2331 6091 in
2363 6037 2516 6095 Eccl.
2555 6038 2732 6098 Calar.
2766 6055 2887 6111 pag.
2921 6041 3013 6096 75.

2876 6133 2956 6194 2h
