4292 6376
728 414 833 467 747

1735 393 2037 452 LUCIFER
2079 386 2458 447 EPISCOPUS
2497 386 3013 447 CALAftlTANUS.

3913 398 4001 449 ’148

722 532 897 587 libros
946 524 1075 581 illos
1115 531 1171 579 et
1217 518 1568 576 elucubratus
1595 524 1651 572 et
1693 513 1892 569 missos
1939 507 2263 566 Constantio
2288 513 2335 559 ιι.
2367 508 2415 567 Α
2448 505 2498 561 iu
2534 505 2690 561 illum
2727 507 3062 562 contulerint
3092 505 3320 576 Patres,
3361 520 3685 579 suorumque
3730 514 3999 576 temporum

731 624 929 679 Verum
981 617 1183 690 partim
1234 610 1632 676 Germanicire,
1673 608 1870 678 partim
1920 598 2342 671 EleutbcrOpoli

726 717 964 787 scriptos
1001 711 1168 769 fuisse
1212 717 1266 765 et
1313 707 1559 763 rationes
1593 719 1698 757 non
1732 702 1806 758 ita
1838 701 1993 757 leves
2022 710 2077 754 et
2119 696 2339 766 conjec-

726 821 862 866 turae
895 806 1161 873 suadent,
1212 811 1270 857 ut
1316 804 1367 855 in
1401 799 1430 873 ᾗ
1464 814 1516 854 tv
1548 794 1768 852 Prtcfat.
1821 795 2028 851 dictum
2060 801 2146 848 est
2186 808 2197 843 :
2234 793 2339 845 hoc

728 902 893 961 unum
925 908 1136 957 certum
1171 897 1347 953 habeo
1388 892 1872 963 etploratumque,
1902 887 2074 943 libros
2108 885 2233 940 illos
2264 884 2334 939 ab

725 996 920 1056 exsule
967 990 1222 1050 Lucifero
1261 986 1483 1047 exorari
1525 993 1741 1055 coeptos
1773 990 1895 1053 post
1926 994 2016 1034 an.
2048 978 2179 1033 Chr.
2207 975 2337 1042 556,

719 1100 773 1145 et
805 1088 1089 1144 absolutos
1116 1082 1265 1140 circa
1295 1080 1512 1134 initium
1542 1093 1635 1132 an.
1665 1075 1793 1132 “560.
1827 1072 1901 1131 Ut
1933 1070 2141 1143 egregii
2177 1069 2341 1141 hujus

720 1183 905 1254 operis
931 1180 1182 1236 nuntium
1213 1174 1426 1246 accepit
1457 1172 1826 1234 Athanasius,
1861 1167 1953 1239 qui
1983 1176 2115 1223 tunc
2143 1176 2197 1222 et
2224 1167 2340 1236 ipse

715 1275 1039 1337 exsulabat,
1082 1271 1270 1327 statim
1307 1283 1403 1340 per
1430 1265 1795 1339 Eutyeltetem
1838 1261 2144 1316 Diaconum
2176 1258 2340 1314 Luci-

718 1370 839 1426 fero
868 1368 1083 1424 litteras
1113 1364 1299 1431 misit,
1330 1376 1529 1433 rogans
1555 1369 1611 1415 ut
1639 1358 1810 1413 libros
1832 1353 2157 1411 Constantio
2188 1353 2341 1409 obla-

719 1477 805 1523 tos
845 1464 949 1521 sibi
996 1462 1164 1519 etiam
1208 1457 1474 1527 legendos
1513 1453 1814 1523 diligenter
1862 1447 2183 1506 mitteretb.
2225 1447 2339 1503 lloc

714 1560 838 1615 siue
865 1569 1020 1612 mora
1048 1551 1307 1625 praestitit
1335 1547 1578 1615 Lucifer,
1604 1546 1698 1617 qui
1723 1560 1789 1601 ex
1814 1544 1918 1599 hoc
1941 1543 2009 1598 ab
2036 1540 2338 1596 Athanasio

713 1648 1075 1707 honoriﬁcum
1105 1643 1419 1702 sanctitatis
1447 1641 1827 1710 doctrinaeque
1857 1636 2060 1692 meruit
2090 1633 2337 1691 testimo-

712 1746 864 1801 nium
888 1784 905 1811 ,
936 1750 998 1798 ut
1027 1737 1317 1798 Athanasii
1349 1735 1417 1790 ad
1460 1732 1776 1790 Luciferum
1816 1728 2109 1801 epistolam
2144 1728 2225 1782 vel
2260 1726 2337 1781 lc-

715 1841 867 1915 genti
898 1845 1051 1911 patet
1081 1848 1127 1890 ε.
1163 1832 1517 1889 Marcellinus
1551 1839 1602 1885 ct
1627 1826 1946 1891 Faustinus,
1976 1822 2166 1878 Libelli
2199 1834 2329 1890 sup.

2449 599 2620 656 Eliam
2653 601 2803 656 illum
2849 600 3126 672 appellare
3160 615 3268 656 non
3298 599 3663 658 dubitaverint
3688 598 3726 654 ί.
3768 592 4001 671 lliejudi-

2445 692 2590 750 cium
2627 695 2696 751 el.
2731 693 3025 751 Meldensis
3068 694 3321 766 Episcopi
3352 694 3422 750 de
3451 694 3782 753 Luciferiano
3807 694 4000 767 styloiu

2446 788 2686 844 medium
2738 788 2898 843 liceat
2941 788 3220 858 proferre,
3256 796 3445 858 utpote
3490 790 3577 861 qui
3624 788 4001 860 diligentissime

2447 879 2594 936 illius
2622 879 2851 936 edendis
2876 880 3137 950 operibus
3161 881 3367 951 primus
3391 880 3649 936 incubuit.
3673 878 3841 952 Ipsius
3858 894 4002 935 sermo

2446 974 2611 1045 (scil.
2661 971 2944 1045 Luciferi)
2994 975 3123 1029 adeo
3156 974 3301 1029 rudis
3348 983 3421 1028 est
3465 985 3513 1029 et
3544 976 4001 1045 incomptus,quem

2444 1069 2659 1136 ipsemet
2686 1069 2839 1123 etiam
2856 1069 3107 1122 rusticum
3134 1078 3277 1123 vocat
3305 1086 3321 1121 :
3349 1076 3401 1121 at
3418 1067 3505 1139 qui
3531 1067 3793 1139 diligenter
3812 1083 4001 1139 perpen-

2444 1162 2614 1228 derit,
2647 1178 2761 1216 eunt
2788 1178 2996 1235 grauem
3041 1174 3089 1218 et
3136 1161 3403 1217 sententiis
3431 1163 3703 1233 refertum,
3732 1163 3906 1233 virique
3928 1162 4002 1215 in.

2442 1256 2592 1327 genio
2619 1256 2835 1310 valentis
2866 1256 3111 1322 inveniet,
3145 1267 3241 1311 etc.
3279 1254 3482 1312 Deinde
3507 1272 3520 1311 :
3549 1253 3731 1310 Totum
3758 1272 3876 1327 Opus
3903 1256 3999 1310 exi-

2441 1365 2600 1422 guum
2647 1349 2931 1403 admodum
2982 1352 3149 1421 foret,
3203 1350 3247 1404 si
3302 1348 3363 1403 ab
3408 1364 3464 1403 eo
3512 1348 3777 1418 Scriptura
3819 1349 4001 1413 divina,

2441 1457 2595 1507 qttant
2623 1443 3001 1514 promptiorem
3034 1442 3217 1499 [rabere
3247 1460 3347 1497 non
3376 1443 3646 1514 potuisset,
3685 1443 4002 1508 scinderetur,

2441 1545 2486 1589 et
2518 1539 2814 1606 auferretur
2847 1535 2890 1590 i.
2941 1534 3018 1592 lla
3054 1536 3146 1593 ille
3168 1578 3180 1601 ,
3212 1545 3266 1592 et
3297 1538 3526 1593 merito:
3569 1536 3854 1605 Scriptum
3890 1551 4005 1591 vero

2440 1627 2642 1685 divina:
2690 1631 2909 1695 versio,
2939 1647 3043 1701 qua
3095 1646 3224 1686 usus
3265 1638 3349 1686 est
3376 1630 3611 1696 Lucifer,
3655 1632 3861 1702 antiqua
3897 1645 4003 1685 om-

2441 1723 2570 1778 nino
2601 1737 2663 1776 ea
2703 1735 2820 1789 ρει,
2857 1731 2913 1779 et
2950 1722 3020 1777 ab
3071 1723 3162 1778 illa
3187 1764 3201 1789 ,
3234 1738 3336 1793 qua
3373 1738 3515 1778 nunc
3557 1724 3772 1791 utimur,
3803 1721 4004 1793 Vulgata

2441 1816 2756 1873 notabiliter
2784 1816 3105 1887 discrepans
3130 1860 3144 1883 ,
3178 1827 3233 1870 ut
3265 1832 3329 1871 ex
3362 1817 3505 1871 notis
3532 1815 3655 1871 huic
3684 1824 3872 1872 nostra:
3906 1815 4006 1870 edi-

718 1936 880 2008 plicis
911 1941 1190 1996 auctores,
1240 1929 1292 1984 in
1341 1941 1407 1984 co
1454 1925 1735 1981 tradidere
1762 1962 1775 1986 ,
1824 1917 2183 1975 Athanasium
2206 1956 2220 1981 ,
2280 1924 2337 1969 ut
2370 1916 2413 1975 Β
2448 1910 2577 1963 tioni
2613 1909 2875 1978 subiectis
2909 1909 3084 1980 palam
3120 1910 3196 1964 tit.
3234 1907 3515 1964 luterserit
3543 1908 3702 1963 etiam
3732 1906 4008 1977 sa'pissime

716 2028 1091 2086 Orientalibus
1115 2021 1417 2080 Catholicis
1444 2016 1641 2073 solatio
1672 2024 1728 2071 et
1757 2011 2013 2082 exemplo
2056 2017 2243 2066 essent
2274 2009 2327 2062 in

712 2140 773 2181 ea
806 2120 1073 2180 Ecclesi:e
1105 2118 1376 2173 universrc
1409 2110 1853 2182 perturbatione,
1887 2104 2130 2162 Luciferi
2158 2102 2329 2158 libros

714 2218 767 2274 in
815 2214 1071 2273 Graecum
1124 2222 1441 2267 sermonem
1500 2202 1879 2267 transtulisse,
1932 2212 2094 2270 quam
2146 2204 2329 2251 tamen

712 2308 1001 2366 Athanasii
1025 2305 1332 2362 versionem
1358 2315 1483 2357 cum
1507 2296 1631 2353 aliis
1654 2294 1722 2351 ad
1749 2293 2063 2351 Luciferqu
2091 2286 2329 2346 litteris‘l

663 2455 665 2457 ,
720 2405 951 2478 periisse
986 2400 1259 2456 dolemus.
1306 2392 1384 2451 En
1423 2390 1726 2449 Marcellini
1767 2398 1821 2445 et
1849 2384 2096 2443 Faustini
2125 2383 2290 2440 verba
2320 2400 2331 2436 :

721 2498 864 2565 Quos
894 2494 1106 2565 quidem
1140 2491 1297 2546 libros
1325 2504 1445 2542 cum
1472 2502 1564 2559 per
1595 2482 1772 2539 omnia
1803 2498 1868 2537 ex
1897 2480 2098 2550 integro
2127 2484 2329 2549 ageret,

714 2591 953 2661 suspexit
983 2596 1031 2641 et
1064 2582 1388 2639 Athanasius
1416 2589 1471 2634 ut
1505 2579 1611 2632 veri
1637 2576 1867 2630 rindices
1888 2616 1901 2636 ,
1935 2582 2088 2643 atque
2117 2572 2169 2625 in
2200 2585 2330 2641 grte-

710 2702 830 2743 cum
859 2682 1058 2756 stylum
1089 2676 1386 2741 transtulit,
1433 2689 1495 2728 ne
1539 2680 1737 2725 tantum
1783 2667 1903 2721 boni
1931 2663 2116 2720 (ἔνατα
2153 2664 2333 2734 lingua

716 2798 819 2837 non
851 2776 1081 2833 haberet.
1116 2775 1217 2829 Ast
1246 2769 1378 2844 quid
1420 2768 1486 2824 iis
1527 2765 1692 2822 libris
1723 2761 1962 2831 acceptis
2005 2759 2187 2831 egerit
2223 2758 2336 2812 Au-

716 2885 948 2945 gusms,
997 2866 1314 2923 nescimus:
1366 2860 1606 2930 graviter
1648 2868 1831 2913 tamen
1881 2851 2199 2909 Luciferum
2231 2849 2337 2905 sibi

720 2968 897 3023 libere
940 2964 1310 3033 alloquentem
1356 2957 1545 3013 tulisse
1567 2994 1583 3021 ,
1617 2952 2067 3023 indignatumque
2102 2949 2338 3001 maxime

719 3061 793 3118 illi
843 3059 1011 3115 fuisse
1052 3071 1121 3111 ex
1156 3053 1238 3109 his
1290 3049 1531 3107 Luciferi
1575 3046 1761 3102 verbis
1800 3042 2144 3113 conjicitur:
2191 3037 2339 3092 Dicis

718 3176 811 3214 nos
832 3157 1114 3212 insolentes
1126 3150 1382 3206 exstitisse
1403 3146 1541 3201 circa
1561 3154 1628 3207 te,
1648 3157 1795 3212 quem
1814 3137 2060 3192 honorari
2083 3134 2333 3189 decurrit.

723 3254 785 3311 Si
814 3252 1087 3323 quisquam
1112 3245 1211 3301 Dei
1233 3243 1494 3298 cultorum
1519 3237 1746 3309 pepercit
1771 3233 2047 3303 apostatis,
2072 3231 2175 3284 sint
2195 3245 2334 3293 veru,

2430 2003 2615 2058 latinis
2674 2002 2915 2059 Sardoas
2968 2011 3024 2058 et
3075 2001 3295 2059 Grncas
3344 2016 3507 2057 voces
3556 2001 3706 2057 Latio
3755 2000 4007 2064 donatas,

2432 2097 2769 2168 phrasesquc
2808 2104 3041 2166 usurpat
3069 2110 3207 2150 nova
3237 2109 3368 2151 sane
3407 2096 3617 2167 syntaxi
3650 2096 3861 2149 omnino
3890 2093 4009 2147 bar-

2434 2188 2626 2256 haras,
2682 2198 2738 2244 et
2785 2189 3175 2261 graecizantes,
3229 2202 3415 2258 quasa
3470 2188 3601 2243 viris
3651 2184 4008 2243 doctissimisk

2436 2288 2580 2342 notis
2622 2286 2927 2341 illustratas
2956 2282 3058 2339 hac
3088 2284 3139 2338 in
3173 2282 3415 2340 editione
3442 2281 3632 2339 obvias
3662 2281 4015 2352 unusquisque

2438 2380 2624 2437 habet.

3110 2471 3242 2545 §v.

2511 2572 2814 2640 Antequam
2844 2569 2910 2624 ad
2944 2570 3049 2625 alia
3079 2567 3512 2642 progrediamur,
3548 2581 3661 2638 qua:
3688 2564 3752 2620 ad
3792 2560 4013 2619 Luciferi

2436 2674 2586 2736 gesta
2627 2672 2910 2732 spectant.
2958 2674 3019 2720 ttt
3062 2677 3152 2719 res
3195 2662 3413 2718 clariori
3465 2663 3585 2717 luce
3626 2660 3916 2721 donentur,
3958 2654 4019 2710 de

2443 2756 2627 2810 Edicto
2662 2756 2756 2809 illo
2787 2755 2991 2811 celebri
3020 2769 3203 2825 opera:
3250 2754 3479 2826 pretium
3512 2751 3878 2817 existimamus
3907 2746 4018 2801 dili-

2439 2859 2633 2919 genter
2666 2849 2977 2917 inquirere,
3012 2847 3156 2919 quod
3191 2846 3351 2902 toties
3387 2855 3439 2902 et
3471 2843 3751 2915 indignans
3790 2854 4017 2896 commc-

2444 2952 2622 2997 morat
2655 2943 2769 3014 ipse
2801 2941 3015 2997 Lucifer
3048 2942 3102 2996 in
3144 2940 3399 2996 omnibus
3427 2937 3538 2995 fere
3578 2936 3727 2991 libris
3763 2948 3896 3005 quos
3932 2947 4016 2986 su-

2442 3039 2643 3109 periori
2677 3037 3018 3110 paragrapho
3043 3037 3417 3093 recensuimus
3435 3049 3449 3098 ;
3470 3031 3715 3104 quodque
3727 3030 4017 3086 uberiorem

2444 3131 2825 3185 tractationem
2869 3147 2896 3185 a
2930 3130 3092 3185 nobis
3132 3128 3413 3201 requirere
3452 3125 3661 3181 videtur
3697 3122 3761 3178 ad
3798 3119 4019 3177 Luciferi

2444 3239 2638 3279 sensus
2680 3223 3085 3296 dignoscendos
3110 3264 3123 3287 ,
3159 3230 3326 3291 utque
3372 3236 3466 3284 ea,
3509 3234 3627 3289 qua:
3658 3217 3722 3273 ad
3755 3215 4019 3270 historiam

718 3361 833 3417 qua!
878 3342 1012 3397 dicis
1055 3339 1118 3394 de
1168 3335 1313 3392 nobis
1344 3345 1391 3388 ιτ.
1426 3332 1614 3402 Neque
1664 3329 1748 3382 his
1779 3335 2073 3382 contentus
2115 3322 2337 3378 Lucifer
2361 3314 2410 3376 (ἶ
2446 3320 2595 3375 illius
2624 3321 2888 3388 temporis
2919 3318 3189 3381 attinent,
3217 3321 3448 3389 ipsomct
3473 3315 3697 3372 Luciferi
3724 3312 4021 3370 testimonio

722 3415 871 3494 aliud
909 3430 1113 3491 deinde
1156 3428 1330 3485 edidit
1371 3421 1866 3487 commentarium,
1901 3417 2047 3489 quod
2089 3415 2344 3473 absoluto

722 3527 1012 3587 Sirmiensi
1044 3519 1425 3581 Conciliabulo
1459 3526 1518 3574 et
1558 3512 2171 3582 ConstantinOpolitano
2204 3509 2341 3564 seri-

724 3625 903 3695 psisse
930 3637 1000 3677 ex
1035 3619 1206 3688 ipsius
1240 3613 1423 3671 verbis
1452 3610 1848 3667 eliciturznatn
1884 3604 2191 3661 Eudoxium
2230 3603 2341 3657 illa-

721 3717 955 3776 cedonio
986 3714 1038 3767 in
1063 3704 1675 3776 Constantinopolitana
1700 3699 1846 3757 Sede
1874 3697 2163 3753 suffectum
2194 3712 2345 3751 coiit-

723 3817 1025 3873 memorat,
1057 3807 1147 3878 qui
1179 3804 1257 3859 illi
1290 3810 1440 3858 certe
1474 3801 1541 3853 ab
1574 3796 1914 3853 Antiacltcna
1941 3794 2202 3851 cathedra
2236 3803 2343 3847 tra-

728 3906 929 3962 ductus
977 3910 1099 3971 post
1142 3899 1233 3953 illa
1285 3890 1758 3966 pseudo-concilia
1801 3889 1904 3944 fuit
1947 3888 2343 3958 subrogatus".

728 3998 843 4055 Hoc
891 4008 1027 4065 opus
1055 3992 1120 4047 de
1159 4006 1264 4045 non
1303 3986 1567 4057 parcendo
1614 3985 1668 4038 in
1709 3982 1876 4037 Deum
1922 3980 2349 4049 delinquentibus

729 4093 1033 4165 inscripsit,
1059 4103 1295 4159 cumque
1322 4092 1469 4140 totus
1492 4080 1743 4153 martyrii
1769 4077 2047 4134 desiderio
2068 4085 2350 4139 :rstuaret,

733 4206 833 4247 nec
862 4203 980 4260 qua:
1013 4188 1065 4239 in
1098 4185 1275 4239 lucem
1308 4178 1561 4236 ediderat
1600 4174 1667 4229 ad
1692 4173 1926 4229 Arianus
1959 4169 2351 4243 opprimendos

730 4286 870 4341 satis
914 4296 1037 4339 esse
1082 4277 1479 4336 arbitraretur,
1533 4277 1872 4342 postremum
1926 4265 2163 4321 subinde
2210 4278 2351 4335 Opus

740 4377 1043 4438 elaboravit
1062 4417 1076 4439 ,
1107 4372 1194 4427 cui
1225 4369 1417 4425 titulus
1444 4363 1779 4420 Moriendum
1801 4377 1909 4415 esse
1934 4376 2030 4429 pro
2058 4358 2197 4414 Filio
2223 4358 2352 4426 Dei;

744 4487 879 4545 quos
909 4471 1110 4533 libros,
1145 4463 1248 4520 etsi
1276 4460 1443 4517 unico
1469 4460 1903 4527 comprehensos
1930 4451 2099 4524 aliqui
2129 4467 2356 4508 censue-

744 4544 855 4622 rint
879 4574 927 4631 ις,
958 4571 1013 4618 et
1044 4557 1204 4616 simul
1240 4550 1563 4612 ConSIantio
1601 4546 1847 4611 oblatos,
1881 4555 2124 4601 attamen
2164 4544 2354 4601 eadem

748 4658 919 4717 animi
953 4650 1260 4711 constantia
1305 4647 1575 4717 scriptos,
1610 4651 1734 4713 post
1780 4643 2018 4711 primos,
2052 4640 2123 4696 de
2163 4640 2360 4710 quibus

2445 3412 2895 3485 comprahcntur.
2929 3413 3043 3482 Qua
3074 3412 3129 3468 in
3165 3428 3224 3469 re
3256 3411 3387 3467 illud
3416 3420 3625 3467 certum
3660 3408 3936 3464 statuimus
3963 3420 4020 3459 ex

2447 3508 2759 3563 Suzomeno
2781 3506 2822 3569 '.
2848 3507 3230 3562 Constantium
3255 3521 3329 3563 eo
3344 3505 3569 3561 consilio
3590 3503 4021 3560 Mediolanensem

2450 3604 2732 3673 Synadum
2760 3601 3026 3657 indixisse
3047 3643 3061 3667 ,
3085 3610 3142 3655 ut
3164 3599 3443 3655 discordes
3466 3598 3844 3668 Episcoporum
3868 3592 4021 3647 anitni

2453 3700 2506 3751 in
2544 3713 2706 3750 unam
2737 3695 2888 3751 Fidei
2933 3696 3258 3751 sententiam
3303 3693 3690 3757 convenirent,
3718 3704 3834 3760 qua:
3858 3698 4023 3743 tamen

2450 3789 2683 3845 Nicaenis
2704 3788 2944 3845 decretis
2967 3786 3352 3843 adversaretur
3378 3803 3390 3836 :
3409 3782 3730 3840 Constantius
3751 3780 3844 3853 (ait
3869 3780 4023 3835 Soza-

2453 3885 2683 3952 menus)
2710 3883 2795 3953 qui
2826 3882 2968 3937 solus
2989 3884 3106 3954 jam
3136 3878 3365 3951 Imperio
3391 3877 3540 3932 Rom.
3569 3874 3867 3949 potiebatur,
3896 3872 4024 3924 omni

2456 3975 2632 4030 studio
2666 3974 2910 4044 perﬁcere
2940 3984 3153 4030 conatus
3183 3981 3291 4040 est,
3328 3981 3386 4027 ut
3414 3968 3760 4026 Occidentales
3792 3964 4025 4035 Episcopi

2455 4087 2571 4125 cum
2599 4071 2663 4124 iis
2694 4072 3072 4138 consentirent,
3100 4070 3189 4142 qui
3221 4066 3420 4121 Filium
3453 4064 3596 4120 Patri
3622 4061 3829 4117 similent
3859 4076 4027 4114 secun-

2456 4168 2579 4220 dant
2612 4166 2960 4220 substantiam
2988 4163 3290 4220 asserebant
3320 4179 3337 4217 :
3362 4164 3490 4222 Τοὺς
3510 4159 3598 4214 ἀνά
3626 4163 3711 4216 τὴν
3750 4154 3891 4211 δύσιν
3926 4156 4025 4207 ἐπι-

2456 4263 2685 4323 σκὸπους
2710 4269 2823 4323 τοῖς
2851 4261 3121 4332 ὁμοούσιον
3148 4261 3310 4330 πατρὶ
3342 4257 3427 4312 τὸν
3451 4254 3555 4309 υἱὸν
3583 4251 3841 4317 δοξάζουσι
3869 4255 4022 4304 συνεῖ-

2457 4372 2581 4412 νοιιέ
2612 4355 2700 4409 ubi
2732 4365 2911 4409 tamen
2942 4352 3198 4409 mendum
3232 4346 3667 4422 typographicutn
3697 4344 3862 4403 inest,
3891 4340 4022 4395 edita

2459 4451 2733 4525 ὁμοιινσίου
2754 4464 2886 4505 voce
2905 4463 3000 4519 pro
3018 4448 3310 4520 ὁμθιονσίου
3329 4461 3343 4512 ;
3364 4459 3483 4500 cum
3508 4441 3642 4497 idem
3660 4438 3976 4495 διιῑοιιιειιιιε
3992 4444 4023 4465 δί’

2461 4546 2695 4611 scribat,
2743 4543 3124 4601 Constantium
3173 4557 3275 4596 non
3316 4539 3519 4609 penitus
3556 4532 3801 4589 destitisse
3845 4526 4023 4581 Filium

2464 4640 2576 4695 κατ’
2606 4642 2781 4695 οὐσίαν
2803 4638 2976 4711 ὅμοιον
3002 4636 3256 4707 conﬁteri.
3282 4632 3389 4690 Sed
3416 4645 3536 4687 cum
3563 4627 3613 4684 id
3642 4623 3887 4693 consequi
3927 4636 4022 4674 non

749 4750 1087 4813 mentionem
1122 4743 1349 4801 fecimus
1369 4782 1382 4805 ,
1426 4746 1637 4794 certum
1669 4745 1755 4791 est
1795 4734 2108 4792 elaboratus
2138 4749 2167 4788 a
2199 4734 2363 4791 Luci-
2392 4711 2443 4771 1)
2469 4744 2633 4802 posse
2659 4746 2719 4786 se
2749 4733 3023 4786 sentirent
3049 4728 3287 4787 ineretiei
3317 4723 3595 4796 Episcopi,
3624 4720 3709 4790 qui
3729 4715 4027 4774 Constantio

748 4850 874 4908 fere
911 4845 1080 4901 fuisse
1104 4883 1118 4908 ,
1172 4846 1230 4891 ut
1263 4834 1341 4889 ait
1385 4827 1794 4901 Papcbrochius
1818 4824 1882 4893 δ,
1930 4838 1986 4883 et
2030 4826 2266 4884 fortasse
2308 4829 2358 4884 in

750 4942 943 5001 ultimo
975 4935 1060 4994 sui
1093 4931 1272 4990 exsilii
1311 4929 1450 4983 loco.
1484 4924 1540 4980 In
1569 4922 1723 4977 hisce
1752 4920 1989 4978 Luciferi
2024 4922 2363 4979 lucubratio-

745 5039 906 5099 nibus
956 5040 1109 5106 patet
1154 5026 1237 5082 vis
1271 5035 1465 5092 magna
1504 5016 1765 5082 dicendi,
1807 5015 2110 5087 igneusque
2151 5033 2214 5072 ex
2264 5034 2363 5075 ore

758 5123 993 5185 Luciferi
1024 5130 1317 5189 erumpens
1364 5112 1583 5185 gladius
1626 5109 1694 5165 ad
1731 5109 1919 5164 hostes
1961 5108 2221 5165 Ecclesia:
2254 5127 2364 5167 uno

755 5236 923 5281 vetuli
962 5218 1068 5273 ictu
1097 5207 1471 5285 perimelides.
1498 5222 1565 5263 ex
1591 5219 1699 5276 quo
1725 5203 1929 5264 factum
1971 5212 2027 5256 ut
2071 5211 2149 5257 tot
2187 5205 2362 5277 elogia

826 5374 848 5398 α
887 5360 960 5413 με
990 5354 1191 5422 Script.
1222 5348 1537 5422 Eccl._s_:cc.
1570 5342 1771 5422 Amano
1804 5356 1929 5422 pag.
1964 5357 2035 5395 nt.
2077 5341 2197 5396 156.

825 5434 849 5470 ι’
882 5430 945 5484 ν.
981 5431 1032 5483 in
1068 5414 1173 5479 line
1204 5420 1337 5477 edit.
1367 5417 1471 5473 Til.
1506 5426 1561 5471 ct
1585 5416 1783 5469 Baron.
1819 5414 1854 5469 Ι.
1886 5428 1936 5468 c.

834 5516 863 5564 υ,
886 5503 1085 5556 Baron.
1115 5496 1246 5552 ibid.

827 5559 863 5612 α’
888 5571 1143 5628 Eruimus
1197 5567 1332 5621 alias
1395 5559 1754 5617 Athanasium
1821 5557 2079 5613 Lucifero
2148 5558 2362 5619 dedisse

754 5647 1015 5717 αρίειυιηε
1045 5642 1210 5717 egiis
1239 5636 1425 5717 verbis
1446 5676 1460 5699 ,
1496 5632 1731 5717 dlisintus
1775 5633 1935 5713 etiant
1958 5646 2095 5717 nuitc
2117 5672 2130 5694 ,
2164 5642 2269 5688 etc.
2306 5634 2358 5690 in

755 5702 1046 5790 superstite
1080 5713 1198 5776 illa,
1245 5710 1315 5765 de
1356 5721 1461 5778 qua
1506 5704 1801 5776 loquimur,
1851 5702 2129 5772 epistula:
2177 5719 2364 5762 verum

760 5804 1117 5917 ‘Dez‘l‘i‘iclibro
1144 5854 1217 5909 Dr
1247 5870 1347 5907 non
1378 5848 1640 5922 parcenth
1669 5858 1784 5922 etc.
1801 5845 2039 5922 pag.169
2058 5844 2180 5919 (col.
2208 5851 2357 5922 957).

834 5934 851 5973 ί
887 5934 1088 5989 Baron.
1121 5928 1184 5980 ad
1216 5943 1307 5979 an.
1338 5918 1472 5979 Chr.
1506 5919 1634 5982 556,
1670 5934 1726 5973 n.
1759 5918 1849 5975 69.

819 6016 842 6056 ε
874 6005 1051 6063 Tilius
1119 5999 1170 6055 in
1230 5996 1390 6054 Praef.
1439 5990 1507 6050 ad
1561 5989 1717 6049 Pium
1772 5990 1836 6046 V.
1904 5990 1957 6044 in
2013 5990 2144 6049 edit.
2198 6011 2354 6069 oper.

2470 4824 2714 4895 quatidie
2743 4826 2973 4881 aderant
2999 4823 3182 4881 callidi
3215 4820 3362 4894 pacis
3396 4814 3733 4890 procuranda:
3761 4823 4024 4865 auctores.

2473 4918 2624 4990 prius
2655 4917 2723 4974 de
2754 4917 3148 4988 proscribendo
3182 4914 3474 4970 Athanasio
3504 4908 3776 4964 consilium
3807 4904 4027 4973 Impera-

2473 5014 2576 5069 tori
2606 5023 2991 5084 suggesseraut
3015 5056 3029 5080 ,
3057 5026 3166 5083 quo
3193 5010 3445 5065 damnato
3476 5005 3546 5060 ab
3573 4999 3839 5073 EpiscOpis
3878 4998 4024 5052 etiam

2475 5107 2923 5165 Occidentalibus
2940 5149 2957 5175 ,
2999 5106 3157 5163 facile
3182 5104 3439 5175 deinceps
3463 5099 3668 5157 Nicmna
3700 5092 3852 5150 Fides
3877 5106 4026 5146 ever-

2477 5215 2725 5262 teretur:
2760 5203 2851 5263 Si'c
2890 5205 3022 5261 enim
3056 5203 3170 5276 (ait
3206 5200 3348 5259 idem
3378 5189 3731 5263 Sozomenus)
3762 5187 4026 5261 cogitabat,

2476 5343 2653 5401 Lueil‘.

2549 5414 2576 5454 ιι
2608 5416 2671 5471 τ.
2704 5417 2758 5472 5.
2790 5417 2916 5473 Maii
2945 5416 3010 5471 ad
3041 5417 3095 5471 ιι.
3122 5415 3215 5472 eo.
3252 5429 3298 5470 c.
3334 5413 3387 5481 t,
3421 5408 3593 5481 11.23,

2552 5496 2567 5535 ί
2948 5468 3403 5553 anuilvéur'naa
3454 5476 3645 5553 Lepide
3688 5473 3925 5553 θρίδαξ.
3966 5468 4025 5524 ad

2472 5560 2713 5617 Timoth.
2754 5575 2804 5615 e.
2840 5561 2889 5614 i.
2923 5571 2974 5615 et
3004 5545 3063 5617 Β.
3097 5560 3319 5617 Hieron.
3349 5556 3417 5613 dc
3450 5545 3543 5609 vir.
3571 5545 3733 5606 illust.‘
3768 5563 3816 5604 c.
3844 5545 3930 5601 95.

2547 5634 2561 5685 i
2606 5634 2661 5689 In
2692 5634 2786 5689 cit.
2819 5632 2974 5705 prter.

2472 5779 2513 5835 Ο
2546 5686 2957 5833 ιᾱὲοιέξιξτῖίιξ,
3008 5705 3207 5776 Tilitts,
3263 5698 3618 5765 Sabaticrius,
3672 5693 3934 5756 Latinius,
3984 5686 4023 5737 l2

2518 5795 2579 5835 cr
2620 5794 2673 5834 a.

2518 5794 2673 5835 (21⁵08.

2548 5850 2565 5889 1
2602 5850 2722 5906 Lib.
2748 5850 2801 5906 4.
2832 5867 2882 5907 c.
2911 5850 2965 5908 8.
2996 5851 3128 5908 edit.
3160 5850 3341 5905 Vales.

2541 5932 2579 5960 π’
2614 5921 2692 5979 Id.
2727 5923 2821 5980 lib.
2851 5925 2905 5982 ὅ.
2932 5938 2979 5981 c.
3022 5926 3100 5983 18.
