4292 6464
151 461 246 517 'th

1534 462 1848 522 LUCIFERI
1893 463 2077 522 VITA.

3357 472 3466 533 750

153 576 193 627 si
210 573 528 632 Athanasius
547 580 805 634 communi
829 581 1324 652 omniumsu/Iragio
1353 598 1378 634 e
1407 582 1576 634 medio
1597 584 1756 634 rcnio-
1791 593 1840 652 Α
1867 582 2044 636 clarat
2069 579 2090 619 τ
2139 583 2447 655 smpittsque
2491 587 2784 643 confirmat
2810 597 2864 653 8;
2903 603 3023 644 nam
3071 593 3279 647 verbum
3325 605 3472 649 tuum

153 678 366 736 veretur,
385 672 539 739 facile
552 688 605 724 se
617 672 854 744 deinceps
868 692 923 727 ea
948 691 1060 744 gna'
1078 675 1143 726 ad
1162 675 1458 745 religionem
1476 675 1753 742 pertinent,

155 778 246 832 pro
271 764 488 818 arbitrio
515 770 913 821 constitutorum
944 786 961 822 :
987 785 1136 836 quam
1169 784 1332 820 rerum
1359 768 1521 836 fuisse
1547 784 1754 820 causam

157 853 560 910 Mediolanensis
579 856 797 912 Concilii
816 859 932 929 ipse
949 860 1232 914 Confirmat
1252 875 1371 926 cap.
1389 860 1442 914 9.
1467 859 1577 913 lluc
1596 859 1758 927 igitur

157 947 434 1004 referenda
454 990 468 1011 ,
503 965 625 1018 qua:
656 951 872 1007 Lucifer
903 968 1048 1021 ὲίιὶιιϐ
1075 952 1392 1007 Constantio
1423 952 1754 1022 exprobrat,

153 1036 441 1093 subdolum
478 1041 627 1094 illum
678 1059 878 1098 vocans
908 1045 1055 1114 pacis
1096 1053 1409 1107 auctorem,
1447 1058 1570 1098 eum
1608 1043 1758 1110 pacis

153 1148 208 1188 re
239 1149 360 1188 vera
394 1146 541 1189 esset
571 1135 824 1192 inimicm
850 1145 874 1173 ει
897 1154 910 1190 :
937 1136 1163 1200 Dixisti,
1197 1136 1385 1191 Parem
1417 1141 1530 1189 rolo
1559 1135 1757 1204 firmari

153 1227 202 1278 in
232 1226 446 1295 imperio
478 1243 616 1284 meo.
648 1229 860 1296 Cupiens
889 1230 1082 1284 violare
1110 1231 1162 1282 in
1206 1229 1350 1282 nobis
1381 1246 1554 1297 picem
1587 1228 1750 1280 donti-

158 1321 356 1386 nicam;
384 1328 471 1374 et:
513 1323 572 1374 Si
603 1339 703 1374 ttan
734 1339 786 1376 es
830 1333 881 1374 tu
926 1322 1255 1375 (Tuintuntius
1300 1321 1626 1390 [mpm-uror,
1673 1321 1758 1388 qui

155 1413 366 1482 ﬁnxeris
387 1429 564 1486 pacem
589 1424 634 1468 te
658 1415 860 1483 facere;
885 1426 959 1477 et,
994 1415 1156 1468 Nobis
1178 1415 1404 1477 dicebas,
1434 1413 1620 1467 Pacem
1642 1415 1758 1466 volo

158 1505 292 1574 ﬁeri.
322 1505 399 1561 Ita
425 1507 476 1560 in
501 1507 644 1562 libro
674 1508 738 1560 de
768 1524 868 1560 non
909 1509 1256 1562 comenirntlo
1298 1524 1414 1560 cum
1458 1507 1759 1568 lncreticis;

164 1609 327 1667 atque
355 1598 408 1653 in
440 1599 622 1653 libror
657 1613 756 1668 pro
787 1598 844 1654 S.
873 1601 1174 1655 Admuasro
1198 1613 1319 1668 pag.
1356 1597 1424 1651 3-1
1447 1599 1566 1665 (col.
1595 1597 1755 1662 81%|):

161 1692 236 1746 Tu
262 1693 405 1762 pacis
420 1709 579 1747 causa
601 1705 647 1747 te
669 1695 838 1762 facere
857 1697 1146 1748 astrureris
1169 1711 1183 1757 ;
1216 1704 1270 1746 ιιι
1301 1694 1634 1746 .\tlian.isins
1657 1695 1762 1745 sci-

157 1784 686 1840 licetdamnaretur:
708 1797 816 1839 tum
841 1788 890 1840 itt
914 1787 1006 1839 lib.
1032 1789 1096 1840 de
1121 1804 1220 1839 non
1243 1788 1496 1854 parcendo
1525 1786 1573 1837 in
1596 1783 1761 1838 Deam

157 1878 580 1949 delinquentibus
607 1894 724 1950 pag.
757 1879 864 1934 225
896 1879 1020 1949 (col.
1047 1882 1176 1946 99:!)
1211 1899 1221 1934 :
1250 1878 1476 1949 Fingens
1505 1895 1684 1944 pacem
1719 1889 1765 1931 te

1861 674 2127 743 (inquit),
2161 691 2250 744 per
2276 678 2411 745 quod
2439 680 2602 748 serpis
2631 691 2684 733 nt
2711 699 2912 748 cancer,
2946 685 3081 752 {also
3112 688 3284 755 fucata
3305 688 3471 742 scien-

1860 769 1944 821 tirc
1990 778 2189 822 tumore
2234 771 2530 838 componis,
2563 777 2842 829 astruendo
2889 786 2935 830 te
2981 778 3214 834 omnibus
3257 782 3473 853 ﬂagitiis

1862 861 1963 915 tuis
2014 861 2273 915 maculato
2321 861 2508 917 Edicto
2557 873 2643 919 tuo
2690 869 2996 934 rescissore,
3042 887 3202 926 messe
3245 873 3475 926 omnium

1860 969 2133 1017 errorum;
2167 965 2276 1008 ttnn
2301 999 2314 1022 ,
2355 954 2576 1011 Novella
2608 968 2695 1012 tua
2727 961 3032 1029 praedicatio
3052 1004 3067 1030 ,
3099 975 3147 1018 et
3173 981 3351 1019 recens
3384 982 3468 1021 re-

1861 1048 1987 1117 ligio
2024 1048 2116 1100 sub
2159 1059 2410 1118 pra'textu
2445 1049 2599 1104 Fidei
2631 1043 2950 1125 blasphemia
2981 1057 3033 1110 in
3066 1060 3341 1124 perniciem
3383 1076 3474 1113 sa-

1863 1137 1988 1193 lutis
2019 1150 2119 1192 tua:
2161 1157 2250 1207 per
2289 1151 2335 1194 te
2364 1142 2618 1210 prolata;
2657 1158 2721 1198 ac
2751 1161 2966 1200 rursum
2995 1165 3008 1202 :
3045 1147 3207 1201 Nisus
3250 1165 3300 1203 es
3335 1150 3479 1204 blas-

1861 1231 2118 1300 phemiam
2148 1233 2490 1307 consacrilegi
2529 1236 2606 1289 tui
2645 1237 2756 1291 Arii
2786 1255 2872 1293 ore
2905 1241 3160 1308 prolatam
3209 1258 3345 1296 nunc
3387 1260 3479 1314 per

1859 1326 2111 1378 satellites
2160 1336 2275 1379 tuos
2306 1366 2320 1389 ,
2369 1344 2506 1382 nunc
2537 1330 2702 1384 edicto
2746 1341 2833 1385 tuo
2854 1375 2868 1396 ,
2900 1350 3035 1386 nunc
3075 1335 3344 1405 spiritibus
3376 1337 3476 1389 im-

1863 1421 2069 1471 mundis
2098 1422 2287 1488 referto
2315 1437 2403 1476 ore
2435 1432 2526 1476 tuo
2545 1423 2851 1493 prtedicare.
2879 1425 3034 1494 Quod
3059 1439 3238 1483 autem
3264 1429 3482 1486 Lucifer

1867 1511 2040 1566 lidicti
2074 1515 2291 1570 nomine
2323 1516 2460 1573 lianc
2491 1519 2783 1589 epistolam
2817 1522 3114 1592 signiﬁcet,
3152 1533 3264 1578 tum
3295 1539 3482 1580 exem-

1865 1607 1952 1672 plu
1979 1605 2259 1662 Athanasii
2282 1611 2597 1666 confirmari
2621 1623 2838 1684 potest,
2863 1615 2955 1688 qui
2984 1617 3196 1673 litteras
3223 1617 3476 1674 Prmfecti

1866 1696 2083 1767 {Egypli
2101 1698 2170 1755 de
2192 1699 2428 1772 Georgio
2461 1705 2513 1758 in
2545 1703 2831 1762 Athanasii
2868 1708 3034 1778 ipsius
3064 1711 3241 1765 locum
3277 1712 3484 1767 substi-

1868 1792 2070 1847 tuendo
2100 1794 2151 1848 in
2177 1796 2414 1866 speciem
2451 1795 2628 1855 Edicti
2661 1803 2969 1871 propositas
3001 1803 3168 1858 fuisse
3199 1805 3390 1860 scribit
3418 1806 3487 1859 ad

1869 1885 2250 1953 Orthodoxos,
2301 1890 2571 1960 siquidem
2623 1891 2706 1946 hze
2749 1893 2947 1949 littera!
2997 1896 3062 1950 ad
3114 1913 3318 1952 annum
3377 1899 3485 1954 356

158 1974 400 2041 ﬁrmare,
434 1984 646 2027 conatus
675 1977 852 2044 [ueras
881 1977 946 2026 ad
975 1991 1173 2027 onmem
1209 1972 1307 2027 Dei
1351 1973 1634 2026 Ecclesium
1680 1975 1766 2025 de-
1801 1992 1844 2051 Β
1873 1976 2181 2032 referantur
2229 1994 2352 2033 eum
2402 1979 2569 2052 Pagio
2597 1992 2656 2039 et
2706 1983 2925 2040 Valcsio
2953 1985 2978 2021 ¹ι
3029 1996 3217 2043 contra
3264 1987 3485 2044 Baronii

154 2068 492 2131 struendam;
517 2084 632 2136 qua:
655 2071 834 2122 omnia
858 2079 1009 2122 certe
1033 2068 1435 2123 Mediolaneuse
1465 2067 1766 2121 Concilium

153 2173 437 2234 Spectaut,
481 2167 636 2235 cujus
685 2167 890 2221 nefaria
925 2177 1075 2235 gesta
1122 2167 1336 2220 Lucifer
1371 2167 1422 2218 in
1469 2167 1581 2218 suis
1617 2165 1769 2218 libris

155 2259 416 2315 omnibus
448 2263 750 2331 saepissime
785 2263 1124 2330 perstringit.
1157 2260 1345 2330 Neque
1373 2275 1434 2313 ea
1469 2260 1531 2312 ad
1570 2258 1770 2312 .\rimi-

155 2369 384 2410 nensem
433 2356 716 2427 Synodum
765 2358 954 2410 referri
1006 2365 1269 2425 possunt,
1313 2370 1430 2406 cum
1483 2355 1568 2406 illa
1621 2355 1770 2422 pacis

156 2452 292 2504 item
325 2450 552 2506 obtentu
599 2465 627 2504 a
656 2449 981 2504 Constantio
1016 2460 1201 2518 postea
1237 2449 1397 2502 fuerit
1444 2447 1642 2499 indicta
1666 2489 1678 2508 ,
1715 2455 1773 2499 ut

151 2539 505 2597 Sozomeuus
534 2541 559 2580 δ
593 2553 647 2599 et
673 2542 930 2598 Socrates
963 2553 984 2580 ε
1014 2551 1305 2606 testantur,
1342 2542 1436 2595 sed
1474 2543 1598 2595 ticto
1628 2557 1770 2594 sem-

152 2651 257 2705 per
289 2645 343 2691 et
381 2637 573 2708 iniquo
614 2636 999 2694 hereticorum
1032 2639 1265 2692 consilio
1301 2655 1310 2690 :
1358 2637 1575 2691 Lucifer
1621 2637 1767 2691 enim

153 2741 218 2783 se
249 2729 299 2783 id
329 2745 358 2784 τι
380 2729 702 2785 Coustantio
733 2731 948 2784 audisse
980 2731 1246 2794 afﬁrmat,
1281 2728 1462 2782 Pacem
1493 2732 1604 2783 colo
1633 2731 1766 2798 ﬁeri,

154 2835 285 2876 cum
337 2836 532 2892 nempe
574 2820 808 2891 Legatus
853 2821 1132 2875 Pontificis
1174 2821 1422 2875 Concilio
1474 2829 1769 2891 przecsset;

157 2926 218 2970 et
243 2913 498 2971 Liberius
527 2916 592 2970 ad
628 2917 942 2971 Luciferum
975 2918 1226 2971 scribens
1261 2917 1442 2984 paullo
1477 2927 1596 2984 post
1630 2916 1769 2969 idem

156 3008 464 3065 Concilium
489 3010 614 3065 hinc
637 3011 928 3082 epistolam
955 3012 1244 3065 exorditur
1265 3009 1582 3081 pag/3.001.
1611 3009 1766 3078 766):

157 3100 414 3168 Quamvis
435 3102 530 3157 sub
552 3104 781 3174 imagine
801 3105 945 3175 pacis
967 3103 1181 3157 humani
1200 3105 1402 3175 generis
1428 3104 1668 3156 inimicus
1692 3119 1772 3157 re-

152 3197 450 3251 Itementius
467 3199 520 3251 in
548 3198 776 3252 membra
801 3199 1051 3253 Ecclesia:
1072 3199 1308 3252 videatur
1332 3216 1440 3252 esse
1465 3206 1730 3269 grassatus
1750 3239 1764 3263 ,

160 3306 254 3346 vos
275 3299 470 3357 tamen,
487 3301 586 3345 etc.
606 3291 755 3346 lianc
772 3291 956 3363 itaque
975 3292 1043 3345 ob
1062 3307 1281 3346 causam
1301 3291 1496 3360 duplex
1527 3290 1771 3344 Edictum

1871 2071 2227 2136 sententiam,
2251 2073 2342 2142 qui
2365 2073 2586 2129 easdem
2609 2075 2676 2130 de
2690 2075 2956 2148 Gregorio
2974 2078 3160 2134 itidem
3188 2080 3240 2134 in
3258 2081 3486 2137 Alexan-

1872 2163 2089 2218 drinam
2120 2165 2304 2220 sedem
2353 2167 2562 2224 infruso
2614 2171 2848 2240 scriptas
2878 2174 3182 2240 existimat,
3217 2186 3268 2231 et
3302 2176 3354 2231 in
3388 2193 3488 2232 au-

1872 2272 2000 2310 num
2025 2259 2203 2325 reiicit
2223 2257 2362 2325 342;
2385 2271 2499 2315 tum
2526 2263 2850 2320 auctoritate
2871 2265 3188 2340 Hieronymi
3209 2270 3276 2324 de.
3297 2269 3484 2338 Prato,

1871 2350 1964 2419 qui
2010 2351 2064 2404 in
2115 2362 2238 2407 nota
2281 2353 2506 2425 Sulpicii
2560 2359 2875 2414 testimonio
2913 2362 3156 2431 subjecta
3197 2363 3486 2419 nobisemn

1872 2446 2184 2510 consentit;
2236 2457 2346 2501 tum
2396 2448 2636 2519 denique
2685 2452 2834 2522 quod
2868 2453 3007 2508 idem
3057 2454 3320 2511 Luciferi
3368 2473 3398 2512 a
3428 2474 3489 2512 se

1872 2539 2099 2609 suisque
2126 2539 2351 2610 collegis
2389 2542 2677 2614 Episcopis
2723 2545 2853 2600 illud
2904 2557 3273 2618 contemptum
3322 2549 3490 2605 fuisse

1869 2631 2014 2684 dicat
2041 2649 2053 2683 :
2087 2630 2224 2686 Bene
2254 2649 2333 2685 me
2358 2635 2680 2704 petulantem
2710 2637 2907 2691 diceres
2925 2677 2939 2703 ,
2971 2640 3016 2691 si
3044 2655 3146 2692 non
3175 2650 3312 2694 recte
3339 2658 3484 2694 com-

1873 2725 2254 2789 tempsissemus
2282 2727 2594 2799 sacrilegum
2621 2727 2869 2784 Edictum
2890 2741 3034 2786 tuum
3055 2750 3071 2797 ;
3095 2733 3261 2804 idque
3284 2734 3490 2790 Medio-

1875 2812 1981 2867 lani
1998 2815 2051 2868 in
2072 2815 2284 2870 Palatio
2301 2830 2486 2873 actum
2508 2829 2740 2876 testatur
2759 2821 2812 2876 in
2833 2823 2973 2878 libro
2992 2823 3252 2879 Moriend.
3272 2843 3378 2881 esse
3395 2845 3489 2897 pro

1876 2903 1988 2960 Fit.
2013 2905 2106 2962 Dei
2132 2924 2251 2979 pag.
2272 2908 2380 2964 2M
2409 2911 2532 2982 (col.
2562 2913 2746 2984 1014),
2782 2929 2901 2969 cum
2934 2917 3164 2972 dixisset
3185 2920 3487 2989 judicibus,

1872 2999 2198 3057 Constantio
2218 3005 2326 3058 relo
2346 3007 2501 3059 misso
2522 3005 2787 3074 audiente,
2808 3011 2950 3078 quod
2968 3011 3087 3065 licet
3103 3014 3284 3067 omnia
3317 3014 3490 3084 impe-

1877 3094 1937 3147 rii
1958 3109 2106 3148 arma
2135 3096 2184 3150 in
2210 3111 2271 3152 se
2292 3113 2528 3167 suosque
2547 3112 3030 3163 converterentur.
3051 3105 3208 3158 relati
3233 3107 3285 3159 in
3315 3109 3486 3161 sacri-

1874 3187 1971 3268 legi
1992 3188 2177 3243 decreti
2200 3202 2595 3260 contemptores,
2618 3211 2905 3266 numquam
2929 3213 2958 3252 e
2984 3201 3265 3268 proposito
3290 3203 3487 3256 Catho-

1876 3266 1994 3333 licae
2031 3279 2184 3336 Fidei
2232 3283 2446 3338 luenda:
2485 3288 2824 3341 recessisset.
2857 3289 2985 3344 llaec
3025 3301 3242 3359 autem,
3271 3310 3391 3366 qua:
3423 3296 3491 3350 de

157 3385 450 3454 comperio
473 3384 641 3439 mum
667 3402 692 3438 τ,
717 3383 1038 3440 εοηειηηιεο
1065 3404 1076 3438 ε
1105 3388 1332 3440 alterum
1359 3401 1463 3455 ηηο
1491 3385 1779 3454 Episcopi,
1811 3377 1855 3440 ρ
1890 3371 2131 3441 Epistola
2160 3415 2172 3436 ,
2207 3389 2305 3428 seu
2337 3375 2531 3430 Edicto
2556 3377 2864 3434 Constantii
2895 3381 3036 3436 dicta
3064 3396 3222 3452 sunt,
3261 3386 3499 3442 Hilarius

162 3478 264 3550 qui
299 3493 327 3531 a
350 3477 600 3533 Concilio
630 3478 891 3542 aberant,
920 3479 1057 3547 jnssi
1092 3489 1216 3532 sunt
1249 3478 1596 3533 subscribere
1626 3477 1781 3531 Atia-

155 3589 365 3630 norum
392 3573 445 3628 in
471 3573 820 3628 Athanasium
853 3577 1178 3637 sententias;
1205 3573 1346 3644 quod
1379 3574 1444 3626 ab
1471 3576 1589 3643 ipso
1615 3573 1780 3628 Atha-

157 3663 328 3718 nasio
363 3662 604 3718 inauitur
632 3680 643 3716 :
680 3663 815 3728 Quot
846 3664 862 3733 (
889 3664 1092 3732 inquit)
1126 3662 1406 3732 Epismpi,
1437 3671 1588 3733 prout
1619 3662 1668 3714 in
1691 3679 1779 3715 sa.

156 3757 270 3810 cris
313 3756 500 3810 litteris
547 3766 650 3822 est,
685 3757 752 3810 ad
779 3758 1026 3827 prtesides
1056 3767 1101 3809 et
1132 3774 1274 3824 reges
1307 3756 1518 3809 abducti
1549 3767 1666 3808 sunt
1690 3797 1702 3815 ,
1735 3765 1782 3807 et

150 3867 190 3902 (ι
212 3847 492 3920 judicibus
519 3849 654 3902 hanc
681 3849 1298 3910 sententiamaudierunt.
1326 3847 1427 3900 Aut
1455 3846 1774 3908 subscribite,

157 3951 258 3996 aut
290 3942 353 3995 ab
381 3939 627 3996 Ecclesiis
658 3942 876 3996 reredite
894 3960 909 4005 ;
937 3941 1139 3996 detrahi
1165 3943 1298 3994 enim
1328 3958 1414 3995 vos
1443 3940 1505 3993 ab
1534 3939 1782 3993 Ecclesiis

161 4031 471 4105 Imperator
490 4035 651 4106 jussit
673 4032 698 4069 ἀ
730 4051 748 4088 ;
775 4043 828 4088 at
857 4033 923 4088 de
955 4033 1052 4087 hoc
1077 4033 1296 4089 Lucifer
1319 4033 1541 4088 minimc
1570 4031 1781 4097 scribit,

156 4127 377 4199 quippe
426 4125 734 4196 hujusmodi
783 4136 906 4181 esse
944 4128 1246 4194 signiﬁcat,
1293 4136 1350 4180 ut
1398 4141 1590 4180 novam
1627 4125 1783 4179 Fidei

163 4219 468 4276 formulam
511 4221 1019 4291 complecteretur:
1069 4224 1300 4276 alterum
1351 4237 1513 4282 vero.
1561 4221 1704 4290 quod
1753 4236 1783 4274 a

152 4315 418 4386 Sulpicio
457 4315 664 4372 Severo
703 4315 953 4388 Epistolir
1011 4320 1230 4371 nomine
1283 4325 1522 4370 notatum
1575 4324 1686 4377 est;
1731 4323 1786 4369 et

159 4420 257 4468 cst
292 4409 457 4476 illud,
489 4409 633 4477 quod
673 4409 889 4464 Lucifer
933 4410 1230 4478 Spectavit,
1273 4426 1394 4463 cum
1442 4425 1574 4463 suos
1615 4409 1786 4462 libros

161 4511 569 4573 componeret,
617 4504 818 4572 cuique
867 4505 1110 4573 apprime
1162 4507 1526 4567 Conveniunt,
1575 4520 1692 4573 qua?
1732 4505 1785 4558 in

159 4594 310 4652 illud
348 4610 375 4648 a
413 4593 667 4650 Lucifero
697 4595 906 4666 ingesta
956 4596 1227 4665 leguntur.
1263 4596 1455 4650 Narrat
1485 4597 1627 4650 enim
1669 4597 1789 4650 Stil-

164 4688 359 4760 picins
387 4698 435 4756 °,
469 4689 738 4759 epistolam
768 4705 795 4743 a
837 4689 1063 4744 Valente
1092 4700 1144 4745 et
1174 4689 1403 4745 l’rsacio
1445 4691 1536 4742 sill)
1570 4691 1790 4753 impera-

1886 3481 2105 3536 quoque
2132 3468 2184 3522 in
2207 3470 2388 3522 animo
2411 3470 2663 3539 habebat,
2685 3489 2807 3528 cum
2833 3491 2895 3529 ea
2923 3477 3146 3546 scripsit
3163 3479 3175 3529 i
3195 3521 3207 3543 ,
3230 3491 3496 3549 quaaattu-

1887 3559 2050 3613 limus
2072 3562 2125 3614 in
2149 3571 2277 3616 nota
2298 3563 2537 3633 subjecta
2560 3580 2680 3635 pag.
2707 3567 2768 3620 l7
2796 3565 2918 3638 (col.
2951 3566 3078 3640 780)
3107 3570 3266 3641 hujus
3294 3573 3488 3627 editio-

1888 3653 1990 3714 nis,
2007 3663 2059 3706 et
2079 3669 2202 3723 quae
2229 3653 2500 3709 Pratensis
2519 3671 2583 3710 ex
2603 3657 2795 3710 eodem
2818 3658 2938 3712 loco
2961 3660 3012 3712 in
3035 3661 3200 3714 aliam
3222 3663 3288 3717 ad
3311 3664 3492 3733 Sulpi-

1885 3749 2026 3799 cium
2063 3749 2399 3802 notationem
2447 3749 2766 3804 transtulit:
2811 3750 2974 3804 Antea
3015 3754 3149 3806 enim
3181 3755 3232 3808 in
3277 3756 3494 3811 obscuro

1883 3850 2034 3908 atque
2065 3841 2117 3892 in
2147 3842 2352 3913 angulis
2384 3839 2644 3896 Dominus
2675 3842 2910 3898 Christus
2945 3844 3039 3901 Dei
3065 3865 3178 3901 esse
3217 3851 3499 3906 secundum

1887 3943 2125 3986 naturam
2168 3930 2346 3988 Filius
2389 3935 2692 4006 negabatur,
2733 3947 2780 3989 et
2810 3941 3048 3993 essentia:
3077 3941 3228 4012 inaps
3271 3954 3501 4012 paterna!

1887 4028 2150 4096 accepisse
2197 4045 2312 4081 cum
2358 4031 2609 4083 creaturis
2649 4031 2904 4104 originem
2949 4049 3018 4086 ea:
3045 4051 3148 4088 non
3181 4038 3502 4092 exstantibus

1891 4124 2291 4192 praedicabatur.
2334 4125 2401 4179 At
2431 4142 2546 4179 rero
2577 4142 2711 4178 nunc
2743 4126 2968 4196 publica;
3012 4133 3333 4186 auctoritatis
3375 4151 3497 4200 μνος

1887 4216 2112 4283 fossione
2156 4217 2368 4270 lueresis
2412 4233 2786 4288 prorumpens,
2836 4220 2891 4270 id
2920 4222 3058 4289 quod
3099 4232 3253 4278 antea
3302 4228 3498 4295 factum

1889 4325 2023 4361 nunc
2055 4326 2155 4362 non
2193 4309 2329 4363 clam
2370 4310 2557 4363 victria:
2612 4310 2952 4381 gloriabatur.
3001 4313 3069 4368 Et
3099 4313 3206 4370 huc
3250 4318 3498 4372 referunt.

1889 4402 2118 4458 Maurini
2174 4403 2409 4474 Operam
2458 4403 2514 4460 S.
2571 4404 2762 4460 Hilarii
2817 4408 3057 4463 editores
3117 4410 3493 4468 testimonium

1890 4497 2125 4553 Luciferi
2155 4515 2219 4552 ex
2269 4499 2364 4552 lib.
2400 4497 2659 4553 Moriend.
2699 4517 2827 4566 esse,
2859 4511 2967 4557 etc.
3018 4505 3201 4573 paullo
3237 4508 3491 4576 superius

1893 4591 2240 4661 productum.
2294 4590 2436 4646 Sane
2469 4591 2666 4646 Ariana
2707 4591 2931 4648 haeresis
2966 4603 3074 4650 tutu
3109 4597 3286 4666 primo
3318 4597 3494 4669 Impe—

1895 4695 2136 4740 raturum
2183 4686 2508 4741 auctoritate
2555 4685 2690 4740 fulta
2736 4687 2786 4740 in
2835 4687 3224 4747 Mediolanensi
3275 4693 3497 4766 Synodo

157 4785 307 4840 toris
335 4784 542 4839 nomine
568 4784 811 4838 emissam
843 4785 982 4838 omni
1013 4785 1264 4854 pravitate
1286 4788 1557 4852 refertam,
1580 4800 1640 4836 eo
1667 4800 1787 4836 con-
1817 4769 1863 4829 D
1895 4779 2086 4834 victrix
2112 4779 2163 4833 in
2191 4779 2495 4834 Romanum
2524 4779 2724 4834 Orbem
2756 4782 2930 4850 palam
2955 4785 3157 4855 erupit,
3187 4804 3307 4856 quae
3337 4799 3445 4844 anti
3468 4810 3498 4846 a

164 4879 335 4944 lilio,
369 4886 452 4942 ut,
483 4877 528 4932 si
559 4892 587 4930 a
619 4878 822 4948 pepulo
851 4877 1205 4950 probaretur,
1252 4877 1457 4946 publica
1487 4877 1792 4930 auctoritate

165 4972 361 5043 cupita
381 4971 711 5042 proferrent;
732 4973 811 5026 sin
829 4974 1000 5039 aliter,
1026 4974 1190 5027 omnis
1213 4973 1407 5025 inridia
1430 4984 1554 5025 esset
1577 4972 1626 5024 in
1652 4988 1788 5040 rege,

161 5066 270 5138 qui
295 5063 544 5120 nondum
569 5064 896 5134 baptismate
927 5067 1125 5120 tinctus
1155 5064 1306 5120 Fidei
1339 5068 1594 5135 mysteria
1631 5079 1793 5119 nosse

169 5177 294 5218 non
339 5170 589 5232 poterat:
624 5158 833 5216 Lectum
874 5161 926 5214 in
969 5161 1184 5216 ecclesia
1230 5160 1522 5225 Epistolam
1569 5160 1796 5229 populus

167 5266 496 5312 aversatur:
528 5255 844 5328 Dionysius,
890 5257 1012 5326 quia
1058 5273 1158 5309 non
1205 5267 1332 5311 esset
1364 5273 1627 5321 assensus,
1673 5254 1795 5309 urbe

167 5350 419 5422 pellitur,
450 5360 546 5404 etc.
578 5351 749 5406 Porro
773 5365 932 5418 quam
963 5349 1155 5405 callide
1184 5351 1386 5420 scripta
1413 5350 1570 5405 fuerit
1591 5393 1604 5414 ,
1632 5367 1790 5420 quant

167 5454 407 5516 compte
428 5455 483 5501 et
509 5455 722 5509 ornate,
750 5458 860 5501 Imn
891 5447 1018 5518 quid
1050 5446 1138 5500 illa
1163 5445 1467 5501 contineret
1489 5445 1713 5516 impium
1739 5455 1794 5500 ct

168 5541 573 5611 blasphemum
603 5541 657 5596 in
685 5540 1025 5597 Catholicam
1059 5540 1277 5606 Fidem,
1308 5537 1526 5595 Lucifer
1561 5540 1673 5609 ipse
1701 5538 1795 5594 de-

261 5688 287 5716 δ
320 5675 442 5732 Lib.
476 5676 539 5728 de
568 5693 667 5728 non
717 5692 862 5730 conc.
898 5692 1014 5731 cum
1045 5678 1225 5730 lta'ret.
1274 5691 1393 5745 pag.
1425 5679 1457 5732 9
1490 5683 1543 5730 et
1581 5675 1642 5728 12
1673 5672 1795 5742 (col.

173 5751 295 5807 775
325 5763 371 5804 ες
399 5748 550 5820 πθ).

258 5823 288 5863 δ
326 5821 424 5878 Lib
450 5819 504 5874 tl.
533 5835 582 5875 c.
620 5821 705 5875 t7.

264 5907 287 5935 ε
325 5892 445 5948 Lib.
476 5893 512 5946 2
538 5909 588 5947 c.
618 5893 708 5948 ⁸57.

252 5967 281 6005 ιι
317 5965 373 6020 1η
399 5964 560 6035 υρίει.
590 5965 655 6018 ad
681 5964 842 6020 Solit.

263 6053 285 6073 "
324 6036 448 6094 Lib.
481 6035 536 6092 2.
571 6035 712 6094 Hist.
741 6038 898 6094 Sacr.

1892 4888 1998 4929 non
2047 4883 2156 4927 tuta
2208 4873 2340 4928 satis
2389 4888 2511 4929 sese
2566 4882 2686 4928 astu
2737 4885 2790 4928 et
2842 4875 3030 4932 fraude
3063 4880 3307 4948 tegebat;
3350 4885 3495 4954 quod

1891 4982 2038 5035 saepe
2059 4967 2112 5020 in
2135 4967 2512 5022 Constantium
2539 4966 2757 5023 Lucifer
2779 4969 3004 5039 ingerit,
3030 4972 3148 5042 ejus
3167 4975 3373 5031 scilicet
3395 4977 3496 5030 iiii-

1896 5062 2051 5132 perio
2067 5071 2121 5118 et
2144 5062 2382 5134 potentia
2398 5061 2660 5118 Arianum
2685 5065 2830 5118 virus
2855 5065 2905 5118 in
2927 5080 3116 5122 omnes
3137 5077 3296 5123 terra;
3316 5087 3427 5140 part
3440 5091 3498 5127 es

1897 5155 2065 5210 fuisse
2085 5155 2364 5210 diffusum.
2384 5154 2651 5224 Superest
2673 5157 3076 5227 inquirendum,
3096 5171 3274 5217 utrum
3299 5164 3400 5221 huc
3416 5183 3502 5220 re-

1896 5253 2278 5322 ferrequoque
2299 5261 2556 5320 oporteat
2586 5251 2729 5306 aliud
2759 5251 2994 5307 Luciferi
3033 5258 3207 5312 nostri
3249 5260 3497 5315 testimo-

1895 5346 2044 5402 nium
2064 5362 2128 5402 ex
2153 5345 2291 5402 libro
2313 5348 2375 5400 de
2401 5363 2503 5399 non
2528 5362 2738 5412 parcen.
2763 5347 2814 5399 in
2840 5344 3008 5400 Deum
3036 5349 3227 5419 tlclinq.
3245 5367 3366 5423 pag.
3399 5354 3498 5407 172’.

1899 5440 2190 5513 0:01.940),
2215 5440 2356 5510 quod
2383 5451 2464 5494 est
2495 5439 2800 5511 hujusmodi
2821 5459 2832 5492 :
2855 5441 3083 5514 Negabis
3109 5454 3156 5498 te
3182 5446 3249 5498 ad
3277 5447 3501 5502 idolola-

1895 5537 2046 5590 triunt
2072 5537 2311 5590 inritasse
2337 5550 2428 5589 nos
2452 5534 2882 5606 suscipiendam?
2905 5537 2966 5590 Si
2989 5553 3161 5592 censes
3187 5543 3503 5609 negandum,

1984 5669 2000 5709 ί
2037 5671 2155 5728 Lib.
2191 5673 2254 5726 de
2285 5687 2713 5744 nonconr.cum
2743 5672 2918 5728 lueret.
2953 5690 3072 5744 pag.
3105 5678 3167 5730 17
3196 5679 3316 5732 it‘ol.
3351 5679 3499 5744 78m.

2038 5717 2155 5728 ψη-
2192 5717 2252 5726 ..ν
2285 5717 2387 5725 η-.-
2417 5717 2527 5724 η...
2553 5717 2564 5723 -
2596 5717 2713 5726 η..-
2990 5717 3014 5727 ..
3061 5717 3072 5729 .
3110 5717 3158 5730 ..

1981 5753 2002 5788 ὃ
2039 5744 2193 5822 ltili"
2221 5745 2314 5822 lib.
2344 5741 2804 5822 illoriendnnresse
2827 5763 2921 5814 pro
2947 5717 3054 5800 Fila.
3081 5746 3198 5814 Dei,
3226 5765 3346 5822 pag.
3375 5735 3501 5817 ﬂii,

1906 5815 2031 5870 eis.
2067 5815 2166 5870 est
2205 5814 2326 5886 (col.
2357 5814 2518 5880 ton,
2549 5815 2707 5879 1015,
2746 5817 2923 5886 rost).

1980 5885 2004 5961 μ
2041 5887 2141 5961 Lib
2174 5885 2225 5961 t.
2254 5888 2484 5941 Observ.
2517 5887 2744 5961 adtoin.
2777 5889 2831 5942 2.
2869 5889 3072 5961 Script.
3110 5891 3257 5948 Eccl.
3293 5894 3430 5948 Hist.

1989 5959 1999 5995 ι
2193 5960 2255 6039 tle
2285 5976 2385 6039 non
2413 5976 2556 6039 pare.
2589 5959 2832 6039 inperari
2863 5960 3058 6033 delinq.
3094 5978 3217 6036 pag.
3254 5966 3372 6022 198.

1986 6044 1996 6079 t
2039 6031 2158 6087 Lib.
2190 6031 2257 6086 de
2288 6030 2496 6101 Synod.
2532 6048 2588 6087 n.
2619 6031 2715 6087 78.
