4292 6386
640 396 741 452 751

1654 387 1960 447 LUCIFER
2005 385 2379 445 EPISCOPUS
2420 382 2931 443 CALARITANUS.
3834 386 3929 441 752’.

632 515 935 568 convincunt
956 516 1003 564 te
1033 509 1380 581 expositiones
1403 516 1553 562 secta:
1575 514 1678 561 tua:
1702 506 2085 577 Episcoporum
2109 522 2248 559 com-
2273 505 2329 568 Λ
2354 513 2479 571 tur;
2510 518 2637 559 nam
2665 517 2721 559 et
2748 501 3142 567 Ariminensis,
3175 511 3231 559 et
3256 502 3612 560 Seleuciensis
3633 544 3646 566 ,
3674 504 3783 558 sive
3808 505 3932 558 Αιγι-

636 604 1055 676 blaspltemorum
1097 602 1330 655 videlicet
1374 612 1617 664 tuorum,
1657 600 1959 654 convincent
2003 609 2049 652 te
2088 597 2251 652 libelli

630 700 835 753 recitati
860 715 889 751 a
919 708 993 764 te,
1019 714 1078 750 ac
1109 697 1218 750 dati
1249 696 1431 750 Itonia:
1458 694 1733 764 Episcopis
1760 694 1914 747 etiam
1938 692 2247 755 Catholicis,

631 793 701 847 ad
732 793 831 847 Itoc
869 792 1103 846 videlicet
1125 834 1138 854 ,
1175 802 1229 844 ut
1275 790 1415 845 omni
1462 791 1515 843 in
1548 791 1662 843 loco
1695 798 1785 841 tua
1812 788 2052 841 roborari
2083 794 2251 856 posset

633 887 976 955 blasphemia.
1002 885 1129 939 limo
1161 883 1400 939 Luciferi
1427 883 1593 938 verba
1625 881 1849 952 protulit
1882 882 2091 935 Auctor
2123 877 2248 932 Dia-

626 982 827 1036 tribrel
846 981 913 1036 de
931 980 1101 1051 geSIis
1116 979 1321 1034 Liberii
1347 977 1655 1048 praeposita:
1669 976 1938 1042 Operibus
1952 975 2011 1029 S.
2034 970 2247 1027 Damasi

625 1076 742 1149 §10
759 1091 881 1147 pag.
903 1076 1003 1130 “7
1026 1075 1151 1145 (col.
1169 1072 1401 1141 320).ex
1426 1072 1519 1127 lib.
1542 1071 1663 1125 scil.
1681 1070 1858 1140 primo
1880 1083 1981 1138 pro
2003 1067 2062 1124 S.
2082 1064 2251 1119 Atha-

626 1175 791 1225 nasio
824 1188 836 1225 :
867 1171 957 1240 qui
994 1169 1146 1223 locus
1175 1165 1477 1221 correctior
1508 1179 1536 1216 a
1570 1163 1731 1218 nobis
1759 1162 1897 1216 infra
1934 1158 2245 1215 exhibetur.

628 1263 680 1319 Is
721 1277 889 1333 porro
920 1270 1115 1315 auctor
1156 1267 1406 1313 autumat
1437 1256 1887 1319 Ariminensem,
1932 1268 2027 1307 seu
2072 1249 2253 1321 potius

625 1356 960 1412 Acacianam
1007 1354 1296 1408 formulam
1331 1352 1399 1405 ab
1442 1350 1693 1407 Lucifero
1738 1348 1824 1401 hic
1870 1345 2248 1415 designatam,

624 1454 1108 1523 signiﬁcatamqne
1161 1448 1360 1513 fuisse;
1409 1457 1464 1503 et
1512 1445 1827 1515 opinionem
1882 1438 2253 1510 rejicit'l‘ille-

625 1548 823 1604 montii
847 1590 861 1613 ,
895 1548 985 1617 qui
1033 1546 1310 1601 existimat
1335 1553 1382 1607 ιι,
1418 1539 1732 1595 Luciferum
1766 1536 1818 1591 id
1859 1534 2152 1605 scripsisse
2184 1532 2252 1588 de

624 1640 890 1696 Formula
941 1637 1233 1694 Sirmiensi
1264 1636 1392 1689 anni
1425 1634 1555 1697 557,
1586 1646 1693 1702 quo
1724 1644 1868 1685 anno
1895 1628 2250 1685 Constantius

624 1735 817 1792 Romus
842 1733 965 1799 fuit,
991 1732 1181 1800 ibique
1198 1732 1275 1784 ait
1303 1729 1552 1785 libellum
1580 1727 1647 1781 ab
1672 1727 1915 1796 Augusto
1938 1724 2247 1785 recitatum,

622 1845 728 1902 per
750 1830 942 1884 urbem
972 1840 1224 1894 sparsum
1249 1866 1263 1890 ,
1293 1832 1348 1878 et
1372 1820 1668 1877 Catltolieis
1690 1816 1979 1888 Ειιὶεουρίε
2004 1815 2246 1869 oblatum

2354 598 2512 653 ciana
2535 597 2817 663 Formula,
2847 610 2981 665 quas
3006 595 3122 650 vult
3152 609 3181 649 a
3217 596 3469 651 Lucifero
3493 593 3714 650 indicari
3733 638 3745 656 ,
3771 596 3933 652 adhuc

2356 690 2748 763 promulganda
2780 699 2930 755 erat;
2977 697 3032 745 et
3070 688 3290 759 quidem
3345 688 3581 744 triennio
3631 696 3749 758 post
3784 687 3931 744 edita:

2352 785 2607 851 fuerunt,
2632 784 2677 840 si
2700 800 2824 839 eum
2865 783 3087 840 Petavio
3122 798 3325 838 annum
3350 783 3454 839 556
3481 784 3682 837 tribuas
3704 781 3933 837 Romano

2353 879 2660 937 Constantii
2696 879 3005 949 triumpho;
3039 888 3159 949 post
3186 877 3462 934 biennium
3491 893 3651 942 vero,
3677 877 3722 931 si
3754 878 3931 930 trium-

2354 975 2521 1045 phum
2554 974 2706 1029 illum
2734 972 2954 1043 rejicias
2986 973 3037 1027 in
3067 986 3269 1026 annum
3295 971 3429 1039 55⁸7,
3463 986 3584 1027 cum
3618 970 3797 1041 Pagio,
3833 970 3932 1023 Va-

2353 1072 2524 1138 lesio,
2567 1070 2822 1141 aliisque.
2865 1068 3137 1124 Praeterea
3183 1066 3549 1121 Ariminensis
3585 1080 3793 1136 quoque
3835 1063 3934 1119 fur-

2354 1164 2499 1219 mula
2540 1162 2678 1216 clum
2720 1170 2775 1215 et
2814 1158 3001 1215 furtim
3034 1174 3062 1214 a
3095 1158 3321 1213 Valente
3359 1158 3603 1213 confecta
3635 1156 3839 1212 fuerat:
3873 1156 3935 1210 de

2352 1256 2688 1314 Seleuciensi
2748 1270 2881 1311 vero
2940 1251 3222 1310 condenda
3281 1263 3413 1323 quot
3462 1252 3604 1306 inter
3658 1250 3932 1305 haereticos

2355 1352 2659 1422 Episcopos
2688 1347 2915 1404 dissidia
2954 1359 3070 1405 orta
3094 1388 3107 1411 ,
3134 1356 3189 1402 et
3224 1346 3603 1401 contentiones
3630 1346 3822 1399 metm?
3850 1344 3932 1414 qui

2355 1442 2573 1498 tandem
2608 1441 2921 1497 Fortnulam
2956 1439 3355 1495 Ariminensem
3385 1436 3654 1508 suffragiis
3680 1438 3784 1492 suis
3812 1452 3933 1509 pro-

2352 1536 2648 1591 baverunt.
2689 1535 2879 1605 Neque
2919 1535 3003 1589 hze
3037 1544 3243 1589 tantum
3278 1533 3549 1588 Formula:
3586 1542 3705 1603 post
3731 1532 3933 1603 scripta:

2353 1630 2609 1697 fuerunt,
2646 1646 2807 1701 quam
2838 1628 3192 1684 Constantius
3220 1626 3406 1681 Romae
3449 1625 3661 1683 libellos
3691 1627 3808 1681 illos
3834 1626 3933 1680 dis-

2353 1727 2651 1780 seminavit
2689 1743 2701 1778 :
2754 1740 2875 1779 nam
2908 1731 2961 1778 et
3010 1722 3289 1777 Eudosius
3335 1729 3601 1777 conventu
3649 1720 3933 1776 Antiochia:

2353 1818 2637 1873 celebrato
2677 1833 2767 1870 an.
2818 1816 2946 1882 358,
2981 1832 3086 1871 una
3118 1830 3240 1870 cum
3281 1813 3597 1884 Episcopis,
3640 1812 3727 1882 qui
3767 1810 3931 1866 eidem

623 1923 989 1995 llllperaloris
1011 1921 1169 1991 jussu
1195 1961 1208 1985 ν
1243 1929 1301 1973 ιιι
1339 1932 1529 1973 80mm
1575 1916 1789 1969 aliimOS
1831 1927 1895 1966 ac
1942 1908 2245 1965 semelllias
2276 1899 2324 1959 Β
2353 1909 2599 1981 opinioni
2633 1910 2923 1975 favebant,
2956 1920 3010 1963 et
3053 1906 3243 1961 similis
3271 1906 3571 1959 substantia:
3599 1903 3930 1967 vocabulum,

622 2022 941 2091 exploraret
981 2018 1050 2072 de
1079 2015 1315 2071 formula
1348 2015 1436 2068 illa
1462 2012 1613 2066 Fidei
1649 2007 1833 2079 paullo
1874 2014 1994 2076 post
2040 2006 2095 2058 in
2125 2003 2242 2058 Sir-

622 2121 825 2177 micnsi
874 2124 1148 2173 conventu
1185 2109 1533 2182 publicanda.
1567 2105 1673 2161 Sed
1707 2114 1995 2173 antequam
2031 2102 2083 2155 itt
2129 2099 2245 2154 lucc

622 2211 941 2283 diligentius
959 2207 1326 2277 inquiramns,
1342 2198 1888 2255 animadvertendum
1906 2192 2171 2265 cst(quod
2192 2193 2242 2245 in

621 2307 769 2363 notis
788 2305 952 2359 etiam
973 2316 1094 2371 pag.
1118 2300 1190 2355 56
1208 2298 1333 2361 (col.
1350 2295 1478 2365 8'21)
1498 2296 1827 2354 monuimus,
1851 2289 1941 2343 ubi
1961 2288 2246 2354 corrigen-

622 2401 731 2456 dus
760 2412 951 2462 error,
986 2395 1077 2463 qui
1121 2408 1217 2462 per
1261 2386 1790 2445 inconsiderantiam
1835 2381 2083 2444 excidit,
2120 2393 2244 2434 cum

620 2495 965 2565 Hieronymo
990 2508 1018 2546 a
1039 2490 1201 2544 Prato
1223 2484 1486 2539 attributa
1510 2481 1675 2535 fuerit
1702 2476 1947 2532 Diatriba
1976 2473 2045 2528 de
2076 2473 2246 2543 gestis

618 2586 829 2644 Liberii
861 2583 1153 2653 [ll‘tBPOSlla
1184 2579 1457 2649 Operibus
1484 2575 1541 2629 S.
1572 2571 1787 2626 Damasi
1811 2566 1945 2638 PP.)
1974 2565 2241 2633 Perﬁdae,

620 2678 996 2749 Blaspltetttiw,
1029 2690 1090 2729 ac
1121 2667 1687 2725 ldololatrimuomine
1707 2660 2001 2732 signiﬁcari
2025 2674 2053 2710 a
2087 2655 2245 2711 Luci-

622 2775 741 2830 fero
765 2770 1087 2841 simpliciori
1114 2782 1282 2823 sensu
1308 2762 1560 2817 hatrcsitn
1590 2760 1757 2828 ipsam
1783 2756 2078 2817 Arianatu;
2115 2751 2246 2805 licet

620 2868 853 2939 intelligi
878 2864 1207 2937 quandoque
1243 2869 1407 2929 queat
1430 2856 1582 2911 hisce
1606 2853 1832 2907 vocibus
1856 2848 2101 2902 Edictum
2134 2846 2243 2899 Me-

624 2964 953 3019 diolanense
976 3000 989 3023 ,
1019 2958 1088 3011 de
1119 2970 1225 3025 quo
1257 2969 1379 3007 mox
1414 2951 1654 3004 diximus
1683 2965 1693 2999 :
1738 2946 1840 2999 hoc
1868 2957 2000 2996 vero
2030 2942 2081 2995 in
2127 2939 2246 2993 loco

624 3059 734 3113 tria
766 3063 895 3110 sunt
942 3047 1371 3118 distinguenda;
1408 3042 1736 3096 ldololatria:
1784 3052 1846 3091 ac
1893 3033 2244 3101 Blaspltemia:

622 3166 826 3213 voces,
862 3146 1228 3215 Expositioues
1266 3141 1644 3207 ISpiscOporum
1678 3134 2020 3196 Arianorum,
2064 3138 2116 3183 et
2149 3127 2242 3181 Li-

627 3247 752 3301 belli
798 3242 1000 3297 recitati
1048 3254 1106 3291 ac
1141 3236 1250 3291 dati
1300 3234 1478 3288 Roma:
1525 3246 1555 3283 a
1603 3226 1921 3283 Constantio
1973 3221 2244 3295 EpiscOpis

2353 2002 2907 2059 etConsabstantialis
2934 2000 3099 2056 etiam
3132 2013 3322 2053 vocem
3349 1997 3535 2066 rejccit
3558 2038 3570 2061 ,
3603 2003 3661 2049 ut
3687 1997 3931 2051 Sozome-

2355 2112 2457 2151 nus
2487 2092 2761 2151 asserit“.
2810 2093 2953 2148 Nihil
3002 2101 3295 2162 propterea
3338 2090 3469 2145 certi
3516 2104 3577 2144 ex
3610 2088 3672 2143 iis
3710 2086 3930 2141 Luciferi

2352 2191 2537 2247 verbis
2558 2190 2821 2246 constitui
2847 2197 3065 2258 potest;
3090 2202 3210 2258 qua:
3235 2228 3247 2250 ,
3277 2194 3334 2241 ut
3357 2183 3495 2238 idem
3522 2191 3707 2239 auctor
3733 2182 3930 2246 scribit,

2351 2287 2669 2341 subobscura
2695 2282 2856 2336 videri
2886 2290 3090 2351 queunt
3120 2279 3293 2344 nobis,
3320 2278 3406 2347 qui
3432 2276 3493 2329 ab
3542 2276 3604 2329 iis
3634 2274 3929 2345 temporibus

2356 2380 2510 2452 longe
2551 2379 2821 2432 absumus.
2871 2375 2979 2430 Sed
3008 2384 3066 2427 ut
3095 2381 3280 2428 nostra
3313 2384 3528 2441 quoque
3557 2368 3812 2423 sententia
3845 2381 3931 2435 pa-

2355 2482 2498 2536 teat,
2545 2472 2623 2525 sic
2664 2469 2883 2538 quidem
2932 2468 3259 2528 statuimus,
3295 2460 3602 2517 Luciferum
3653 2476 3755 2513 non
3802 2458 3933 2511 hanc

2352 2567 2438 2621 vel
2474 2566 2620 2619 illam
2665 2562 2845 2633 potius
2877 2560 3028 2614 Fidei
3058 2557 3451 2628 Expositionem
3493 2557 3748 2620 innuero,
3781 2552 3932 2607 unice

2353 2670 2534 2716 autem
2568 2658 2909 2730 exprobrare
2936 2654 3259 2710 Constantio
3284 2695 3300 2719 ,
3329 2659 3461 2722 quot
3486 2664 3749 2721 quamque
3779 2647 3933 2701 variis

2352 2764 2481 2827 post
2526 2755 2937 2810 Mediolanense
2981 2750 3287 2806 Concilium
3322 2746 3475 2801 Fidei
3524 2743 3931 2816 Expositionibus

2353 2859 2585 2905 conatus
2630 2847 2799 2902 fuerit
2828 2846 3105 2901 Nicasnam
3152 2842 3337 2897 Fidem
3382 2840 3546 2909 impie
3575 2846 3841 2901 evertere,
3883 2846 3934 2890 et

2354 2945 2609 3000 Arianam
2655 2941 3027 3010 blasphemiam
3070 2940 3122 2993 itt
3164 2939 3304 2992 omni
3347 2937 3457 2990 loco
3496 2936 3766 2997 roborare;
3797 2930 3931 3002 quod

2350 3054 2569 3093 rursum
2602 3037 2655 3091 itt
2688 3036 2828 3091 libro
2862 3033 3084 3087 Morien.
3119 3049 3229 3086 esse
3257 3047 3347 3100 pro
3381 3026 3426 3081 F
3431 3030 3490 3082 il.
3519 3028 3607 3083 Dei
3632 3024 3935 3082 Constantio

2350 3132 2569 3202 objicit,
2623 3130 2699 3185 uti
2748 3129 2821 3184 ibi
2874 3127 3230 3183 advertimus.
3277 3124 3473 3180 Libelli
3519 3131 3694 3177 autem
3744 3120 3807 3174 ab
3844 3120 3933 3174 illo

2352 3224 2541 3279 Romm
2566 3223 2806 3288 recitati,
2837 3231 2892 3277 et
2913 3221 3022 3277 dati
3056 3220 3219 3274 etiam
3249 3215 3549 3272 Catholicis
3577 3212 3873 3284 Episcopis.
3901 3212 3932 3264 ii

627 3337 935 3394 Catholicis.
972 3329 1317 3397 Blasphemia:
1341 3329 1524 3395 itaque
1548 3337 1610 3376 ac
1634 3319 1957 3374 ldololatria:
1980 3331 2141 3370 voces
2169 3316 2250 3382 ip-
2277 3302 2322 3365 C
2359 3317 2607 3388 profecto
2637 3317 2877 3380 ruerunt,
2902 3328 3040 3384 quos
3066 3312 3118 3368 in
3140 3311 3333 3368 eodem
3362 3309 3503 3364 mm)
3525 3310 3587 3364 de
3611 3325 3709 3362 ηοη
3732 3323 3930 3377 parte",

628 3449 747 3487 sant
782 3429 894 3484 Arii
925 3426 1177 3481 haeresim
1211 3420 1457 3477 indicant
1479 3459 1492 3481 ,
1525 3430 1687 3487 quam
1718 3412 2070 3468 Constantius
2097 3409 2248 3463 robo-

628 3528 740 3580 rari
767 3526 821 3578 in
845 3521 987 3576 omni
1019 3521 1165 3583 loco,
1198 3526 1252 3572 et
1283 3512 1483 3581 suscipi
1517 3511 1585 3566 ab
1617 3508 1871 3563 omnibus
1901 3505 2121 3560 volebat
2149 3517 2249 3574 per

627 3619 863 3674 Arianas
896 3614 1046 3669 Fidei
1078 3609 1485 3681 expositiones,
1520 3614 1577 3659 et
1606 3603 1920 3658 libellorum
1951 3600 2245 3669 impiorum

624 3727 728 3783 0pc
750 3753 763 3775 ,
786 3723 926 3781 quos
956 3706 1146 3760 Romae
1174 3700 1481 3774 praesertim
1507 3698 1672 3769 jussit
1699 3694 1940 3765 dispergi
1968 3712 1979 3745 ε
2009 3704 2063 3746 cl
2098 3699 2247 3746 recte

626 3806 856 3879 quidem
880 3816 1080 3857 novum
1116 3795 1445 3854 idololatriae
1468 3809 1639 3863 genus
1666 3792 1868 3845 Ariana
1899 3787 2122 3841 Incresis
2145 3827 2158 3849 ,
2192 3792 2247 3839 et

626 3903 939 3959 idololatria:
962 3895 1148 3953 Ariani
1172 3894 1303 3948 dicti
1337 3901 1463 3946 sunt
1493 3890 1560 3943 ab
1584 3887 1703 3941 aliis
1731 3885 1983 3941 Patribus
2005 3882 2247 3937 Athana-

627 4001 745 4063 sio,
776 3994 1012 4057 Basilio,
1046 3988 1313 4059 Gregorio
1344 3995 1577 4054 utroque
1598 4026 1610 4049 ,
1644 3983 1988 4037 Nazianzeno
2020 3991 2083 4030 ac
2110 3974 2248 4045 Nys-

624 4108 788 4157 seno,
813 4099 871 4147 et
887 4087 1101 4160 Cyrillo
1127 4082 1529 4145 Alexandrino,
1557 4079 1683 4149 quia
1703 4120 1715 4141 ,
1744 4084 1803 4130 ut
1824 4091 1888 4129 ex
1916 4074 1979 4128 iis
2002 4067 2248 4125 animad-

626 4187 798 4242 \crtit
833 4182 1088 4240 Petavius
1116 4179 1143 4217 ι’
1165 4220 1177 4243 ,
1208 4194 1359 4241 eum,
1406 4191 1557 4243 quem
1591 4180 1882 4227 creaturant
1917 4166 2245 4237 fatebantur,

625 4284 849 4336 adorare
882 4288 1053 4331 tamen
1089 4289 1198 4329 sese
1239 4272 1469 4325 dicerent
1494 4310 1506 4334 ,
1543 4266 1679 4319 unde
1716 4262 1850 4317 nihil
1886 4279 1917 4314 a
1950 4256 2248 4313 Gentilibus

629 4373 901 4439 (li/ferrent
935 4384 953 4423 :
990 4366 1212 4421 nomine
1253 4372 1433 4416 autem
1483 4357 1815 4425 blasphemia'
1856 4370 1964 4408 non
1994 4365 2102 4406 una
2132 4350 2248 4404 Sir-

630 4465 861 4524 miensis
891 4462 1148 4517 Forntula
1182 4456 1364 4511 notari
1395 4461 1604 4523 potest,
1629 4449 1721 4506 sed
1751 4463 1942 4503 omnes
1974 4442 2247 4499 licerelicre

628 4562 962 4619 Arianorum
1018 4546 1486 4619 Ftll'mlli‘JB;QIIOll
1538 4558 1590 4602 et
1636 4544 1903 4599 Ililariutn
1938 4538 2134 4594 fecisse
2166 4536 2248 4591 af-

629 4660 855 4715 firmant
905 4651 1025 4722 ejus
1069 4649 1310 4720 Operunt
1356 4644 1598 4700 editores
1625 4652 1670 4695 ο.
1718 4642 1789 4694 At
1827 4637 2011 4702 enim,
2068 4629 2247 4703 inquit

625 4753 884 4808 laudatus
921 4748 1126 4801 Auctor
1174 4740 1435 4796 Diatriba:
1484 4736 1747 4790 adversus
1788 4729 2239 4795 Tillemontium,

627 4863 749 4902 cum
783 4844 994 4912 Lucifer
1037 4839 1295 4894 recitatos
1339 4850 1370 4887 a
1414 4831 1718 4886 Constantio
1752 4826 2018 4889 Libellos,
2063 4839 2123 4876 ac
2153 4837 2231 4891 pet

629 4957 817 4998 manus
854 4938 1235 5008 EpiscOporunt
1268 4928 1489 4983 traditos
1521 4922 1742 4986 scribat,
1780 4929 1831 4971 ut
1864 4921 1978 4986 ejus
2012 4919 2063 4970 in
2092 4913 2241 4971 omni

622 5038 751 5093 loco
806 5006 1059 5088 robiorari
1115 5033 1300 5096 posset
1353 5014 1737 5089 blasphemia,
1791 5011 1947 5081 facile
2000 5006 2242 5078 intelligit

626 5134 811 5192 lector,
854 5140 1010 5197 agere
1040 5121 1192 5175 illum
1230 5132 1331 5169 non
1363 5114 1426 5166 de
1470 5109 1831 5181 prwmetlilata
1874 5112 2075 5155 tantum
2104 5142 2117 5165 ,
2150 5098 2241 5153 sed

630 5224 886 5295 producta
918 5222 1031 5290 jam
1075 5216 1129 5267 in
1158 5212 1362 5273 lucem,
1396 5218 1444 5258 et
1488 5203 1821 5273 promulgata
1862 5196 2237 5263 ltlaSphemia;

629 5317 817 5373 deinde
868 5328 1011 5365 nemo
1061 5309 1214 5380 facile
1260 5315 1601 5357 concessurus
1636 5297 1769 5361 erit,
1802 5290 2239 5361 blasphemiam,

627 5429 782 5484 quant
815 5411 985 5464 sciunt
1018 5420 1191 5458 omnes
1214 5396 1487 5455 Sit-"tiensi
1512 5393 1604 5446 illo
1630 5389 1917 5443 clanculari
1942 5401 2003 5437 ac
2027 5383 2241 5451 fortuito

628 5522 908 5579 congressu
953 5498 1140 5555 deinde
1188 5493 1565 5563 conscriptam,
1600 5504 1658 5540 eo
1689 5488 1795 5547 iatn
1828 5495 2052 5553 tempore
2083 5475 2243 5544 e/for-

630 5614 856 5663 mutant,
893 5598 1073 5650 lectam
1108 5587 1388 5645 Catltoliris
1442 5582 1753 5651 Episc'Opis,
1806 5595 1867 5629 ac
1917 5590 2008 5644 pt't‘
2058 5589 2239 5626 manus

626 5696 873 5746 traditam
904 5705 1014 5743 esse
1044 5685 1295 5753 potuisse.
1333 5679 1458 5732 llmc
1488 5677 1607 5738 ille,
1641 5684 1695 5728 ct
1727 5680 1877 5726 recte
1905 5669 1972 5722 de
2006 5666 2233 5720 formula

622 5788 941 5849 Sirntiensi;
976 5800 1096 5855 qua:
1137 5790 1319 5834 tamen
1354 5780 1583 5829 SllLL‘IllCl
1614 5767 1907 5824 sententia:
1939 5762 2232 5820 adversan-

702 5916 721 5939 τ’
760 5908 876 5959 Art.
909 5902 998 5956 65.
1035 5901 1101 5951 de
1131 5896 1319 5951 Arian.
1356 5907 1407 5943 n.
1441 5890 1493 5943 6.

702 5976 727 6017 δ
763 5977 881 6033 Lib.
916 5975 970 6030 ἓξ.
1001 5986 1119 6040 cap.
1154 5969 1239 6024 η.
1276 5984 1329 6019 ιι.
1363 5963 1416 6018 6.

2351 3413 2405 3465 in
2448 3410 2618 3465 Deum
2663 3408 2853 3477 delinq.
2902 3422 3028 3477 pag.
3071 3406 3177 3461 2‘20
3217 3402 3342 3475 (col.
3383 3400 3512 3471 990)
3553 3406 3935 3456 commemorat

2351 3503 2503 3559 hisce
2519 3502 2698 3558 verbis
2714 3519 2727 3555 ε
2747 3501 3015 3568 Quantum
3030 3498 3173 3561 apud
3191 3507 3239 3550 te
3255 3504 3347 3559 est,
3368 3493 3625 3547 tradidisti
3644 3508 3773 3554 eum,
3790 3489 3838 3543 id
3858 3498 3937 3543 est

2351 3598 2547 3654 Filium
2578 3597 2671 3651 Dei
2696 3637 2710 3660 ,
2740 3596 2804 3649 de
2833 3612 2934 3664 quo
2966 3604 3011 3647 et
3044 3592 3203 3646 libros
3228 3590 3447 3657 scriptos
3471 3586 3686 3651 dedisti;
3715 3584 3937 3651 ideoque

2349 3691 2621 3762 ejusmodi
2649 3698 2838 3754 erant,
2869 3686 3069 3756 quibus
3109 3684 3370 3741 Arianum
3400 3680 3593 3751 dogma
3625 3680 3784 3748 impie
3816 3694 3937 3747 pro-

2350 3786 2695 3857 pugnabatur
2719 3826 2733 3849 ,
2778 3781 2873 3837 sed
2918 3780 3116 3837 callide
3146 3779 3213 3833 ab
3246 3776 3525 3847 Episc0pis
3554 3773 3763 3829 Arianis
3783 3813 3797 3839 ,
3829 3770 3936 3825 for-

2350 3887 2498 3933 tasse
2541 3876 2610 3931 ab
2643 3875 2765 3943 ipso
2809 3872 3061 3928 Eudoxio
3099 3868 3461 3927 Germanicize
3495 3879 3602 3921 tum
3638 3866 3899 3935 Episcopo
3924 3906 3937 3929 ,

2348 3974 2443 4045 qui
2470 3989 2593 4027 cum
2620 3970 2947 4025 Constantio
2973 3968 3163 4022 Romae
3182 3965 3525 4029 versabatur,
3550 3958 3853 4031 compositi,
3884 3966 3939 4012 ut

2351 4068 2652 4123 Romanam
2678 4064 2893 4135 plebem
2918 4059 3295 4115 etCatholicos
3321 4057 3615 4127 Episcopos
3635 4050 3936 4107 fraudulen-

2352 4174 2437 4220 ter
2466 4164 2518 4218 in
2550 4175 2797 4217 errorem
2844 4155 3259 4227 pertraherent;
3288 4151 3416 4223 quin
3446 4148 3612 4204 multo
3639 4157 3719 4203 est
3754 4143 3939 4199 verisi-

2352 4258 2539 4311 milius
2580 4253 2861 4311 iniisdem
2909 4253 3106 4321 impias
3134 4249 3254 4304 illas
3300 4245 3598 4303 locutiones
3642 4239 3937 4309 descriptas

2352 4349 2545 4414 fuisse,
2578 4358 2633 4404 et
2660 4347 3019 4417 blasphemas
3048 4341 3349 4399 sententias
3370 4382 3383 4405 ,
3411 4352 3547 4411 quas
3576 4334 3807 4405 Epistola
3835 4332 3934 4386 Mc-

2349 4444 2723 4508 diolanensis,
2756 4442 2874 4497 sive
2906 4438 3151 4493 Edictum
3194 4431 3697 4506 complectebatur:
3741 4425 3807 4478 de
3855 4423 3936 4477 his

2351 4556 2450 4613 per
2488 4538 2863 4609 conjecturam
2909 4534 3186 4590 disserere
3219 4532 3372 4595 licet,
3415 4542 3534 4583 cum
3564 4524 3631 4578 dc
3663 4520 3764 4576 isto
3795 4518 3934 4572 Coa-

2348 4634 2535 4689 stantii
2585 4631 2830 4686 facinore
2879 4644 3040 4683 nemo
3085 4636 3331 4681 veterum
3384 4629 3579 4690 prretcr
3633 4612 3932 4670 Luciferum

2276 4697 2326 4759 1)
2352 4725 2632 4784 memoria:
2654 4723 2948 4794 quidquam
2975 4717 3297 4790 prodiderit.
3316 4713 3453 4781 Quid
3476 4719 3653 4765 autem
3677 4708 3934 4775 integrum

2354 4826 2524 4881 hocce
2567 4820 2806 4877 Luciferi
2851 4818 3225 4875 testimonium
3263 4815 3418 4884 juvet
3463 4809 3660 4865 laudati
3695 4804 3935 4861 Auctoris

2353 4918 2684 4975 sententiam
2733 4915 2801 4971 de
2849 4913 3057 4983 duplici
3099 4909 3300 4965 Liherii
3356 4906 3586 4969 exsilio,
3635 4899 3774 4973 quod
3824 4900 3935 4966 ipse

2354 5021 2569 5075 tuetur,
2602 5012 2733 5065 satis
2755 5023 2867 5064 non
2892 5006 3053 5061 video
3077 5021 3094 5059 :
3122 5002 3365 5058 nltcriori
3391 4993 3796 5067 inveSIigatioue
3822 5004 3931 5045 rem

2354 5106 2498 5160 hanc
2544 5118 2649 5158 n0n
2694 5104 2996 5173 premimus
3024 5140 3037 5165 ,
3089 5114 3210 5153 cum
3260 5094 3538 5166 negotium
3580 5086 3715 5143 istud
3758 5093 3931 5137 nostra

2354 5215 2461 5256 non
2508 5197 2743 5253 intersit.
2791 5196 3072 5251 Moncmus
3129 5204 3310 5248 tamen
3351 5188 3658 5260 Opinionem
3698 5179 3930 5250 ejusdem

2352 5294 2612 5351 Auctoris
2643 5291 2711 5346 de
2754 5306 2919 5347 sensu
2963 5290 3190 5361 hujusce
3222 5287 3376 5341 vocis
3414 5278 3730 5350 blasphemia?
3760 5274 3877 5330 ideo
3901 5287 3928 5325 a

2350 5388 2509 5444 nobis
2530 5386 2834 5455 subjectam
2868 5384 3038 5441 fuisse
3071 5399 3190 5453 pag.
3218 5379 3286 5436 56
3310 5376 3429 5449 (col.
3455 5373 3583 5444 8'21)
3605 5371 3667 5426 ad
3700 5369 3927 5439 printum

2354 5482 2589 5538 Luciferi
2616 5482 2812 5537 librum
2836 5497 2935 5552 pro
2958 5481 3014 5536 S.
3046 5476 3367 5534 Athanasio,
3392 5472 3478 5527 ubi
3497 5467 3795 5524 idulolalriw
3825 5477 3926 5516 vox

2352 5576 2573 5645 irrepsit
2596 5591 2696 5646 pro
2720 5590 2855 5630 voce
2881 5570 3234 5643 blasphemiae,
3256 5568 3379 5639 quia
3406 5565 3479 5621 ibi
3504 5564 3570 5620 de
3594 5563 3734 5618 illius
3750 5571 3927 5617 sensu,

2348 5671 2690 5741 aliarumque
2714 5668 2957 5723 affinium
2992 5679 3183 5719 vocum
3207 5678 3272 5718 ex
3297 5659 3545 5716 Lucifero
3568 5658 3807 5728 quantam
3839 5663 3929 5703 no-

2347 5766 2601 5832 tavimus,
2620 5780 2741 5836 qua:
2766 5762 2985 5817 caeteris
3009 5759 3133 5815 inde
3159 5757 3388 5815 Luciferi
3415 5753 3583 5811 nostri
3605 5751 3736 5808 locis
3763 5748 3928 5803 lucem

2425 5891 2445 5918 ε
2481 5879 2537 5933 ln
2567 5878 2663 5933 lib.
2697 5877 2750 5931 4.
2783 5877 2852 5929 de
2882 5873 3081 5929 Trinit.
3115 5890 3169 5929 η.
3206 5871 3293 5927 12.

2420 5949 2446 5988 ‘1
2479 5950 2598 6007 Lib.
2627 5950 2681 6005 4.
2715 5964 2764 6005 c.
2802 5946 2891 6002 1‘2.
