  <div class='ocr_page' id='page_1' title='image "/cluster/home/n/w/nwhite01/storage/ocr_20150623/12-13/uc1.31175013632818/1040.png"; bbox 0 0 4292 6430; ppageno 0'>
   <div class='ocr_carea' id='block_1_1' title="bbox 153 416 256 471">
    <p class='ocr_par' dir='ltr' id='par_1_1' title="bbox 153 416 256 471">
     <span class='ocr_line' id='line_1_1' title="bbox 153 416 256 471; baseline 0 0"><span class='ocrx_word' id='word_1_1' title='bbox 153 416 256 471; x_wconf 73' lang='lat'><strong>7’03</strong></span> 
     </span>
    </p>
   </div>
   <div class='ocr_carea' id='block_1_2' title="bbox 1527 421 2083 480">
    <p class='ocr_par' dir='ltr' id='par_1_2' title="bbox 1527 421 2083 480">
     <span class='ocr_line' id='line_1_2' title="bbox 1527 421 2083 480; baseline -0.002 -2"><span class='ocrx_word' id='word_1_2' title='bbox 1527 421 1854 480; x_wconf 84' lang='lat' dir='ltr'><strong>LUCIFERI</strong></span> <span class='ocrx_word' id='word_1_3' title='bbox 1901 423 2083 478; x_wconf 82' lang='lat' dir='ltr'><strong>VITA.</strong></span> 
     </span>
    </p>
   </div>
   <div class='ocr_carea' id='block_1_3' title="bbox 3356 424 3468 481">
    <p class='ocr_par' dir='ltr' id='par_1_3' title="bbox 3356 424 3468 481">
     <span class='ocr_line' id='line_1_3' title="bbox 3356 424 3468 481; baseline 0.009 -1"><span class='ocrx_word' id='word_1_4' title='bbox 3356 424 3468 481; x_wconf 62' lang='lat'><strong>755</strong></span> 
     </span>
    </p>
   </div>
   <div class='ocr_carea' id='block_1_4' title="bbox 155 531 3470 610">
    <p class='ocr_par' dir='ltr' id='par_1_4' title="bbox 155 531 3470 610">
     <span class='ocr_line' id='line_1_4' title="bbox 155 531 3470 610; baseline 0.003 -25"><span class='ocrx_word' id='word_1_5' title='bbox 155 531 412 589; x_wconf 83' lang='lat' dir='ltr'><strong>alferrent</strong></span> <span class='ocrx_word' id='word_1_6' title='bbox 434 552 448 596; x_wconf 87' lang='lat'><strong>;</strong></span> <span class='ocrx_word' id='word_1_7' title='bbox 474 551 594 590; x_wconf 90' lang='lat' dir='ltr'><strong>cum</strong></span> <span class='ocrx_word' id='word_1_8' title='bbox 617 537 1216 605; x_wconf 73' lang='lat' dir='ltr'><strong>ccetcroquinAnctoris</strong></span> <span class='ocrx_word' id='word_1_9' title='bbox 1239 537 1401 591; x_wconf 72' lang='lat' dir='ltr'><strong>verba</strong></span> <span class='ocrx_word' id='word_1_10' title='bbox 1425 537 1762 592; x_wconf 85' lang='lat' dir='ltr'><strong>etsententia</strong></span> <span class='ocrx_word' id='word_1_11' title='bbox 1792 541 1842 598; x_wconf 84' lang='lat' dir='ltr'><strong>A</strong></span> <span class='ocrx_word' id='word_1_12' title='bbox 1871 539 2086 593; x_wconf 67' lang='lat' dir='ltr'><strong>Arianae</strong></span> <span class='ocrx_word' id='word_1_13' title='bbox 2127 538 2401 594; x_wconf 64' lang='lat' dir='ltr'><strong>haereseos</strong></span> <span class='ocrx_word' id='word_1_14' title='bbox 2432 538 2655 594; x_wconf 79' lang='lat' dir='ltr'><strong>fcecibus</strong></span> <span class='ocrx_word' id='word_1_15' title='bbox 2695 538 3030 610; x_wconf 74' lang='lat' dir='ltr'><strong>purgandum</strong></span> <span class='ocrx_word' id='word_1_16' title='bbox 3071 539 3377 610; x_wconf 78' lang='lat' dir='ltr'><strong>delegatum</strong></span> <span class='ocrx_word' id='word_1_17' title='bbox 3407 555 3470 596; x_wconf 88' lang='lat' dir='ltr'><strong>se</strong></span> 
     </span>
    </p>
   </div>
   <div class='ocr_carea' id='block_1_5' title="bbox 154 627 1763 701">
    <p class='ocr_par' dir='ltr' id='par_1_5' title="bbox 154 627 1763 701">
     <span class='ocr_line' id='line_1_5' title="bbox 154 627 1763 701; baseline 0.003 -21"><span class='ocrx_word' id='word_1_18' title='bbox 154 627 222 681; x_wconf 88' lang='lat' dir='ltr'><strong>ad</strong></span> <span class='ocrx_word' id='word_1_19' title='bbox 253 629 638 685; x_wconf 91' lang='lat' dir='ltr'><strong>testimonium</strong></span> <span class='ocrx_word' id='word_1_20' title='bbox 671 630 838 698; x_wconf 79' lang='lat' dir='ltr'><strong>ipsius</strong></span> <span class='ocrx_word' id='word_1_21' title='bbox 877 630 1106 684; x_wconf 73' lang='lat' dir='ltr'><strong>Luciferi</strong></span> <span class='ocrx_word' id='word_1_22' title='bbox 1155 647 1278 685; x_wconf 83' lang='lat' dir='ltr'><strong>mox</strong></span> <span class='ocrx_word' id='word_1_23' title='bbox 1325 632 1656 701; x_wconf 88' lang='lat' dir='ltr'><strong>explicatum</strong></span> <span class='ocrx_word' id='word_1_24' title='bbox 1705 647 1763 685; x_wconf 91' lang='lat' dir='ltr'><strong>re</strong></span> 
     </span>
    </p>
   </div>
   <div class='ocr_carea' id='block_1_6' title="bbox 156 723 1762 796">
    <p class='ocr_par' dir='ltr' id='par_1_6' title="bbox 156 723 1762 796">
     <span class='ocr_line' id='line_1_6' title="bbox 156 723 1762 796; baseline 0.004 -23"><span class='ocrx_word' id='word_1_25' title='bbox 156 734 282 776; x_wconf 86' lang='lat' dir='ltr'><strong>vera</strong></span> <span class='ocrx_word' id='word_1_26' title='bbox 313 724 651 792; x_wconf 88' lang='lat' dir='ltr'><strong>pertineant.</strong></span> <span class='ocrx_word' id='word_1_27' title='bbox 685 723 803 778; x_wconf 84' lang='lat' dir='ltr'><strong>Jam</strong></span> <span class='ocrx_word' id='word_1_28' title='bbox 837 724 903 779; x_wconf 90' lang='lat' dir='ltr'><strong>de</strong></span> <span class='ocrx_word' id='word_1_29' title='bbox 936 725 1020 778; x_wconf 92' lang='lat' dir='ltr'><strong>his</strong></span> <span class='ocrx_word' id='word_1_30' title='bbox 1050 726 1202 778; x_wconf 88' lang='lat' dir='ltr'><strong>satis.</strong></span> <span class='ocrx_word' id='word_1_31' title='bbox 1237 726 1316 778; x_wconf 87' lang='lat' dir='ltr'><strong>Ad</strong></span> <span class='ocrx_word' id='word_1_32' title='bbox 1345 725 1580 780; x_wconf 82' lang='lat' dir='ltr'><strong>Luciferi</strong></span> <span class='ocrx_word' id='word_1_33' title='bbox 1610 735 1762 796; x_wconf 90' lang='lat' dir='ltr'><strong>gesta</strong></span> 
     </span>
    </p>
   </div>
   <div class='ocr_carea' id='block_1_7' title="bbox 153 818 1761 886">
    <p class='ocr_par' dir='ltr' id='par_1_7' title="bbox 153 818 1761 886">
     <span class='ocr_line' id='line_1_7' title="bbox 153 818 1761 886; baseline 0.004 -19"><span class='ocrx_word' id='word_1_34' title='bbox 153 818 442 870; x_wconf 82' lang='lat' dir='ltr'><strong>veniamus</strong></span> <span class='ocrx_word' id='word_1_35' title='bbox 474 825 728 886; x_wconf 90' lang='lat' dir='ltr'><strong>oportet,</strong></span> <span class='ocrx_word' id='word_1_36' title='bbox 766 829 820 872; x_wconf 92' lang='lat' dir='ltr'><strong>et</strong></span> <span class='ocrx_word' id='word_1_37' title='bbox 851 834 911 873; x_wconf 90' lang='lat' dir='ltr'><strong>ea</strong></span> <span class='ocrx_word' id='word_1_38' title='bbox 939 859 955 885; x_wconf 94' lang='lat'><strong>,</strong></span> <span class='ocrx_word' id='word_1_39' title='bbox 1003 834 1124 886; x_wconf 75' lang='lat' dir='ltr'><strong>quze</strong></span> <span class='ocrx_word' id='word_1_40' title='bbox 1156 819 1238 872; x_wconf 93' lang='lat' dir='ltr'><strong>vel</strong></span> <span class='ocrx_word' id='word_1_41' title='bbox 1288 818 1352 872; x_wconf 93' lang='lat' dir='ltr'><strong>ad</strong></span> <span class='ocrx_word' id='word_1_42' title='bbox 1385 819 1531 873; x_wconf 90' lang='lat' dir='ltr'><strong>illius</strong></span> <span class='ocrx_word' id='word_1_43' title='bbox 1581 819 1761 873; x_wconf 71' lang='lat' dir='ltr'><strong>artatis</strong></span> 
     </span>
    </p>
   </div>
   <div class='ocr_carea' id='block_1_8' title="bbox 156 907 1763 980">
    <p class='ocr_par' dir='ltr' id='par_1_8' title="bbox 156 907 1763 980">
     <span class='ocr_line' id='line_1_8' title="bbox 156 907 1763 980; baseline 0.003 -19"><span class='ocrx_word' id='word_1_44' title='bbox 156 907 443 965; x_wconf 84' lang='lat' dir='ltr'><strong>historiam</strong></span> <span class='ocrx_word' id='word_1_45' title='bbox 477 920 761 980; x_wconf 91' lang='lat' dir='ltr'><strong>spectant,</strong></span> <span class='ocrx_word' id='word_1_46' title='bbox 792 913 876 966; x_wconf 84' lang='lat' dir='ltr'><strong>vel</strong></span> <span class='ocrx_word' id='word_1_47' title='bbox 908 928 1126 967; x_wconf 84' lang='lat' dir='ltr'><strong>sensum</strong></span> <span class='ocrx_word' id='word_1_48' title='bbox 1163 913 1490 977; x_wconf 85' lang='lat' dir='ltr'><strong>verborum,</strong></span> <span class='ocrx_word' id='word_1_49' title='bbox 1523 924 1576 967; x_wconf 87' lang='lat' dir='ltr'><strong>et</strong></span> <span class='ocrx_word' id='word_1_50' title='bbox 1606 912 1763 967; x_wconf 88' lang='lat' dir='ltr'><strong>Luci—</strong></span> 
     </span>
    </p>
   </div>
   <div class='ocr_carea' id='block_1_9' title="bbox 154 1004 1760 1076">
    <p class='ocr_par' dir='ltr' id='par_1_9' title="bbox 154 1004 1760 1076">
     <span class='ocr_line' id='line_1_9' title="bbox 154 1004 1760 1076; baseline 0.004 -20"><span class='ocrx_word' id='word_1_51' title='bbox 154 1004 254 1058; x_wconf 87' lang='lat' dir='ltr'><strong>feri</strong></span> <span class='ocrx_word' id='word_1_52' title='bbox 286 1015 525 1059; x_wconf 82' lang='lat' dir='ltr'><strong>mentem</strong></span> <span class='ocrx_word' id='word_1_53' title='bbox 554 1004 905 1074; x_wconf 87' lang='lat' dir='ltr'><strong>aliqnomodo</strong></span> <span class='ocrx_word' id='word_1_54' title='bbox 937 1008 1211 1075; x_wconf 79' lang='lat' dir='ltr'><strong>respicere</strong></span> <span class='ocrx_word' id='word_1_55' title='bbox 1242 1015 1498 1073; x_wconf 89' lang='lat' dir='ltr'><strong>possunt,</strong></span> <span class='ocrx_word' id='word_1_56' title='bbox 1529 1007 1760 1076; x_wconf 80' lang='lat' dir='ltr'><strong>quisque</strong></span> 
     </span>
    </p>
   </div>
   <div class='ocr_carea' id='block_1_10' title="bbox 152 1097 1753 1169">
    <p class='ocr_par' dir='ltr' id='par_1_10' title="bbox 152 1097 1753 1169">
     <span class='ocr_line' id='line_1_10' title="bbox 152 1097 1753 1169; baseline 0.002 -20"><span class='ocrx_word' id='word_1_57' title='bbox 152 1097 396 1153; x_wconf 73' lang='lat' dir='ltr'><strong>offendet</strong></span> <span class='ocrx_word' id='word_1_58' title='bbox 426 1099 479 1153; x_wconf 88' lang='lat' dir='ltr'><strong>itt</strong></span> <span class='ocrx_word' id='word_1_59' title='bbox 507 1098 809 1169; x_wconf 84' lang='lat' dir='ltr'><strong>suppositis</strong></span> <span class='ocrx_word' id='word_1_60' title='bbox 856 1101 979 1154; x_wconf 85' lang='lat' dir='ltr'><strong>huic</strong></span> <span class='ocrx_word' id='word_1_61' title='bbox 1013 1098 1238 1154; x_wconf 90' lang='lat' dir='ltr'><strong>editioni</strong></span> <span class='ocrx_word' id='word_1_62' title='bbox 1283 1099 1753 1153; x_wconf 73' lang='lat' dir='ltr'><strong>annotationibus.</strong></span> 
     </span>
    </p>
   </div>
   <div class='ocr_carea' id='block_1_11' title="bbox 878 1191 1033 1263">
    <p class='ocr_par' dir='ltr' id='par_1_11' title="bbox 878 1191 1033 1263">
     <span class='ocr_line' id='line_1_11' title="bbox 878 1191 1033 1263; baseline -0.013 -17"><span class='ocrx_word' id='word_1_63' title='bbox 878 1193 906 1263; x_wconf 64' lang='grc' dir='ltr'><strong>ς</strong></span> <span class='ocrx_word' id='word_1_64' title='bbox 950 1191 1033 1246; x_wconf 75' lang='grc' dir='ltr'><strong>γι.</strong></span> 
     </span>
    </p>
   </div>
   <div class='ocr_carea' id='block_1_12' title="bbox 223 1283 1756 1357">
    <p class='ocr_par' dir='ltr' id='par_1_12' title="bbox 223 1283 1756 1357">
     <span class='ocr_line' id='line_1_12' title="bbox 223 1283 1756 1357; baseline 0.001 -19"><span class='ocrx_word' id='word_1_65' title='bbox 223 1283 548 1340; x_wconf 84' lang='lat' dir='ltr'><strong>Constantio</strong></span> <span class='ocrx_word' id='word_1_66' title='bbox 579 1286 826 1357; x_wconf 87' lang='lat' dir='ltr'><strong>Angusto</strong></span> <span class='ocrx_word' id='word_1_67' title='bbox 854 1302 884 1339; x_wconf 87' lang='lat' dir='ltr'><strong>e</strong></span> <span class='ocrx_word' id='word_1_68' title='bbox 931 1286 1071 1339; x_wconf 80' lang='lat' dir='ltr'><strong>vivis</strong></span> <span class='ocrx_word' id='word_1_69' title='bbox 1116 1285 1328 1339; x_wconf 90' lang='lat' dir='ltr'><strong>sublato</strong></span> <span class='ocrx_word' id='word_1_70' title='bbox 1378 1287 1756 1354; x_wconf 81' lang='lat' dir='ltr'><strong>Mopsucrenis</strong></span> 
     </span>
    </p>
   </div>
   <div class='ocr_carea' id='block_1_13' title="bbox 148 1379 1752 1450">
    <p class='ocr_par' dir='ltr' id='par_1_13' title="bbox 148 1379 1752 1450">
     <span class='ocr_line' id='line_1_13' title="bbox 148 1379 1752 1450; baseline 0.002 -18"><span class='ocrx_word' id='word_1_71' title='bbox 148 1393 322 1450; x_wconf 87' lang='lat' dir='ltr'><strong>prope</strong></span> <span class='ocrx_word' id='word_1_72' title='bbox 350 1379 581 1435; x_wconf 85' lang='lat' dir='ltr'><strong>Tarsum</strong></span> <span class='ocrx_word' id='word_1_73' title='bbox 611 1380 698 1435; x_wconf 87' lang='grc' dir='ltr'><strong>ΙΙΙ.</strong></span> <span class='ocrx_word' id='word_1_74' title='bbox 733 1381 870 1436; x_wconf 86' lang='grc' dir='ltr'><strong>Νοη.</strong></span> <span class='ocrx_word' id='word_1_75' title='bbox 919 1379 1256 1434; x_wconf 85' lang='lat' dir='ltr'><strong>Novembres</strong></span> <span class='ocrx_word' id='word_1_76' title='bbox 1289 1395 1430 1435; x_wconf 90' lang='lat' dir='ltr'><strong>anno</strong></span> <span class='ocrx_word' id='word_1_77' title='bbox 1457 1380 1586 1434; x_wconf 86' lang='lat' dir='ltr'><strong>Chr.</strong></span> <span class='ocrx_word' id='word_1_78' title='bbox 1626 1382 1752 1447; x_wconf 74' lang='lat'><strong>561,</strong></span> 
     </span>
    </p>
   </div>
   <div class='ocr_carea' id='block_1_14' title="bbox 145 1471 1751 1542">
    <p class='ocr_par' dir='ltr' id='par_1_14' title="bbox 145 1471 1751 1542">
     <span class='ocr_line' id='line_1_14' title="bbox 145 1471 1751 1542; baseline 0 -16"><span class='ocrx_word' id='word_1_79' title='bbox 145 1485 271 1526; x_wconf 90' lang='lat' dir='ltr'><strong>cum</strong></span> <span class='ocrx_word' id='word_1_80' title='bbox 302 1471 371 1523; x_wconf 92' lang='lat' dir='ltr'><strong>ab</strong></span> <span class='ocrx_word' id='word_1_81' title='bbox 405 1471 612 1527; x_wconf 80' lang='lat' dir='ltr'><strong>Euzoio</strong></span> <span class='ocrx_word' id='word_1_82' title='bbox 641 1473 846 1527; x_wconf 87' lang='lat' dir='ltr'><strong>Ariano</strong></span> <span class='ocrx_word' id='word_1_83' title='bbox 876 1473 1147 1542; x_wconf 63' lang='lat' dir='ltr'><strong>Ilpiscotio</strong></span> <span class='ocrx_word' id='word_1_84' title='bbox 1171 1514 1184 1534; x_wconf 86' lang='lat'><strong>.</strong></span> <span class='ocrx_word' id='word_1_85' title='bbox 1227 1483 1284 1526; x_wconf 92' lang='lat' dir='ltr'><strong>ut</strong></span> <span class='ocrx_word' id='word_1_86' title='bbox 1316 1474 1390 1526; x_wconf 90' lang='lat' dir='ltr'><strong>ait</strong></span> <span class='ocrx_word' id='word_1_87' title='bbox 1420 1475 1677 1526; x_wconf 86' lang='lat' dir='ltr'><strong>Socrates</strong></span> <span class='ocrx_word' id='word_1_88' title='bbox 1704 1484 1751 1538; x_wconf 71' lang='grc' dir='ltr'><strong>η,</strong></span> 
     </span>
    </p>
   </div>
   <div class='ocr_carea' id='block_1_15' title="bbox 145 1563 1752 1634">
    <p class='ocr_par' dir='ltr' id='par_1_15' title="bbox 145 1563 1752 1634">
     <span class='ocr_line' id='line_1_15' title="bbox 145 1563 1752 1634; baseline 0 -16"><span class='ocrx_word' id='word_1_89' title='bbox 145 1563 253 1618; x_wconf 88' lang='lat' dir='ltr'><strong>sub</strong></span> <span class='ocrx_word' id='word_1_90' title='bbox 282 1573 514 1619; x_wconf 89' lang='lat' dir='ltr'><strong>mortem</strong></span> <span class='ocrx_word' id='word_1_91' title='bbox 544 1564 849 1634; x_wconf 81' lang='lat' dir='ltr'><strong>baptizatus</strong></span> <span class='ocrx_word' id='word_1_92' title='bbox 880 1567 1094 1629; x_wconf 74' lang='lat' dir='ltr'><strong>fuisset,</strong></span> <span class='ocrx_word' id='word_1_93' title='bbox 1127 1563 1326 1618; x_wconf 78' lang='lat' dir='ltr'><strong>frnSIra</strong></span> <span class='ocrx_word' id='word_1_94' title='bbox 1359 1566 1620 1620; x_wconf 80' lang='lat' dir='ltr'><strong>suadente</strong></span> <span class='ocrx_word' id='word_1_95' title='bbox 1643 1565 1752 1619; x_wconf 91' lang='lat' dir='ltr'><strong>Ln-</strong></span> 
     </span>
    </p>
   </div>
   <div class='ocr_carea' id='block_1_16' title="bbox 141 1655 1753 1726">
    <p class='ocr_par' dir='ltr' id='par_1_16' title="bbox 141 1655 1753 1726">
     <span class='ocr_line' id='line_1_16' title="bbox 141 1655 1753 1726; baseline 0.002 -17"><span class='ocrx_word' id='word_1_96' title='bbox 141 1655 319 1710; x_wconf 89' lang='lat' dir='ltr'><strong>cifero</strong></span> <span class='ocrx_word' id='word_1_97' title='bbox 341 1696 357 1722; x_wconf 88' lang='lat'><strong>,</strong></span> <span class='ocrx_word' id='word_1_98' title='bbox 410 1665 468 1710; x_wconf 93' lang='lat' dir='ltr'><strong>ut</strong></span> <span class='ocrx_word' id='word_1_99' title='bbox 517 1671 612 1726; x_wconf 90' lang='lat' dir='ltr'><strong>per</strong></span> <span class='ocrx_word' id='word_1_100' title='bbox 641 1656 1004 1712; x_wconf 86' lang='lat' dir='ltr'><strong>Athanasium</strong></span> <span class='ocrx_word' id='word_1_101' title='bbox 1028 1699 1042 1722; x_wconf 91' lang='lat'><strong>,</strong></span> <span class='ocrx_word' id='word_1_102' title='bbox 1078 1660 1192 1711; x_wconf 88' lang='lat' dir='ltr'><strong>sive</strong></span> <span class='ocrx_word' id='word_1_103' title='bbox 1225 1660 1594 1725; x_wconf 86' lang='lat' dir='ltr'><strong>Coepiscopos</strong></span> <span class='ocrx_word' id='word_1_104' title='bbox 1634 1659 1753 1724; x_wconf 87' lang='lat' dir='ltr'><strong>ejns</strong></span> 
     </span>
    </p>
   </div>
   <div class='ocr_carea' id='block_1_17' title="bbox 142 1747 1746 1818">
    <p class='ocr_par' dir='ltr' id='par_1_17' title="bbox 142 1747 1746 1818">
     <span class='ocr_line' id='line_1_17' title="bbox 142 1747 1746 1818; baseline -0.001 -18"><span class='ocrx_word' id='word_1_105' title='bbox 142 1747 388 1802; x_wconf 84' lang='lat' dir='ltr'><strong>salutare</strong></span> <span class='ocrx_word' id='word_1_106' title='bbox 419 1749 685 1818; x_wconf 86' lang='lat' dir='ltr'><strong>consequi</strong></span> <span class='ocrx_word' id='word_1_107' title='bbox 736 1749 906 1802; x_wconf 80' lang='lat' dir='ltr'><strong>vellet</strong></span> <span class='ocrx_word' id='word_1_108' title='bbox 936 1751 1368 1818; x_wconf 77' lang='lat' dir='ltr'><strong>regenerationis</strong></span> <span class='ocrx_word' id='word_1_109' title='bbox 1400 1750 1675 1802; x_wconf 88' lang='lat' dir='ltr'><strong>lavacrum</strong></span> <span class='ocrx_word' id='word_1_110' title='bbox 1701 1749 1746 1813; x_wconf 78' lang='grc' dir='ltr'><strong>ιι,</strong></span> 
     </span>
    </p>
   </div>
   <div class='ocr_carea' id='block_1_18' title="bbox 142 1840 1750 1912">
    <p class='ocr_par' dir='ltr' id='par_1_18' title="bbox 142 1840 1750 1912">
     <span class='ocr_line' id='line_1_18' title="bbox 142 1840 1750 1912; baseline 0 -17"><span class='ocrx_word' id='word_1_111' title='bbox 142 1840 371 1896; x_wconf 77' lang='lat' dir='ltr'><strong>Flavius</strong></span> <span class='ocrx_word' id='word_1_112' title='bbox 399 1840 660 1896; x_wconf 88' lang='lat' dir='ltr'><strong>Claudius</strong></span> <span class='ocrx_word' id='word_1_113' title='bbox 689 1841 935 1896; x_wconf 89' lang='lat' dir='ltr'><strong>Julianus</strong></span> <span class='ocrx_word' id='word_1_114' title='bbox 968 1855 1335 1911; x_wconf 86' lang='lat' dir='ltr'><strong>cognomento</strong></span> <span class='ocrx_word' id='word_1_115' title='bbox 1366 1843 1614 1912; x_wconf 80' lang='lat' dir='ltr'><strong>Apostata</strong></span> <span class='ocrx_word' id='word_1_116' title='bbox 1647 1841 1750 1895; x_wconf 85' lang='lat' dir='ltr'><strong>Ro-</strong></span> 
     </span>
    </p>
   </div>
   <div class='ocr_carea' id='block_1_19' title="bbox 1869 629 3468 701">
    <p class='ocr_par' dir='ltr' id='par_1_19' title="bbox 1869 629 3468 701">
     <span class='ocr_line' id='line_1_19' title="bbox 1869 629 3468 701; baseline 0.003 -17"><span class='ocrx_word' id='word_1_117' title='bbox 1869 630 2141 685; x_wconf 86' lang='lat' dir='ltr'><strong>intellexit</strong></span> <span class='ocrx_word' id='word_1_118' title='bbox 2166 631 2360 684; x_wconf 87' lang='lat' dir='ltr'><strong>litteris</strong></span> <span class='ocrx_word' id='word_1_119' title='bbox 2387 629 2586 686; x_wconf 86' lang='lat' dir='ltr'><strong>Liberii</strong></span> <span class='ocrx_word' id='word_1_120' title='bbox 2612 630 2955 699; x_wconf 64' lang='lat' dir='ltr'><strong>I’Ontiticish,</strong></span> <span class='ocrx_word' id='word_1_121' title='bbox 2975 633 3066 701; x_wconf 86' lang='lat' dir='ltr'><strong>qui</strong></span> <span class='ocrx_word' id='word_1_122' title='bbox 3094 643 3146 687; x_wconf 93' lang='lat' dir='ltr'><strong>et</strong></span> <span class='ocrx_word' id='word_1_123' title='bbox 3173 632 3468 688; x_wconf 85' lang='lat' dir='ltr'><strong>Eusebium</strong></span> 
     </span>
    </p>
   </div>
   <div class='ocr_carea' id='block_1_20' title="bbox 1868 721 3474 795">
    <p class='ocr_par' dir='ltr' id='par_1_20' title="bbox 1868 721 3474 795">
     <span class='ocr_line' id='line_1_20' title="bbox 1868 721 3474 795; baseline 0.003 -19"><span class='ocrx_word' id='word_1_124' title='bbox 1868 721 2283 777; x_wconf 80' lang='lat' dir='ltr'><strong>Vercellenscm</strong></span> <span class='ocrx_word' id='word_1_125' title='bbox 2335 739 2430 793; x_wconf 84' lang='lat' dir='ltr'><strong>per</strong></span> <span class='ocrx_word' id='word_1_126' title='bbox 2475 724 2526 778; x_wconf 91' lang='lat' dir='ltr'><strong>id</strong></span> <span class='ocrx_word' id='word_1_127' title='bbox 2576 733 2816 795; x_wconf 85' lang='lat' dir='ltr'><strong>tempus,</strong></span> <span class='ocrx_word' id='word_1_128' title='bbox 2853 733 2913 778; x_wconf 79' lang='grc' dir='ltr'><strong>ιιι</strong></span> <span class='ocrx_word' id='word_1_129' title='bbox 2946 725 3331 780; x_wconf 65' lang='lat' dir='ltr'><strong>Alexandrinae</strong></span> <span class='ocrx_word' id='word_1_130' title='bbox 3367 726 3474 781; x_wconf 83' lang='lat' dir='ltr'><strong>Ec-</strong></span> 
     </span>
    </p>
   </div>
   <div class='ocr_carea' id='block_1_21' title="bbox 1865 816 3468 889">
    <p class='ocr_par' dir='ltr' id='par_1_21' title="bbox 1865 816 3468 889">
     <span class='ocr_line' id='line_1_21' title="bbox 1865 816 3468 889; baseline 0.002 -20"><span class='ocrx_word' id='word_1_131' title='bbox 1865 816 2046 869; x_wconf 80' lang='lat' dir='ltr'><strong>clesiae</strong></span> <span class='ocrx_word' id='word_1_132' title='bbox 2079 816 2320 870; x_wconf 88' lang='lat' dir='ltr'><strong>subsidio</strong></span> <span class='ocrx_word' id='word_1_133' title='bbox 2351 826 2496 870; x_wconf 61' lang='lat' dir='ltr'><strong>esset</strong></span> <span class='ocrx_word' id='word_1_134' title='bbox 2517 859 2530 881; x_wconf 90' lang='lat'><strong>,</strong></span> <span class='ocrx_word' id='word_1_135' title='bbox 2567 817 2804 887; x_wconf 86' lang='lat' dir='ltr'><strong>legatum</strong></span> <span class='ocrx_word' id='word_1_136' title='bbox 2835 818 3205 872; x_wconf 83' lang='lat' dir='ltr'><strong>destinaverat</strong></span> <span class='ocrx_word' id='word_1_137' title='bbox 3244 818 3468 889; x_wconf 89' lang='lat' dir='ltr'><strong>Synodo</strong></span> 
     </span>
    </p>
   </div>
   <div class='ocr_carea' id='block_1_22' title="bbox 1860 906 3472 975">
    <p class='ocr_par' dir='ltr' id='par_1_22' title="bbox 1860 906 3472 975">
     <span class='ocr_line' id='line_1_22' title="bbox 1860 906 3472 975; baseline 0.004 -15"><span class='ocrx_word' id='word_1_138' title='bbox 1860 906 1971 975; x_wconf 84' lang='lat' dir='ltr'><strong>jam</strong></span> <span class='ocrx_word' id='word_1_139' title='bbox 2007 906 2246 962; x_wconf 73' lang='lat' dir='ltr'><strong>indictze.</strong></span> <span class='ocrx_word' id='word_1_140' title='bbox 2283 909 2356 961; x_wconf 90' lang='lat' dir='ltr'><strong>Ita</strong></span> <span class='ocrx_word' id='word_1_141' title='bbox 2404 908 2642 969; x_wconf 81' lang='lat' dir='ltr'><strong>Lucifer.</strong></span> <span class='ocrx_word' id='word_1_142' title='bbox 2675 909 2803 964; x_wconf 89' lang='lat' dir='ltr'><strong>dum</strong></span> <span class='ocrx_word' id='word_1_143' title='bbox 2835 909 3107 964; x_wconf 80' lang='lat' dir='ltr'><strong>Eusebius</strong></span> <span class='ocrx_word' id='word_1_144' title='bbox 3147 925 3268 965; x_wconf 89' lang='lat' dir='ltr'><strong>cum</strong></span> <span class='ocrx_word' id='word_1_145' title='bbox 3299 910 3472 966; x_wconf 86' lang='lat' dir='ltr'><strong>Atha-</strong></span> 
     </span>
    </p>
   </div>
   <div class='ocr_carea' id='block_1_23' title="bbox 1866 1002 3468 1070">
    <p class='ocr_par' dir='ltr' id='par_1_23' title="bbox 1866 1002 3468 1070">
     <span class='ocr_line' id='line_1_23' title="bbox 1866 1002 3468 1070; baseline 0.001 -15"><span class='ocrx_word' id='word_1_146' title='bbox 1866 1003 2019 1055; x_wconf 89' lang='lat' dir='ltr'><strong>nasio</strong></span> <span class='ocrx_word' id='word_1_147' title='bbox 2049 1003 2416 1056; x_wconf 78' lang='lat' dir='ltr'><strong>Alexandrino</strong></span> <span class='ocrx_word' id='word_1_148' title='bbox 2443 1002 2687 1057; x_wconf 90' lang='lat' dir='ltr'><strong>Concilio</strong></span> <span class='ocrx_word' id='word_1_149' title='bbox 2735 1012 2884 1058; x_wconf 92' lang='lat' dir='ltr'><strong>totus</strong></span> <span class='ocrx_word' id='word_1_150' title='bbox 2931 1005 3227 1070; x_wconf 83' lang='lat' dir='ltr'><strong>incumbit,</strong></span> <span class='ocrx_word' id='word_1_151' title='bbox 3259 1005 3325 1059; x_wconf 89' lang='lat' dir='ltr'><strong>ad</strong></span> <span class='ocrx_word' id='word_1_152' title='bbox 3363 1005 3468 1057; x_wconf 84' lang='lat' dir='ltr'><strong>Ca-</strong></span> 
     </span>
    </p>
   </div>
   <div class='ocr_carea' id='block_1_24' title="bbox 1865 1094 3469 1169">
    <p class='ocr_par' dir='ltr' id='par_1_24' title="bbox 1865 1094 3469 1169">
     <span class='ocr_line' id='line_1_24' title="bbox 1865 1094 3469 1169; baseline 0.003 -21"><span class='ocrx_word' id='word_1_153' title='bbox 1865 1094 2091 1149; x_wconf 90' lang='lat' dir='ltr'><strong>tholicos</strong></span> <span class='ocrx_word' id='word_1_154' title='bbox 2143 1097 2448 1150; x_wconf 64' lang='lat' dir='ltr'><strong>Antiochia:</strong></span> <span class='ocrx_word' id='word_1_155' title='bbox 2497 1097 2812 1151; x_wconf 79' lang='lat' dir='ltr'><strong>domesticis</strong></span> <span class='ocrx_word' id='word_1_156' title='bbox 2860 1099 3036 1153; x_wconf 87' lang='lat' dir='ltr'><strong>turbis</strong></span> <span class='ocrx_word' id='word_1_157' title='bbox 3091 1100 3355 1169; x_wconf 85' lang='lat' dir='ltr'><strong>agitatos,</strong></span> <span class='ocrx_word' id='word_1_158' title='bbox 3410 1107 3469 1153; x_wconf 88' lang='lat' dir='ltr'><strong>et</strong></span> 
     </span>
    </p>
   </div>
   <div class='ocr_carea' id='block_1_25' title="bbox 1863 1189 3464 1261">
    <p class='ocr_par' dir='ltr' id='par_1_25' title="bbox 1863 1189 3464 1261">
     <span class='ocr_line' id='line_1_25' title="bbox 1863 1189 3464 1261; baseline 0.004 -19"><span class='ocrx_word' id='word_1_159' title='bbox 1863 1189 2080 1242; x_wconf 90' lang='lat' dir='ltr'><strong>Arianis</strong></span> <span class='ocrx_word' id='word_1_160' title='bbox 2127 1191 2585 1260; x_wconf 57' lang='lat' dir='ltr'><strong>persequentibus</strong></span> <span class='ocrx_word' id='word_1_161' title='bbox 2625 1192 2934 1248; x_wconf 81' lang='lat' dir='ltr'><strong>laborantes</strong></span> <span class='ocrx_word' id='word_1_162' title='bbox 2975 1195 3213 1248; x_wconf 91' lang='lat' dir='ltr'><strong>accurrit</strong></span> <span class='ocrx_word' id='word_1_163' title='bbox 3261 1235 3275 1261; x_wconf 92' lang='lat'><strong>,</strong></span> <span class='ocrx_word' id='word_1_164' title='bbox 3308 1202 3362 1248; x_wconf 90' lang='lat' dir='ltr'><strong>et</strong></span> <span class='ocrx_word' id='word_1_165' title='bbox 3392 1195 3464 1248; x_wconf 87' lang='lat' dir='ltr'><strong>ad</strong></span> 
     </span>
    </p>
   </div>
   <div class='ocr_carea' id='block_1_26' title="bbox 1861 1281 3460 1355">
    <p class='ocr_par' dir='ltr' id='par_1_26' title="bbox 1861 1281 3460 1355">
     <span class='ocr_line' id='line_1_26' title="bbox 1861 1281 3460 1355; baseline 0.004 -20"><span class='ocrx_word' id='word_1_166' title='bbox 1861 1281 2290 1335; x_wconf 79' lang='lat' dir='ltr'><strong>Alexandrinam</strong></span> <span class='ocrx_word' id='word_1_167' title='bbox 2321 1281 2600 1353; x_wconf 85' lang='lat' dir='ltr'><strong>Synodum</strong></span> <span class='ocrx_word' id='word_1_168' title='bbox 2623 1325 2636 1344; x_wconf 85' lang='lat'><strong>,</strong></span> <span class='ocrx_word' id='word_1_169' title='bbox 2670 1299 2792 1338; x_wconf 90' lang='lat' dir='ltr'><strong>cum</strong></span> <span class='ocrx_word' id='word_1_170' title='bbox 2823 1285 2940 1355; x_wconf 85' lang='lat' dir='ltr'><strong>ipse</strong></span> <span class='ocrx_word' id='word_1_171' title='bbox 2972 1286 3052 1340; x_wconf 91' lang='lat' dir='ltr'><strong>ire</strong></span> <span class='ocrx_word' id='word_1_172' title='bbox 3080 1301 3188 1339; x_wconf 92' lang='lat' dir='ltr'><strong>non</strong></span> <span class='ocrx_word' id='word_1_173' title='bbox 3233 1297 3419 1354; x_wconf 87' lang='lat' dir='ltr'><strong>posset</strong></span> <span class='ocrx_word' id='word_1_174' title='bbox 3444 1328 3460 1348; x_wconf 84' lang='lat'><strong>,</strong></span> 
     </span>
    </p>
   </div>
   <div class='ocr_carea' id='block_1_27' title="bbox 1859 1372 3463 1442">
    <p class='ocr_par' dir='ltr' id='par_1_27' title="bbox 1859 1372 3463 1442">
     <span class='ocr_line' id='line_1_27' title="bbox 1859 1372 3463 1442; baseline 0.003 -16"><span class='ocrx_word' id='word_1_175' title='bbox 1859 1372 2064 1442; x_wconf 84' lang='lat' dir='ltr'><strong>legatos</strong></span> <span class='ocrx_word' id='word_1_176' title='bbox 2096 1387 2195 1426; x_wconf 88' lang='lat' dir='ltr'><strong>suo</strong></span> <span class='ocrx_word' id='word_1_177' title='bbox 2227 1376 2445 1430; x_wconf 87' lang='lat' dir='ltr'><strong>nomine</strong></span> <span class='ocrx_word' id='word_1_178' title='bbox 2479 1377 2623 1430; x_wconf 88' lang='lat' dir='ltr'><strong>misit</strong></span> <span class='ocrx_word' id='word_1_179' title='bbox 2657 1376 2928 1432; x_wconf 89' lang='lat' dir='ltr'><strong>Diaconos</strong></span> <span class='ocrx_word' id='word_1_180' title='bbox 2959 1377 3097 1433; x_wconf 90' lang='lat' dir='ltr'><strong>duos</strong></span> <span class='ocrx_word' id='word_1_181' title='bbox 3127 1378 3463 1434; x_wconf 90' lang='lat' dir='ltr'><strong>IIerenninm</strong></span> 
     </span>
    </p>
   </div>
   <div class='ocr_carea' id='block_1_28' title="bbox 1857 1470 3462 1542">
    <p class='ocr_par' dir='ltr' id='par_1_28' title="bbox 1857 1470 3462 1542">
     <span class='ocr_line' id='line_1_28' title="bbox 1857 1470 3462 1542; baseline 0.003 -21"><span class='ocrx_word' id='word_1_182' title='bbox 1857 1475 1914 1521; x_wconf 91' lang='lat' dir='ltr'><strong>et</strong></span> <span class='ocrx_word' id='word_1_183' title='bbox 1942 1471 2247 1537; x_wconf 88' lang='lat' dir='ltr'><strong>Agapetum</strong></span> <span class='ocrx_word' id='word_1_184' title='bbox 2266 1509 2282 1533; x_wconf 92' lang='lat'><strong>,</strong></span> <span class='ocrx_word' id='word_1_185' title='bbox 2311 1478 2367 1520; x_wconf 92' lang='lat' dir='ltr'><strong>ut</strong></span> <span class='ocrx_word' id='word_1_186' title='bbox 2394 1484 2459 1522; x_wconf 75' lang='lat' dir='ltr'><strong>ex</strong></span> <span class='ocrx_word' id='word_1_187' title='bbox 2491 1470 2996 1540; x_wconf 79' lang='lat' dir='ltr'><strong>subscriptionibus</strong></span> <span class='ocrx_word' id='word_1_188' title='bbox 3019 1471 3294 1542; x_wconf 61' lang='lat' dir='ltr'><strong>synodica!</strong></span> <span class='ocrx_word' id='word_1_189' title='bbox 3318 1471 3462 1540; x_wconf 85' lang='lat' dir='ltr'><strong>ejus-</strong></span> 
     </span>
    </p>
   </div>
   <div class='ocr_carea' id='block_1_29' title="bbox 1855 1559 3464 1630">
    <p class='ocr_par' dir='ltr' id='par_1_29' title="bbox 1855 1559 3464 1630">
     <span class='ocr_line' id='line_1_29' title="bbox 1855 1559 3464 1630; baseline 0.004 -16"><span class='ocrx_word' id='word_1_190' title='bbox 1855 1559 1979 1614; x_wconf 89' lang='lat' dir='ltr'><strong>dem</strong></span> <span class='ocrx_word' id='word_1_191' title='bbox 2011 1560 2244 1615; x_wconf 84' lang='lat' dir='ltr'><strong>Concilii</strong></span> <span class='ocrx_word' id='word_1_192' title='bbox 2291 1573 2518 1630; x_wconf 85' lang='lat' dir='ltr'><strong>apparet</strong></span> <span class='ocrx_word' id='word_1_193' title='bbox 2550 1563 2590 1616; x_wconf 77' lang='grc' dir='ltr'><strong>ί.</strong></span> <span class='ocrx_word' id='word_1_194' title='bbox 2637 1565 2773 1620; x_wconf 91' lang='lat' dir='ltr'><strong>lIinc</strong></span> <span class='ocrx_word' id='word_1_195' title='bbox 2819 1566 3111 1620; x_wconf 90' lang='lat' dir='ltr'><strong>manifesta</strong></span> <span class='ocrx_word' id='word_1_196' title='bbox 3153 1577 3239 1621; x_wconf 92' lang='lat' dir='ltr'><strong>est</strong></span> <span class='ocrx_word' id='word_1_197' title='bbox 3280 1567 3464 1621; x_wconf 84' lang='lat' dir='ltr'><strong>Rufini</strong></span> 
     </span>
    </p>
   </div>
   <div class='ocr_carea' id='block_1_30' title="bbox 1857 1654 3460 1729">
    <p class='ocr_par' dir='ltr' id='par_1_30' title="bbox 1857 1654 3460 1729">
     <span class='ocr_line' id='line_1_30' title="bbox 1857 1654 3460 1729; baseline 0.006 -23"><span class='ocrx_word' id='word_1_198' title='bbox 1857 1654 2246 1718; x_wconf 79' lang='lat' dir='ltr'><strong>ltallncinatio,</strong></span> <span class='ocrx_word' id='word_1_199' title='bbox 2299 1671 2468 1709; x_wconf 91' lang='lat' dir='ltr'><strong>unum</strong></span> <span class='ocrx_word' id='word_1_200' title='bbox 2515 1659 2896 1712; x_wconf 88' lang='lat' dir='ltr'><strong>tantnnnnodo</strong></span> <span class='ocrx_word' id='word_1_201' title='bbox 2935 1658 3172 1714; x_wconf 84' lang='lat' dir='ltr'><strong>Luciferi</strong></span> <span class='ocrx_word' id='word_1_202' title='bbox 3219 1661 3460 1729; x_wconf 89' lang='lat' dir='ltr'><strong>legatttm</strong></span> 
     </span>
    </p>
   </div>
   <div class='ocr_carea' id='block_1_31' title="bbox 1856 1747 3462 1818">
    <p class='ocr_par' dir='ltr' id='par_1_31' title="bbox 1856 1747 3462 1818">
     <span class='ocr_line' id='line_1_31' title="bbox 1856 1747 3462 1818; baseline 0.004 -18"><span class='ocrx_word' id='word_1_203' title='bbox 1856 1747 1932 1800; x_wconf 92' lang='lat' dir='ltr'><strong>illi</strong></span> <span class='ocrx_word' id='word_1_204' title='bbox 1963 1747 2210 1801; x_wconf 77' lang='lat' dir='ltr'><strong>Concilio</strong></span> <span class='ocrx_word' id='word_1_205' title='bbox 2244 1748 2560 1806; x_wconf 87' lang='lat' dir='ltr'><strong>interfuisse</strong></span> <span class='ocrx_word' id='word_1_206' title='bbox 2590 1752 2889 1806; x_wconf 84' lang='lat' dir='ltr'><strong>scribentis</strong></span> <span class='ocrx_word' id='word_1_207' title='bbox 2915 1756 2928 1801; x_wconf 81' lang='lat' dir='ltr'><strong>i</strong></span> <span class='ocrx_word' id='word_1_208' title='bbox 2958 1769 2971 1818; x_wconf 91' lang='lat'>;</span> <span class='ocrx_word' id='word_1_209' title='bbox 3002 1753 3108 1806; x_wconf 89' lang='lat' dir='ltr'><strong>nisi</strong></span> <span class='ocrx_word' id='word_1_210' title='bbox 3138 1753 3324 1808; x_wconf 84' lang='lat' dir='ltr'><strong>dicere</strong></span> <span class='ocrx_word' id='word_1_211' title='bbox 3365 1769 3462 1807; x_wconf 86' lang='lat' dir='ltr'><strong>ve-</strong></span> 
     </span>
    </p>
   </div>
   <div class='ocr_carea' id='block_1_32' title="bbox 1854 1840 3462 1918">
    <p class='ocr_par' dir='ltr' id='par_1_32' title="bbox 1854 1840 3462 1918">
     <span class='ocr_line' id='line_1_32' title="bbox 1854 1840 3462 1918; baseline 0.005 -24"><span class='ocrx_word' id='word_1_212' title='bbox 1854 1840 2043 1905; x_wconf 87' lang='lat' dir='ltr'><strong>limus,</strong></span> <span class='ocrx_word' id='word_1_213' title='bbox 2088 1842 2420 1898; x_wconf 89' lang='lat' dir='ltr'><strong>llerenninm</strong></span> <span class='ocrx_word' id='word_1_214' title='bbox 2455 1845 2630 1898; x_wconf 89' lang='lat' dir='ltr'><strong>solum</strong></span> <span class='ocrx_word' id='word_1_215' title='bbox 2658 1847 2975 1902; x_wconf 87' lang='lat' dir='ltr'><strong>nominasse</strong></span> <span class='ocrx_word' id='word_1_216' title='bbox 3006 1856 3280 1917; x_wconf 87' lang='lat' dir='ltr'><strong>tamquam</strong></span> <span class='ocrx_word' id='word_1_217' title='bbox 3313 1849 3462 1918; x_wconf 91' lang='lat' dir='ltr'><strong>prin-</strong></span> 
     </span>
    </p>
   </div>
   <div class='ocr_carea' id='block_1_33' title="bbox 141 1935 3462 2011">
    <p class='ocr_par' dir='ltr' id='par_1_33' title="bbox 141 1935 3462 2011">
     <span class='ocr_line' id='line_1_33' title="bbox 141 1935 3462 2011; baseline 0.002 -22"><span class='ocrx_word' id='word_1_218' title='bbox 141 1938 290 1990; x_wconf 84' lang='lat' dir='ltr'><strong>mani</strong></span> <span class='ocrx_word' id='word_1_219' title='bbox 326 1937 540 2006; x_wconf 90' lang='lat' dir='ltr'><strong>Imperii</strong></span> <span class='ocrx_word' id='word_1_220' title='bbox 575 1937 840 2002; x_wconf 84' lang='lat' dir='ltr'><strong>habenas,</strong></span> <span class='ocrx_word' id='word_1_221' title='bbox 869 1954 1001 2008; x_wconf 88' lang='lat' dir='ltr'><strong>quas</strong></span> <span class='ocrx_word' id='word_1_222' title='bbox 1031 1939 1216 1992; x_wconf 82' lang='lat' dir='ltr'><strong>favore</strong></span> <span class='ocrx_word' id='word_1_223' title='bbox 1249 1940 1477 1992; x_wconf 87' lang='lat' dir='ltr'><strong>militum</strong></span> <span class='ocrx_word' id='word_1_224' title='bbox 1509 1939 1744 2007; x_wconf 89' lang='lat' dir='ltr'><strong>primum</strong></span> <span class='ocrx_word' id='word_1_225' title='bbox 1781 1936 1824 1994; x_wconf 88' lang='grc' dir='ltr'><strong>Β</strong></span> <span class='ocrx_word' id='word_1_226' title='bbox 1852 1935 2080 2003; x_wconf 88' lang='lat' dir='ltr'><strong>cipalem</strong></span> <span class='ocrx_word' id='word_1_227' title='bbox 2105 1977 2119 2000; x_wconf 90' lang='lat'><strong>,</strong></span> <span class='ocrx_word' id='word_1_228' title='bbox 2175 1953 2280 1991; x_wconf 83' lang='lat' dir='ltr'><strong>non</strong></span> <span class='ocrx_word' id='word_1_229' title='bbox 2324 1938 2550 1993; x_wconf 81' lang='lat' dir='ltr'><strong>excluso</strong></span> <span class='ocrx_word' id='word_1_230' title='bbox 2573 1980 2586 2000; x_wconf 88' lang='lat'><strong>,</strong></span> <span class='ocrx_word' id='word_1_231' title='bbox 2636 1939 2732 1993; x_wconf 87' lang='lat' dir='ltr'><strong>sed</strong></span> <span class='ocrx_word' id='word_1_232' title='bbox 2777 1941 3153 2010; x_wconf 72' lang='lat' dir='ltr'><strong>prmtcrmisso</strong></span> <span class='ocrx_word' id='word_1_233' title='bbox 3179 1941 3462 2011; x_wconf 89' lang='lat' dir='ltr'><strong>Agapeto,</strong></span> 
     </span>
    </p>
   </div>
   <div class='ocr_carea' id='block_1_34' title="bbox 138 2027 1739 2098">
    <p class='ocr_par' dir='ltr' id='par_1_34' title="bbox 138 2027 1739 2098">
     <span class='ocr_line' id='line_1_34' title="bbox 138 2027 1739 2098; baseline 0.002 -16"><span class='ocrx_word' id='word_1_234' title='bbox 138 2027 371 2082; x_wconf 74' lang='lat' dir='ltr'><strong>Lutetia:</strong></span> <span class='ocrx_word' id='word_1_235' title='bbox 423 2029 756 2084; x_wconf 79' lang='lat' dir='ltr'><strong>Parisiorum</strong></span> <span class='ocrx_word' id='word_1_236' title='bbox 815 2033 1086 2098; x_wconf 89' lang='lat' dir='ltr'><strong>superiori</strong></span> <span class='ocrx_word' id='word_1_237' title='bbox 1138 2048 1310 2097; x_wconf 90' lang='lat' dir='ltr'><strong>anno,</strong></span> <span class='ocrx_word' id='word_1_238' title='bbox 1369 2032 1492 2085; x_wconf 89' lang='lat' dir='ltr'><strong>dein</strong></span> <span class='ocrx_word' id='word_1_239' title='bbox 1544 2032 1739 2086; x_wconf 77' lang='lat' dir='ltr'><strong>iisdem</strong></span> 
     </span>
    </p>
   </div>
   <div class='ocr_carea' id='block_1_35' title="bbox 136 2122 1739 2194">
    <p class='ocr_par' dir='ltr' id='par_1_35' title="bbox 136 2122 1739 2194">
     <span class='ocr_line' id='line_1_35' title="bbox 136 2122 1739 2194; baseline 0.001 -19"><span class='ocrx_word' id='word_1_240' title='bbox 136 2122 454 2177; x_wconf 88' lang='lat' dir='ltr'><strong>volentibus</strong></span> <span class='ocrx_word' id='word_1_241' title='bbox 496 2123 548 2176; x_wconf 92' lang='lat' dir='ltr'><strong>in</strong></span> <span class='ocrx_word' id='word_1_242' title='bbox 581 2123 742 2178; x_wconf 85' lang='lat' dir='ltr'><strong>Dacia</strong></span> <span class='ocrx_word' id='word_1_243' title='bbox 788 2127 1095 2194; x_wconf 88' lang='lat' dir='ltr'><strong>arripuerat</strong></span> <span class='ocrx_word' id='word_1_244' title='bbox 1123 2124 1448 2178; x_wconf 83' lang='lat' dir='ltr'><strong>Constantio</strong></span> <span class='ocrx_word' id='word_1_245' title='bbox 1478 2128 1696 2179; x_wconf 81' lang='lat' dir='ltr'><strong>vivente</strong></span> <span class='ocrx_word' id='word_1_246' title='bbox 1726 2167 1739 2187; x_wconf 90' lang='lat'><strong>,</strong></span> 
     </span>
    </p>
   </div>
   <div class='ocr_carea' id='block_1_36' title="bbox 135 2219 1740 2290">
    <p class='ocr_par' dir='ltr' id='par_1_36' title="bbox 135 2219 1740 2290">
     <span class='ocr_line' id='line_1_36' title="bbox 135 2219 1740 2290; baseline -0.001 -16"><span class='ocrx_word' id='word_1_247' title='bbox 135 2219 411 2290; x_wconf 82' lang='lat' dir='ltr'><strong>regendas</strong></span> <span class='ocrx_word' id='word_1_248' title='bbox 440 2229 587 2273; x_wconf 89' lang='lat' dir='ltr'><strong>metu</strong></span> <span class='ocrx_word' id='word_1_249' title='bbox 616 2219 756 2274; x_wconf 91' lang='lat' dir='ltr'><strong>liber</strong></span> <span class='ocrx_word' id='word_1_250' title='bbox 785 2229 837 2273; x_wconf 77' lang='lat' dir='ltr'><strong>nt</strong></span> <span class='ocrx_word' id='word_1_251' title='bbox 866 2222 1016 2272; x_wconf 88' lang='lat' dir='ltr'><strong>solus</strong></span> <span class='ocrx_word' id='word_1_252' title='bbox 1044 2220 1304 2288; x_wconf 84' lang='lat' dir='ltr'><strong>suscepit.</strong></span> <span class='ocrx_word' id='word_1_253' title='bbox 1339 2220 1394 2273; x_wconf 93' lang='lat' dir='ltr'><strong>In</strong></span> <span class='ocrx_word' id='word_1_254' title='bbox 1431 2221 1548 2288; x_wconf 90' lang='lat' dir='ltr'><strong>ipso</strong></span> <span class='ocrx_word' id='word_1_255' title='bbox 1576 2220 1740 2274; x_wconf 85' lang='lat' dir='ltr'><strong>veluti</strong></span> 
     </span>
    </p>
   </div>
   <div class='ocr_carea' id='block_1_37' title="bbox 136 2309 1745 2382">
    <p class='ocr_par' dir='ltr' id='par_1_37' title="bbox 136 2309 1745 2382">
     <span class='ocr_line' id='line_1_37' title="bbox 136 2309 1745 2382; baseline -0.001 -17"><span class='ocrx_word' id='word_1_256' title='bbox 136 2309 484 2380; x_wconf 84' lang='lat' dir='ltr'><strong>Principatus</strong></span> <span class='ocrx_word' id='word_1_257' title='bbox 513 2311 786 2366; x_wconf 91' lang='lat' dir='ltr'><strong>vestibulo</strong></span> <span class='ocrx_word' id='word_1_258' title='bbox 820 2327 1070 2381; x_wconf 89' lang='lat' dir='ltr'><strong>magnam</strong></span> <span class='ocrx_word' id='word_1_259' title='bbox 1104 2313 1204 2367; x_wconf 88' lang='lat' dir='ltr'><strong>sibi</strong></span> <span class='ocrx_word' id='word_1_260' title='bbox 1239 2313 1451 2366; x_wconf 86' lang='lat' dir='ltr'><strong>laudem</strong></span> <span class='ocrx_word' id='word_1_261' title='bbox 1481 2313 1622 2382; x_wconf 91' lang='lat' dir='ltr'><strong>apud</strong></span> <span class='ocrx_word' id='word_1_262' title='bbox 1652 2329 1745 2382; x_wconf 87' lang='lat' dir='ltr'><strong>op-</strong></span> 
     </span>
    </p>
   </div>
   <div class='ocr_carea' id='block_1_38' title="bbox 132 2405 1741 2475">
    <p class='ocr_par' dir='ltr' id='par_1_38' title="bbox 132 2405 1741 2475">
     <span class='ocr_line' id='line_1_38' title="bbox 132 2405 1741 2475; baseline 0.002 -18"><span class='ocrx_word' id='word_1_263' title='bbox 132 2405 301 2458; x_wconf 87' lang='lat' dir='ltr'><strong>timos</strong></span> <span class='ocrx_word' id='word_1_264' title='bbox 345 2420 591 2475; x_wconf 90' lang='lat' dir='ltr'><strong>quosque</strong></span> <span class='ocrx_word' id='word_1_265' title='bbox 636 2408 979 2474; x_wconf 88' lang='lat' dir='ltr'><strong>comparavit</strong></span> <span class='ocrx_word' id='word_1_266' title='bbox 1024 2406 1352 2460; x_wconf 82' lang='lat' dir='ltr'><strong>vaferrimas</strong></span> <span class='ocrx_word' id='word_1_267' title='bbox 1399 2408 1741 2472; x_wconf 88' lang='lat' dir='ltr'><strong>Imperator,</strong></span> 
     </span>
    </p>
   </div>
   <div class='ocr_carea' id='block_1_39' title="bbox 131 2500 1744 2570">
    <p class='ocr_par' dir='ltr' id='par_1_39' title="bbox 131 2500 1744 2570">
     <span class='ocr_line' id='line_1_39' title="bbox 131 2500 1744 2570; baseline 0.002 -20"><span class='ocrx_word' id='word_1_268' title='bbox 131 2514 328 2568; x_wconf 88' lang='lat' dir='ltr'><strong>pacem</strong></span> <span class='ocrx_word' id='word_1_269' title='bbox 375 2500 608 2554; x_wconf 90' lang='lat' dir='ltr'><strong>turbatis</strong></span> <span class='ocrx_word' id='word_1_270' title='bbox 659 2500 918 2554; x_wconf 72' lang='lat' dir='ltr'><strong>Ecclesim</strong></span> <span class='ocrx_word' id='word_1_271' title='bbox 967 2501 1128 2554; x_wconf 87' lang='lat' dir='ltr'><strong>rebus</strong></span> <span class='ocrx_word' id='word_1_272' title='bbox 1178 2501 1279 2553; x_wconf 90' lang='lat' dir='ltr'><strong>sub</strong></span> <span class='ocrx_word' id='word_1_273' title='bbox 1337 2501 1744 2570; x_wconf 66' lang='lat' dir='ltr'><strong>praedecessore</strong></span> 
     </span>
    </p>
   </div>
   <div class='ocr_carea' id='block_1_40' title="bbox 128 2591 1744 2662">
    <p class='ocr_par' dir='ltr' id='par_1_40' title="bbox 128 2591 1744 2662">
     <span class='ocr_line' id='line_1_40' title="bbox 128 2591 1744 2662; baseline 0 -16"><span class='ocrx_word' id='word_1_274' title='bbox 128 2591 340 2646; x_wconf 85' lang='lat' dir='ltr'><strong>frustra</strong></span> <span class='ocrx_word' id='word_1_275' title='bbox 373 2593 690 2662; x_wconf 84' lang='lat' dir='ltr'><strong>quaesitam,</strong></span> <span class='ocrx_word' id='word_1_276' title='bbox 737 2593 1216 2662; x_wconf 85' lang='lat' dir='ltr'><strong>desideratamqne</strong></span> <span class='ocrx_word' id='word_1_277' title='bbox 1262 2595 1557 2647; x_wconf 82' lang='lat' dir='ltr'><strong>reSIituens</strong></span> <span class='ocrx_word' id='word_1_278' title='bbox 1583 2637 1596 2658; x_wconf 91' lang='lat'><strong>,</strong></span> <span class='ocrx_word' id='word_1_279' title='bbox 1628 2608 1744 2646; x_wconf 93' lang='lat' dir='ltr'><strong>om-</strong></span> 
     </span>
    </p>
   </div>
   <div class='ocr_carea' id='block_1_41' title="bbox 127 2686 1744 2757">
    <p class='ocr_par' dir='ltr' id='par_1_41' title="bbox 127 2686 1744 2757">
     <span class='ocr_line' id='line_1_41' title="bbox 127 2686 1744 2757; baseline 0.001 -17"><span class='ocrx_word' id='word_1_280' title='bbox 127 2701 348 2756; x_wconf 90' lang='lat' dir='ltr'><strong>nesque</strong></span> <span class='ocrx_word' id='word_1_281' title='bbox 373 2686 670 2757; x_wconf 79' lang='lat' dir='ltr'><strong>Episcopos</strong></span> <span class='ocrx_word' id='word_1_282' title='bbox 694 2687 894 2742; x_wconf 83' lang='lat' dir='ltr'><strong>exsilio</strong></span> <span class='ocrx_word' id='word_1_283' title='bbox 916 2697 1072 2742; x_wconf 88' lang='lat' dir='ltr'><strong>antea</strong></span> <span class='ocrx_word' id='word_1_284' title='bbox 1096 2703 1123 2740; x_wconf 91' lang='lat' dir='ltr'><strong>a</strong></span> <span class='ocrx_word' id='word_1_285' title='bbox 1142 2687 1466 2742; x_wconf 88' lang='lat' dir='ltr'><strong>Constantio</strong></span> <span class='ocrx_word' id='word_1_286' title='bbox 1489 2689 1744 2741; x_wconf 88' lang='lat' dir='ltr'><strong>multatos</strong></span> 
     </span>
    </p>
   </div>
   <div class='ocr_carea' id='block_1_42' title="bbox 125 2778 1745 2850">
    <p class='ocr_par' dir='ltr' id='par_1_42' title="bbox 125 2778 1745 2850">
     <span class='ocr_line' id='line_1_42' title="bbox 125 2778 1745 2850; baseline 0.001 -18"><span class='ocrx_word' id='word_1_287' title='bbox 125 2778 198 2833; x_wconf 88' lang='lat' dir='ltr'><strong>ad</strong></span> <span class='ocrx_word' id='word_1_288' title='bbox 233 2794 362 2833; x_wconf 89' lang='lat' dir='ltr'><strong>snas</strong></span> <span class='ocrx_word' id='word_1_289' title='bbox 388 2778 664 2834; x_wconf 82' lang='lat' dir='ltr'><strong>Ecclesias</strong></span> <span class='ocrx_word' id='word_1_290' title='bbox 695 2779 872 2834; x_wconf 87' lang='lat' dir='ltr'><strong>redire</strong></span> <span class='ocrx_word' id='word_1_291' title='bbox 905 2780 1228 2850; x_wconf 87' lang='lat' dir='ltr'><strong>permittens</strong></span> <span class='ocrx_word' id='word_1_292' title='bbox 1255 2791 1300 2845; x_wconf 67' lang='grc' dir='ltr'><strong>ο,</strong></span> <span class='ocrx_word' id='word_1_293' title='bbox 1335 2781 1638 2850; x_wconf 89' lang='lat' dir='ltr'><strong>iisdemque</strong></span> <span class='ocrx_word' id='word_1_294' title='bbox 1665 2781 1745 2833; x_wconf 91' lang='lat' dir='ltr'><strong>di-</strong></span> 
     </span>
    </p>
   </div>
   <div class='ocr_carea' id='block_1_43' title="bbox 124 2874 1741 2944">
    <p class='ocr_par' dir='ltr' id='par_1_43' title="bbox 124 2874 1741 2944">
     <span class='ocr_line' id='line_1_43' title="bbox 124 2874 1741 2944; baseline -0.001 -15"><span class='ocrx_word' id='word_1_295' title='bbox 124 2887 286 2944; x_wconf 88' lang='lat' dir='ltr'><strong>repta</strong></span> <span class='ocrx_word' id='word_1_296' title='bbox 317 2874 387 2927; x_wconf 91' lang='lat' dir='ltr'><strong>ab</strong></span> <span class='ocrx_word' id='word_1_297' title='bbox 419 2874 698 2929; x_wconf 78' lang='lat' dir='ltr'><strong>hzereticis</strong></span> <span class='ocrx_word' id='word_1_298' title='bbox 722 2875 860 2928; x_wconf 87' lang='lat' dir='ltr'><strong>bona</strong></span> <span class='ocrx_word' id='word_1_299' title='bbox 889 2875 1260 2938; x_wconf 84' lang='lat' dir='ltr'><strong>restituenda,</strong></span> <span class='ocrx_word' id='word_1_300' title='bbox 1288 2891 1389 2929; x_wconf 90' lang='lat' dir='ltr'><strong>nec</strong></span> <span class='ocrx_word' id='word_1_301' title='bbox 1417 2891 1741 2943; x_wconf 88' lang='lat' dir='ltr'><strong>quemquam</strong></span> 
     </span>
    </p>
   </div>
   <div class='ocr_carea' id='block_1_44' title="bbox 123 2966 1744 3036">
    <p class='ocr_par' dir='ltr' id='par_1_44' title="bbox 123 2966 1744 3036">
     <span class='ocr_line' id='line_1_44' title="bbox 123 2966 1744 3036; baseline 0.001 -16"><span class='ocrx_word' id='word_1_302' title='bbox 123 2966 372 3034; x_wconf 81' lang='lat' dir='ltr'><strong>amplius</strong></span> <span class='ocrx_word' id='word_1_303' title='bbox 419 2981 517 3036; x_wconf 92' lang='lat' dir='ltr'><strong>pro</strong></span> <span class='ocrx_word' id='word_1_304' title='bbox 571 2966 702 3022; x_wconf 85' lang='lat' dir='ltr'><strong>Fide</strong></span> <span class='ocrx_word' id='word_1_305' title='bbox 752 2968 1058 3021; x_wconf 87' lang='lat' dir='ltr'><strong>vexandum</strong></span> <span class='ocrx_word' id='word_1_306' title='bbox 1108 2969 1482 3022; x_wconf 63' lang='lat' dir='ltr'><strong>decernens“.</strong></span> <span class='ocrx_word' id='word_1_307' title='bbox 1525 2968 1744 3022; x_wconf 67' lang='lat' dir='ltr'><strong>Lucifer</strong></span> 
     </span>
    </p>
   </div>
   <div class='ocr_carea' id='block_1_45' title="bbox 123 3059 1742 3129">
    <p class='ocr_par' dir='ltr' id='par_1_45' title="bbox 123 3059 1742 3129">
     <span class='ocr_line' id='line_1_45' title="bbox 123 3059 1742 3129; baseline -0.001 -15"><span class='ocrx_word' id='word_1_308' title='bbox 123 3075 268 3129; x_wconf 83' lang='lat' dir='ltr'><strong>ergo</strong></span> <span class='ocrx_word' id='word_1_309' title='bbox 311 3059 511 3114; x_wconf 89' lang='lat' dir='ltr'><strong>Juliani</strong></span> <span class='ocrx_word' id='word_1_310' title='bbox 548 3061 721 3129; x_wconf 90' lang='lat' dir='ltr'><strong>gratia</strong></span> <span class='ocrx_word' id='word_1_311' title='bbox 767 3061 962 3114; x_wconf 88' lang='lat' dir='ltr'><strong>exsilio</strong></span> <span class='ocrx_word' id='word_1_312' title='bbox 1001 3060 1265 3114; x_wconf 90' lang='lat' dir='ltr'><strong>liberatus</strong></span> <span class='ocrx_word' id='word_1_313' title='bbox 1304 3061 1486 3116; x_wconf 88' lang='lat' dir='ltr'><strong>Tattro</strong></span> <span class='ocrx_word' id='word_1_314' title='bbox 1520 3072 1570 3113; x_wconf 87' lang='lat' dir='ltr'><strong>et</strong></span> <span class='ocrx_word' id='word_1_315' title='bbox 1619 3061 1742 3114; x_wconf 78' lang='lat' dir='ltr'><strong>Flo-</strong></span> 
     </span>
    </p>
   </div>
   <div class='ocr_carea' id='block_1_46' title="bbox 126 3150 1742 3224">
    <p class='ocr_par' dir='ltr' id='par_1_46' title="bbox 126 3150 1742 3224">
     <span class='ocr_line' id='line_1_46' title="bbox 126 3150 1742 3224; baseline -0.002 -15"><span class='ocrx_word' id='word_1_316' title='bbox 126 3153 314 3209; x_wconf 88' lang='lat' dir='ltr'><strong>rentio</strong></span> <span class='ocrx_word' id='word_1_317' title='bbox 358 3150 514 3205; x_wconf 85' lang='lat' dir='ltr'><strong>Coss.</strong></span> <span class='ocrx_word' id='word_1_318' title='bbox 559 3167 705 3207; x_wconf 91' lang='lat' dir='ltr'><strong>anno</strong></span> <span class='ocrx_word' id='word_1_319' title='bbox 731 3152 831 3206; x_wconf 78' lang='lat'><strong>361</strong></span> <span class='ocrx_word' id='word_1_320' title='bbox 878 3152 943 3206; x_wconf 87' lang='lat' dir='ltr'><strong>ad</strong></span> <span class='ocrx_word' id='word_1_321' title='bbox 988 3153 1148 3206; x_wconf 84' lang='lat' dir='ltr'><strong>ftnent</strong></span> <span class='ocrx_word' id='word_1_322' title='bbox 1197 3162 1504 3221; x_wconf 70' lang='lat' dir='ltr'><strong>vergente&quot;</strong></span> <span class='ocrx_word' id='word_1_323' title='bbox 1536 3153 1742 3224; x_wconf 60' lang='lat' dir='ltr'><strong>Egyp.</strong></span> 
     </span>
    </p>
   </div>
   <div class='ocr_carea' id='block_1_47' title="bbox 127 3245 1739 3316">
    <p class='ocr_par' dir='ltr' id='par_1_47' title="bbox 127 3245 1739 3316">
     <span class='ocr_line' id='line_1_47' title="bbox 127 3245 1739 3316; baseline -0.002 -13"><span class='ocrx_word' id='word_1_324' title='bbox 127 3251 334 3303; x_wconf 88' lang='lat' dir='ltr'><strong>tiacam</strong></span> <span class='ocrx_word' id='word_1_325' title='bbox 364 3246 717 3302; x_wconf 84' lang='lat' dir='ltr'><strong>solitudinem</strong></span> <span class='ocrx_word' id='word_1_326' title='bbox 748 3247 1006 3316; x_wconf 88' lang='lat' dir='ltr'><strong>reliquit,</strong></span> <span class='ocrx_word' id='word_1_327' title='bbox 1041 3255 1096 3300; x_wconf 92' lang='lat' dir='ltr'><strong>et</strong></span> <span class='ocrx_word' id='word_1_328' title='bbox 1125 3246 1190 3300; x_wconf 91' lang='lat' dir='ltr'><strong>ad</strong></span> <span class='ocrx_word' id='word_1_329' title='bbox 1223 3245 1539 3300; x_wconf 77' lang='lat' dir='ltr'><strong>Catliolicos</strong></span> <span class='ocrx_word' id='word_1_330' title='bbox 1569 3247 1739 3300; x_wconf 91' lang='lat' dir='ltr'><strong>redux</strong></span> 
     </span>
    </p>
   </div>
   <div class='ocr_carea' id='block_1_48' title="bbox 128 3312 1816 3406">
    <p class='ocr_par' dir='ltr' id='par_1_48' title="bbox 128 3312 1816 3406">
     <span class='ocr_line' id='line_1_48' title="bbox 128 3312 1816 3406; baseline -0.001 -13"><span class='ocrx_word' id='word_1_331' title='bbox 128 3339 343 3394; x_wconf 84' lang='lat' dir='ltr'><strong>afﬂicto</strong></span> <span class='ocrx_word' id='word_1_332' title='bbox 373 3337 634 3391; x_wconf 55' lang='lat' dir='ltr'><strong>Ecclesia!</strong></span> <span class='ocrx_word' id='word_1_333' title='bbox 673 3339 834 3391; x_wconf 86' lang='lat' dir='ltr'><strong>statui</strong></span> <span class='ocrx_word' id='word_1_334' title='bbox 866 3312 1171 3391; x_wconf 82' lang='lat' dir='ltr'><strong>subsidium</strong></span> <span class='ocrx_word' id='word_1_335' title='bbox 1203 3338 1384 3391; x_wconf 89' lang='lat' dir='ltr'><strong>attulit</strong></span> <span class='ocrx_word' id='word_1_336' title='bbox 1423 3339 1740 3406; x_wconf 72' lang='lat' dir='ltr'><strong>prmsentis-</strong></span> <span class='ocrx_word' id='word_1_337' title='bbox 1772 3312 1816 3373; x_wconf 78' lang='lat' dir='ltr'><strong>C</strong></span> 
     </span>
    </p>
   </div>
   <div class='ocr_carea' id='block_1_49' title="bbox 129 3431 1739 3497">
    <p class='ocr_par' dir='ltr' id='par_1_49' title="bbox 129 3431 1739 3497">
     <span class='ocr_line' id='line_1_49' title="bbox 129 3431 1739 3497; baseline -0.001 -11"><span class='ocrx_word' id='word_1_338' title='bbox 129 3435 372 3497; x_wconf 89' lang='lat' dir='ltr'><strong>simum,</strong></span> <span class='ocrx_word' id='word_1_339' title='bbox 404 3442 458 3488; x_wconf 91' lang='lat' dir='ltr'><strong>et</strong></span> <span class='ocrx_word' id='word_1_340' title='bbox 487 3447 612 3487; x_wconf 88' lang='lat' dir='ltr'><strong>cum</strong></span> <span class='ocrx_word' id='word_1_341' title='bbox 643 3431 884 3487; x_wconf 84' lang='lat' dir='ltr'><strong>Eusebio</strong></span> <span class='ocrx_word' id='word_1_342' title='bbox 913 3432 1272 3497; x_wconf 78' lang='lat' dir='ltr'><strong>Vercellrnsi,</strong></span> <span class='ocrx_word' id='word_1_343' title='bbox 1304 3434 1621 3497; x_wconf 72' lang='lat' dir='ltr'><strong>apostolicze</strong></span> <span class='ocrx_word' id='word_1_344' title='bbox 1661 3433 1739 3486; x_wconf 85' lang='lat' dir='ltr'><strong>le-</strong></span> 
     </span>
    </p>
   </div>
   <div class='ocr_carea' id='block_1_50' title="bbox 129 3526 1745 3598">
    <p class='ocr_par' dir='ltr' id='par_1_50' title="bbox 129 3526 1745 3598">
     <span class='ocr_line' id='line_1_50' title="bbox 129 3526 1745 3598; baseline -0.001 -17"><span class='ocrx_word' id='word_1_345' title='bbox 129 3529 376 3598; x_wconf 83' lang='lat' dir='ltr'><strong>gationis</strong></span> <span class='ocrx_word' id='word_1_346' title='bbox 405 3528 580 3593; x_wconf 90' lang='lat' dir='ltr'><strong>socio,</strong></span> <span class='ocrx_word' id='word_1_347' title='bbox 620 3543 716 3582; x_wconf 86' lang='lat' dir='ltr'><strong>eos</strong></span> <span class='ocrx_word' id='word_1_348' title='bbox 742 3527 834 3597; x_wconf 93' lang='lat' dir='ltr'><strong>qui</strong></span> <span class='ocrx_word' id='word_1_349' title='bbox 862 3527 1079 3581; x_wconf 75' lang='lat' dir='ltr'><strong>Arianze</strong></span> <span class='ocrx_word' id='word_1_350' title='bbox 1108 3526 1302 3580; x_wconf 68' lang='lat' dir='ltr'><strong>hmresi</strong></span> <span class='ocrx_word' id='word_1_351' title='bbox 1333 3542 1550 3579; x_wconf 89' lang='lat' dir='ltr'><strong>manum</strong></span> <span class='ocrx_word' id='word_1_352' title='bbox 1579 3526 1745 3580; x_wconf 86' lang='lat' dir='ltr'><strong>dede-</strong></span> 
     </span>
    </p>
   </div>
   <div class='ocr_carea' id='block_1_51' title="bbox 131 3619 1744 3687">
    <p class='ocr_par' dir='ltr' id='par_1_51' title="bbox 131 3619 1744 3687">
     <span class='ocr_line' id='line_1_51' title="bbox 131 3619 1744 3687; baseline -0.002 -12"><span class='ocrx_word' id='word_1_353' title='bbox 131 3631 285 3683; x_wconf 89' lang='lat' dir='ltr'><strong>rant,</strong></span> <span class='ocrx_word' id='word_1_354' title='bbox 308 3619 373 3673; x_wconf 89' lang='lat' dir='ltr'><strong>ad</strong></span> <span class='ocrx_word' id='word_1_355' title='bbox 402 3619 700 3675; x_wconf 64' lang='lat' dir='ltr'><strong>Catholica‘</strong></span> <span class='ocrx_word' id='word_1_356' title='bbox 726 3620 983 3673; x_wconf 64' lang='lat' dir='ltr'><strong>Ecclesia!</strong></span> <span class='ocrx_word' id='word_1_357' title='bbox 1009 3621 1184 3672; x_wconf 89' lang='lat' dir='ltr'><strong>sinttm</strong></span> <span class='ocrx_word' id='word_1_358' title='bbox 1212 3634 1468 3672; x_wconf 80' lang='lat' dir='ltr'><strong>revocare</strong></span> <span class='ocrx_word' id='word_1_359' title='bbox 1492 3628 1744 3687; x_wconf 78' lang='lat' dir='ltr'><strong>satagens</strong></span> 
     </span>
    </p>
   </div>
   <div class='ocr_carea' id='block_1_52' title="bbox 129 3711 1743 3785">
    <p class='ocr_par' dir='ltr' id='par_1_52' title="bbox 129 3711 1743 3785">
     <span class='ocr_line' id='line_1_52' title="bbox 129 3711 1743 3785; baseline -0.005 -13"><span class='ocrx_word' id='word_1_360' title='bbox 129 3718 385 3772; x_wconf 82' lang='lat' dir='ltr'><strong>Orientis</strong></span> <span class='ocrx_word' id='word_1_361' title='bbox 419 3717 725 3785; x_wconf 88' lang='lat' dir='ltr'><strong>provincias</strong></span> <span class='ocrx_word' id='word_1_362' title='bbox 757 3730 953 3782; x_wconf 80' lang='lat' dir='ltr'><strong>magno</strong></span> <span class='ocrx_word' id='word_1_363' title='bbox 983 3714 1164 3766; x_wconf 87' lang='lat' dir='ltr'><strong>labore</strong></span> <span class='ocrx_word' id='word_1_364' title='bbox 1198 3714 1441 3766; x_wconf 60' lang='lat' dir='ltr'><strong>lustravit</strong></span> <span class='ocrx_word' id='word_1_365' title='bbox 1471 3711 1510 3763; x_wconf 72' lang='grc' dir='ltr'><strong>ί.</strong></span> <span class='ocrx_word' id='word_1_366' title='bbox 1547 3712 1743 3767; x_wconf 89' lang='lat' dir='ltr'><strong>Itinera</strong></span> 
     </span>
    </p>
   </div>
   <div class='ocr_carea' id='block_1_53' title="bbox 135 3806 1748 3875">
    <p class='ocr_par' dir='ltr' id='par_1_53' title="bbox 135 3806 1748 3875">
     <span class='ocr_line' id='line_1_53' title="bbox 135 3806 1748 3875; baseline -0.004 -10"><span class='ocrx_word' id='word_1_367' title='bbox 135 3812 263 3866; x_wconf 73' lang='lat' dir='ltr'><strong>ltzec</strong></span> <span class='ocrx_word' id='word_1_368' title='bbox 285 3810 587 3863; x_wconf 79' lang='lat' dir='ltr'><strong>absolvisse</strong></span> <span class='ocrx_word' id='word_1_369' title='bbox 613 3808 921 3864; x_wconf 87' lang='lat' dir='ltr'><strong>Luciferum</strong></span> <span class='ocrx_word' id='word_1_370' title='bbox 943 3809 1196 3860; x_wconf 69' lang='lat' dir='ltr'><strong>existimo</strong></span> <span class='ocrx_word' id='word_1_371' title='bbox 1220 3824 1245 3858; x_wconf 74' lang='grc' dir='ltr'><strong>τι</strong></span> <span class='ocrx_word' id='word_1_372' title='bbox 1275 3817 1521 3875; x_wconf 87' lang='lat' dir='ltr'><strong>tempore.</strong></span> <span class='ocrx_word' id='word_1_373' title='bbox 1551 3806 1748 3870; x_wconf 78' lang='lat' dir='ltr'><strong>Edicti,</strong></span> 
     </span>
    </p>
   </div>
   <div class='ocr_carea' id='block_1_54' title="bbox 132 3899 1752 3974">
    <p class='ocr_par' dir='ltr' id='par_1_54' title="bbox 132 3899 1752 3974">
     <span class='ocr_line' id='line_1_54' title="bbox 132 3899 1752 3974; baseline -0.003 -16"><span class='ocrx_word' id='word_1_374' title='bbox 132 3919 253 3974; x_wconf 88' lang='lat' dir='ltr'><strong>quo</strong></span> <span class='ocrx_word' id='word_1_375' title='bbox 303 3902 554 3958; x_wconf 88' lang='lat' dir='ltr'><strong>Julianus</strong></span> <span class='ocrx_word' id='word_1_376' title='bbox 608 3903 908 3972; x_wconf 85' lang='lat' dir='ltr'><strong>Episcopos</strong></span> <span class='ocrx_word' id='word_1_377' title='bbox 960 3901 1312 3955; x_wconf 73' lang='lat' dir='ltr'><strong>Orthoduxos</strong></span> <span class='ocrx_word' id='word_1_378' title='bbox 1361 3901 1475 3953; x_wconf 88' lang='lat' dir='ltr'><strong>suis</strong></span> <span class='ocrx_word' id='word_1_379' title='bbox 1528 3899 1752 3954; x_wconf 87' lang='lat' dir='ltr'><strong>sedibus</strong></span> 
     </span>
    </p>
   </div>
   <div class='ocr_carea' id='block_1_55' title="bbox 134 3993 1746 4058">
    <p class='ocr_par' dir='ltr' id='par_1_55' title="bbox 134 3993 1746 4058">
     <span class='ocr_line' id='line_1_55' title="bbox 134 3993 1746 4058; baseline -0.005 -6"><span class='ocrx_word' id='word_1_380' title='bbox 134 3996 411 4058; x_wconf 73' lang='lat' dir='ltr'><strong>re~titnit.</strong></span> <span class='ocrx_word' id='word_1_381' title='bbox 438 4005 674 4051; x_wconf 78' lang='lat' dir='ltr'><strong>exeunte</strong></span> <span class='ocrx_word' id='word_1_382' title='bbox 697 3995 907 4049; x_wconf 89' lang='lat' dir='ltr'><strong>scilicet</strong></span> <span class='ocrx_word' id='word_1_383' title='bbox 933 3993 1225 4047; x_wconf 84' lang='lat' dir='ltr'><strong>Novembri</strong></span> <span class='ocrx_word' id='word_1_384' title='bbox 1255 4009 1442 4046; x_wconf 87' lang='lat' dir='ltr'><strong>mense</strong></span> <span class='ocrx_word' id='word_1_385' title='bbox 1468 3993 1593 4045; x_wconf 88' lang='lat' dir='ltr'><strong>anni</strong></span> <span class='ocrx_word' id='word_1_386' title='bbox 1622 3993 1746 4057; x_wconf 79' lang='grc'><strong>561,</strong></span> 
     </span>
    </p>
   </div>
   <div class='ocr_carea' id='block_1_56' title="bbox 131 4084 1748 4160">
    <p class='ocr_par' dir='ltr' id='par_1_56' title="bbox 131 4084 1748 4160">
     <span class='ocr_line' id='line_1_56' title="bbox 131 4084 1748 4160; baseline -0.006 -15"><span class='ocrx_word' id='word_1_387' title='bbox 131 4091 208 4145; x_wconf 86' lang='lat' dir='ltr'><strong>ad</strong></span> <span class='ocrx_word' id='word_1_388' title='bbox 243 4101 457 4159; x_wconf 77' lang='lat' dir='ltr'><strong>tempus</strong></span> <span class='ocrx_word' id='word_1_389' title='bbox 485 4105 688 4160; x_wconf 86' lang='lat' dir='ltr'><strong>usque.</strong></span> <span class='ocrx_word' id='word_1_390' title='bbox 721 4104 830 4158; x_wconf 85' lang='lat' dir='ltr'><strong>quo</strong></span> <span class='ocrx_word' id='word_1_391' title='bbox 860 4089 1123 4142; x_wconf 84' lang='lat' dir='ltr'><strong>indictum</strong></span> <span class='ocrx_word' id='word_1_392' title='bbox 1152 4087 1576 4145; x_wconf 86' lang='lat' dir='ltr'><strong>Alexandrinum</strong></span> <span class='ocrx_word' id='word_1_393' title='bbox 1606 4084 1748 4138; x_wconf 87' lang='lat' dir='ltr'><strong>Con-</strong></span> 
     </span>
    </p>
   </div>
   <div class='ocr_carea' id='block_1_57' title="bbox 133 4177 1750 4248">
    <p class='ocr_par' dir='ltr' id='par_1_57' title="bbox 133 4177 1750 4248">
     <span class='ocr_line' id='line_1_57' title="bbox 133 4177 1750 4248; baseline -0.014 -10"><span class='ocrx_word' id='word_1_394' title='bbox 133 4184 370 4248; x_wconf 82' lang='lat' dir='ltr'><strong>cilium,</strong></span> <span class='ocrx_word' id='word_1_395' title='bbox 419 4198 563 4236; x_wconf 91' lang='lat' dir='ltr'><strong>anno</strong></span> <span class='ocrx_word' id='word_1_396' title='bbox 608 4182 865 4235; x_wconf 89' lang='lat' dir='ltr'><strong>nimirum</strong></span> <span class='ocrx_word' id='word_1_397' title='bbox 917 4181 1164 4247; x_wconf 73' lang='lat' dir='ltr'><strong>sequenti</strong></span> <span class='ocrx_word' id='word_1_398' title='bbox 1213 4179 1335 4232; x_wconf 71' lang='lat'><strong>562.</strong></span> <span class='ocrx_word' id='word_1_399' title='bbox 1373 4187 1492 4246; x_wconf 79' lang='lat' dir='ltr'><strong>post</strong></span> <span class='ocrx_word' id='word_1_400' title='bbox 1531 4177 1750 4245; x_wconf 60' lang='lat' dir='ltr'><strong>Georgii</strong></span> 
     </span>
    </p>
   </div>
   <div class='ocr_carea' id='block_1_58' title="bbox 133 4272 1749 4345">
    <p class='ocr_par' dir='ltr' id='par_1_58' title="bbox 133 4272 1749 4345">
     <span class='ocr_line' id='line_1_58' title="bbox 133 4272 1749 4345; baseline -0.002 -17"><span class='ocrx_word' id='word_1_401' title='bbox 133 4276 491 4345; x_wconf 76' lang='lat' dir='ltr'><strong>Cappadocis</strong></span> <span class='ocrx_word' id='word_1_402' title='bbox 517 4275 704 4330; x_wconf 82' lang='lat' dir='ltr'><strong>Ariani</strong></span> <span class='ocrx_word' id='word_1_403' title='bbox 741 4275 996 4344; x_wconf 80' lang='lat' dir='ltr'><strong>Episeupi</strong></span> <span class='ocrx_word' id='word_1_404' title='bbox 1031 4273 1382 4325; x_wconf 72' lang='lat' dir='ltr'><strong>Alexandrini</strong></span> <span class='ocrx_word' id='word_1_405' title='bbox 1410 4272 1637 4334; x_wconf 78' lang='lat' dir='ltr'><strong>obitum,</strong></span> <span class='ocrx_word' id='word_1_406' title='bbox 1667 4285 1749 4324; x_wconf 88' lang='lat' dir='ltr'><strong>re-</strong></span> 
     </span>
    </p>
   </div>
   <div class='ocr_carea' id='block_1_59' title="bbox 134 4364 1752 4437">
    <p class='ocr_par' dir='ltr' id='par_1_59' title="bbox 134 4364 1752 4437">
     <span class='ocr_line' id='line_1_59' title="bbox 134 4364 1752 4437; baseline -0.006 -14"><span class='ocrx_word' id='word_1_407' title='bbox 134 4367 436 4437; x_wconf 80' lang='lat' dir='ltr'><strong>ditumque</strong></span> <span class='ocrx_word' id='word_1_408' title='bbox 468 4367 534 4420; x_wconf 91' lang='lat' dir='ltr'><strong>ad</strong></span> <span class='ocrx_word' id='word_1_409' title='bbox 569 4367 716 4421; x_wconf 88' lang='lat' dir='ltr'><strong>illam</strong></span> <span class='ocrx_word' id='word_1_410' title='bbox 748 4366 932 4419; x_wconf 88' lang='lat' dir='ltr'><strong>sedem</strong></span> <span class='ocrx_word' id='word_1_411' title='bbox 967 4366 1145 4434; x_wconf 79' lang='lat' dir='ltr'><strong>magni</strong></span> <span class='ocrx_word' id='word_1_412' title='bbox 1177 4364 1456 4417; x_wconf 81' lang='lat' dir='ltr'><strong>Athanasii</strong></span> <span class='ocrx_word' id='word_1_413' title='bbox 1485 4373 1530 4415; x_wconf 61' lang='grc' dir='ltr'>ὅ.</span> <span class='ocrx_word' id='word_1_414' title='bbox 1570 4364 1752 4416; x_wconf 84' lang='lat' dir='ltr'><strong>Diver-</strong></span> 
     </span>
    </p>
   </div>
   <div class='ocr_carea' id='block_1_60' title="bbox 137 4456 1748 4530">
    <p class='ocr_par' dir='ltr' id='par_1_60' title="bbox 137 4456 1748 4530">
     <span class='ocr_line' id='line_1_60' title="bbox 137 4456 1748 4530; baseline -0.004 -15"><span class='ocrx_word' id='word_1_415' title='bbox 137 4462 212 4515; x_wconf 87' lang='lat' dir='ltr'><strong>tit</strong></span> <span class='ocrx_word' id='word_1_416' title='bbox 241 4469 427 4515; x_wconf 89' lang='lat' dir='ltr'><strong>autem</strong></span> <span class='ocrx_word' id='word_1_417' title='bbox 459 4477 487 4514; x_wconf 90' lang='lat' dir='ltr'><strong>a</strong></span> <span class='ocrx_word' id='word_1_418' title='bbox 517 4464 788 4530; x_wconf 84' lang='lat' dir='ltr'><strong>susceptis</strong></span> <span class='ocrx_word' id='word_1_419' title='bbox 817 4461 1110 4513; x_wconf 89' lang='lat' dir='ltr'><strong>itincribus</strong></span> <span class='ocrx_word' id='word_1_420' title='bbox 1137 4459 1368 4521; x_wconf 86' lang='lat' dir='ltr'><strong>Lucifer,</strong></span> <span class='ocrx_word' id='word_1_421' title='bbox 1393 4473 1514 4512; x_wconf 75' lang='lat' dir='ltr'><strong>cum</strong></span> <span class='ocrx_word' id='word_1_422' title='bbox 1545 4456 1609 4511; x_wconf 90' lang='lat' dir='ltr'><strong>ad</strong></span> <span class='ocrx_word' id='word_1_423' title='bbox 1640 4459 1748 4510; x_wconf 88' lang='lat' dir='ltr'><strong>An-</strong></span> 
     </span>
    </p>
   </div>
   <div class='ocr_carea' id='block_1_61' title="bbox 140 4549 1752 4622">
    <p class='ocr_par' dir='ltr' id='par_1_61' title="bbox 140 4549 1752 4622">
     <span class='ocr_line' id='line_1_61' title="bbox 140 4549 1752 4622; baseline -0.002 -15"><span class='ocrx_word' id='word_1_424' title='bbox 140 4553 438 4608; x_wconf 84' lang='lat' dir='ltr'><strong>tiochenas</strong></span> <span class='ocrx_word' id='word_1_425' title='bbox 500 4553 684 4607; x_wconf 88' lang='lat' dir='ltr'><strong>turbas</strong></span> <span class='ocrx_word' id='word_1_426' title='bbox 751 4551 1059 4615; x_wconf 84' lang='lat' dir='ltr'><strong>sedandas,</strong></span> <span class='ocrx_word' id='word_1_427' title='bbox 1118 4551 1376 4622; x_wconf 88' lang='lat' dir='ltr'><strong>illamque</strong></span> <span class='ocrx_word' id='word_1_428' title='bbox 1449 4549 1752 4606; x_wconf 86' lang='lat' dir='ltr'><strong>Ecclesiam</strong></span> 
     </span>
    </p>
   </div>
   <div class='ocr_carea' id='block_1_62' title="bbox 226 4739 691 4794">
    <p class='ocr_par' dir='ltr' id='par_1_62' title="bbox 226 4739 691 4794">
     <span class='ocr_line' id='line_1_62' title="bbox 226 4739 691 4794; baseline -0.002 -2"><span class='ocrx_word' id='word_1_429' title='bbox 226 4749 252 4775; x_wconf 77' lang='grc' dir='ltr'>ἰ</span> <span class='ocrx_word' id='word_1_430' title='bbox 290 4739 404 4794; x_wconf 83' lang='lat' dir='ltr'><strong>Lib.</strong></span> <span class='ocrx_word' id='word_1_431' title='bbox 435 4741 485 4792; x_wconf 94' lang='lat'><strong>1.</strong></span> <span class='ocrx_word' id='word_1_432' title='bbox 517 4754 566 4793; x_wconf 91' lang='lat' dir='ltr'><strong>c.</strong></span> <span class='ocrx_word' id='word_1_433' title='bbox 600 4739 691 4793; x_wconf 70' lang='lat'><strong>46.</strong></span> 
     </span>
    </p>
   </div>
   <div class='ocr_carea' id='block_1_63' title="bbox 225 4797 1632 4876">
    <p class='ocr_par' dir='ltr' id='par_1_63' title="bbox 225 4797 1632 4876">
     <span class='ocr_line' id='line_1_63' title="bbox 225 4797 1632 4876; baseline -0.006 -13"><span class='ocrx_word' id='word_1_434' title='bbox 225 4811 255 4847; x_wconf 69' lang='grc'><strong>³)</strong></span> <span class='ocrx_word' id='word_1_435' title='bbox 295 4797 419 4863; x_wconf 70' lang='lat' dir='ltr'><strong>Lib.</strong></span> <span class='ocrx_word' id='word_1_436' title='bbox 445 4811 492 4863; x_wconf 83' lang='grc' dir='ltr'><strong>Ι.</strong></span> <span class='ocrx_word' id='word_1_437' title='bbox 528 4827 625 4876; x_wconf 90' lang='lat' dir='ltr'><strong>pro</strong></span> <span class='ocrx_word' id='word_1_438' title='bbox 655 4811 712 4865; x_wconf 90' lang='lat' dir='ltr'><strong>S.</strong></span> <span class='ocrx_word' id='word_1_439' title='bbox 749 4807 1010 4862; x_wconf 84' lang='lat' dir='ltr'><strong>Athanas.</strong></span> <span class='ocrx_word' id='word_1_440' title='bbox 1045 4822 1165 4876; x_wconf 86' lang='lat' dir='ltr'><strong>pag.</strong></span> <span class='ocrx_word' id='word_1_441' title='bbox 1197 4806 1301 4860; x_wconf 83' lang='lat'><strong>109</strong></span> <span class='ocrx_word' id='word_1_442' title='bbox 1333 4804 1455 4866; x_wconf 82' lang='lat' dir='ltr'><strong>(col.</strong></span> <span class='ocrx_word' id='word_1_443' title='bbox 1482 4803 1632 4872; x_wconf 89' lang='lat'><strong>876).</strong></span> 
     </span>
    </p>
   </div>
   <div class='ocr_carea' id='block_1_64' title="bbox 229 4878 1760 4950">
    <p class='ocr_par' dir='ltr' id='par_1_64' title="bbox 229 4878 1760 4950">
     <span class='ocr_line' id='line_1_64' title="bbox 229 4878 1760 4950; baseline -0.007 -15"><span class='ocrx_word' id='word_1_444' title='bbox 229 4894 252 4917; x_wconf 84' lang='lat'>&quot;</span> <span class='ocrx_word' id='word_1_445' title='bbox 295 4880 484 4934; x_wconf 81' lang='lat' dir='ltr'><strong>Omnes</strong></span> <span class='ocrx_word' id='word_1_446' title='bbox 528 4881 774 4948; x_wconf 76' lang='lat' dir='ltr'><strong>Episcopi</strong></span> <span class='ocrx_word' id='word_1_447' title='bbox 798 4922 812 4940; x_wconf 85' lang='lat'><strong>,</strong></span> <span class='ocrx_word' id='word_1_448' title='bbox 842 4883 931 4950; x_wconf 89' lang='lat' dir='ltr'><strong>qui</strong></span> <span class='ocrx_word' id='word_1_449' title='bbox 958 4880 1021 4933; x_wconf 89' lang='lat' dir='ltr'><strong>de</strong></span> <span class='ocrx_word' id='word_1_450' title='bbox 1056 4879 1293 4950; x_wconf 64' lang='lat' dir='ltr'><strong>propriis</strong></span> <span class='ocrx_word' id='word_1_451' title='bbox 1313 4878 1521 4950; x_wconf 85' lang='lat' dir='ltr'><strong>sedibus</strong></span> <span class='ocrx_word' id='word_1_452' title='bbox 1551 4878 1760 4950; x_wconf 67' lang='lat' dir='ltr'><strong>fuerant</strong></span> 
     </span>
    </p>
   </div>
   <div class='ocr_carea' id='block_1_65' title="bbox 145 4945 1762 5022">
    <p class='ocr_par' dir='ltr' id='par_1_65' title="bbox 145 4945 1762 5022">
     <span class='ocr_line' id='line_1_65' title="bbox 145 4945 1762 5022; baseline -0.004 -19"><span class='ocrx_word' id='word_1_453' title='bbox 145 4954 490 5008; x_wconf 62' lang='lat' dir='ltr'><strong>exterminati</strong></span> <span class='ocrx_word' id='word_1_454' title='bbox 512 4995 525 5014; x_wconf 88' lang='lat'><strong>,</strong></span> <span class='ocrx_word' id='word_1_455' title='bbox 567 4945 657 5022; x_wconf 71' lang='lat' dir='ltr'><strong>per</strong></span> <span class='ocrx_word' id='word_1_456' title='bbox 688 4945 1067 5020; x_wconf 61' lang='lat' dir='ltr'><strong>indutqentiam</strong></span> <span class='ocrx_word' id='word_1_457' title='bbox 1110 4952 1222 5002; x_wconf 86' lang='lat' dir='ltr'><strong>novi</strong></span> <span class='ocrx_word' id='word_1_458' title='bbox 1261 4947 1524 5022; x_wconf 72' lang='lat' dir='ltr'><strong>Principis</strong></span> <span class='ocrx_word' id='word_1_459' title='bbox 1559 4948 1628 5022; x_wconf 82' lang='lat' dir='ltr'><strong>a_d</strong></span> <span class='ocrx_word' id='word_1_460' title='bbox 1659 4945 1762 5022; x_wconf 46' lang='lat' dir='ltr'><strong>Ec:</strong></span> 
     </span>
    </p>
   </div>
   <div class='ocr_carea' id='block_1_66' title="bbox 145 5018 1751 5080">
    <p class='ocr_par' dir='ltr' id='par_1_66' title="bbox 145 5018 1751 5080">
     <span class='ocr_line' id='line_1_66' title="bbox 145 5018 1751 5080; baseline -0.006 0"><span class='ocrx_word' id='word_1_461' title='bbox 145 5026 344 5080; x_wconf 79' lang='lat' dir='ltr'><strong>clesias</strong></span> <span class='ocrx_word' id='word_1_462' title='bbox 366 5018 599 5076; x_wconf 84' lang='lat' dir='ltr'><strong>redeunt.</strong></span> <span class='ocrx_word' id='word_1_463' title='bbox 629 5018 852 5077; x_wconf 50' lang='lat' dir='ltr'><strong>llieron;</strong></span> <span class='ocrx_word' id='word_1_464' title='bbox 882 5024 1001 5075; x_wconf 89' lang='lat' dir='ltr'><strong>adv.</strong></span> <span class='ocrx_word' id='word_1_465' title='bbox 1035 5022 1208 5075; x_wconf 76' lang='lat' dir='ltr'><strong>Lttcit&#39;.</strong></span> <span class='ocrx_word' id='word_1_466' title='bbox 1247 5021 1400 5076; x_wconf 86' lang='lat' dir='ltr'><strong>Socr.</strong></span> <span class='ocrx_word' id='word_1_467' title='bbox 1438 5018 1532 5073; x_wconf 87' lang='lat' dir='ltr'><strong>lib.</strong></span> <span class='ocrx_word' id='word_1_468' title='bbox 1575 5020 1607 5070; x_wconf 74' lang='grc'><strong>5</strong></span> <span class='ocrx_word' id='word_1_469' title='bbox 1648 5033 1698 5070; x_wconf 90' lang='lat' dir='ltr'><strong>c.</strong></span> <span class='ocrx_word' id='word_1_470' title='bbox 1727 5018 1751 5071; x_wconf 89' lang='lat'><strong>1</strong></span> 
     </span>
    </p>
   </div>
   <div class='ocr_carea' id='block_1_67' title="bbox 148 5090 1755 5157">
    <p class='ocr_par' dir='ltr' id='par_1_67' title="bbox 148 5090 1755 5157">
     <span class='ocr_line' id='line_1_67' title="bbox 148 5090 1755 5157; baseline -0.007 -5"><span class='ocrx_word' id='word_1_471' title='bbox 148 5108 211 5152; x_wconf 87' lang='lat' dir='ltr'><strong>et</strong></span> <span class='ocrx_word' id='word_1_472' title='bbox 242 5097 299 5151; x_wconf 86' lang='lat'><strong>5.</strong></span> <span class='ocrx_word' id='word_1_473' title='bbox 337 5097 548 5150; x_wconf 85' lang='lat' dir='ltr'><strong>Sozotn.</strong></span> <span class='ocrx_word' id='word_1_474' title='bbox 591 5095 758 5150; x_wconf 85' lang='lat' dir='ltr'><strong>lih.5.</strong></span> <span class='ocrx_word' id='word_1_475' title='bbox 785 5110 834 5148; x_wconf 88' lang='lat' dir='ltr'><strong>c.</strong></span> <span class='ocrx_word' id='word_1_476' title='bbox 862 5095 922 5157; x_wconf 70' lang='lat'><strong>5;</strong></span> <span class='ocrx_word' id='word_1_477' title='bbox 946 5093 1156 5146; x_wconf 85' lang='lat' dir='ltr'><strong>Theod.</strong></span> <span class='ocrx_word' id='word_1_478' title='bbox 1188 5092 1278 5145; x_wconf 92' lang='lat' dir='ltr'><strong>lib.</strong></span> <span class='ocrx_word' id='word_1_479' title='bbox 1311 5093 1363 5146; x_wconf 75' lang='grc' dir='ltr'><strong>ὅ.</strong></span> <span class='ocrx_word' id='word_1_480' title='bbox 1397 5107 1446 5143; x_wconf 83' lang='lat' dir='ltr'><strong>c.</strong></span> <span class='ocrx_word' id='word_1_481' title='bbox 1479 5091 1532 5145; x_wconf 69' lang='grc'><strong>4.</strong></span> <span class='ocrx_word' id='word_1_482' title='bbox 1557 5090 1755 5144; x_wconf 85' lang='lat' dir='ltr'><strong>RarOu.</strong></span> 
     </span>
    </p>
   </div>
   <div class='ocr_carea' id='block_1_68' title="bbox 150 5166 886 5229">
    <p class='ocr_par' dir='ltr' id='par_1_68' title="bbox 150 5166 886 5229">
     <span class='ocr_line' id='line_1_68' title="bbox 150 5166 886 5229; baseline -0.004 -7"><span class='ocrx_word' id='word_1_483' title='bbox 150 5170 226 5222; x_wconf 78' lang='lat' dir='ltr'><strong>ad</strong></span> <span class='ocrx_word' id='word_1_484' title='bbox 259 5184 350 5220; x_wconf 85' lang='lat' dir='ltr'><strong>an.</strong></span> <span class='ocrx_word' id='word_1_485' title='bbox 381 5169 508 5221; x_wconf 87' lang='lat' dir='ltr'><strong>Chr.</strong></span> <span class='ocrx_word' id='word_1_486' title='bbox 544 5167 671 5229; x_wconf 72' lang='lat'><strong>361,</strong></span> <span class='ocrx_word' id='word_1_487' title='bbox 707 5183 764 5222; x_wconf 92' lang='lat' dir='ltr'><strong>n.</strong></span> <span class='ocrx_word' id='word_1_488' title='bbox 805 5166 886 5221; x_wconf 80' lang='lat'><strong>15.</strong></span> 
     </span>
    </p>
   </div>
   <div class='ocr_carea' id='block_1_69' title="bbox 231 5234 1766 5308">
    <p class='ocr_par' dir='ltr' id='par_1_69' title="bbox 231 5234 1766 5308">
     <span class='ocr_line' id='line_1_69' title="bbox 231 5234 1766 5308; baseline -0.002 -18"><span class='ocrx_word' id='word_1_489' title='bbox 231 5236 259 5274; x_wconf 76' lang='grc' dir='ltr'><strong>ιι</strong></span> <span class='ocrx_word' id='word_1_490' title='bbox 302 5237 615 5306; x_wconf 81' lang='lat' dir='ltr'><strong>Proscriptis</strong></span> <span class='ocrx_word' id='word_1_491' title='bbox 643 5255 758 5292; x_wconf 80' lang='lat' dir='ltr'><strong>vero</strong></span> <span class='ocrx_word' id='word_1_492' title='bbox 789 5239 898 5308; x_wconf 71' lang='lat' dir='ltr'><strong>lege</strong></span> <span class='ocrx_word' id='word_1_493' title='bbox 922 5239 1028 5290; x_wconf 87' lang='lat' dir='ltr'><strong>lata</strong></span> <span class='ocrx_word' id='word_1_494' title='bbox 1060 5235 1333 5308; x_wconf 82' lang='lat' dir='ltr'><strong>facultates</strong></span> <span class='ocrx_word' id='word_1_495' title='bbox 1358 5252 1480 5308; x_wconf 89' lang='lat' dir='ltr'><strong>suas</strong></span> <span class='ocrx_word' id='word_1_496' title='bbox 1507 5234 1766 5288; x_wconf 71' lang='lat' dir='ltr'><strong>restituit:</strong></span> 
     </span>
    </p>
   </div>
   <div class='ocr_carea' id='block_1_70' title="bbox 150 5305 1764 5450">
    <p class='ocr_par' dir='ltr' id='par_1_70' title="bbox 150 5305 1764 5450">
     <span class='ocr_line' id='line_1_70' title="bbox 150 5305 1764 5381; baseline -0.003 -19"><span class='ocrx_word' id='word_1_497' title='bbox 150 5310 372 5381; x_wconf 75' lang='lat' dir='ltr'><strong>pupulis</strong></span> <span class='ocrx_word' id='word_1_498' title='bbox 420 5305 590 5364; x_wconf 85' lang='lat' dir='ltr'><strong>autem</strong></span> <span class='ocrx_word' id='word_1_499' title='bbox 638 5305 900 5364; x_wconf 79' lang='lat' dir='ltr'><strong>civitatum</strong></span> <span class='ocrx_word' id='word_1_500' title='bbox 941 5308 1119 5378; x_wconf 86' lang='lat' dir='ltr'><strong>palam</strong></span> <span class='ocrx_word' id='word_1_501' title='bbox 1159 5305 1468 5368; x_wconf 74' lang='lat' dir='ltr'><strong>interdixit,</strong></span> <span class='ocrx_word' id='word_1_502' title='bbox 1516 5323 1578 5358; x_wconf 85' lang='lat' dir='ltr'><strong>ne</strong></span> <span class='ocrx_word' id='word_1_503' title='bbox 1614 5323 1764 5376; x_wconf 84' lang='lat' dir='ltr'><strong>quem</strong></span> 
     </span>
     <span class='ocr_line' id='line_1_71' title="bbox 151 5380 1764 5450; baseline -0.003 -15"><span class='ocrx_word' id='word_1_504' title='bbox 151 5380 579 5436; x_wconf 85' lang='lat' dir='ltr'><strong>Christianorum</strong></span> <span class='ocrx_word' id='word_1_505' title='bbox 610 5392 699 5434; x_wconf 87' lang='lat' dir='ltr'><strong>aut</strong></span> <span class='ocrx_word' id='word_1_506' title='bbox 729 5383 921 5450; x_wconf 86' lang='lat' dir='ltr'><strong>injuria</strong></span> <span class='ocrx_word' id='word_1_507' title='bbox 951 5382 1256 5450; x_wconf 77' lang='lat' dir='ltr'><strong>ofﬁcerent,</strong></span> <span class='ocrx_word' id='word_1_508' title='bbox 1291 5388 1380 5429; x_wconf 92' lang='lat' dir='ltr'><strong>aut</strong></span> <span class='ocrx_word' id='word_1_509' title='bbox 1421 5380 1764 5440; x_wconf 80' lang='lat' dir='ltr'><strong>contumelia,</strong></span> 
     </span>
    </p>
   </div>
   <div class='ocr_carea' id='block_1_71' title="bbox 153 5449 1766 5521">
    <p class='ocr_par' dir='ltr' id='par_1_71' title="bbox 153 5449 1766 5521">
     <span class='ocr_line' id='line_1_72' title="bbox 153 5449 1766 5521; baseline -0.001 -16"><span class='ocrx_word' id='word_1_510' title='bbox 153 5469 287 5506; x_wconf 78' lang='lat' dir='ltr'><strong>nere</strong></span> <span class='ocrx_word' id='word_1_511' title='bbox 331 5452 517 5505; x_wconf 76' lang='lat' dir='ltr'><strong>inritos</strong></span> <span class='ocrx_word' id='word_1_512' title='bbox 565 5454 632 5504; x_wconf 87' lang='lat' dir='ltr'><strong>ad</strong></span> <span class='ocrx_word' id='word_1_513' title='bbox 678 5449 1078 5521; x_wconf 78' lang='lat' dir='ltr'><strong>sacriﬁcandum</strong></span> <span class='ocrx_word' id='word_1_514' title='bbox 1125 5449 1402 5502; x_wconf 80' lang='lat' dir='ltr'><strong>traherent.</strong></span> <span class='ocrx_word' id='word_1_515' title='bbox 1441 5453 1659 5503; x_wconf 80' lang='lat' dir='ltr'><strong>Sozam.</strong></span> <span class='ocrx_word' id='word_1_516' title='bbox 1695 5464 1766 5521; x_wconf 70' lang='lat' dir='ltr'><strong>ex</strong></span> 
     </span>
    </p>
   </div>
   <div class='ocr_carea' id='block_1_72' title="bbox 156 5520 1768 5588">
    <p class='ocr_par' dir='ltr' id='par_1_72' title="bbox 156 5520 1768 5588">
     <span class='ocr_line' id='line_1_73' title="bbox 156 5520 1768 5588; baseline -0.003 -10"><span class='ocrx_word' id='word_1_517' title='bbox 156 5540 314 5578; x_wconf 63' lang='lat' dir='ltr'><strong>vers.</strong></span> <span class='ocrx_word' id='word_1_518' title='bbox 346 5522 526 5577; x_wconf 82' lang='lat' dir='ltr'><strong>Vales.</strong></span> <span class='ocrx_word' id='word_1_519' title='bbox 550 5523 640 5576; x_wconf 90' lang='lat' dir='ltr'><strong>lib.</strong></span> <span class='ocrx_word' id='word_1_520' title='bbox 674 5526 793 5577; x_wconf 81' lang='lat' dir='ltr'><strong>5.c.</strong></span> <span class='ocrx_word' id='word_1_521' title='bbox 816 5520 883 5577; x_wconf 55' lang='grc'><strong>⁷5.</strong></span> <span class='ocrx_word' id='word_1_522' title='bbox 919 5523 981 5577; x_wconf 76' lang='grc' dir='ltr'>ν.</span> <span class='ocrx_word' id='word_1_523' title='bbox 1006 5522 1276 5576; x_wconf 87' lang='lat' dir='ltr'><strong>Julianum</strong></span> <span class='ocrx_word' id='word_1_524' title='bbox 1301 5521 1478 5588; x_wconf 88' lang='lat' dir='ltr'><strong>ipsum</strong></span> <span class='ocrx_word' id='word_1_525' title='bbox 1506 5536 1593 5584; x_wconf 86' lang='lat' dir='ltr'><strong>ep.</strong></span> <span class='ocrx_word' id='word_1_526' title='bbox 1628 5522 1678 5572; x_wconf 89' lang='lat'><strong>7.</strong></span> <span class='ocrx_word' id='word_1_527' title='bbox 1702 5520 1768 5573; x_wconf 90' lang='lat' dir='ltr'><strong>ad</strong></span> 
     </span>
    </p>
   </div>
   <div class='ocr_carea' id='block_1_73' title="bbox 155 5591 1767 5662">
    <p class='ocr_par' dir='ltr' id='par_1_73' title="bbox 155 5591 1767 5662">
     <span class='ocr_line' id='line_1_74' title="bbox 155 5591 1767 5662; baseline 0 -16"><span class='ocrx_word' id='word_1_528' title='bbox 155 5596 485 5660; x_wconf 77' lang='lat' dir='ltr'><strong>Artabitttn,</strong></span> <span class='ocrx_word' id='word_1_529' title='bbox 513 5609 602 5662; x_wconf 89' lang='lat' dir='ltr'><strong>ep.</strong></span> <span class='ocrx_word' id='word_1_530' title='bbox 633 5591 725 5648; x_wconf 64' lang='grc'><strong>45.</strong></span> <span class='ocrx_word' id='word_1_531' title='bbox 753 5595 819 5648; x_wconf 89' lang='lat' dir='ltr'><strong>ad</strong></span> <span class='ocrx_word' id='word_1_532' title='bbox 857 5595 1188 5649; x_wconf 88' lang='lat' dir='ltr'><strong>Hecebolnm</strong></span> <span class='ocrx_word' id='word_1_533' title='bbox 1217 5607 1304 5662; x_wconf 92' lang='lat' dir='ltr'><strong>ep.</strong></span> <span class='ocrx_word' id='word_1_534' title='bbox 1333 5591 1423 5647; x_wconf 70' lang='lat'><strong>52.</strong></span> <span class='ocrx_word' id='word_1_535' title='bbox 1454 5591 1520 5644; x_wconf 87' lang='lat' dir='ltr'><strong>ad</strong></span> <span class='ocrx_word' id='word_1_536' title='bbox 1553 5592 1767 5646; x_wconf 58' lang='lat' dir='ltr'><strong>Bostreo</strong></span> 
     </span>
    </p>
   </div>
   <div class='ocr_carea' id='block_1_74' title="bbox 161 5662 1765 5732">
    <p class='ocr_par' dir='ltr' id='par_1_74' title="bbox 161 5662 1765 5732">
     <span class='ocr_line' id='line_1_75' title="bbox 161 5662 1765 5732; baseline -0.004 -10"><span class='ocrx_word' id='word_1_537' title='bbox 161 5683 292 5722; x_wconf 85' lang='lat' dir='ltr'><strong>nos.</strong></span> <span class='ocrx_word' id='word_1_538' title='bbox 339 5666 510 5732; x_wconf 84' lang='lat' dir='ltr'><strong>Quam</strong></span> <span class='ocrx_word' id='word_1_539' title='bbox 543 5665 778 5721; x_wconf 83' lang='lat' dir='ltr'><strong>subdole</strong></span> <span class='ocrx_word' id='word_1_540' title='bbox 823 5667 938 5720; x_wconf 68' lang='lat' dir='ltr'><strong>haec</strong></span> <span class='ocrx_word' id='word_1_541' title='bbox 972 5665 1251 5719; x_wconf 85' lang='lat' dir='ltr'><strong>Julianus.</strong></span> <span class='ocrx_word' id='word_1_542' title='bbox 1299 5667 1420 5716; x_wconf 91' lang='lat' dir='ltr'><strong>vide</strong></span> <span class='ocrx_word' id='word_1_543' title='bbox 1461 5662 1623 5732; x_wconf 85' lang='lat' dir='ltr'><strong>Greg.</strong></span> <span class='ocrx_word' id='word_1_544' title='bbox 1662 5664 1765 5715; x_wconf 81' lang='lat' dir='ltr'><strong>Na-</strong></span> 
     </span>
    </p>
   </div>
   <div class='ocr_carea' id='block_1_75' title="bbox 160 5734 1767 5802">
    <p class='ocr_par' dir='ltr' id='par_1_75' title="bbox 160 5734 1767 5802">
     <span class='ocr_line' id='line_1_76' title="bbox 160 5734 1767 5802; baseline -0.003 -9"><span class='ocrx_word' id='word_1_545' title='bbox 160 5740 343 5794; x_wconf 79' lang='lat' dir='ltr'><strong>zianz.</strong></span> <span class='ocrx_word' id='word_1_546' title='bbox 381 5737 474 5790; x_wconf 85' lang='lat' dir='ltr'><strong>0r.</strong></span> <span class='ocrx_word' id='word_1_547' title='bbox 515 5737 568 5791; x_wconf 69' lang='lat'><strong>2.</strong></span> <span class='ocrx_word' id='word_1_548' title='bbox 619 5739 669 5789; x_wconf 93' lang='lat' dir='ltr'><strong>in</strong></span> <span class='ocrx_word' id='word_1_549' title='bbox 711 5735 938 5802; x_wconf 88' lang='lat' dir='ltr'><strong>Jttlian.,</strong></span> <span class='ocrx_word' id='word_1_550' title='bbox 981 5738 1198 5792; x_wconf 81' lang='lat' dir='ltr'><strong>Sozom.</strong></span> <span class='ocrx_word' id='word_1_551' title='bbox 1247 5735 1321 5790; x_wconf 87' lang='lat' dir='ltr'><strong>lib</strong></span> <span class='ocrx_word' id='word_1_552' title='bbox 1357 5736 1409 5789; x_wconf 87' lang='lat'><strong>5.</strong></span> <span class='ocrx_word' id='word_1_553' title='bbox 1441 5751 1490 5788; x_wconf 91' lang='lat' dir='ltr'><strong>c.</strong></span> <span class='ocrx_word' id='word_1_554' title='bbox 1524 5734 1580 5788; x_wconf 73' lang='grc'><strong>4.</strong></span> <span class='ocrx_word' id='word_1_555' title='bbox 1611 5734 1767 5789; x_wconf 85' lang='lat' dir='ltr'><strong>Socr.</strong></span> 
     </span>
    </p>
   </div>
   <div class='ocr_carea' id='block_1_76' title="bbox 161 5806 1769 5876">
    <p class='ocr_par' dir='ltr' id='par_1_76' title="bbox 161 5806 1769 5876">
     <span class='ocr_line' id='line_1_77' title="bbox 161 5806 1769 5876; baseline -0.001 -13"><span class='ocrx_word' id='word_1_556' title='bbox 161 5812 267 5875; x_wconf 78' lang='lat' dir='ltr'><strong>lib.</strong></span> <span class='ocrx_word' id='word_1_557' title='bbox 318 5811 371 5864; x_wconf 82' lang='lat'><strong>3.</strong></span> <span class='ocrx_word' id='word_1_558' title='bbox 412 5823 462 5862; x_wconf 92' lang='lat' dir='ltr'><strong>c.</strong></span> <span class='ocrx_word' id='word_1_559' title='bbox 513 5808 561 5862; x_wconf 90' lang='lat' dir='ltr'><strong>I.</strong></span> <span class='ocrx_word' id='word_1_560' title='bbox 593 5807 800 5862; x_wconf 86' lang='lat' dir='ltr'><strong>&#39;I‘heod.</strong></span> <span class='ocrx_word' id='word_1_561' title='bbox 840 5809 912 5863; x_wconf 90' lang='lat' dir='ltr'><strong>lib</strong></span> <span class='ocrx_word' id='word_1_562' title='bbox 955 5809 1008 5863; x_wconf 73' lang='grc' dir='ltr'><strong>ὅ.</strong></span> <span class='ocrx_word' id='word_1_563' title='bbox 1043 5824 1093 5863; x_wconf 92' lang='lat' dir='ltr'><strong>c.</strong></span> <span class='ocrx_word' id='word_1_564' title='bbox 1127 5808 1179 5861; x_wconf 89' lang='lat'><strong>6.</strong></span> <span class='ocrx_word' id='word_1_565' title='bbox 1215 5821 1269 5862; x_wconf 91' lang='lat' dir='ltr'><strong>et</strong></span> <span class='ocrx_word' id='word_1_566' title='bbox 1311 5807 1399 5862; x_wconf 94' lang='lat'><strong>17.</strong></span> <span class='ocrx_word' id='word_1_567' title='bbox 1432 5806 1629 5876; x_wconf 80' lang='lat' dir='ltr'><strong>Evagr.</strong></span> <span class='ocrx_word' id='word_1_568' title='bbox 1663 5806 1769 5862; x_wconf 81' lang='lat' dir='ltr'><strong>Vit.</strong></span> 
     </span>
    </p>
   </div>
   <div class='ocr_carea' id='block_1_77' title="bbox 165 5878 864 5947">
    <p class='ocr_par' dir='ltr' id='par_1_77' title="bbox 165 5878 864 5947">
     <span class='ocr_line' id='line_1_78' title="bbox 165 5878 864 5947; baseline -0.009 -9"><span class='ocrx_word' id='word_1_569' title='bbox 165 5881 292 5938; x_wconf 82' lang='lat' dir='ltr'><strong>Pat.</strong></span> <span class='ocrx_word' id='word_1_570' title='bbox 324 5881 377 5935; x_wconf 92' lang='lat' dir='ltr'><strong>in</strong></span> <span class='ocrx_word' id='word_1_571' title='bbox 407 5879 700 5947; x_wconf 88' lang='lat' dir='ltr'><strong>Apol|0nio</strong></span> <span class='ocrx_word' id='word_1_572' title='bbox 727 5894 776 5934; x_wconf 93' lang='lat' dir='ltr'><strong>c.</strong></span> <span class='ocrx_word' id='word_1_573' title='bbox 811 5878 864 5932; x_wconf 92' lang='lat'><strong>7.</strong></span> 
     </span>
    </p>
   </div>
   <div class='ocr_carea' id='block_1_78' title="bbox 252 5938 1767 6021">
    <p class='ocr_par' dir='ltr' id='par_1_78' title="bbox 252 5938 1767 6021">
     <span class='ocr_line' id='line_1_79' title="bbox 252 5938 1767 6021; baseline -0.003 -17"><span class='ocrx_word' id='word_1_574' title='bbox 252 5938 513 6006; x_wconf 57' lang='lat' dir='ltr'><strong>’Chroii.</strong></span> <span class='ocrx_word' id='word_1_575' title='bbox 568 5947 736 6018; x_wconf 85' lang='lat' dir='ltr'><strong>Pinsp</strong></span> <span class='ocrx_word' id='word_1_576' title='bbox 807 5943 969 6021; x_wconf 79' lang='lat' dir='ltr'><strong>Aquil</strong></span> <span class='ocrx_word' id='word_1_577' title='bbox 1041 5964 1106 6018; x_wconf 78' lang='lat' dir='ltr'><strong>sp</strong></span> <span class='ocrx_word' id='word_1_578' title='bbox 1179 5938 1342 6005; x_wconf 82' lang='lat' dir='ltr'><strong>Canis</strong></span> <span class='ocrx_word' id='word_1_579' title='bbox 1416 5950 1454 6003; x_wconf 83' lang='lat' dir='ltr'><strong>tt</strong></span> <span class='ocrx_word' id='word_1_580' title='bbox 1497 5946 1554 6011; x_wconf 80' lang='grc'><strong>4,</strong></span> <span class='ocrx_word' id='word_1_581' title='bbox 1605 5946 1767 6003; x_wconf 75' lang='lat' dir='ltr'><strong>Tim.</strong></span> 
     </span>
    </p>
   </div>
   <div class='ocr_carea' id='block_1_79' title="bbox 1847 2029 3460 2097">
    <p class='ocr_par' dir='ltr' id='par_1_79' title="bbox 1847 2029 3460 2097">
     <span class='ocr_line' id='line_1_80' title="bbox 1847 2029 3460 2097; baseline 0.006 -18"><span class='ocrx_word' id='word_1_582' title='bbox 1847 2029 1988 2097; x_wconf 89' lang='lat' dir='ltr'><strong>quod</strong></span> <span class='ocrx_word' id='word_1_583' title='bbox 2041 2039 2094 2083; x_wconf 93' lang='lat' dir='ltr'><strong>et</strong></span> <span class='ocrx_word' id='word_1_584' title='bbox 2145 2029 2342 2085; x_wconf 81' lang='lat' dir='ltr'><strong>fecisse</strong></span> <span class='ocrx_word' id='word_1_585' title='bbox 2393 2032 2825 2087; x_wconf 87' lang='lat' dir='ltr'><strong>existimaveritn</strong></span> <span class='ocrx_word' id='word_1_586' title='bbox 2877 2035 3175 2088; x_wconf 84' lang='lat' dir='ltr'><strong>Auctorem</strong></span> <span class='ocrx_word' id='word_1_587' title='bbox 3223 2034 3349 2088; x_wconf 61' lang='lat' dir='ltr'><strong>vitae</strong></span> <span class='ocrx_word' id='word_1_588' title='bbox 3400 2035 3460 2089; x_wconf 87' lang='lat' dir='ltr'><strong>S.</strong></span> 
     </span>
    </p>
   </div>
   <div class='ocr_carea' id='block_1_80' title="bbox 1849 2121 3461 2196">
    <p class='ocr_par' dir='ltr' id='par_1_80' title="bbox 1849 2121 3461 2196">
     <span class='ocr_line' id='line_1_81' title="bbox 1849 2121 3461 2196; baseline 0.004 -22"><span class='ocrx_word' id='word_1_589' title='bbox 1849 2121 2068 2177; x_wconf 83' lang='lat' dir='ltr'><strong>Eusebii</strong></span> <span class='ocrx_word' id='word_1_590' title='bbox 2098 2123 2462 2178; x_wconf 77' lang='lat' dir='ltr'><strong>Vercellensis</strong></span> <span class='ocrx_word' id='word_1_591' title='bbox 2487 2123 2532 2188; x_wconf 58' lang='grc' dir='ltr'><strong>κ,</strong></span> <span class='ocrx_word' id='word_1_592' title='bbox 2563 2124 2964 2196; x_wconf 82' lang='lat' dir='ltr'><strong>Hieronymum</strong></span> <span class='ocrx_word' id='word_1_593' title='bbox 2988 2141 3016 2178; x_wconf 89' lang='lat' dir='ltr'><strong>a</strong></span> <span class='ocrx_word' id='word_1_594' title='bbox 3041 2126 3204 2181; x_wconf 87' lang='lat' dir='ltr'><strong>Prato</strong></span> <span class='ocrx_word' id='word_1_595' title='bbox 3226 2123 3272 2192; x_wconf 73' lang='grc' dir='ltr'><strong>ι,</strong></span> <span class='ocrx_word' id='word_1_596' title='bbox 3292 2125 3461 2181; x_wconf 87' lang='lat' dir='ltr'><strong>alios-</strong></span> 
     </span>
    </p>
   </div>
   <div class='ocr_carea' id='block_1_81' title="bbox 1846 2219 3460 2292">
    <p class='ocr_par' dir='ltr' id='par_1_81' title="bbox 1846 2219 3460 2292">
     <span class='ocr_line' id='line_1_82' title="bbox 1846 2219 3460 2292; baseline 0.006 -25"><span class='ocrx_word' id='word_1_597' title='bbox 1846 2231 1950 2285; x_wconf 86' lang='lat' dir='ltr'><strong>qne</strong></span> <span class='ocrx_word' id='word_1_598' title='bbox 1993 2219 2360 2282; x_wconf 84' lang='lat' dir='ltr'><strong>recentiores,</strong></span> <span class='ocrx_word' id='word_1_599' title='bbox 2393 2221 2483 2287; x_wconf 90' lang='lat' dir='ltr'><strong>qni</strong></span> <span class='ocrx_word' id='word_1_600' title='bbox 2515 2220 2845 2289; x_wconf 79' lang='lat' dir='ltr'><strong>digniorem,</strong></span> <span class='ocrx_word' id='word_1_601' title='bbox 2875 2223 3026 2276; x_wconf 90' lang='lat' dir='ltr'><strong>socio</strong></span> <span class='ocrx_word' id='word_1_602' title='bbox 3058 2222 3328 2292; x_wconf 88' lang='lat' dir='ltr'><strong>neglecto.</strong></span> <span class='ocrx_word' id='word_1_603' title='bbox 3361 2238 3460 2276; x_wconf 82' lang='lat' dir='ltr'><strong>no-</strong></span> 
     </span>
    </p>
   </div>
   <div class='ocr_carea' id='block_1_82' title="bbox 1849 2310 3455 2383">
    <p class='ocr_par' dir='ltr' id='par_1_82' title="bbox 1849 2310 3455 2383">
     <span class='ocr_line' id='line_1_83' title="bbox 1849 2310 3455 2383; baseline 0.006 -22"><span class='ocrx_word' id='word_1_604' title='bbox 1849 2310 2148 2362; x_wconf 87' lang='lat' dir='ltr'><strong>minarunt.</strong></span> <span class='ocrx_word' id='word_1_605' title='bbox 2200 2312 2504 2381; x_wconf 80' lang='lat' dir='ltr'><strong>Antequam</strong></span> <span class='ocrx_word' id='word_1_606' title='bbox 2550 2313 2896 2367; x_wconf 86' lang='lat' dir='ltr'><strong>Antiochiam</strong></span> <span class='ocrx_word' id='word_1_607' title='bbox 2951 2324 3166 2383; x_wconf 88' lang='lat' dir='ltr'><strong>peteret</strong></span> <span class='ocrx_word' id='word_1_608' title='bbox 3200 2315 3455 2383; x_wconf 88' lang='lat' dir='ltr'><strong>Lucifer,</strong></span> 
     </span>
    </p>
   </div>
   <div class='ocr_carea' id='block_1_83' title="bbox 1849 2403 3456 2478">
    <p class='ocr_par' dir='ltr' id='par_1_83' title="bbox 1849 2403 3456 2478">
     <span class='ocr_line' id='line_1_84' title="bbox 1849 2403 3456 2478; baseline 0.007 -24"><span class='ocrx_word' id='word_1_609' title='bbox 1849 2416 1967 2455; x_wconf 89' lang='lat' dir='ltr'><strong>cum</strong></span> <span class='ocrx_word' id='word_1_610' title='bbox 1997 2403 2300 2457; x_wconf 90' lang='lat' dir='ltr'><strong>Athanasio</strong></span> <span class='ocrx_word' id='word_1_611' title='bbox 2333 2414 2385 2458; x_wconf 90' lang='lat' dir='ltr'><strong>ct</strong></span> <span class='ocrx_word' id='word_1_612' title='bbox 2417 2406 2654 2460; x_wconf 76' lang='lat' dir='ltr'><strong>Eusebio</strong></span> <span class='ocrx_word' id='word_1_613' title='bbox 2679 2407 3030 2463; x_wconf 73' lang='lat' dir='ltr'><strong>Alexandria:</strong></span> <span class='ocrx_word' id='word_1_614' title='bbox 3057 2409 3456 2478; x_wconf 61' lang='lat' dir='ltr'><strong>aliquantisper</strong></span> 
     </span>
    </p>
   </div>
   <div class='ocr_carea' id='block_1_84' title="bbox 1847 2498 3459 2572">
    <p class='ocr_par' dir='ltr' id='par_1_84' title="bbox 1847 2498 3459 2572">
     <span class='ocr_line' id='line_1_85' title="bbox 1847 2498 3459 2572; baseline 0.004 -23"><span class='ocrx_word' id='word_1_615' title='bbox 1847 2510 1969 2549; x_wconf 91' lang='lat' dir='ltr'><strong>enm</strong></span> <span class='ocrx_word' id='word_1_616' title='bbox 2002 2498 2312 2551; x_wconf 77' lang='lat' dir='ltr'><strong>constitisse</strong></span> <span class='ocrx_word' id='word_1_617' title='bbox 2342 2499 2458 2552; x_wconf 91' lang='lat' dir='ltr'><strong>vult</strong></span> <span class='ocrx_word' id='word_1_618' title='bbox 2488 2498 2688 2552; x_wconf 91' lang='lat' dir='ltr'><strong>citatus</strong></span> <span class='ocrx_word' id='word_1_619' title='bbox 2712 2499 3040 2554; x_wconf 77' lang='lat' dir='ltr'><strong>Ettschiante</strong></span> <span class='ocrx_word' id='word_1_620' title='bbox 3067 2501 3192 2555; x_wconf 67' lang='lat' dir='ltr'><strong>vitae</strong></span> <span class='ocrx_word' id='word_1_621' title='bbox 3216 2503 3459 2572; x_wconf 87' lang='lat' dir='ltr'><strong>scriptor</strong></span> 
     </span>
    </p>
   </div>
   <div class='ocr_carea' id='block_1_85' title="bbox 1849 2589 3452 2663">
    <p class='ocr_par' dir='ltr' id='par_1_85' title="bbox 1849 2589 3452 2663">
     <span class='ocr_line' id='line_1_86' title="bbox 1849 2589 3452 2663; baseline 0.001 -19"><span class='ocrx_word' id='word_1_622' title='bbox 1849 2606 1943 2658; x_wconf 89' lang='lat' dir='ltr'><strong>per</strong></span> <span class='ocrx_word' id='word_1_623' title='bbox 1968 2589 2082 2645; x_wconf 78' lang='lat' dir='ltr'><strong>lucc</strong></span> <span class='ocrx_word' id='word_1_624' title='bbox 2112 2592 2274 2645; x_wconf 88' lang='lat' dir='ltr'><strong>verba</strong></span> <span class='ocrx_word' id='word_1_625' title='bbox 2303 2609 2316 2645; x_wconf 87' lang='lat'><strong>:</strong></span> <span class='ocrx_word' id='word_1_626' title='bbox 2343 2590 2535 2645; x_wconf 85' lang='lat' dir='ltr'><strong>Beatus</strong></span> <span class='ocrx_word' id='word_1_627' title='bbox 2556 2608 2674 2646; x_wconf 84' lang='lat' dir='ltr'><strong>vero</strong></span> <span class='ocrx_word' id='word_1_628' title='bbox 2697 2592 2934 2663; x_wconf 80' lang='lat' dir='ltr'><strong>Lucifer,</strong></span> <span class='ocrx_word' id='word_1_629' title='bbox 2962 2592 3296 2648; x_wconf 81' lang='lat' dir='ltr'><strong>Calaritanus</strong></span> <span class='ocrx_word' id='word_1_630' title='bbox 3321 2593 3452 2662; x_wconf 84' lang='lat' dir='ltr'><strong>Epi-</strong></span> 
     </span>
    </p>
   </div>
   <div class='ocr_carea' id='block_1_86' title="bbox 1847 2688 3455 2756">
    <p class='ocr_par' dir='ltr' id='par_1_86' title="bbox 1847 2688 3455 2756">
     <span class='ocr_line' id='line_1_87' title="bbox 1847 2688 3455 2756; baseline 0.002 -18"><span class='ocrx_word' id='word_1_631' title='bbox 1847 2702 2050 2754; x_wconf 85' lang='lat' dir='ltr'><strong>scopus,</strong></span> <span class='ocrx_word' id='word_1_632' title='bbox 2101 2689 2211 2741; x_wconf 83' lang='lat' dir='ltr'><strong>vale</strong></span> <span class='ocrx_word' id='word_1_633' title='bbox 2257 2689 2328 2740; x_wconf 89' lang='lat' dir='ltr'><strong>eis</strong></span> <span class='ocrx_word' id='word_1_634' title='bbox 2361 2688 2555 2756; x_wconf 84' lang='lat' dir='ltr'><strong>faciens</strong></span> <span class='ocrx_word' id='word_1_635' title='bbox 2585 2689 2872 2742; x_wconf 70' lang='lat' dir='ltr'><strong>Athanasio</strong></span> <span class='ocrx_word' id='word_1_636' title='bbox 2902 2699 2947 2743; x_wconf 90' lang='lat' dir='ltr'><strong>et</strong></span> <span class='ocrx_word' id='word_1_637' title='bbox 2991 2688 3236 2753; x_wconf 87' lang='lat' dir='ltr'><strong>Eusebio,</strong></span> <span class='ocrx_word' id='word_1_638' title='bbox 3274 2689 3455 2742; x_wconf 82' lang='lat' dir='ltr'><strong>Antio-</strong></span> 
     </span>
    </p>
   </div>
   <div class='ocr_carea' id='block_1_87' title="bbox 1848 2780 3454 2850">
    <p class='ocr_par' dir='ltr' id='par_1_87' title="bbox 1848 2780 3454 2850">
     <span class='ocr_line' id='line_1_88' title="bbox 1848 2780 3454 2850; baseline 0.002 -20"><span class='ocrx_word' id='word_1_639' title='bbox 1848 2780 2019 2830; x_wconf 85' lang='lat' dir='ltr'><strong>chiam</strong></span> <span class='ocrx_word' id='word_1_640' title='bbox 2068 2781 2131 2832; x_wconf 86' lang='lat' dir='ltr'><strong>ab</strong></span> <span class='ocrx_word' id='word_1_641' title='bbox 2177 2782 2250 2834; x_wconf 80' lang='lat' dir='ltr'><strong>eis</strong></span> <span class='ocrx_word' id='word_1_642' title='bbox 2295 2782 2479 2833; x_wconf 82' lang='lat' dir='ltr'><strong>missus</strong></span> <span class='ocrx_word' id='word_1_643' title='bbox 2519 2791 2620 2844; x_wconf 88' lang='lat' dir='ltr'><strong>est,</strong></span> <span class='ocrx_word' id='word_1_644' title='bbox 2652 2791 2706 2834; x_wconf 87' lang='lat' dir='ltr'><strong>ut</strong></span> <span class='ocrx_word' id='word_1_645' title='bbox 2737 2780 2998 2835; x_wconf 84' lang='lat' dir='ltr'><strong>Ecclesias</strong></span> <span class='ocrx_word' id='word_1_646' title='bbox 3029 2781 3360 2850; x_wconf 81' lang='lat' dir='ltr'><strong>conﬁrmaret</strong></span> <span class='ocrx_word' id='word_1_647' title='bbox 3389 2782 3454 2834; x_wconf 80' lang='lat' dir='ltr'><strong>de</strong></span> 
     </span>
    </p>
   </div>
   <div class='ocr_carea' id='block_1_88' title="bbox 1849 2873 3451 2946">
    <p class='ocr_par' dir='ltr' id='par_1_88' title="bbox 1849 2873 3451 2946">
     <span class='ocr_line' id='line_1_89' title="bbox 1849 2873 3451 2946; baseline 0.004 -22"><span class='ocrx_word' id='word_1_648' title='bbox 1849 2873 2384 2928; x_wconf 83' lang='lat' dir='ltr'><strong>consubstantialitate</strong></span> <span class='ocrx_word' id='word_1_649' title='bbox 2413 2873 2696 2928; x_wconf 82' lang='lat' dir='ltr'><strong>divinitatis</strong></span> <span class='ocrx_word' id='word_1_650' title='bbox 2720 2917 2734 2940; x_wconf 94' lang='lat'><strong>,</strong></span> <span class='ocrx_word' id='word_1_651' title='bbox 2766 2877 3062 2946; x_wconf 80' lang='lat' dir='ltr'><strong>relinquens</strong></span> <span class='ocrx_word' id='word_1_652' title='bbox 3086 2893 3201 2930; x_wconf 86' lang='lat' dir='ltr'><strong>cum</strong></span> <span class='ocrx_word' id='word_1_653' title='bbox 3226 2879 3296 2932; x_wconf 86' lang='lat' dir='ltr'><strong>eis</strong></span> <span class='ocrx_word' id='word_1_654' title='bbox 3325 2878 3451 2932; x_wconf 80' lang='lat' dir='ltr'><strong>Ale-</strong></span> 
     </span>
    </p>
   </div>
   <div class='ocr_carea' id='block_1_89' title="bbox 1845 2966 3445 3041">
    <p class='ocr_par' dir='ltr' id='par_1_89' title="bbox 1845 2966 3445 3041">
     <span class='ocr_line' id='line_1_90' title="bbox 1845 2966 3445 3041; baseline 0.002 -22"><span class='ocrx_word' id='word_1_655' title='bbox 1845 2967 2085 3019; x_wconf 76' lang='lat' dir='ltr'><strong>xandria:</strong></span> <span class='ocrx_word' id='word_1_656' title='bbox 2128 2966 2414 3020; x_wconf 85' lang='lat' dir='ltr'><strong>Diaconum</strong></span> <span class='ocrx_word' id='word_1_657' title='bbox 2444 2985 2630 3033; x_wconf 87' lang='lat' dir='ltr'><strong>suum,</strong></span> <span class='ocrx_word' id='word_1_658' title='bbox 2661 2969 2752 3038; x_wconf 89' lang='lat' dir='ltr'><strong>qui</strong></span> <span class='ocrx_word' id='word_1_659' title='bbox 2782 2972 2893 3041; x_wconf 83' lang='lat' dir='ltr'><strong>ejus</strong></span> <span class='ocrx_word' id='word_1_660' title='bbox 2930 2971 2982 3022; x_wconf 88' lang='lat' dir='ltr'><strong>in</strong></span> <span class='ocrx_word' id='word_1_661' title='bbox 3013 2968 3251 3022; x_wconf 83' lang='lat' dir='ltr'><strong>Concilio</strong></span> <span class='ocrx_word' id='word_1_662' title='bbox 3282 2970 3445 3023; x_wconf 83' lang='lat' dir='ltr'><strong>vicem</strong></span> 
     </span>
    </p>
   </div>
   <div class='ocr_carea' id='block_1_90' title="bbox 1846 3063 3446 3131">
    <p class='ocr_par' dir='ltr' id='par_1_90' title="bbox 1846 3063 3446 3131">
     <span class='ocr_line' id='line_1_91' title="bbox 1846 3063 3446 3131; baseline 0.003 -20"><span class='ocrx_word' id='word_1_663' title='bbox 1846 3069 2072 3123; x_wconf 81' lang='lat' dir='ltr'><strong>teneret,</strong></span> <span class='ocrx_word' id='word_1_664' title='bbox 2107 3077 2194 3127; x_wconf 83' lang='lat' dir='ltr'><strong>per</strong></span> <span class='ocrx_word' id='word_1_665' title='bbox 2221 3077 2369 3128; x_wconf 85' lang='lat' dir='ltr'><strong>quem</strong></span> <span class='ocrx_word' id='word_1_666' title='bbox 2398 3066 2664 3131; x_wconf 84' lang='lat' dir='ltr'><strong>professus</strong></span> <span class='ocrx_word' id='word_1_667' title='bbox 2693 3072 2799 3128; x_wconf 86' lang='lat' dir='ltr'><strong>est,</strong></span> <span class='ocrx_word' id='word_1_668' title='bbox 2831 3073 3000 3116; x_wconf 89' lang='lat' dir='ltr'><strong>ratum</strong></span> <span class='ocrx_word' id='word_1_669' title='bbox 3029 3080 3084 3117; x_wconf 90' lang='lat' dir='ltr'><strong>se</strong></span> <span class='ocrx_word' id='word_1_670' title='bbox 3110 3063 3406 3117; x_wconf 86' lang='lat' dir='ltr'><strong>habiturum</strong></span> <span class='ocrx_word' id='word_1_671' title='bbox 3431 3105 3446 3127; x_wconf 87' lang='lat'><strong>,</strong></span> 
     </span>
    </p>
   </div>
   <div class='ocr_carea' id='block_1_91' title="bbox 1845 3153 3451 3221">
    <p class='ocr_par' dir='ltr' id='par_1_91' title="bbox 1845 3153 3451 3221">
     <span class='ocr_line' id='line_1_92' title="bbox 1845 3153 3451 3221; baseline 0.004 -17"><span class='ocrx_word' id='word_1_672' title='bbox 1845 3153 2098 3221; x_wconf 81' lang='lat' dir='ltr'><strong>quidquid</strong></span> <span class='ocrx_word' id='word_1_673' title='bbox 2144 3164 2274 3206; x_wconf 83' lang='lat' dir='ltr'><strong>esset</strong></span> <span class='ocrx_word' id='word_1_674' title='bbox 2305 3154 2529 3208; x_wconf 79' lang='lat' dir='ltr'><strong>Concilii</strong></span> <span class='ocrx_word' id='word_1_675' title='bbox 2575 3154 2757 3208; x_wconf 84' lang='lat' dir='ltr'><strong>ordine</strong></span> <span class='ocrx_word' id='word_1_676' title='bbox 2805 3157 3156 3210; x_wconf 86' lang='lat' dir='ltr'><strong>constitutum.</strong></span> <span class='ocrx_word' id='word_1_677' title='bbox 3196 3158 3451 3211; x_wconf 86' lang='lat' dir='ltr'><strong>Attamen</strong></span> 
     </span>
    </p>
   </div>
   <div class='ocr_carea' id='block_1_92' title="bbox 1850 3245 3452 3318">
    <p class='ocr_par' dir='ltr' id='par_1_92' title="bbox 1850 3245 3452 3318">
     <span class='ocr_line' id='line_1_93' title="bbox 1850 3245 3452 3318; baseline 0.007 -23"><span class='ocrx_word' id='word_1_678' title='bbox 1850 3255 2089 3312; x_wconf 85' lang='lat' dir='ltr'><strong>pugnant</strong></span> <span class='ocrx_word' id='word_1_679' title='bbox 2133 3245 2246 3300; x_wconf 64' lang='lat' dir='ltr'><strong>hare</strong></span> <span class='ocrx_word' id='word_1_680' title='bbox 2279 3249 2627 3315; x_wconf 86' lang='lat' dir='ltr'><strong>apertissime</strong></span> <span class='ocrx_word' id='word_1_681' title='bbox 2670 3263 2791 3302; x_wconf 87' lang='lat' dir='ltr'><strong>eum</strong></span> <span class='ocrx_word' id='word_1_682' title='bbox 2836 3249 2900 3302; x_wconf 91' lang='lat' dir='ltr'><strong>iis</strong></span> <span class='ocrx_word' id='word_1_683' title='bbox 2947 3265 3068 3318; x_wconf 66' lang='lat' dir='ltr'><strong>quae</strong></span> <span class='ocrx_word' id='word_1_684' title='bbox 3112 3251 3315 3305; x_wconf 90' lang='lat' dir='ltr'><strong>ibidem</strong></span> <span class='ocrx_word' id='word_1_685' title='bbox 3363 3265 3452 3306; x_wconf 87' lang='lat' dir='ltr'><strong>se-</strong></span> 
     </span>
    </p>
   </div>
   <div class='ocr_carea' id='block_1_93' title="bbox 1850 3338 3452 3409">
    <p class='ocr_par' dir='ltr' id='par_1_93' title="bbox 1850 3338 3452 3409">
     <span class='ocr_line' id='line_1_94' title="bbox 1850 3338 3452 3409; baseline 0.005 -18"><span class='ocrx_word' id='word_1_686' title='bbox 1850 3349 2091 3406; x_wconf 87' lang='lat' dir='ltr'><strong>quuntur</strong></span> <span class='ocrx_word' id='word_1_687' title='bbox 2120 3357 2131 3391; x_wconf 90' lang='lat'><strong>:</strong></span> <span class='ocrx_word' id='word_1_688' title='bbox 2169 3338 2379 3409; x_wconf 82' lang='lat' dir='ltr'><strong>Lucifer</strong></span> <span class='ocrx_word' id='word_1_689' title='bbox 2401 3352 2573 3395; x_wconf 87' lang='lat' dir='ltr'><strong>autent</strong></span> <span class='ocrx_word' id='word_1_690' title='bbox 2613 3359 2728 3396; x_wconf 86' lang='lat' dir='ltr'><strong>cum</strong></span> <span class='ocrx_word' id='word_1_691' title='bbox 2759 3353 3059 3397; x_wconf 71' lang='lat' dir='ltr'><strong>exoraretur</strong></span> <span class='ocrx_word' id='word_1_692' title='bbox 3094 3345 3156 3397; x_wconf 87' lang='lat' dir='ltr'><strong>ab</strong></span> <span class='ocrx_word' id='word_1_693' title='bbox 3187 3343 3410 3399; x_wconf 84' lang='lat' dir='ltr'><strong>Eusebio</strong></span> <span class='ocrx_word' id='word_1_694' title='bbox 3440 3387 3452 3406; x_wconf 83' lang='lat'><em>.</em></span> 
     </span>
    </p>
   </div>
   <div class='ocr_carea' id='block_1_94' title="bbox 1851 3433 3458 3504">
    <p class='ocr_par' dir='ltr' id='par_1_94' title="bbox 1851 3433 3458 3504">
     <span class='ocr_line' id='line_1_95' title="bbox 1851 3433 3458 3504; baseline 0.005 -21"><span class='ocrx_word' id='word_1_695' title='bbox 1851 3433 1972 3498; x_wconf 86' lang='lat' dir='ltr'><strong>quia</strong></span> <span class='ocrx_word' id='word_1_696' title='bbox 2015 3443 2220 3496; x_wconf 86' lang='lat' dir='ltr'><strong>uterque</strong></span> <span class='ocrx_word' id='word_1_697' title='bbox 2259 3434 2310 3484; x_wconf 90' lang='lat' dir='ltr'><strong>in</strong></span> <span class='ocrx_word' id='word_1_698' title='bbox 2349 3434 2583 3500; x_wconf 80' lang='lat' dir='ltr'><strong>partibus</strong></span> <span class='ocrx_word' id='word_1_699' title='bbox 2629 3435 2809 3487; x_wconf 71' lang='lat' dir='ltr'><strong>vicinis</strong></span> <span class='ocrx_word' id='word_1_700' title='bbox 2834 3433 3069 3504; x_wconf 58' lang='lat' dir='ltr'><strong>Egypto</strong></span> <span class='ocrx_word' id='word_1_701' title='bbox 3114 3435 3283 3503; x_wconf 79' lang='lat' dir='ltr'><strong>fuerat</strong></span> <span class='ocrx_word' id='word_1_702' title='bbox 3325 3437 3458 3490; x_wconf 55' lang='lat' dir='ltr'><strong>releé</strong></span> 
     </span>
    </p>
   </div>
   <div class='ocr_carea' id='block_1_95' title="bbox 1851 3526 3452 3596">
    <p class='ocr_par' dir='ltr' id='par_1_95' title="bbox 1851 3526 3452 3596">
     <span class='ocr_line' id='line_1_96' title="bbox 1851 3526 3452 3596; baseline 0.003 -21"><span class='ocrx_word' id='word_1_703' title='bbox 1851 3534 2002 3596; x_wconf 77' lang='lat' dir='ltr'><strong>gatus</strong></span> <span class='ocrx_word' id='word_1_704' title='bbox 2028 3567 2041 3587; x_wconf 90' lang='lat'><strong>,</strong></span> <span class='ocrx_word' id='word_1_705' title='bbox 2074 3536 2126 3577; x_wconf 88' lang='lat' dir='ltr'><strong>ut</strong></span> <span class='ocrx_word' id='word_1_706' title='bbox 2167 3527 2234 3577; x_wconf 89' lang='lat' dir='ltr'><strong>ad</strong></span> <span class='ocrx_word' id='word_1_707' title='bbox 2262 3526 2538 3578; x_wconf 81' lang='lat' dir='ltr'><strong>videndum</strong></span> <span class='ocrx_word' id='word_1_708' title='bbox 2569 3527 2909 3579; x_wconf 78' lang='lat' dir='ltr'><strong>Athanasium</strong></span> <span class='ocrx_word' id='word_1_709' title='bbox 2937 3527 3306 3581; x_wconf 76' lang='lat' dir='ltr'><strong>Alexandriam</strong></span> <span class='ocrx_word' id='word_1_710' title='bbox 3338 3547 3452 3596; x_wconf 80' lang='lat' dir='ltr'><strong>per-</strong></span> 
     </span>
    </p>
   </div>
   <div class='ocr_carea' id='block_1_96' title="bbox 1852 3619 3452 3692">
    <p class='ocr_par' dir='ltr' id='par_1_96' title="bbox 1852 3619 3452 3692">
     <span class='ocr_line' id='line_1_97' title="bbox 1852 3619 3452 3692; baseline 0.004 -23"><span class='ocrx_word' id='word_1_711' title='bbox 1852 3628 2058 3688; x_wconf 79' lang='lat' dir='ltr'><strong>gerent,</strong></span> <span class='ocrx_word' id='word_1_712' title='bbox 2082 3619 2436 3685; x_wconf 87' lang='lat' dir='ltr'><strong>communique</strong></span> <span class='ocrx_word' id='word_1_713' title='bbox 2459 3628 2674 3672; x_wconf 88' lang='lat' dir='ltr'><strong>tractatu</strong></span> <span class='ocrx_word' id='word_1_714' title='bbox 2696 3637 2809 3671; x_wconf 84' lang='lat' dir='ltr'><strong>cum</strong></span> <span class='ocrx_word' id='word_1_715' title='bbox 2835 3620 2898 3672; x_wconf 84' lang='lat' dir='ltr'><strong>iis</strong></span> <span class='ocrx_word' id='word_1_716' title='bbox 2929 3621 3018 3689; x_wconf 89' lang='lat' dir='ltr'><strong>qui</strong></span> <span class='ocrx_word' id='word_1_717' title='bbox 3057 3625 3452 3692; x_wconf 65' lang='lat' dir='ltr'><strong>superfuerant,</strong></span> 
     </span>
    </p>
   </div>
   <div class='ocr_carea' id='block_1_97' title="bbox 1855 3709 3454 3783">
    <p class='ocr_par' dir='ltr' id='par_1_97' title="bbox 1855 3709 3454 3783">
     <span class='ocr_line' id='line_1_98' title="bbox 1855 3709 3454 3783; baseline 0.002 -20"><span class='ocrx_word' id='word_1_718' title='bbox 1855 3709 2216 3764; x_wconf 78' lang='lat' dir='ltr'><strong>Sacerdotibus</strong></span> <span class='ocrx_word' id='word_1_719' title='bbox 2235 3711 2298 3762; x_wconf 87' lang='lat' dir='ltr'><strong>de</strong></span> <span class='ocrx_word' id='word_1_720' title='bbox 2326 3721 2462 3762; x_wconf 85' lang='lat' dir='ltr'><strong>statu</strong></span> <span class='ocrx_word' id='word_1_721' title='bbox 2489 3710 2732 3764; x_wconf 69' lang='lat' dir='ltr'><strong>Ecclesia’</strong></span> <span class='ocrx_word' id='word_1_722' title='bbox 2752 3711 3098 3774; x_wconf 83' lang='lat' dir='ltr'><strong>decernerent.</strong></span> <span class='ocrx_word' id='word_1_723' title='bbox 3125 3714 3454 3783; x_wconf 78' lang='lat' dir='ltr'><strong>prazsentiam</strong></span> 
     </span>
    </p>
   </div>
   <div class='ocr_carea' id='block_1_98' title="bbox 1859 3803 3456 3873">
    <p class='ocr_par' dir='ltr' id='par_1_98' title="bbox 1859 3803 3456 3873">
     <span class='ocr_line' id='line_1_99' title="bbox 1859 3803 3456 3873; baseline 0.004 -20"><span class='ocrx_word' id='word_1_724' title='bbox 1859 3803 1938 3854; x_wconf 79' lang='lat' dir='ltr'><strong>sui</strong></span> <span class='ocrx_word' id='word_1_725' title='bbox 1970 3804 2226 3872; x_wconf 85' lang='lat' dir='ltr'><strong>abnegans</strong></span> <span class='ocrx_word' id='word_1_726' title='bbox 2250 3844 2263 3866; x_wconf 95' lang='lat'><strong>,</strong></span> <span class='ocrx_word' id='word_1_727' title='bbox 2294 3804 2518 3873; x_wconf 82' lang='lat' dir='ltr'><strong>legatum</strong></span> <span class='ocrx_word' id='word_1_728' title='bbox 2565 3820 2658 3872; x_wconf 85' lang='lat' dir='ltr'><strong>pro</strong></span> <span class='ocrx_word' id='word_1_729' title='bbox 2697 3821 2750 3858; x_wconf 87' lang='lat' dir='ltr'><strong>se</strong></span> <span class='ocrx_word' id='word_1_730' title='bbox 2781 3803 3068 3858; x_wconf 88' lang='lat' dir='ltr'><strong>Diaconum</strong></span> <span class='ocrx_word' id='word_1_731' title='bbox 3101 3823 3250 3859; x_wconf 86' lang='lat' dir='ltr'><strong>suum</strong></span> <span class='ocrx_word' id='word_1_732' title='bbox 3276 3808 3456 3873; x_wconf 88' lang='lat' dir='ltr'><strong>mittit,</strong></span> 
     </span>
    </p>
   </div>
   <div class='ocr_carea' id='block_1_99' title="bbox 1860 3897 3458 3968">
    <p class='ocr_par' dir='ltr' id='par_1_99' title="bbox 1860 3897 3458 3968">
     <span class='ocr_line' id='line_1_100' title="bbox 1860 3897 3458 3968; baseline 0.004 -20"><span class='ocrx_word' id='word_1_733' title='bbox 1860 3906 2007 3966; x_wconf 88' lang='lat' dir='ltr'><strong>atque</strong></span> <span class='ocrx_word' id='word_1_734' title='bbox 2038 3898 2147 3964; x_wconf 84' lang='lat' dir='ltr'><strong>ipse</strong></span> <span class='ocrx_word' id='word_1_735' title='bbox 2173 3897 2368 3949; x_wconf 88' lang='lat' dir='ltr'><strong>intento</strong></span> <span class='ocrx_word' id='word_1_736' title='bbox 2399 3899 2572 3950; x_wconf 87' lang='lat' dir='ltr'><strong>animo</strong></span> <span class='ocrx_word' id='word_1_737' title='bbox 2600 3898 2927 3952; x_wconf 84' lang='lat' dir='ltr'><strong>Antiochiam</strong></span> <span class='ocrx_word' id='word_1_738' title='bbox 2945 3902 3112 3968; x_wconf 86' lang='lat' dir='ltr'><strong>pergit</strong></span> <span class='ocrx_word' id='word_1_739' title='bbox 3133 3909 3195 3954; x_wconf 78' lang='grc' dir='ltr'><strong>ω.</strong></span> <span class='ocrx_word' id='word_1_740' title='bbox 3228 3899 3282 3955; x_wconf 86' lang='lat' dir='ltr'><strong>Si</strong></span> <span class='ocrx_word' id='word_1_741' title='bbox 3309 3901 3458 3955; x_wconf 85' lang='lat' dir='ltr'><strong>enim</strong></span> 
     </span>
    </p>
   </div>
   <div class='ocr_carea' id='block_1_100' title="bbox 1861 3989 3460 4047">
    <p class='ocr_par' dir='ltr' id='par_1_100' title="bbox 1861 3989 3460 4047">
     <span class='ocr_line' id='line_1_101' title="bbox 1861 3989 3460 4047; baseline 0.003 -5"><span class='ocrx_word' id='word_1_742' title='bbox 1861 3989 2159 4043; x_wconf 85' lang='lat' dir='ltr'><strong>Athanasio</strong></span> <span class='ocrx_word' id='word_1_743' title='bbox 2203 3989 2521 4043; x_wconf 85' lang='lat' dir='ltr'><strong>valedicens</strong></span> <span class='ocrx_word' id='word_1_744' title='bbox 2553 4004 2615 4043; x_wconf 92' lang='lat' dir='ltr'><strong>ac</strong></span> <span class='ocrx_word' id='word_1_745' title='bbox 2650 3989 2885 4044; x_wconf 85' lang='lat' dir='ltr'><strong>Eusebio</strong></span> <span class='ocrx_word' id='word_1_746' title='bbox 2914 3991 2983 4043; x_wconf 90' lang='lat' dir='ltr'><strong>ah</strong></span> <span class='ocrx_word' id='word_1_747' title='bbox 3017 3991 3211 4046; x_wconf 89' lang='lat' dir='ltr'><strong>iisdem</strong></span> <span class='ocrx_word' id='word_1_748' title='bbox 3257 3993 3460 4047; x_wconf 88' lang='lat' dir='ltr'><strong>missus</strong></span> 
     </span>
    </p>
   </div>
   <div class='ocr_carea' id='block_1_101' title="bbox 1860 4080 3457 4150">
    <p class='ocr_par' dir='ltr' id='par_1_101' title="bbox 1860 4080 3457 4150">
     <span class='ocr_line' id='line_1_102' title="bbox 1860 4080 3457 4150; baseline 0.004 -18"><span class='ocrx_word' id='word_1_749' title='bbox 1860 4081 1958 4134; x_wconf 91' lang='lat' dir='ltr'><strong>fuit</strong></span> <span class='ocrx_word' id='word_1_750' title='bbox 2002 4080 2224 4135; x_wconf 87' lang='lat' dir='ltr'><strong>Lucifer</strong></span> <span class='ocrx_word' id='word_1_751' title='bbox 2257 4081 2635 4145; x_wconf 83' lang='lat' dir='ltr'><strong>Antiochiam,</strong></span> <span class='ocrx_word' id='word_1_752' title='bbox 2675 4097 2797 4136; x_wconf 90' lang='lat' dir='ltr'><strong>cum</strong></span> <span class='ocrx_word' id='word_1_753' title='bbox 2829 4083 2894 4136; x_wconf 91' lang='lat' dir='ltr'><strong>iis</strong></span> <span class='ocrx_word' id='word_1_754' title='bbox 2935 4083 3182 4150; x_wconf 91' lang='lat' dir='ltr'><strong>profecto</strong></span> <span class='ocrx_word' id='word_1_755' title='bbox 3211 4085 3457 4139; x_wconf 84' lang='lat' dir='ltr'><strong>Alexan-</strong></span> 
     </span>
    </p>
   </div>
   <div class='ocr_carea' id='block_1_102' title="bbox 1854 4173 3458 4238">
    <p class='ocr_par' dir='ltr' id='par_1_102' title="bbox 1854 4173 3458 4238">
     <span class='ocr_line' id='line_1_103' title="bbox 1854 4173 3458 4238; baseline 0.004 -11"><span class='ocrx_word' id='word_1_756' title='bbox 1854 4173 1988 4227; x_wconf 76' lang='lat' dir='ltr'><strong>drite</strong></span> <span class='ocrx_word' id='word_1_757' title='bbox 2032 4173 2342 4228; x_wconf 84' lang='lat' dir='ltr'><strong>diversatus</strong></span> <span class='ocrx_word' id='word_1_758' title='bbox 2391 4185 2512 4238; x_wconf 90' lang='lat' dir='ltr'><strong>est,</strong></span> <span class='ocrx_word' id='word_1_759' title='bbox 2563 4175 2651 4229; x_wconf 91' lang='lat' dir='ltr'><strong>ubi</strong></span> <span class='ocrx_word' id='word_1_760' title='bbox 2701 4175 3002 4230; x_wconf 89' lang='lat' dir='ltr'><strong>Diaconttm</strong></span> <span class='ocrx_word' id='word_1_761' title='bbox 3051 4191 3210 4232; x_wconf 91' lang='lat' dir='ltr'><strong>suum</strong></span> <span class='ocrx_word' id='word_1_762' title='bbox 3258 4177 3458 4233; x_wconf 89' lang='lat' dir='ltr'><strong>dicitur</strong></span> 
     </span>
    </p>
   </div>
   <div class='ocr_carea' id='block_1_103' title="bbox 1859 4268 3459 4338">
    <p class='ocr_par' dir='ltr' id='par_1_103' title="bbox 1859 4268 3459 4338">
     <span class='ocr_line' id='line_1_104' title="bbox 1859 4268 3459 4338; baseline 0.003 -16"><span class='ocrx_word' id='word_1_763' title='bbox 1859 4268 2171 4338; x_wconf 88' lang='lat' dir='ltr'><strong>reliquisse.</strong></span> <span class='ocrx_word' id='word_1_764' title='bbox 2202 4269 2402 4324; x_wconf 90' lang='lat' dir='ltr'><strong>Contra</strong></span> <span class='ocrx_word' id='word_1_765' title='bbox 2432 4284 2562 4324; x_wconf 87' lang='lat' dir='ltr'><strong>vero</strong></span> <span class='ocrx_word' id='word_1_766' title='bbox 2590 4271 2637 4323; x_wconf 85' lang='lat' dir='ltr'><strong>si</strong></span> <span class='ocrx_word' id='word_1_767' title='bbox 2669 4281 2923 4325; x_wconf 85' lang='lat' dir='ltr'><strong>exoratus</strong></span> <span class='ocrx_word' id='word_1_768' title='bbox 2951 4271 3053 4325; x_wconf 92' lang='lat' dir='ltr'><strong>fuit</strong></span> <span class='ocrx_word' id='word_1_769' title='bbox 3081 4270 3150 4326; x_wconf 86' lang='lat' dir='ltr'><strong>ab</strong></span> <span class='ocrx_word' id='word_1_770' title='bbox 3181 4271 3418 4329; x_wconf 87' lang='lat' dir='ltr'><strong>Eusebio</strong></span> <span class='ocrx_word' id='word_1_771' title='bbox 3444 4313 3459 4336; x_wconf 84' lang='lat'><strong>,</strong></span> 
     </span>
    </p>
   </div>
   <div class='ocr_carea' id='block_1_104' title="bbox 1860 4361 3460 4420">
    <p class='ocr_par' dir='ltr' id='par_1_104' title="bbox 1860 4361 3460 4420">
     <span class='ocr_line' id='line_1_105' title="bbox 1860 4361 3460 4420; baseline 0.003 -5"><span class='ocrx_word' id='word_1_772' title='bbox 1860 4371 1916 4416; x_wconf 91' lang='lat' dir='ltr'><strong>ut</strong></span> <span class='ocrx_word' id='word_1_773' title='bbox 1949 4377 2135 4417; x_wconf 88' lang='lat' dir='ltr'><strong>secum</strong></span> <span class='ocrx_word' id='word_1_774' title='bbox 2181 4361 2246 4416; x_wconf 90' lang='lat' dir='ltr'><strong>ad</strong></span> <span class='ocrx_word' id='word_1_775' title='bbox 2280 4362 2636 4417; x_wconf 87' lang='lat' dir='ltr'><strong>Athanasium</strong></span> <span class='ocrx_word' id='word_1_776' title='bbox 2681 4363 3027 4418; x_wconf 87' lang='lat' dir='ltr'><strong>invisettdunt</strong></span> <span class='ocrx_word' id='word_1_777' title='bbox 3069 4364 3460 4420; x_wconf 80' lang='lat' dir='ltr'><strong>Alexandriam</strong></span> 
     </span>
    </p>
   </div>
   <div class='ocr_carea' id='block_1_105' title="bbox 1862 4455 3465 4525">
    <p class='ocr_par' dir='ltr' id='par_1_105' title="bbox 1862 4455 3465 4525">
     <span class='ocr_line' id='line_1_106' title="bbox 1862 4455 3465 4525; baseline 0.002 -17"><span class='ocrx_word' id='word_1_778' title='bbox 1862 4465 2148 4525; x_wconf 89' lang='lat' dir='ltr'><strong>pergeret,</strong></span> <span class='ocrx_word' id='word_1_779' title='bbox 2183 4455 2226 4508; x_wconf 91' lang='lat' dir='ltr'><strong>si</strong></span> <span class='ocrx_word' id='word_1_780' title='bbox 2261 4455 2530 4508; x_wconf 90' lang='lat' dir='ltr'><strong>recusavit</strong></span> <span class='ocrx_word' id='word_1_781' title='bbox 2559 4457 2741 4519; x_wconf 88' lang='lat' dir='ltr'><strong>coire,</strong></span> <span class='ocrx_word' id='word_1_782' title='bbox 2792 4455 2836 4509; x_wconf 92' lang='lat' dir='ltr'><strong>si</strong></span> <span class='ocrx_word' id='word_1_783' title='bbox 2873 4455 3172 4510; x_wconf 88' lang='lat' dir='ltr'><strong>Diaconum</strong></span> <span class='ocrx_word' id='word_1_784' title='bbox 3202 4472 3360 4511; x_wconf 90' lang='lat' dir='ltr'><strong>suum</strong></span> <span class='ocrx_word' id='word_1_785' title='bbox 3393 4456 3465 4511; x_wconf 86' lang='lat' dir='ltr'><strong>il—</strong></span> 
     </span>
    </p>
   </div>
   <div class='ocr_carea' id='block_1_106' title="bbox 1863 4547 3462 4616">
    <p class='ocr_par' dir='ltr' id='par_1_106' title="bbox 1863 4547 3462 4616">
     <span class='ocr_line' id='line_1_107' title="bbox 1863 4547 3462 4616; baseline 0.002 -14"><span class='ocrx_word' id='word_1_786' title='bbox 1863 4549 1952 4602; x_wconf 90' lang='lat' dir='ltr'><strong>luc</strong></span> <span class='ocrx_word' id='word_1_787' title='bbox 1999 4547 2181 4612; x_wconf 90' lang='lat' dir='ltr'><strong>misit,</strong></span> <span class='ocrx_word' id='word_1_788' title='bbox 2231 4547 2461 4603; x_wconf 87' lang='lat' dir='ltr'><strong>evidens</strong></span> <span class='ocrx_word' id='word_1_789' title='bbox 2502 4549 2730 4603; x_wconf 90' lang='lat' dir='ltr'><strong>omnino</strong></span> <span class='ocrx_word' id='word_1_790' title='bbox 2775 4558 2891 4616; x_wconf 86' lang='lat' dir='ltr'><strong>est,</strong></span> <span class='ocrx_word' id='word_1_791' title='bbox 2935 4563 3038 4604; x_wconf 88' lang='lat' dir='ltr'><strong>nec</strong></span> <span class='ocrx_word' id='word_1_792' title='bbox 3072 4548 3462 4605; x_wconf 86' lang='lat' dir='ltr'><strong>Alexandriam</strong></span> 
     </span>
    </p>
   </div>
   <div class='ocr_carea' id='block_1_107' title="bbox 1783 4729 3459 4805">
    <p class='ocr_par' dir='ltr' id='par_1_107' title="bbox 1783 4729 3459 4805">
     <span class='ocr_line' id='line_1_108' title="bbox 1783 4729 3459 4805; baseline 0.007 -25"><span class='ocrx_word' id='word_1_793' title='bbox 1783 4732 1834 4791; x_wconf 88' lang='lat' dir='ltr'><strong>D</strong></span> <span class='ocrx_word' id='word_1_794' title='bbox 1860 4729 2096 4805; x_wconf 35' lang='lat' dir='ltr'><strong>Monum;</strong></span> <span class='ocrx_word' id='word_1_795' title='bbox 2135 4745 2186 4799; x_wconf 91' lang='lat' dir='ltr'><strong>p.</strong></span> <span class='ocrx_word' id='word_1_796' title='bbox 2228 4729 2357 4805; x_wconf 72' lang='lat'><strong>295.</strong></span> <span class='ocrx_word' id='word_1_797' title='bbox 2389 4741 2441 4785; x_wconf 88' lang='lat' dir='ltr'><strong>et</strong></span> <span class='ocrx_word' id='word_1_798' title='bbox 2487 4731 2671 4786; x_wconf 82' lang='lat' dir='ltr'><strong>Petav.</strong></span> <span class='ocrx_word' id='word_1_799' title='bbox 2711 4731 2832 4788; x_wconf 86' lang='lat' dir='ltr'><strong>Rat.</strong></span> <span class='ocrx_word' id='word_1_800' title='bbox 2870 4733 3065 4805; x_wconf 88' lang='lat' dir='ltr'><strong>Temp.</strong></span> <span class='ocrx_word' id='word_1_801' title='bbox 3111 4736 3164 4790; x_wconf 92' lang='lat' dir='ltr'><strong>in</strong></span> <span class='ocrx_word' id='word_1_802' title='bbox 3205 4736 3459 4794; x_wconf 85' lang='lat' dir='ltr'><strong>Success.</strong></span> 
     </span>
    </p>
   </div>
   <div class='ocr_carea' id='block_1_108' title="bbox 1859 4801 2728 4869">
    <p class='ocr_par' dir='ltr' id='par_1_108' title="bbox 1859 4801 2728 4869">
     <span class='ocr_line' id='line_1_109' title="bbox 1859 4801 2728 4869; baseline 0.001 -13"><span class='ocrx_word' id='word_1_803' title='bbox 1859 4803 2023 4856; x_wconf 76' lang='lat' dir='ltr'><strong>Caus.</strong></span> <span class='ocrx_word' id='word_1_804' title='bbox 2060 4801 2215 4854; x_wconf 87' lang='lat' dir='ltr'><strong>Rom.</strong></span> <span class='ocrx_word' id='word_1_805' title='bbox 2251 4811 2289 4855; x_wconf 94' lang='lat' dir='ltr'><strong>t.</strong></span> <span class='ocrx_word' id='word_1_806' title='bbox 2320 4804 2374 4856; x_wconf 76' lang='lat'><strong>‘2.</strong></span> <span class='ocrx_word' id='word_1_807' title='bbox 2413 4820 2464 4869; x_wconf 87' lang='lat' dir='ltr'><strong>p.</strong></span> <span class='ocrx_word' id='word_1_808' title='bbox 2500 4821 2568 4856; x_wconf 84' lang='lat' dir='ltr'><strong>tu.</strong></span> <span class='ocrx_word' id='word_1_809' title='bbox 2603 4805 2728 4860; x_wconf 72' lang='grc'><strong>466.</strong></span> 
     </span>
    </p>
   </div>
   <div class='ocr_carea' id='block_1_109' title="bbox 1997 4872 3457 4946">
    <p class='ocr_par' dir='ltr' id='par_1_109' title="bbox 1997 4872 3457 4946">
     <span class='ocr_line' id='line_1_110' title="bbox 1997 4872 3457 4946; baseline 0.006 -20"><span class='ocrx_word' id='word_1_810' title='bbox 1997 4872 2080 4926; x_wconf 86' lang='lat' dir='ltr'><strong>Ex</strong></span> <span class='ocrx_word' id='word_1_811' title='bbox 2110 4873 2274 4946; x_wconf 12' lang='lat' dir='ltr'><strong>Gireg.</strong></span> <span class='ocrx_word' id='word_1_812' title='bbox 2311 4875 2562 4927; x_wconf 73' lang='lat' dir='ltr'><strong>Nazianz.</strong></span> <span class='ocrx_word' id='word_1_813' title='bbox 2592 4876 2743 4930; x_wconf 82' lang='lat' dir='ltr'><strong>Orat.</strong></span> <span class='ocrx_word' id='word_1_814' title='bbox 2773 4876 2841 4933; x_wconf 91' lang='lat' dir='ltr'><strong>de</strong></span> <span class='ocrx_word' id='word_1_815' title='bbox 2873 4877 3120 4935; x_wconf 89' lang='lat' dir='ltr'><strong>laudibus</strong></span> <span class='ocrx_word' id='word_1_816' title='bbox 3149 4879 3372 4946; x_wconf 87' lang='lat' dir='ltr'><strong>Basilii,</strong></span> <span class='ocrx_word' id='word_1_817' title='bbox 3402 4889 3457 4935; x_wconf 90' lang='lat' dir='ltr'><strong>et</strong></span> 
     </span>
    </p>
   </div>
   <div class='ocr_carea' id='block_1_110' title="bbox 1867 4945 2797 5003">
    <p class='ocr_par' dir='ltr' id='par_1_110' title="bbox 1867 4945 2797 5003">
     <span class='ocr_line' id='line_1_111' title="bbox 1867 4945 2797 5003; baseline 0.003 -5"><span class='ocrx_word' id='word_1_818' title='bbox 1867 4945 2064 4998; x_wconf 84' lang='lat' dir='ltr'><strong>Baron.</strong></span> <span class='ocrx_word' id='word_1_819' title='bbox 2095 4945 2160 4998; x_wconf 87' lang='lat' dir='ltr'><strong>ad</strong></span> <span class='ocrx_word' id='word_1_820' title='bbox 2191 4962 2280 4999; x_wconf 91' lang='lat' dir='ltr'><strong>an.</strong></span> <span class='ocrx_word' id='word_1_821' title='bbox 2308 4945 2436 4999; x_wconf 91' lang='lat' dir='ltr'><strong>Chr.</strong></span> <span class='ocrx_word' id='word_1_822' title='bbox 2469 4946 2592 5000; x_wconf 73' lang='lat'><strong>562.</strong></span> <span class='ocrx_word' id='word_1_823' title='bbox 2623 4964 2677 5001; x_wconf 90' lang='lat' dir='ltr'><strong>n.</strong></span> <span class='ocrx_word' id='word_1_824' title='bbox 2709 4948 2797 5003; x_wconf 83' lang='grc'><strong>58.</strong></span> 
     </span>
    </p>
   </div>
   <div class='ocr_carea' id='block_1_111' title="bbox 1941 5015 3224 5077">
    <p class='ocr_par' dir='ltr' id='par_1_111' title="bbox 1941 5015 3224 5077">
     <span class='ocr_line' id='line_1_112' title="bbox 1941 5015 3224 5077; baseline 0.008 -10"><span class='ocrx_word' id='word_1_825' title='bbox 1941 5025 1962 5060; x_wconf 72' lang='lat'>8</span> <span class='ocrx_word' id='word_1_826' title='bbox 2001 5015 2062 5068; x_wconf 84' lang='lat' dir='ltr'><strong>V.</strong></span> <span class='ocrx_word' id='word_1_827' title='bbox 2091 5017 2340 5070; x_wconf 82' lang='lat' dir='ltr'><strong>Nazianz.</strong></span> <span class='ocrx_word' id='word_1_828' title='bbox 2373 5017 2504 5071; x_wconf 88' lang='lat' dir='ltr'><strong>ibid.</strong></span> <span class='ocrx_word' id='word_1_829' title='bbox 2538 5030 2592 5072; x_wconf 90' lang='lat' dir='ltr'><strong>et</strong></span> <span class='ocrx_word' id='word_1_830' title='bbox 2623 5019 2815 5074; x_wconf 88' lang='lat' dir='ltr'><strong>Baron.</strong></span> <span class='ocrx_word' id='word_1_831' title='bbox 2853 5020 2980 5076; x_wconf 86' lang='lat' dir='ltr'><strong>ibid.</strong></span> <span class='ocrx_word' id='word_1_832' title='bbox 3012 5037 3066 5077; x_wconf 85' lang='grc' dir='ltr'><strong>η.</strong></span> <span class='ocrx_word' id='word_1_833' title='bbox 3099 5022 3224 5077; x_wconf 94' lang='lat'><strong>171.</strong></span> 
     </span>
    </p>
   </div>
   <div class='ocr_carea' id='block_1_112' title="bbox 1939 5086 2605 5143">
    <p class='ocr_par' dir='ltr' id='par_1_112' title="bbox 1939 5086 2605 5143">
     <span class='ocr_line' id='line_1_113' title="bbox 1939 5086 2605 5143; baseline 0.009 -6"><span class='ocrx_word' id='word_1_834' title='bbox 1939 5086 1964 5124; x_wconf 76' lang='grc' dir='ltr'>ιι</span> <span class='ocrx_word' id='word_1_835' title='bbox 1999 5086 2192 5142; x_wconf 80' lang='lat' dir='ltr'><strong>Raron.</strong></span> <span class='ocrx_word' id='word_1_836' title='bbox 2233 5088 2365 5141; x_wconf 84' lang='lat' dir='ltr'><strong>ibitl.</strong></span> <span class='ocrx_word' id='word_1_837' title='bbox 2399 5106 2450 5141; x_wconf 91' lang='lat' dir='ltr'><strong>n.</strong></span> <span class='ocrx_word' id='word_1_838' title='bbox 2492 5091 2605 5143; x_wconf 92' lang='lat' dir='ltr'><strong>I77.</strong></span> 
     </span>
    </p>
   </div>
   <div class='ocr_carea' id='block_1_113' title="bbox 1946 5157 3464 5233">
    <p class='ocr_par' dir='ltr' id='par_1_113' title="bbox 1946 5157 3464 5233">
     <span class='ocr_line' id='line_1_114' title="bbox 1946 5157 3464 5233; baseline 0.009 -23"><span class='ocrx_word' id='word_1_839' title='bbox 1946 5158 1956 5194; x_wconf 77' lang='grc' dir='ltr'><strong>ί</strong></span> <span class='ocrx_word' id='word_1_840' title='bbox 1996 5157 2122 5230; x_wconf 75' lang='grc' dir='ltr'>Ἐνὼ</span> <span class='ocrx_word' id='word_1_841' title='bbox 2148 5182 2200 5215; x_wconf 82' lang='grc' dir='ltr'><strong>τε</strong></span> <span class='ocrx_word' id='word_1_842' title='bbox 2243 5159 2550 5225; x_wconf 69' lang='grc' dir='ltr'><strong>Ἀθανὰσιος,</strong></span> <span class='ocrx_word' id='word_1_843' title='bbox 2602 5162 2790 5233; x_wconf 80' lang='grc' dir='ltr'><strong>ὁμοίως</strong></span> <span class='ocrx_word' id='word_1_844' title='bbox 2829 5170 2912 5219; x_wconf 76' lang='grc' dir='ltr'><strong>καὶ</strong></span> <span class='ocrx_word' id='word_1_845' title='bbox 2940 5168 2986 5220; x_wconf 81' lang='lat' dir='ltr'><strong>oi</strong></span> <span class='ocrx_word' id='word_1_846' title='bbox 3015 5164 3151 5222; x_wconf 75' lang='grc' dir='ltr'>ἄλλοι</span> <span class='ocrx_word' id='word_1_847' title='bbox 3193 5169 3464 5224; x_wconf 72' lang='grc' dir='ltr'><strong>ἐπίσκοποι</strong></span> 
     </span>
    </p>
   </div>
   <div class='ocr_carea' id='block_1_114' title="bbox 1871 5233 3464 5317">
    <p class='ocr_par' dir='ltr' id='par_1_114' title="bbox 1871 5233 3464 5317">
     <span class='ocr_line' id='line_1_115' title="bbox 1871 5233 3464 5317; baseline 0.008 -33"><span class='ocrx_word' id='word_1_848' title='bbox 1871 5235 1916 5288; x_wconf 75' lang='grc' dir='ltr'><strong>οἱ</strong></span> <span class='ocrx_word' id='word_1_849' title='bbox 1945 5233 2267 5292; x_wconf 74' lang='grc' dir='ltr'><strong>συνελθόντες</strong></span> <span class='ocrx_word' id='word_1_850' title='bbox 2293 5233 2597 5317; x_wconf 48' lang='grc' dir='ltr'><strong>ὑπέγραψαν</strong></span> <span class='ocrx_word' id='word_1_851' title='bbox 2628 5240 2714 5317; x_wconf 56' lang='lat' dir='ltr'><strong>nui.</strong></span> <span class='ocrx_word' id='word_1_852' title='bbox 2741 5237 2786 5290; x_wconf 83' lang='lat' dir='ltr'><strong>oi</strong></span> <span class='ocrx_word' id='word_1_853' title='bbox 2821 5239 3202 5300; x_wconf 76' lang='grc' dir='ltr'><strong>ἀποσταλέντος</strong></span> <span class='ocrx_word' id='word_1_854' title='bbox 3233 5238 3285 5294; x_wconf 79' lang='grc' dir='ltr'><em>δέ</em></span> <span class='ocrx_word' id='word_1_855' title='bbox 3318 5247 3464 5317; x_wconf 80' lang='grc' dir='ltr'><strong>παρὰ</strong></span> 
     </span>
    </p>
   </div>
   <div class='ocr_carea' id='block_1_115' title="bbox 1872 5306 3470 5382">
    <p class='ocr_par' dir='ltr' id='par_1_115' title="bbox 1872 5306 3470 5382">
     <span class='ocr_line' id='line_1_116' title="bbox 1872 5306 3470 5382; baseline 0.007 -25"><span class='ocrx_word' id='word_1_856' title='bbox 1872 5308 1962 5382; x_wconf 59' lang='lat' dir='ltr'><strong>Eia</strong></span> <span class='ocrx_word' id='word_1_857' title='bbox 1993 5307 2301 5382; x_wconf 49' lang='lat' dir='ltr'><strong>A‘ounijyspo;</strong></span> <span class='ocrx_word' id='word_1_858' title='bbox 2341 5311 2431 5382; x_wconf 58' lang='lat' dir='ltr'><strong>re}?</strong></span> <span class='ocrx_word' id='word_1_859' title='bbox 2474 5306 2773 5382; x_wconf 44' lang='grc' dir='ltr'><strong>ἐπισκᾷποᾏ</strong></span> <span class='ocrx_word' id='word_1_860' title='bbox 2786 5309 3003 5382; x_wconf 56' lang='grc' dir='ltr'><strong>Σαρδέας·</strong></span> <span class='ocrx_word' id='word_1_861' title='bbox 3028 5316 3207 5375; x_wconf 81' lang='grc' dir='ltr'><strong>νήσου,</strong></span> <span class='ocrx_word' id='word_1_862' title='bbox 3231 5306 3470 5382; x_wconf 61' lang='grc' dir='ltr'>διάκονοι</span> 
     </span>
    </p>
   </div>
   <div class='ocr_carea' id='block_1_116' title="bbox 1875 5373 3461 5451">
    <p class='ocr_par' dir='ltr' id='par_1_116' title="bbox 1875 5373 3461 5451">
     <span class='ocr_line' id='line_1_117' title="bbox 1875 5373 3461 5451; baseline 0.006 -24"><span class='ocrx_word' id='word_1_863' title='bbox 1875 5373 2260 5451; x_wconf 31' lang='lat' dir='ltr'><strong>diioui-Ipsarum;</strong></span> <span class='ocrx_word' id='word_1_864' title='bbox 2289 5380 2377 5451; x_wconf 71' lang='lat' dir='ltr'><strong>_z_au&#39;.</strong></span> <span class='ocrx_word' id='word_1_865' title='bbox 2397 5377 2703 5450; x_wconf 67' lang='grc' dir='ltr'><strong>Ἀ’Ϊαπητός.</strong></span> <span class='ocrx_word' id='word_1_866' title='bbox 2825 5373 2879 5433; x_wconf 56' lang='grc' dir='ltr'><strong>ἶ.</strong></span> <span class='ocrx_word' id='word_1_867' title='bbox 2914 5380 3126 5437; x_wconf 90' lang='lat' dir='ltr'><strong>Concil.</strong></span> <span class='ocrx_word' id='word_1_868' title='bbox 3157 5373 3288 5435; x_wconf 83' lang='lat' dir='ltr'><strong>edit.</strong></span> <span class='ocrx_word' id='word_1_869' title='bbox 3329 5383 3461 5437; x_wconf 78' lang='lat' dir='ltr'><strong>\t’en.</strong></span> 
     </span>
    </p>
   </div>
   <div class='ocr_carea' id='block_1_117' title="bbox 1879 5445 3471 5523">
    <p class='ocr_par' dir='ltr' id='par_1_117' title="bbox 1879 5445 3471 5523">
     <span class='ocr_line' id='line_1_118' title="bbox 1879 5445 3471 5523; baseline 0.005 -21"><span class='ocrx_word' id='word_1_870' title='bbox 1879 5445 2195 5523; x_wconf 66' lang='lat' dir='ltr'><strong>1728,_pag.</strong></span> <span class='ocrx_word' id='word_1_871' title='bbox 2240 5445 2378 5523; x_wconf 52' lang='lat'><strong>947.</strong></span> <span class='ocrx_word' id='word_1_872' title='bbox 2399 5445 2618 5523; x_wconf 62' lang='lat' dir='ltr'><strong>et_seq.</strong></span> <span class='ocrx_word' id='word_1_873' title='bbox 2649 5450 2788 5523; x_wconf 80' lang='lat' dir='ltr'><strong>et&#39;I‘.</strong></span> <span class='ocrx_word' id='word_1_874' title='bbox 2824 5452 2875 5506; x_wconf 87' lang='lat'><strong>1.</strong></span> <span class='ocrx_word' id='word_1_875' title='bbox 2908 5453 3048 5523; x_wconf 84' lang='lat' dir='ltr'><strong>Opp.</strong></span> <span class='ocrx_word' id='word_1_876' title='bbox 3090 5451 3148 5508; x_wconf 89' lang='lat' dir='ltr'><strong>S.</strong></span> <span class='ocrx_word' id='word_1_877' title='bbox 3181 5451 3471 5510; x_wconf 87' lang='lat' dir='ltr'><strong>Athanasii</strong></span> 
     </span>
    </p>
   </div>
   <div class='ocr_carea' id='block_1_118' title="bbox 1879 5517 2820 5588">
    <p class='ocr_par' dir='ltr' id='par_1_118' title="bbox 1879 5517 2820 5588">
     <span class='ocr_line' id='line_1_119' title="bbox 1879 5517 2820 5588; baseline 0.002 -14"><span class='ocrx_word' id='word_1_878' title='bbox 1879 5519 2011 5574; x_wconf 85' lang='lat' dir='ltr'><strong>edit.</strong></span> <span class='ocrx_word' id='word_1_879' title='bbox 2044 5517 2213 5571; x_wconf 89' lang='lat' dir='ltr'><strong>Paris.</strong></span> <span class='ocrx_word' id='word_1_880' title='bbox 2238 5533 2326 5570; x_wconf 88' lang='lat' dir='ltr'><strong>an.</strong></span> <span class='ocrx_word' id='word_1_881' title='bbox 2358 5517 2518 5583; x_wconf 69' lang='lat'><strong>16°27,</strong></span> <span class='ocrx_word' id='word_1_882' title='bbox 2550 5535 2669 5588; x_wconf 81' lang='lat' dir='ltr'><strong>pag.</strong></span> <span class='ocrx_word' id='word_1_883' title='bbox 2695 5520 2820 5578; x_wconf 77' lang='lat'><strong>580.</strong></span> 
     </span>
    </p>
   </div>
   <div class='ocr_carea' id='block_1_119' title="bbox 1951 5588 3131 5651">
    <p class='ocr_par' dir='ltr' id='par_1_119' title="bbox 1951 5588 3131 5651">
     <span class='ocr_line' id='line_1_120' title="bbox 1951 5588 3131 5651; baseline 0.009 -13"><span class='ocrx_word' id='word_1_884' title='bbox 1951 5599 1964 5638; x_wconf 84' lang='grc' dir='ltr'><strong><em>ι</em></strong></span> <span class='ocrx_word' id='word_1_885' title='bbox 2006 5589 2122 5644; x_wconf 88' lang='lat' dir='ltr'><strong>Lib.</strong></span> <span class='ocrx_word' id='word_1_886' title='bbox 2154 5588 2207 5644; x_wconf 88' lang='lat'><strong>8.</strong></span> <span class='ocrx_word' id='word_1_887' title='bbox 2240 5604 2288 5642; x_wconf 92' lang='lat' dir='ltr'><strong>c.</strong></span> <span class='ocrx_word' id='word_1_888' title='bbox 2319 5589 2410 5641; x_wconf 72' lang='grc'><strong>27.</strong></span> <span class='ocrx_word' id='word_1_889' title='bbox 2449 5590 2507 5642; x_wconf 83' lang='grc' dir='ltr'>ν.</span> <span class='ocrx_word' id='word_1_890' title='bbox 2541 5591 2739 5646; x_wconf 86' lang='lat' dir='ltr'><strong>Baron.</strong></span> <span class='ocrx_word' id='word_1_891' title='bbox 2768 5594 2806 5648; x_wconf 90' lang='grc' dir='ltr'><strong>Ι.</strong></span> <span class='ocrx_word' id='word_1_892' title='bbox 2838 5609 2890 5650; x_wconf 88' lang='lat' dir='ltr'><strong>c.</strong></span> <span class='ocrx_word' id='word_1_893' title='bbox 2921 5611 2975 5648; x_wconf 85' lang='grc' dir='ltr'><strong>η.</strong></span> <span class='ocrx_word' id='word_1_894' title='bbox 3012 5595 3131 5651; x_wconf 88' lang='lat'><strong>180.</strong></span> 
     </span>
    </p>
   </div>
   <div class='ocr_carea' id='block_1_120' title="bbox 1949 5659 3462 5726">
    <p class='ocr_par' dir='ltr' id='par_1_120' title="bbox 1949 5659 3462 5726">
     <span class='ocr_line' id='line_1_121' title="bbox 1949 5659 3462 5726; baseline 0.007 -12"><span class='ocrx_word' id='word_1_895' title='bbox 1949 5659 1972 5696; x_wconf 72' lang='grc' dir='ltr'><strong>¹ί</strong></span> <span class='ocrx_word' id='word_1_896' title='bbox 2009 5661 2064 5714; x_wconf 93' lang='lat' dir='ltr'><strong>In</strong></span> <span class='ocrx_word' id='word_1_897' title='bbox 2099 5661 2277 5714; x_wconf 91' lang='lat' dir='ltr'><strong>Addit.</strong></span> <span class='ocrx_word' id='word_1_898' title='bbox 2311 5661 2376 5714; x_wconf 89' lang='lat' dir='ltr'><strong>ad</strong></span> <span class='ocrx_word' id='word_1_899' title='bbox 2407 5659 2575 5716; x_wconf 90' lang='lat' dir='ltr'><strong>Cone.</strong></span> <span class='ocrx_word' id='word_1_900' title='bbox 2609 5663 2763 5719; x_wconf 85' lang='lat' dir='ltr'><strong>Alex.</strong></span> <span class='ocrx_word' id='word_1_901' title='bbox 2807 5681 2874 5721; x_wconf 90' lang='lat' dir='ltr'><strong>ex</strong></span> <span class='ocrx_word' id='word_1_902' title='bbox 2917 5681 3050 5719; x_wconf 87' lang='lat' dir='ltr'><strong>nova</strong></span> <span class='ocrx_word' id='word_1_903' title='bbox 3084 5667 3316 5726; x_wconf 85' lang='lat' dir='ltr'><strong>Collect.</strong></span> <span class='ocrx_word' id='word_1_904' title='bbox 3358 5668 3462 5724; x_wconf 85' lang='lat' dir='ltr'><strong>Ba-</strong></span> 
     </span>
    </p>
   </div>
   <div class='ocr_carea' id='block_1_121' title="bbox 1876 5730 3078 5808">
    <p class='ocr_par' dir='ltr' id='par_1_121' title="bbox 1876 5730 3078 5808">
     <span class='ocr_line' id='line_1_122' title="bbox 1876 5730 3078 5808; baseline 0.003 -20"><span class='ocrx_word' id='word_1_905' title='bbox 1876 5731 2086 5808; x_wconf 86' lang='lat' dir='ltr'><strong>lnz_ii_&#39;I‘.</strong></span> <span class='ocrx_word' id='word_1_906' title='bbox 2115 5732 2171 5786; x_wconf 72' lang='lat'><strong>2.</strong></span> <span class='ocrx_word' id='word_1_907' title='bbox 2201 5730 2417 5808; x_wconf 58' lang='lat' dir='ltr'><strong>Concill</strong></span> <span class='ocrx_word' id='word_1_908' title='bbox 2440 5733 2615 5808; x_wconf 77' lang='lat' dir='ltr'><strong>ejusd.</strong></span> <span class='ocrx_word' id='word_1_909' title='bbox 2649 5737 2779 5790; x_wconf 89' lang='lat' dir='ltr'><strong>edit.</strong></span> <span class='ocrx_word' id='word_1_910' title='bbox 2808 5752 2930 5808; x_wconf 89' lang='lat' dir='ltr'><strong>pag.</strong></span> <span class='ocrx_word' id='word_1_911' title='bbox 2953 5736 3078 5792; x_wconf 84' lang='lat'><strong>951.</strong></span> 
     </span>
    </p>
   </div>
   <div class='ocr_carea' id='block_1_122' title="bbox 1955 5801 3164 5878">
    <p class='ocr_par' dir='ltr' id='par_1_122' title="bbox 1955 5801 3164 5878">
     <span class='ocr_line' id='line_1_123' title="bbox 1955 5801 3164 5878; baseline 0.011 -23"><span class='ocrx_word' id='word_1_912' title='bbox 1955 5801 1972 5840; x_wconf 80' lang='grc' dir='ltr'>ι</span> <span class='ocrx_word' id='word_1_913' title='bbox 2015 5804 2073 5878; x_wconf 74' lang='lat' dir='ltr'><strong>Y.</strong></span> <span class='ocrx_word' id='word_1_914' title='bbox 2104 5819 2261 5878; x_wconf 82' lang='lat' dir='ltr'><strong>notas</strong></span> <span class='ocrx_word' id='word_1_915' title='bbox 2287 5804 2354 5878; x_wconf 85' lang='lat' dir='ltr'><strong>ad</strong></span> <span class='ocrx_word' id='word_1_916' title='bbox 2386 5803 2540 5878; x_wconf 82' lang='lat' dir='ltr'><strong>sulp.</strong></span> <span class='ocrx_word' id='word_1_917' title='bbox 2575 5805 2702 5878; x_wconf 87' lang='lat' dir='ltr'><strong>Sev.</strong></span> <span class='ocrx_word' id='word_1_918' title='bbox 2739 5820 2778 5861; x_wconf 91' lang='lat' dir='ltr'><strong>t.</strong></span> <span class='ocrx_word' id='word_1_919' title='bbox 2804 5801 2856 5861; x_wconf 71' lang='grc' dir='ltr'><strong>Ξ.</strong></span> <span class='ocrx_word' id='word_1_920' title='bbox 2880 5801 3008 5878; x_wconf 75' lang='lat' dir='ltr'><strong>pag.</strong></span> <span class='ocrx_word' id='word_1_921' title='bbox 3035 5808 3164 5868; x_wconf 68' lang='lat' dir='ltr'><strong>2M.</strong></span> 
     </span>
    </p>
   </div>
   <div class='ocr_carea' id='block_1_123' title="bbox 1951 5875 3160 5944">
    <p class='ocr_par' dir='ltr' id='par_1_123' title="bbox 1951 5875 3160 5944">
     <span class='ocr_line' id='line_1_124' title="bbox 1951 5875 3160 5944; baseline 0.001 -13"><span class='ocrx_word' id='word_1_922' title='bbox 1951 5885 1991 5912; x_wconf 79' lang='grc' dir='ltr'>ἠ</span> <span class='ocrx_word' id='word_1_923' title='bbox 2021 5875 2179 5944; x_wconf 87' lang='lat' dir='ltr'><strong>Apud</strong></span> <span class='ocrx_word' id='word_1_924' title='bbox 2213 5876 2349 5933; x_wconf 83' lang='lat' dir='ltr'><strong>Boll.</strong></span> <span class='ocrx_word' id='word_1_925' title='bbox 2386 5875 2455 5930; x_wconf 83' lang='lat' dir='ltr'><strong>ad</strong></span> <span class='ocrx_word' id='word_1_926' title='bbox 2487 5878 2630 5934; x_wconf 85' lang='lat' dir='ltr'><strong>diem</strong></span> <span class='ocrx_word' id='word_1_927' title='bbox 2653 5877 2745 5934; x_wconf 72' lang='lat'><strong>25.</strong></span> <span class='ocrx_word' id='word_1_928' title='bbox 2781 5875 2908 5935; x_wconf 77' lang='lat' dir='ltr'><strong>Maii</strong></span> <span class='ocrx_word' id='word_1_929' title='bbox 2938 5875 3073 5938; x_wconf 87' lang='lat' dir='ltr'><strong>tom.</strong></span> <span class='ocrx_word' id='word_1_930' title='bbox 3106 5885 3160 5939; x_wconf 82' lang='grc'><strong>5.</strong></span> 
     </span>
    </p>
   </div>
  </div>
