  <div class='ocr_page' id='page_1' title='image "/cluster/home/n/w/nwhite01/storage/ocr_20150623/12-13/uc1.31175013632818/1043.png"; bbox 0 0 4292 6378; ppageno 0'>
   <div class='ocr_carea' id='block_1_1' title="bbox 718 349 2999 414">
    <p class='ocr_par' dir='ltr' id='par_1_1' title="bbox 718 349 2999 414">
     <span class='ocr_line' id='line_1_1' title="bbox 718 349 2999 414; baseline 0.004 -13"><span class='ocrx_word' id='word_1_1' title='bbox 718 349 819 404; x_wconf 68' lang='grc'><strong>759</strong></span> <span class='ocrx_word' id='word_1_2' title='bbox 1733 351 2027 409; x_wconf 80' lang='lat' dir='ltr'><strong>LlICIFER</strong></span> <span class='ocrx_word' id='word_1_3' title='bbox 2073 351 2448 410; x_wconf 82' lang='lat' dir='ltr'><strong>EPISCOPUS</strong></span> <span class='ocrx_word' id='word_1_4' title='bbox 2485 352 2999 414; x_wconf 80' lang='lat' dir='ltr'><strong>CALARITANUS.</strong></span> 
     </span>
    </p>
   </div>
   <div class='ocr_carea' id='block_1_2' title="bbox 3898 359 4001 414">
    <p class='ocr_par' dir='ltr' id='par_1_2' title="bbox 3898 359 4001 414">
     <span class='ocr_line' id='line_1_2' title="bbox 3898 359 4001 414; baseline 0.01 -1"><span class='ocrx_word' id='word_1_5' title='bbox 3898 359 4001 414; x_wconf 79' lang='lat'><strong>760</strong></span> 
     </span>
    </p>
   </div>
   <div class='ocr_carea' id='block_1_3' title="bbox 711 469 4001 547">
    <p class='ocr_par' dir='ltr' id='par_1_3' title="bbox 711 469 4001 547">
     <span class='ocr_line' id='line_1_3' title="bbox 711 469 4001 547; baseline 0.003 -25"><span class='ocrx_word' id='word_1_6' title='bbox 711 485 848 534; x_wconf 83' lang='lat' dir='ltr'><strong>non,</strong></span> <span class='ocrx_word' id='word_1_7' title='bbox 872 480 919 524; x_wconf 88' lang='lat' dir='ltr'><strong>et</strong></span> <span class='ocrx_word' id='word_1_8' title='bbox 953 469 1174 524; x_wconf 77' lang='lat' dir='ltr'><strong>Philone</strong></span> <span class='ocrx_word' id='word_1_9' title='bbox 1218 469 1395 540; x_wconf 78' lang='lat' dir='ltr'><strong>Libya:</strong></span> <span class='ocrx_word' id='word_1_10' title='bbox 1445 485 1727 540; x_wconf 81' lang='lat' dir='ltr'><strong><em>numquam</em></strong></span> <span class='ocrx_word' id='word_1_11' title='bbox 1773 488 1826 525; x_wconf 84' lang='lat' dir='ltr'><strong>se</strong></span> <span class='ocrx_word' id='word_1_12' title='bbox 1871 472 2079 525; x_wconf 77' lang='lat' dir='ltr'><strong>Arianw</strong></span> <span class='ocrx_word' id='word_1_13' title='bbox 2107 471 2314 523; x_wconf 82' lang='lat' dir='ltr'><strong>miscuit</strong></span> <span class='ocrx_word' id='word_1_14' title='bbox 2343 471 2398 532; x_wconf 82' lang='grc' dir='ltr'><strong>Α</strong></span> <span class='ocrx_word' id='word_1_15' title='bbox 2421 472 2784 541; x_wconf 88' lang='lat' dir='ltr'><strong>quorumdam</strong></span> <span class='ocrx_word' id='word_1_16' title='bbox 2814 474 3284 546; x_wconf 67' lang='lat' dir='ltr'><strong>ictinographiam,</strong></span> <span class='ocrx_word' id='word_1_17' title='bbox 3315 475 3805 547; x_wconf 86' lang='lat' dir='ltr'><strong>inscriptionesque</strong></span> <span class='ocrx_word' id='word_1_18' title='bbox 3820 477 4001 533; x_wconf 86' lang='lat' dir='ltr'><strong>Calari</strong></span> 
     </span>
    </p>
   </div>
   <div class='ocr_carea' id='block_1_4' title="bbox 714 563 2322 634">
    <p class='ocr_par' dir='ltr' id='par_1_4' title="bbox 714 563 2322 634">
     <span class='ocr_line' id='line_1_4' title="bbox 714 563 2322 634; baseline 0.002 -19"><span class='ocrx_word' id='word_1_19' title='bbox 714 564 958 631; x_wconf 82' lang='lat' dir='ltr'><strong>pravitati</strong></span> <span class='ocrx_word' id='word_1_20' title='bbox 993 573 1039 617; x_wconf 76' lang='grc' dir='ltr'><strong>η.</strong></span> <span class='ocrx_word' id='word_1_21' title='bbox 1071 564 1186 619; x_wconf 84' lang='lat' dir='ltr'><strong>Non</strong></span> <span class='ocrx_word' id='word_1_22' title='bbox 1225 566 1382 634; x_wconf 88' lang='lat' dir='ltr'><strong>juvat.</strong></span> <span class='ocrx_word' id='word_1_23' title='bbox 1437 563 1664 619; x_wconf 81' lang='lat' dir='ltr'><strong>Joannis</strong></span> <span class='ocrx_word' id='word_1_24' title='bbox 1711 564 1865 618; x_wconf 75' lang='lat' dir='ltr'><strong>Farzc</strong></span> <span class='ocrx_word' id='word_1_25' title='bbox 1897 563 1988 619; x_wconf 90' lang='lat' dir='ltr'><strong>hic</strong></span> <span class='ocrx_word' id='word_1_26' title='bbox 2022 564 2322 634; x_wconf 87' lang='lat' dir='ltr'><strong>palmarem</strong></span> 
     </span>
    </p>
   </div>
   <div class='ocr_carea' id='block_1_5' title="bbox 714 658 2320 730">
    <p class='ocr_par' dir='ltr' id='par_1_5' title="bbox 714 658 2320 730">
     <span class='ocr_line' id='line_1_5' title="bbox 714 658 2320 730; baseline 0.002 -20"><span class='ocrx_word' id='word_1_27' title='bbox 714 672 962 713; x_wconf 88' lang='lat' dir='ltr'><strong>errorem</strong></span> <span class='ocrx_word' id='word_1_28' title='bbox 1002 659 1324 729; x_wconf 77' lang='lat' dir='ltr'><strong>explodcre,</strong></span> <span class='ocrx_word' id='word_1_29' title='bbox 1371 659 1464 730; x_wconf 91' lang='lat' dir='ltr'><strong>qui</strong></span> <span class='ocrx_word' id='word_1_30' title='bbox 1497 658 1734 715; x_wconf 81' lang='lat' dir='ltr'><strong>Luciferi</strong></span> <span class='ocrx_word' id='word_1_31' title='bbox 1777 660 2140 716; x_wconf 76' lang='lat' dir='ltr'><strong>emortualem</strong></span> <span class='ocrx_word' id='word_1_32' title='bbox 2176 659 2320 714; x_wconf 88' lang='lat' dir='ltr'><strong>diem</strong></span> 
     </span>
    </p>
   </div>
   <div class='ocr_carea' id='block_1_6' title="bbox 716 751 2324 824">
    <p class='ocr_par' dir='ltr' id='par_1_6' title="bbox 716 751 2324 824">
     <span class='ocr_line' id='line_1_6' title="bbox 716 751 2324 824; baseline 0.001 -19"><span class='ocrx_word' id='word_1_33' title='bbox 716 766 806 806; x_wconf 90' lang='lat' dir='ltr'><strong>an.</strong></span> <span class='ocrx_word' id='word_1_34' title='bbox 841 751 974 808; x_wconf 89' lang='lat' dir='ltr'><strong>Chr.</strong></span> <span class='ocrx_word' id='word_1_35' title='bbox 1033 755 1157 810; x_wconf 81' lang='grc'><strong>590.</strong></span> <span class='ocrx_word' id='word_1_36' title='bbox 1211 753 1435 824; x_wconf 90' lang='lat' dir='ltr'><strong>Imperii</strong></span> <span class='ocrx_word' id='word_1_37' title='bbox 1481 752 1854 808; x_wconf 78' lang='lat' dir='ltr'><strong>Valentiniani</strong></span> <span class='ocrx_word' id='word_1_38' title='bbox 1899 753 2132 823; x_wconf 88' lang='lat' dir='ltr'><strong>junioris</strong></span> <span class='ocrx_word' id='word_1_39' title='bbox 2181 751 2324 808; x_wconf 69' lang='lat' dir='ltr'><strong>XVII</strong></span> 
     </span>
    </p>
   </div>
   <div class='ocr_carea' id='block_1_7' title="bbox 711 848 2323 921">
    <p class='ocr_par' dir='ltr' id='par_1_7' title="bbox 711 848 2323 921">
     <span class='ocr_line' id='line_1_7' title="bbox 711 848 2323 921; baseline 0.001 -20"><span class='ocrx_word' id='word_1_40' title='bbox 711 848 1122 918; x_wconf 66' lang='lat' dir='ltr'><strong>consignavitb,</strong></span> <span class='ocrx_word' id='word_1_41' title='bbox 1139 849 1250 916; x_wconf 91' lang='lat' dir='ltr'><strong>cui,</strong></span> <span class='ocrx_word' id='word_1_42' title='bbox 1267 849 1398 904; x_wconf 80' lang='lat' dir='ltr'><strong>nihil</strong></span> <span class='ocrx_word' id='word_1_43' title='bbox 1418 848 1486 903; x_wconf 87' lang='lat' dir='ltr'><strong>de</strong></span> <span class='ocrx_word' id='word_1_44' title='bbox 1503 848 1862 921; x_wconf 81' lang='lat' dir='ltr'><strong>chronologia</strong></span> <span class='ocrx_word' id='word_1_45' title='bbox 1877 848 2323 913; x_wconf 80' lang='lat' dir='ltr'><strong>solliciti,Dimas</strong></span> 
     </span>
    </p>
   </div>
   <div class='ocr_carea' id='block_1_8' title="bbox 713 939 2322 1011">
    <p class='ocr_par' dir='ltr' id='par_1_8' title="bbox 713 939 2322 1011">
     <span class='ocr_line' id='line_1_8' title="bbox 713 939 2322 1011; baseline 0.001 -16"><span class='ocrx_word' id='word_1_46' title='bbox 713 939 941 1010; x_wconf 83' lang='lat' dir='ltr'><strong>Serpitis</strong></span> <span class='ocrx_word' id='word_1_47' title='bbox 976 952 996 980; x_wconf 76' lang='grc' dir='ltr'>ε</span> <span class='ocrx_word' id='word_1_48' title='bbox 1031 952 1085 996; x_wconf 90' lang='lat' dir='ltr'><strong>et</strong></span> <span class='ocrx_word' id='word_1_49' title='bbox 1126 940 1465 1010; x_wconf 90' lang='lat' dir='ltr'><strong>Seraphinus</strong></span> <span class='ocrx_word' id='word_1_50' title='bbox 1498 942 1811 1011; x_wconf 79' lang='lat' dir='ltr'><strong>Esquirrins</strong></span> <span class='ocrx_word' id='word_1_51' title='bbox 1844 940 1868 977; x_wconf 75' lang='grc' dir='ltr'>ά</span> <span class='ocrx_word' id='word_1_52' title='bbox 1899 956 2213 996; x_wconf 77' lang='lat' dir='ltr'><strong>assensere.</strong></span> <span class='ocrx_word' id='word_1_53' title='bbox 2241 943 2322 996; x_wconf 83' lang='lat' dir='ltr'><strong>An</strong></span> 
     </span>
    </p>
   </div>
   <div class='ocr_carea' id='block_1_9' title="bbox 711 1034 2325 1102">
    <p class='ocr_par' dir='ltr' id='par_1_9' title="bbox 711 1034 2325 1102">
     <span class='ocr_line' id='line_1_9' title="bbox 711 1034 2325 1102; baseline 0.004 -17"><span class='ocrx_word' id='word_1_54' title='bbox 711 1044 840 1090; x_wconf 88' lang='lat' dir='ltr'><strong>ante</strong></span> <span class='ocrx_word' id='word_1_55' title='bbox 873 1045 1108 1091; x_wconf 91' lang='lat' dir='ltr'><strong>mortem</strong></span> <span class='ocrx_word' id='word_1_56' title='bbox 1155 1035 1438 1092; x_wconf 90' lang='lat' dir='ltr'><strong>schismati</strong></span> <span class='ocrx_word' id='word_1_57' title='bbox 1469 1034 1688 1090; x_wconf 81' lang='lat' dir='ltr'><strong>Lucifer</strong></span> <span class='ocrx_word' id='word_1_58' title='bbox 1718 1035 2136 1102; x_wconf 91' lang='lat' dir='ltr'><strong>renuntiaverit,</strong></span> <span class='ocrx_word' id='word_1_59' title='bbox 2182 1044 2238 1091; x_wconf 90' lang='lat' dir='ltr'><strong>et</strong></span> <span class='ocrx_word' id='word_1_60' title='bbox 2265 1050 2325 1091; x_wconf 83' lang='lat' dir='ltr'><strong>se</strong></span> 
     </span>
    </p>
   </div>
   <div class='ocr_carea' id='block_1_10' title="bbox 712 1127 2325 1196">
    <p class='ocr_par' dir='ltr' id='par_1_10' title="bbox 712 1127 2325 1196">
     <span class='ocr_line' id='line_1_10' title="bbox 712 1127 2325 1196; baseline 0.004 -18"><span class='ocrx_word' id='word_1_61' title='bbox 712 1127 999 1183; x_wconf 69' lang='lat' dir='ltr'><strong>catholica:</strong></span> <span class='ocrx_word' id='word_1_62' title='bbox 1033 1129 1406 1183; x_wconf 89' lang='lat' dir='ltr'><strong>communioni</strong></span> <span class='ocrx_word' id='word_1_63' title='bbox 1436 1129 1765 1196; x_wconf 81' lang='lat' dir='ltr'><strong>reddiderit,</strong></span> <span class='ocrx_word' id='word_1_64' title='bbox 1798 1130 2091 1195; x_wconf 91' lang='lat' dir='ltr'><strong>incertum,</strong></span> <span class='ocrx_word' id='word_1_65' title='bbox 2125 1140 2182 1185; x_wconf 89' lang='lat' dir='ltr'><strong>et</strong></span> <span class='ocrx_word' id='word_1_66' title='bbox 2223 1130 2325 1184; x_wconf 90' lang='lat' dir='ltr'><strong>sub</strong></span> 
     </span>
    </p>
   </div>
   <div class='ocr_carea' id='block_1_11' title="bbox 707 1221 2326 1293">
    <p class='ocr_par' dir='ltr' id='par_1_11' title="bbox 707 1221 2326 1293">
     <span class='ocr_line' id='line_1_11' title="bbox 707 1221 2326 1293; baseline 0.003 -22"><span class='ocrx_word' id='word_1_67' title='bbox 707 1221 892 1288; x_wconf 88' lang='lat' dir='ltr'><strong>judice</strong></span> <span class='ocrx_word' id='word_1_68' title='bbox 920 1231 1028 1276; x_wconf 90' lang='lat' dir='ltr'><strong>est.</strong></span> <span class='ocrx_word' id='word_1_69' title='bbox 1061 1221 1168 1276; x_wconf 89' lang='lat' dir='ltr'><strong>Pro</strong></span> <span class='ocrx_word' id='word_1_70' title='bbox 1209 1221 1467 1277; x_wconf 87' lang='lat' dir='ltr'><strong>Lucifero</strong></span> <span class='ocrx_word' id='word_1_71' title='bbox 1496 1223 1842 1293; x_wconf 85' lang='lat' dir='ltr'><strong>scripserunt</strong></span> <span class='ocrx_word' id='word_1_72' title='bbox 1889 1234 2088 1293; x_wconf 63' lang='lat' dir='ltr'><strong>praeter</strong></span> <span class='ocrx_word' id='word_1_73' title='bbox 2126 1223 2326 1279; x_wconf 89' lang='lat' dir='ltr'><strong>Socra-</strong></span> 
     </span>
    </p>
   </div>
   <div class='ocr_carea' id='block_1_12' title="bbox 715 1315 2327 1384">
    <p class='ocr_par' dir='ltr' id='par_1_12' title="bbox 715 1315 2327 1384">
     <span class='ocr_line' id='line_1_12' title="bbox 715 1315 2327 1384; baseline 0.002 -18"><span class='ocrx_word' id='word_1_74' title='bbox 715 1323 846 1379; x_wconf 85' lang='lat' dir='ltr'><strong>tem,</strong></span> <span class='ocrx_word' id='word_1_75' title='bbox 883 1315 1278 1383; x_wconf 79' lang='lat' dir='ltr'><strong>Sozomenum,</strong></span> <span class='ocrx_word' id='word_1_76' title='bbox 1303 1324 1359 1370; x_wconf 92' lang='lat' dir='ltr'><strong>et</strong></span> <span class='ocrx_word' id='word_1_77' title='bbox 1380 1315 1624 1371; x_wconf 89' lang='lat' dir='ltr'><strong>Nicetam</strong></span> <span class='ocrx_word' id='word_1_78' title='bbox 1647 1358 1659 1380; x_wconf 93' lang='lat'><strong>,</strong></span> <span class='ocrx_word' id='word_1_79' title='bbox 1688 1315 2100 1384; x_wconf 86' lang='lat' dir='ltr'><strong>Papcbrochius</strong></span> <span class='ocrx_word' id='word_1_80' title='bbox 2123 1326 2169 1381; x_wconf 76' lang='grc' dir='ltr'><strong>ο,</strong></span> <span class='ocrx_word' id='word_1_81' title='bbox 2199 1315 2327 1370; x_wconf 78' lang='lat' dir='ltr'><strong>Rui-</strong></span> 
     </span>
    </p>
   </div>
   <div class='ocr_carea' id='block_1_13' title="bbox 715 1406 2323 1477">
    <p class='ocr_par' dir='ltr' id='par_1_13' title="bbox 715 1406 2323 1477">
     <span class='ocr_line' id='line_1_13' title="bbox 715 1406 2323 1477; baseline 0.002 -16"><span class='ocrx_word' id='word_1_82' title='bbox 715 1409 932 1463; x_wconf 88' lang='lat' dir='ltr'><strong>nartius</strong></span> <span class='ocrx_word' id='word_1_83' title='bbox 965 1410 1010 1476; x_wconf 70' lang='grc' dir='ltr'><strong>τ,</strong></span> <span class='ocrx_word' id='word_1_84' title='bbox 1041 1409 1446 1467; x_wconf 79' lang='lat' dir='ltr'><strong>&#39;I‘homassinus</strong></span> <span class='ocrx_word' id='word_1_85' title='bbox 1470 1419 1516 1473; x_wconf 66' lang='grc' dir='ltr'><strong>ει,</strong></span> <span class='ocrx_word' id='word_1_86' title='bbox 1549 1409 1836 1465; x_wconf 83' lang='lat' dir='ltr'><strong>Machinus</strong></span> <span class='ocrx_word' id='word_1_87' title='bbox 1857 1406 1905 1476; x_wconf 88' lang='grc'><strong>¹·,</strong></span> <span class='ocrx_word' id='word_1_88' title='bbox 1935 1409 2249 1466; x_wconf 76' lang='lat' dir='ltr'><strong>lllethodius</strong></span> <span class='ocrx_word' id='word_1_89' title='bbox 2282 1411 2323 1477; x_wconf 75' lang='grc' dir='ltr'><strong>ί,</strong></span> 
     </span>
    </p>
   </div>
   <div class='ocr_carea' id='block_1_14' title="bbox 717 1501 2323 1576">
    <p class='ocr_par' dir='ltr' id='par_1_14' title="bbox 717 1501 2323 1576">
     <span class='ocr_line' id='line_1_14' title="bbox 717 1501 2323 1576; baseline 0.003 -20"><span class='ocrx_word' id='word_1_90' title='bbox 717 1502 940 1557; x_wconf 77' lang='lat' dir='ltr'><strong>Macedo</strong></span> <span class='ocrx_word' id='word_1_91' title='bbox 975 1504 986 1552; x_wconf 79' lang='lat' dir='ltr'><strong>i</strong></span> <span class='ocrx_word' id='word_1_92' title='bbox 1016 1546 1028 1568; x_wconf 91' lang='lat'><strong>,</strong></span> <span class='ocrx_word' id='word_1_93' title='bbox 1092 1503 1386 1558; x_wconf 85' lang='lat' dir='ltr'><strong>Ferrarius</strong></span> <span class='ocrx_word' id='word_1_94' title='bbox 1420 1501 1466 1567; x_wconf 69' lang='grc' dir='ltr'><strong>ιε,</strong></span> <span class='ocrx_word' id='word_1_95' title='bbox 1524 1503 1856 1574; x_wconf 89' lang='lat' dir='ltr'><strong>Spondanus</strong></span> <span class='ocrx_word' id='word_1_96' title='bbox 1912 1502 1954 1567; x_wconf 82' lang='grc' dir='ltr'><strong>ι,</strong></span> <span class='ocrx_word' id='word_1_97' title='bbox 2003 1505 2208 1576; x_wconf 78' lang='lat' dir='ltr'><strong>aliique</strong></span> <span class='ocrx_word' id='word_1_98' title='bbox 2237 1522 2323 1561; x_wconf 84' lang='lat' dir='ltr'><strong>rc-</strong></span> 
     </span>
    </p>
   </div>
   <div class='ocr_carea' id='block_1_15' title="bbox 712 1595 2325 1669">
    <p class='ocr_par' dir='ltr' id='par_1_15' title="bbox 712 1595 2325 1669">
     <span class='ocr_line' id='line_1_15' title="bbox 712 1595 2325 1669; baseline 0.005 -21"><span class='ocrx_word' id='word_1_99' title='bbox 712 1595 1015 1650; x_wconf 81' lang='lat' dir='ltr'><strong>centiores.</strong></span> <span class='ocrx_word' id='word_1_100' title='bbox 1063 1595 1266 1651; x_wconf 87' lang='lat' dir='ltr'><strong>Contra</strong></span> <span class='ocrx_word' id='word_1_101' title='bbox 1326 1611 1459 1652; x_wconf 89' lang='lat' dir='ltr'><strong>vero</strong></span> <span class='ocrx_word' id='word_1_102' title='bbox 1518 1609 1840 1669; x_wconf 83' lang='lat' dir='ltr'><strong>pugnarunt</strong></span> <span class='ocrx_word' id='word_1_103' title='bbox 1888 1599 2216 1655; x_wconf 81' lang='lat' dir='ltr'><strong>Ambrosius</strong></span> <span class='ocrx_word' id='word_1_104' title='bbox 2263 1612 2325 1665; x_wconf 77' lang='grc' dir='ltr'>ιιι,</span> 
     </span>
    </p>
   </div>
   <div class='ocr_carea' id='block_1_16' title="bbox 716 1688 2327 1759">
    <p class='ocr_par' dir='ltr' id='par_1_16' title="bbox 716 1688 2327 1759">
     <span class='ocr_line' id='line_1_16' title="bbox 716 1688 2327 1759; baseline 0.006 -19"><span class='ocrx_word' id='word_1_105' title='bbox 716 1688 1053 1756; x_wconf 82' lang='lat' dir='ltr'><strong>Augustinus</strong></span> <span class='ocrx_word' id='word_1_106' title='bbox 1113 1699 1182 1753; x_wconf 78' lang='grc' dir='ltr'><strong>ιι,</strong></span> <span class='ocrx_word' id='word_1_107' title='bbox 1245 1689 1485 1746; x_wconf 82' lang='lat' dir='ltr'><strong>Isidorus</strong></span> <span class='ocrx_word' id='word_1_108' title='bbox 1543 1701 1608 1758; x_wconf 71' lang='grc' dir='ltr'><strong>τ’,</strong></span> <span class='ocrx_word' id='word_1_109' title='bbox 1663 1693 1934 1748; x_wconf 87' lang='lat' dir='ltr'><strong>Baronius</strong></span> <span class='ocrx_word' id='word_1_110' title='bbox 1993 1705 2057 1759; x_wconf 71' lang='grc' dir='ltr'><strong>ι’,</strong></span> <span class='ocrx_word' id='word_1_111' title='bbox 2121 1694 2327 1749; x_wconf 84' lang='lat' dir='ltr'><strong>Natalis</strong></span> 
     </span>
    </p>
   </div>
   <div class='ocr_carea' id='block_1_17' title="bbox 716 1779 2324 1851">
    <p class='ocr_par' dir='ltr' id='par_1_17' title="bbox 716 1779 2324 1851">
     <span class='ocr_line' id='line_1_17' title="bbox 716 1779 2324 1851; baseline 0.006 -20"><span class='ocrx_word' id='word_1_112' title='bbox 716 1779 1033 1836; x_wconf 79' lang='lat' dir='ltr'><strong>Alexander</strong></span> <span class='ocrx_word' id='word_1_113' title='bbox 1055 1792 1105 1845; x_wconf 68' lang='grc' dir='ltr'><strong>(ι,</strong></span> <span class='ocrx_word' id='word_1_114' title='bbox 1125 1779 1516 1836; x_wconf 87' lang='lat' dir='ltr'><strong>Tillemontius</strong></span> <span class='ocrx_word' id='word_1_115' title='bbox 1547 1794 1592 1847; x_wconf 75' lang='grc' dir='ltr'><strong>τ,</strong></span> <span class='ocrx_word' id='word_1_116' title='bbox 1627 1784 1890 1840; x_wconf 87' lang='lat' dir='ltr'><strong>Sharalea</strong></span> <span class='ocrx_word' id='word_1_117' title='bbox 1919 1795 1962 1851; x_wconf 72' lang='grc'><strong>³,</strong></span> <span class='ocrx_word' id='word_1_118' title='bbox 1998 1786 2252 1841; x_wconf 88' lang='lat' dir='ltr'><strong>Labbeus</strong></span> <span class='ocrx_word' id='word_1_119' title='bbox 2282 1792 2324 1850; x_wconf 77' lang='grc' dir='ltr'>ι,</span> 
     </span>
    </p>
   </div>
   <div class='ocr_carea' id='block_1_18' title="bbox 2425 565 4000 640">
    <p class='ocr_par' dir='ltr' id='par_1_18' title="bbox 2425 565 4000 640">
     <span class='ocr_line' id='line_1_18' title="bbox 2425 565 4000 640; baseline 0.002 -18"><span class='ocrx_word' id='word_1_120' title='bbox 2425 565 2653 622; x_wconf 83' lang='lat' dir='ltr'><strong>effossas</strong></span> <span class='ocrx_word' id='word_1_121' title='bbox 2706 568 2956 638; x_wconf 87' lang='lat' dir='ltr'><strong>protulit.</strong></span> <span class='ocrx_word' id='word_1_122' title='bbox 2997 568 3196 624; x_wconf 84' lang='lat' dir='ltr'><strong>Verum</strong></span> <span class='ocrx_word' id='word_1_123' title='bbox 3245 570 3395 640; x_wconf 89' lang='lat' dir='ltr'><strong>quid,</strong></span> <span class='ocrx_word' id='word_1_124' title='bbox 3438 571 3481 625; x_wconf 89' lang='lat' dir='ltr'><strong>si</strong></span> <span class='ocrx_word' id='word_1_125' title='bbox 3505 571 3728 626; x_wconf 89' lang='lat' dir='ltr'><strong>alterius</strong></span> <span class='ocrx_word' id='word_1_126' title='bbox 3766 570 4000 626; x_wconf 79' lang='lat' dir='ltr'><strong>Luciferi</strong></span> 
     </span>
    </p>
   </div>
   <div class='ocr_carea' id='block_1_19' title="bbox 2423 658 4002 735">
    <p class='ocr_par' dir='ltr' id='par_1_19' title="bbox 2423 658 4002 735">
     <span class='ocr_line' id='line_1_19' title="bbox 2423 658 4002 735; baseline 0.004 -23"><span class='ocrx_word' id='word_1_127' title='bbox 2423 659 2660 729; x_wconf 91' lang='lat' dir='ltr'><strong>junioris</strong></span> <span class='ocrx_word' id='word_1_128' title='bbox 2690 658 2987 716; x_wconf 88' lang='lat' dir='ltr'><strong>Calaritani</strong></span> <span class='ocrx_word' id='word_1_129' title='bbox 3018 660 3323 726; x_wconf 85' lang='lat' dir='ltr'><strong>Antistitis,</strong></span> <span class='ocrx_word' id='word_1_130' title='bbox 3354 663 3443 732; x_wconf 89' lang='lat' dir='ltr'><strong>qui</strong></span> <span class='ocrx_word' id='word_1_131' title='bbox 3485 664 3534 718; x_wconf 93' lang='lat' dir='ltr'><strong>in</strong></span> <span class='ocrx_word' id='word_1_132' title='bbox 3569 663 3848 719; x_wconf 78' lang='lat' dir='ltr'><strong>Vandalica</strong></span> <span class='ocrx_word' id='word_1_133' title='bbox 3877 680 4002 735; x_wconf 88' lang='lat' dir='ltr'><strong>per-</strong></span> 
     </span>
    </p>
   </div>
   <div class='ocr_carea' id='block_1_20' title="bbox 2423 755 3997 829">
    <p class='ocr_par' dir='ltr' id='par_1_20' title="bbox 2423 755 3997 829">
     <span class='ocr_line' id='line_1_20' title="bbox 2423 755 3997 829; baseline 0.003 -21"><span class='ocrx_word' id='word_1_134' title='bbox 2423 755 2706 811; x_wconf 88' lang='lat' dir='ltr'><strong>secutione</strong></span> <span class='ocrx_word' id='word_1_135' title='bbox 2751 756 2857 809; x_wconf 89' lang='lat' dir='ltr'><strong>sub</strong></span> <span class='ocrx_word' id='word_1_136' title='bbox 2904 755 3216 811; x_wconf 90' lang='lat' dir='ltr'><strong>Ilunnerico</strong></span> <span class='ocrx_word' id='word_1_137' title='bbox 3255 757 3398 828; x_wconf 81' lang='lat' dir='ltr'><strong>Rege</strong></span> <span class='ocrx_word' id='word_1_138' title='bbox 3439 768 3642 829; x_wconf 77' lang='lat' dir='ltr'><strong>martyr</strong></span> <span class='ocrx_word' id='word_1_139' title='bbox 3670 758 3912 814; x_wconf 89' lang='lat' dir='ltr'><strong>occubuit</strong></span> <span class='ocrx_word' id='word_1_140' title='bbox 3952 769 3997 825; x_wconf 71' lang='grc' dir='ltr'><strong>τ,</strong></span> 
     </span>
    </p>
   </div>
   <div class='ocr_carea' id='block_1_21' title="bbox 2428 847 4001 924">
    <p class='ocr_par' dir='ltr' id='par_1_21' title="bbox 2428 847 4001 924">
     <span class='ocr_line' id='line_1_21' title="bbox 2428 847 4001 924; baseline 0.002 -22"><span class='ocrx_word' id='word_1_141' title='bbox 2428 861 2630 917; x_wconf 89' lang='lat' dir='ltr'><strong>corpus</strong></span> <span class='ocrx_word' id='word_1_142' title='bbox 2658 847 2790 902; x_wconf 91' lang='lat' dir='ltr'><strong>illud</strong></span> <span class='ocrx_word' id='word_1_143' title='bbox 2823 847 3177 905; x_wconf 86' lang='lat' dir='ltr'><strong>diceremus?</strong></span> <span class='ocrx_word' id='word_1_144' title='bbox 3206 851 3365 918; x_wconf 84' lang='lat' dir='ltr'><strong>Quid,</strong></span> <span class='ocrx_word' id='word_1_145' title='bbox 3400 853 3444 905; x_wconf 89' lang='lat' dir='ltr'><strong>si</strong></span> <span class='ocrx_word' id='word_1_146' title='bbox 3479 853 3848 924; x_wconf 83' lang='lat' dir='ltr'><strong>inscriptiones</strong></span> <span class='ocrx_word' id='word_1_147' title='bbox 3879 853 4001 906; x_wconf 82' lang='lat' dir='ltr'><strong>illas</strong></span> 
     </span>
    </p>
   </div>
   <div class='ocr_carea' id='block_1_22' title="bbox 2429 941 4003 1016">
    <p class='ocr_par' dir='ltr' id='par_1_22' title="bbox 2429 941 4003 1016">
     <span class='ocr_line' id='line_1_22' title="bbox 2429 941 4003 1016; baseline 0.003 -21"><span class='ocrx_word' id='word_1_148' title='bbox 2429 957 2458 995; x_wconf 89' lang='lat' dir='ltr'><strong>a</strong></span> <span class='ocrx_word' id='word_1_149' title='bbox 2515 941 2844 996; x_wconf 77' lang='lat' dir='ltr'><strong>Calaritanis</strong></span> <span class='ocrx_word' id='word_1_150' title='bbox 2912 943 3173 998; x_wconf 87' lang='lat' dir='ltr'><strong>confictas</strong></span> <span class='ocrx_word' id='word_1_151' title='bbox 3227 959 3348 999; x_wconf 90' lang='lat' dir='ltr'><strong>cum</strong></span> <span class='ocrx_word' id='word_1_152' title='bbox 3397 943 3681 999; x_wconf 82' lang='lat' dir='ltr'><strong>Turritano</strong></span> <span class='ocrx_word' id='word_1_153' title='bbox 3725 947 4003 1016; x_wconf 83' lang='lat' dir='ltr'><strong>Archiepi—</strong></span> 
     </span>
    </p>
   </div>
   <div class='ocr_carea' id='block_1_23' title="bbox 2429 1037 4000 1109">
    <p class='ocr_par' dir='ltr' id='par_1_23' title="bbox 2429 1037 4000 1109">
     <span class='ocr_line' id='line_1_23' title="bbox 2429 1037 4000 1109; baseline 0 -17"><span class='ocrx_word' id='word_1_154' title='bbox 2429 1052 2597 1109; x_wconf 89' lang='lat' dir='ltr'><strong>scopo</strong></span> <span class='ocrx_word' id='word_1_155' title='bbox 2613 1052 2986 1092; x_wconf 88' lang='lat' dir='ltr'><strong>assereremus</strong></span> <span class='ocrx_word' id='word_1_156' title='bbox 3003 1038 3026 1091; x_wconf 90' lang='lat'><strong>?</strong></span> <span class='ocrx_word' id='word_1_157' title='bbox 3046 1038 3155 1094; x_wconf 83' lang='lat' dir='ltr'><strong>Nos</strong></span> <span class='ocrx_word' id='word_1_158' title='bbox 3179 1048 3355 1094; x_wconf 87' lang='lat' dir='ltr'><strong>tamen</strong></span> <span class='ocrx_word' id='word_1_159' title='bbox 3384 1037 3583 1094; x_wconf 88' lang='lat' dir='ltr'><strong>Urbani</strong></span> <span class='ocrx_word' id='word_1_160' title='bbox 3601 1040 3709 1094; x_wconf 85' lang='lat' dir='ltr'><strong>VIII</strong></span> <span class='ocrx_word' id='word_1_161' title='bbox 3735 1040 3788 1094; x_wconf 79' lang='lat' dir='ltr'><strong>l‘.</strong></span> <span class='ocrx_word' id='word_1_162' title='bbox 3815 1039 3881 1094; x_wconf 68' lang='grc'><strong>11.</strong></span> <span class='ocrx_word' id='word_1_163' title='bbox 3904 1055 4000 1093; x_wconf 81' lang='lat' dir='ltr'><strong>xm</strong></span> 
     </span>
    </p>
   </div>
   <div class='ocr_carea' id='block_1_24' title="bbox 2434 1129 3996 1196">
    <p class='ocr_par' dir='ltr' id='par_1_24' title="bbox 2434 1129 3996 1196">
     <span class='ocr_line' id='line_1_24' title="bbox 2434 1129 3996 1196; baseline 0.001 -13"><span class='ocrx_word' id='word_1_164' title='bbox 2434 1130 2552 1185; x_wconf 83' lang='lat' dir='ltr'><strong>Kal.</strong></span> <span class='ocrx_word' id='word_1_165' title='bbox 2585 1130 2760 1185; x_wconf 86' lang='lat' dir='ltr'><strong>Julias</strong></span> <span class='ocrx_word' id='word_1_166' title='bbox 2796 1145 2863 1184; x_wconf 89' lang='lat' dir='ltr'><strong>an</strong></span> <span class='ocrx_word' id='word_1_167' title='bbox 2909 1129 3070 1196; x_wconf 79' lang='grc'>1641,</span> <span class='ocrx_word' id='word_1_168' title='bbox 3115 1141 3172 1186; x_wconf 88' lang='lat' dir='ltr'><strong>et</strong></span> <span class='ocrx_word' id='word_1_169' title='bbox 3220 1132 3513 1186; x_wconf 83' lang='lat' dir='ltr'><strong>Innocentii</strong></span> <span class='ocrx_word' id='word_1_170' title='bbox 3559 1132 3624 1186; x_wconf 77' lang='grc' dir='ltr'><strong>Χ.</strong></span> <span class='ocrx_word' id='word_1_171' title='bbox 3672 1133 3730 1188; x_wconf 85' lang='lat' dir='ltr'><strong>P.</strong></span> <span class='ocrx_word' id='word_1_172' title='bbox 3774 1134 3840 1188; x_wconf 77' lang='grc' dir='ltr'>Μ.</span> <span class='ocrx_word' id='word_1_173' title='bbox 3880 1149 3996 1186; x_wconf 75' lang='lat' dir='ltr'><strong>xw.</strong></span> 
     </span>
    </p>
   </div>
   <div class='ocr_carea' id='block_1_25' title="bbox 2433 1222 3997 1297">
    <p class='ocr_par' dir='ltr' id='par_1_25' title="bbox 2433 1222 3997 1297">
     <span class='ocr_line' id='line_1_25' title="bbox 2433 1222 3997 1297; baseline 0 -19"><span class='ocrx_word' id='word_1_174' title='bbox 2433 1222 2551 1278; x_wconf 85' lang='lat' dir='ltr'><strong>Kal.</strong></span> <span class='ocrx_word' id='word_1_175' title='bbox 2584 1223 2929 1279; x_wconf 82' lang='lat' dir='ltr'><strong>Novembres</strong></span> <span class='ocrx_word' id='word_1_176' title='bbox 2959 1239 3025 1278; x_wconf 91' lang='lat' dir='ltr'><strong>an</strong></span> <span class='ocrx_word' id='word_1_177' title='bbox 3054 1224 3214 1289; x_wconf 80' lang='grc'><strong>1647,</strong></span> <span class='ocrx_word' id='word_1_178' title='bbox 3246 1225 3479 1281; x_wconf 85' lang='lat' dir='ltr'><strong>decretis</strong></span> <span class='ocrx_word' id='word_1_179' title='bbox 3511 1242 3593 1290; x_wconf 90' lang='lat' dir='ltr'><strong>ea,</strong></span> <span class='ocrx_word' id='word_1_180' title='bbox 3622 1242 3724 1297; x_wconf 91' lang='lat' dir='ltr'><strong>qua</strong></span> <span class='ocrx_word' id='word_1_181' title='bbox 3755 1242 3848 1296; x_wconf 86' lang='lat' dir='ltr'><strong>par</strong></span> <span class='ocrx_word' id='word_1_182' title='bbox 3873 1237 3955 1281; x_wconf 85' lang='lat' dir='ltr'><strong>est</strong></span> <span class='ocrx_word' id='word_1_183' title='bbox 3983 1269 3997 1286; x_wconf 87' lang='lat'><strong>,</strong></span> 
     </span>
    </p>
   </div>
   <div class='ocr_carea' id='block_1_26' title="bbox 2433 1318 4001 1388">
    <p class='ocr_par' dir='ltr' id='par_1_26' title="bbox 2433 1318 4001 1388">
     <span class='ocr_line' id='line_1_26' title="bbox 2433 1318 4001 1388; baseline 0.001 -16"><span class='ocrx_word' id='word_1_184' title='bbox 2433 1320 2789 1376; x_wconf 78' lang='lat' dir='ltr'><strong>veneratione</strong></span> <span class='ocrx_word' id='word_1_185' title='bbox 2820 1318 3165 1375; x_wconf 84' lang='lat' dir='ltr'><strong>adlnrrentes</strong></span> <span class='ocrx_word' id='word_1_186' title='bbox 3194 1335 3315 1375; x_wconf 90' lang='lat' dir='ltr'><strong>cum</strong></span> <span class='ocrx_word' id='word_1_187' title='bbox 3341 1321 3411 1375; x_wconf 91' lang='lat' dir='ltr'><strong>cl.</strong></span> <span class='ocrx_word' id='word_1_188' title='bbox 3437 1320 3703 1376; x_wconf 73' lang='lat' dir='ltr'><strong>Matthreio</strong></span> <span class='ocrx_word' id='word_1_189' title='bbox 3741 1331 3765 1368; x_wconf 83' lang='lat'><strong>.&quot;</strong></span> <span class='ocrx_word' id='word_1_190' title='bbox 3794 1320 4001 1388; x_wconf 79' lang='lat' dir='ltr'><strong>singula</strong></span> 
     </span>
    </p>
   </div>
   <div class='ocr_carea' id='block_1_27' title="bbox 2433 1413 3999 1484">
    <p class='ocr_par' dir='ltr' id='par_1_27' title="bbox 2433 1413 3999 1484">
     <span class='ocr_line' id='line_1_27' title="bbox 2433 1413 3999 1484; baseline 0 -17"><span class='ocrx_word' id='word_1_191' title='bbox 2433 1413 2553 1467; x_wconf 74' lang='lat' dir='ltr'><strong>hmo</strong></span> <span class='ocrx_word' id='word_1_192' title='bbox 2598 1427 2778 1483; x_wconf 90' lang='lat' dir='ltr'><strong>neque</strong></span> <span class='ocrx_word' id='word_1_193' title='bbox 2807 1413 3125 1483; x_wconf 85' lang='lat' dir='ltr'><strong>probamus,</strong></span> <span class='ocrx_word' id='word_1_194' title='bbox 3162 1430 3334 1484; x_wconf 85' lang='lat' dir='ltr'><strong>neque</strong></span> <span class='ocrx_word' id='word_1_195' title='bbox 3367 1414 3686 1484; x_wconf 86' lang='lat' dir='ltr'><strong>respuitnus,</strong></span> <span class='ocrx_word' id='word_1_196' title='bbox 3733 1422 3785 1470; x_wconf 92' lang='lat' dir='ltr'><strong>et</strong></span> <span class='ocrx_word' id='word_1_197' title='bbox 3825 1416 3999 1467; x_wconf 87' lang='lat' dir='ltr'><strong>neutri</strong></span> 
     </span>
    </p>
   </div>
   <div class='ocr_carea' id='block_1_28' title="bbox 2435 1505 4001 1575">
    <p class='ocr_par' dir='ltr' id='par_1_28' title="bbox 2435 1505 4001 1575">
     <span class='ocr_line' id='line_1_28' title="bbox 2435 1505 4001 1575; baseline 0 -17"><span class='ocrx_word' id='word_1_198' title='bbox 2435 1506 2577 1575; x_wconf 86' lang='lat' dir='ltr'><strong>parti</strong></span> <span class='ocrx_word' id='word_1_199' title='bbox 2631 1505 2846 1560; x_wconf 89' lang='lat' dir='ltr'><strong>calculo</strong></span> <span class='ocrx_word' id='word_1_200' title='bbox 2892 1516 3078 1561; x_wconf 89' lang='lat' dir='ltr'><strong>nostro</strong></span> <span class='ocrx_word' id='word_1_201' title='bbox 3130 1506 3451 1562; x_wconf 83' lang='lat' dir='ltr'><strong>accedentes</strong></span> <span class='ocrx_word' id='word_1_202' title='bbox 3483 1507 3730 1562; x_wconf 88' lang='lat' dir='ltr'><strong>historica</strong></span> <span class='ocrx_word' id='word_1_203' title='bbox 3772 1515 4001 1560; x_wconf 86' lang='lat' dir='ltr'><strong>tantum-</strong></span> 
     </span>
    </p>
   </div>
   <div class='ocr_carea' id='block_1_29' title="bbox 2434 1599 3999 1667">
    <p class='ocr_par' dir='ltr' id='par_1_29' title="bbox 2434 1599 3999 1667">
     <span class='ocr_line' id='line_1_29' title="bbox 2434 1599 3999 1667; baseline -0.002 -14"><span class='ocrx_word' id='word_1_204' title='bbox 2434 1599 2598 1654; x_wconf 86' lang='lat' dir='ltr'><strong>modo</strong></span> <span class='ocrx_word' id='word_1_205' title='bbox 2629 1601 2950 1656; x_wconf 88' lang='lat' dir='ltr'><strong>narratione</strong></span> <span class='ocrx_word' id='word_1_206' title='bbox 2989 1601 3154 1655; x_wconf 85' lang='lat' dir='ltr'><strong>veluti</strong></span> <span class='ocrx_word' id='word_1_207' title='bbox 3185 1602 3253 1654; x_wconf 90' lang='lat' dir='ltr'><strong>ab</strong></span> <span class='ocrx_word' id='word_1_208' title='bbox 3285 1601 3408 1655; x_wconf 88' lang='lat' dir='ltr'><strong>aliis</strong></span> <span class='ocrx_word' id='word_1_209' title='bbox 3451 1602 3672 1656; x_wconf 86' lang='lat' dir='ltr'><strong>recitata</strong></span> <span class='ocrx_word' id='word_1_210' title='bbox 3700 1602 3810 1656; x_wconf 87' lang='lat' dir='ltr'><strong>sine</strong></span> <span class='ocrx_word' id='word_1_211' title='bbox 3840 1601 3960 1654; x_wconf 81' lang='lat' dir='ltr'><strong>fuco</strong></span> <span class='ocrx_word' id='word_1_212' title='bbox 3983 1641 3999 1667; x_wconf 88' lang='lat'><strong>,</strong></span> 
     </span>
    </p>
   </div>
   <div class='ocr_carea' id='block_1_30' title="bbox 2433 1695 3998 1766">
    <p class='ocr_par' dir='ltr' id='par_1_30' title="bbox 2433 1695 3998 1766">
     <span class='ocr_line' id='line_1_30' title="bbox 2433 1695 3998 1766; baseline -0.001 -20"><span class='ocrx_word' id='word_1_213' title='bbox 2433 1702 2528 1748; x_wconf 87' lang='lat' dir='ltr'><strong>aut</strong></span> <span class='ocrx_word' id='word_1_214' title='bbox 2558 1695 2919 1750; x_wconf 88' lang='lat' dir='ltr'><strong>contentione</strong></span> <span class='ocrx_word' id='word_1_215' title='bbox 2942 1695 3314 1766; x_wconf 86' lang='lat' dir='ltr'><strong>exposuimus.</strong></span> <span class='ocrx_word' id='word_1_216' title='bbox 3334 1697 3391 1751; x_wconf 87' lang='lat' dir='ltr'><strong>Si</strong></span> <span class='ocrx_word' id='word_1_217' title='bbox 3420 1711 3546 1750; x_wconf 83' lang='lat' dir='ltr'><strong>vero</strong></span> <span class='ocrx_word' id='word_1_218' title='bbox 3569 1695 3789 1750; x_wconf 88' lang='lat' dir='ltr'><strong>aliorum</strong></span> <span class='ocrx_word' id='word_1_219' title='bbox 3817 1696 3998 1762; x_wconf 81' lang='lat' dir='ltr'><strong>Scrip-</strong></span> 
     </span>
    </p>
   </div>
   <div class='ocr_carea' id='block_1_31' title="bbox 2435 1785 4001 1856">
    <p class='ocr_par' dir='ltr' id='par_1_31' title="bbox 2435 1785 4001 1856">
     <span class='ocr_line' id='line_1_31' title="bbox 2435 1785 4001 1856; baseline -0.001 -16"><span class='ocrx_word' id='word_1_220' title='bbox 2435 1795 2615 1842; x_wconf 91' lang='lat' dir='ltr'><strong>torum</strong></span> <span class='ocrx_word' id='word_1_221' title='bbox 2649 1788 2959 1856; x_wconf 87' lang='lat' dir='ltr'><strong>exemplum</strong></span> <span class='ocrx_word' id='word_1_222' title='bbox 2988 1797 3043 1843; x_wconf 90' lang='lat' dir='ltr'><strong>et</strong></span> <span class='ocrx_word' id='word_1_223' title='bbox 3070 1797 3308 1844; x_wconf 89' lang='lat' dir='ltr'><strong>veterem</strong></span> <span class='ocrx_word' id='word_1_224' title='bbox 3357 1787 3802 1842; x_wconf 75' lang='lat' dir='ltr'><strong>Mediolancnsem</strong></span> <span class='ocrx_word' id='word_1_225' title='bbox 3842 1785 4001 1840; x_wconf 71' lang='lat' dir='ltr'><strong>COIII‘</strong></span> 
     </span>
    </p>
   </div>
   <div class='ocr_carea' id='block_1_32' title="bbox 711 1870 4006 1951">
    <p class='ocr_par' dir='ltr' id='par_1_32' title="bbox 711 1870 4006 1951">
     <span class='ocr_line' id='line_1_32' title="bbox 711 1870 4006 1951; baseline 0.001 -26"><span class='ocrx_word' id='word_1_226' title='bbox 711 1870 1080 1943; x_wconf 79' lang='lat' dir='ltr'><strong>llicrooymus</strong></span> <span class='ocrx_word' id='word_1_227' title='bbox 1107 1874 1175 1928; x_wconf 87' lang='lat' dir='ltr'><strong>de</strong></span> <span class='ocrx_word' id='word_1_228' title='bbox 1210 1875 1372 1928; x_wconf 84' lang='lat' dir='ltr'><strong>Prata</strong></span> <span class='ocrx_word' id='word_1_229' title='bbox 1401 1885 1452 1942; x_wconf 79' lang='grc' dir='ltr'><strong>υ,</strong></span> <span class='ocrx_word' id='word_1_230' title='bbox 1483 1877 1788 1932; x_wconf 85' lang='lat' dir='ltr'><strong>Severinus</strong></span> <span class='ocrx_word' id='word_1_231' title='bbox 1821 1877 2008 1931; x_wconf 89' lang='lat' dir='ltr'><strong>Binius</strong></span> <span class='ocrx_word' id='word_1_232' title='bbox 2037 1888 2083 1940; x_wconf 78' lang='grc' dir='ltr'><strong>ν,</strong></span> <span class='ocrx_word' id='word_1_233' title='bbox 2126 1888 2181 1931; x_wconf 88' lang='lat' dir='ltr'><strong>et</strong></span> <span class='ocrx_word' id='word_1_234' title='bbox 2205 1878 2324 1948; x_wconf 89' lang='lat' dir='ltr'><strong>plu-</strong></span> <span class='ocrx_word' id='word_1_235' title='bbox 2358 1877 2400 1936; x_wconf 83' lang='grc' dir='ltr'><strong>Β</strong></span> <span class='ocrx_word' id='word_1_236' title='bbox 2430 1895 2548 1935; x_wconf 89' lang='lat' dir='ltr'><strong>cem</strong></span> <span class='ocrx_word' id='word_1_237' title='bbox 2583 1882 2790 1944; x_wconf 90' lang='lat' dir='ltr'><strong>secuti,</strong></span> <span class='ocrx_word' id='word_1_238' title='bbox 2849 1882 2900 1934; x_wconf 89' lang='lat' dir='ltr'><strong>in</strong></span> <span class='ocrx_word' id='word_1_239' title='bbox 2955 1895 3063 1951; x_wconf 88' lang='lat' dir='ltr'><strong>quo</strong></span> <span class='ocrx_word' id='word_1_240' title='bbox 3088 1881 3358 1948; x_wconf 88' lang='lat' dir='ltr'><strong>descripta</strong></span> <span class='ocrx_word' id='word_1_241' title='bbox 3390 1889 3470 1932; x_wconf 89' lang='lat' dir='ltr'><strong>est</strong></span> <span class='ocrx_word' id='word_1_242' title='bbox 3511 1877 3661 1931; x_wconf 72' lang='lat' dir='ltr'><strong>Fides</strong></span> <span class='ocrx_word' id='word_1_243' title='bbox 3699 1880 3755 1930; x_wconf 74' lang='lat' dir='ltr'><strong>S.</strong></span> <span class='ocrx_word' id='word_1_244' title='bbox 3785 1876 4006 1948; x_wconf 71' lang='lat' dir='ltr'><strong>Luciferi</strong></span> 
     </span>
    </p>
   </div>
   <div class='ocr_carea' id='block_1_33' title="bbox 716 1964 2328 2040">
    <p class='ocr_par' dir='ltr' id='par_1_33' title="bbox 716 1964 2328 2040">
     <span class='ocr_line' id='line_1_33' title="bbox 716 1964 2328 2040; baseline 0.005 -24"><span class='ocrx_word' id='word_1_245' title='bbox 716 1979 804 2018; x_wconf 89' lang='lat' dir='ltr'><strong>res</strong></span> <span class='ocrx_word' id='word_1_246' title='bbox 867 1964 963 2018; x_wconf 92' lang='lat' dir='ltr'><strong>alii</strong></span> <span class='ocrx_word' id='word_1_247' title='bbox 1019 1965 1234 2021; x_wconf 85' lang='lat' dir='ltr'><strong>nobiles</strong></span> <span class='ocrx_word' id='word_1_248' title='bbox 1280 1966 1499 2034; x_wconf 87' lang='lat' dir='ltr'><strong>Critici,</strong></span> <span class='ocrx_word' id='word_1_249' title='bbox 1556 1969 1754 2040; x_wconf 84' lang='lat' dir='ltr'><strong>quibus</strong></span> <span class='ocrx_word' id='word_1_250' title='bbox 1807 1969 1992 2023; x_wconf 74' lang='lat' dir='ltr'><strong>dubia:</strong></span> <span class='ocrx_word' id='word_1_251' title='bbox 2042 1970 2328 2024; x_wconf 74' lang='lat' dir='ltr'><strong>sententia:</strong></span> 
     </span>
    </p>
   </div>
   <div class='ocr_carea' id='block_1_34' title="bbox 717 2056 2328 2131">
    <p class='ocr_par' dir='ltr' id='par_1_34' title="bbox 717 2056 2328 2131">
     <span class='ocr_line' id='line_1_34' title="bbox 717 2056 2328 2131; baseline 0.003 -21"><span class='ocrx_word' id='word_1_252' title='bbox 717 2056 854 2110; x_wconf 90' lang='lat' dir='ltr'><strong>alios</strong></span> <span class='ocrx_word' id='word_1_253' title='bbox 898 2058 1251 2129; x_wconf 79' lang='lat' dir='ltr'><strong>adjungimns</strong></span> <span class='ocrx_word' id='word_1_254' title='bbox 1303 2059 1557 2115; x_wconf 84' lang='lat' dir='ltr'><strong>Rufinum</strong></span> <span class='ocrx_word' id='word_1_255' title='bbox 1599 2073 1653 2116; x_wconf 92' lang='lat' dir='ltr'><strong>et</strong></span> <span class='ocrx_word' id='word_1_256' title='bbox 1701 2061 2007 2131; x_wconf 91' lang='lat' dir='ltr'><strong>Sulpicium</strong></span> <span class='ocrx_word' id='word_1_257' title='bbox 2038 2062 2328 2117; x_wconf 85' lang='lat' dir='ltr'><strong>Severum.</strong></span> 
     </span>
    </p>
   </div>
   <div class='ocr_carea' id='block_1_35' title="bbox 716 2149 2335 2226">
    <p class='ocr_par' dir='ltr' id='par_1_35' title="bbox 716 2149 2335 2226">
     <span class='ocr_line' id='line_1_35' title="bbox 716 2149 2335 2226; baseline 0.007 -26"><span class='ocrx_word' id='word_1_258' title='bbox 716 2149 1184 2220; x_wconf 68' lang='lat' dir='ltr'><strong>Arehiepisc0pus</strong></span> <span class='ocrx_word' id='word_1_259' title='bbox 1211 2152 1498 2207; x_wconf 85' lang='lat' dir='ltr'><strong>Machinus</strong></span> <span class='ocrx_word' id='word_1_260' title='bbox 1523 2153 1717 2224; x_wconf 82' lang='lat' dir='ltr'><strong>grandi</strong></span> <span class='ocrx_word' id='word_1_261' title='bbox 1739 2155 2020 2209; x_wconf 80' lang='lat' dir='ltr'><strong>volumine</strong></span> <span class='ocrx_word' id='word_1_262' title='bbox 2053 2156 2206 2225; x_wconf 90' lang='lat' dir='ltr'><strong>plura</strong></span> <span class='ocrx_word' id='word_1_263' title='bbox 2237 2172 2335 2226; x_wconf 91' lang='lat' dir='ltr'><strong>pro</strong></span> 
     </span>
    </p>
   </div>
   <div class='ocr_carea' id='block_1_36' title="bbox 715 2243 2335 2318">
    <p class='ocr_par' dir='ltr' id='par_1_36' title="bbox 715 2243 2335 2318">
     <span class='ocr_line' id='line_1_36' title="bbox 715 2243 2335 2318; baseline 0.006 -24"><span class='ocrx_word' id='word_1_264' title='bbox 715 2243 919 2298; x_wconf 88' lang='lat' dir='ltr'><strong>tuendo</strong></span> <span class='ocrx_word' id='word_1_265' title='bbox 948 2243 1202 2300; x_wconf 88' lang='lat' dir='ltr'><strong>Lucifero</strong></span> <span class='ocrx_word' id='word_1_266' title='bbox 1238 2247 1537 2317; x_wconf 84' lang='lat' dir='ltr'><strong>congessit,</strong></span> <span class='ocrx_word' id='word_1_267' title='bbox 1575 2257 1806 2317; x_wconf 86' lang='lat' dir='ltr'><strong>actaque</strong></span> <span class='ocrx_word' id='word_1_268' title='bbox 1846 2247 2187 2303; x_wconf 84' lang='lat' dir='ltr'><strong>inventionis</strong></span> <span class='ocrx_word' id='word_1_269' title='bbox 2215 2250 2335 2318; x_wconf 87' lang='lat' dir='ltr'><strong>ejus</strong></span> 
     </span>
    </p>
   </div>
   <div class='ocr_carea' id='block_1_37' title="bbox 715 2338 2336 2413">
    <p class='ocr_par' dir='ltr' id='par_1_37' title="bbox 715 2338 2336 2413">
     <span class='ocr_line' id='line_1_37' title="bbox 715 2338 2336 2413; baseline 0.005 -23"><span class='ocrx_word' id='word_1_270' title='bbox 715 2338 964 2408; x_wconf 86' lang='lat' dir='ltr'><strong>corporis</strong></span> <span class='ocrx_word' id='word_1_271' title='bbox 1034 2339 1179 2411; x_wconf 73' lang='lat' dir='ltr'><strong>(qua:</strong></span> <span class='ocrx_word' id='word_1_272' title='bbox 1203 2350 1259 2395; x_wconf 90' lang='lat' dir='ltr'><strong>et</strong></span> <span class='ocrx_word' id='word_1_273' title='bbox 1304 2339 1716 2410; x_wconf 85' lang='lat' dir='ltr'><strong>Papebrochius</strong></span> <span class='ocrx_word' id='word_1_274' title='bbox 1746 2340 1967 2413; x_wconf 90' lang='lat' dir='ltr'><strong>edidit),</strong></span> <span class='ocrx_word' id='word_1_275' title='bbox 2000 2342 2336 2413; x_wconf 88' lang='lat' dir='ltr'><strong>templorum</strong></span> 
     </span>
    </p>
   </div>
   <div class='ocr_carea' id='block_1_38' title="bbox 792 2499 1972 2573">
    <p class='ocr_par' dir='ltr' id='par_1_38' title="bbox 792 2499 1972 2573">
     <span class='ocr_line' id='line_1_38' title="bbox 792 2499 1972 2573; baseline 0.003 -23"><span class='ocrx_word' id='word_1_276' title='bbox 792 2513 815 2573; x_wconf 68' lang='grc' dir='ltr'>ςι</span> <span class='ocrx_word' id='word_1_277' title='bbox 849 2499 912 2573; x_wconf 51' lang='lat' dir='ltr'><strong>lit</strong></span> <span class='ocrx_word' id='word_1_278' title='bbox 934 2514 999 2553; x_wconf 81' lang='lat' dir='ltr'><strong>ex</strong></span> <span class='ocrx_word' id='word_1_279' title='bbox 1024 2499 1393 2573; x_wconf 81' lang='lat' dir='ltr'><strong>_eo_Petav.l.</strong></span> <span class='ocrx_word' id='word_1_280' title='bbox 1426 2513 1476 2573; x_wconf 89' lang='lat' dir='ltr'><strong>c.</strong></span> <span class='ocrx_word' id='word_1_281' title='bbox 1509 2515 1560 2554; x_wconf 93' lang='lat' dir='ltr'><strong>c.</strong></span> <span class='ocrx_word' id='word_1_282' title='bbox 1597 2500 1651 2555; x_wconf 93' lang='lat'><strong>7.</strong></span> <span class='ocrx_word' id='word_1_283' title='bbox 1689 2516 1812 2573; x_wconf 79' lang='lat' dir='ltr'><strong>pag.</strong></span> <span class='ocrx_word' id='word_1_284' title='bbox 1843 2499 1972 2555; x_wconf 76' lang='grc'>281.</span> 
     </span>
    </p>
   </div>
   <div class='ocr_carea' id='block_1_39' title="bbox 793 2571 1493 2626">
    <p class='ocr_par' dir='ltr' id='par_1_39' title="bbox 793 2571 1493 2626">
     <span class='ocr_line' id='line_1_39' title="bbox 793 2571 1493 2626; baseline 0.003 -2"><span class='ocrx_word' id='word_1_285' title='bbox 793 2571 816 2605; x_wconf 83' lang='grc'><strong>¹’</strong></span> <span class='ocrx_word' id='word_1_286' title='bbox 857 2572 933 2625; x_wconf 88' lang='lat' dir='ltr'><strong>De</strong></span> <span class='ocrx_word' id='word_1_287' title='bbox 957 2571 1074 2624; x_wconf 87' lang='lat' dir='ltr'><strong>reb.</strong></span> <span class='ocrx_word' id='word_1_288' title='bbox 1105 2571 1265 2624; x_wconf 84' lang='lat' dir='ltr'><strong>Sard.</strong></span> <span class='ocrx_word' id='word_1_289' title='bbox 1306 2572 1403 2625; x_wconf 92' lang='lat' dir='ltr'><strong>lib.</strong></span> <span class='ocrx_word' id='word_1_290' title='bbox 1442 2572 1493 2626; x_wconf 94' lang='grc'><strong>1.</strong></span> 
     </span>
    </p>
   </div>
   <div class='ocr_carea' id='block_1_40' title="bbox 794 2641 1747 2698">
    <p class='ocr_par' dir='ltr' id='par_1_40' title="bbox 794 2641 1747 2698">
     <span class='ocr_line' id='line_1_40' title="bbox 794 2641 1747 2698; baseline 0.002 -2"><span class='ocrx_word' id='word_1_291' title='bbox 794 2658 813 2676; x_wconf 50' lang='grc'><strong>·⁴</strong></span> <span class='ocrx_word' id='word_1_292' title='bbox 850 2642 1059 2696; x_wconf 89' lang='lat' dir='ltr'><strong>Chron.</strong></span> <span class='ocrx_word' id='word_1_293' title='bbox 1092 2642 1190 2696; x_wconf 89' lang='lat' dir='ltr'><strong>SS.</strong></span> <span class='ocrx_word' id='word_1_294' title='bbox 1227 2641 1384 2698; x_wconf 90' lang='lat' dir='ltr'><strong>Sard.</strong></span> <span class='ocrx_word' id='word_1_295' title='bbox 1421 2642 1517 2697; x_wconf 90' lang='lat' dir='ltr'><strong>lib.</strong></span> <span class='ocrx_word' id='word_1_296' title='bbox 1550 2642 1585 2695; x_wconf 77' lang='grc'><strong>2</strong></span> <span class='ocrx_word' id='word_1_297' title='bbox 1616 2657 1666 2697; x_wconf 91' lang='lat' dir='ltr'><strong>c.</strong></span> <span class='ocrx_word' id='word_1_298' title='bbox 1693 2643 1747 2698; x_wconf 77' lang='grc' dir='ltr'><strong>ὅ.</strong></span> 
     </span>
    </p>
   </div>
   <div class='ocr_carea' id='block_1_41' title="bbox 789 2712 1712 2770">
    <p class='ocr_par' dir='ltr' id='par_1_41' title="bbox 789 2712 1712 2770">
     <span class='ocr_line' id='line_1_41' title="bbox 789 2712 1712 2770; baseline -0.003 0"><span class='ocrx_word' id='word_1_299' title='bbox 789 2712 811 2748; x_wconf 81' lang='grc'><strong>¹¹</strong></span> <span class='ocrx_word' id='word_1_300' title='bbox 845 2714 1140 2770; x_wconf 87' lang='lat' dir='ltr'><strong>Sauctuar.</strong></span> <span class='ocrx_word' id='word_1_301' title='bbox 1171 2715 1351 2769; x_wconf 88' lang='lat' dir='ltr'><strong>Calar.</strong></span> <span class='ocrx_word' id='word_1_302' title='bbox 1387 2715 1481 2768; x_wconf 92' lang='lat' dir='ltr'><strong>lib.</strong></span> <span class='ocrx_word' id='word_1_303' title='bbox 1507 2715 1543 2768; x_wconf 72' lang='lat'><strong>9.</strong></span> <span class='ocrx_word' id='word_1_304' title='bbox 1574 2731 1625 2769; x_wconf 89' lang='lat' dir='ltr'><strong>c.</strong></span> <span class='ocrx_word' id='word_1_305' title='bbox 1661 2715 1712 2768; x_wconf 97' lang='grc'><strong>1.</strong></span> 
     </span>
    </p>
   </div>
   <div class='ocr_carea' id='block_1_42' title="bbox 796 2785 1768 2842">
    <p class='ocr_par' dir='ltr' id='par_1_42' title="bbox 796 2785 1768 2842">
     <span class='ocr_line' id='line_1_42' title="bbox 796 2785 1768 2842; baseline 0.003 -3"><span class='ocrx_word' id='word_1_306' title='bbox 796 2799 817 2818; x_wconf 86' lang='grc'><strong>·’</strong></span> <span class='ocrx_word' id='word_1_307' title='bbox 847 2788 972 2840; x_wconf 69' lang='lat' dir='ltr'><strong>Act.</strong></span> <span class='ocrx_word' id='word_1_308' title='bbox 1007 2785 1104 2841; x_wconf 83' lang='lat' dir='ltr'><strong>SS.</strong></span> <span class='ocrx_word' id='word_1_309' title='bbox 1143 2796 1182 2839; x_wconf 90' lang='grc' dir='ltr'><strong>ι.</strong></span> <span class='ocrx_word' id='word_1_310' title='bbox 1213 2801 1290 2839; x_wconf 88' lang='lat' dir='ltr'><strong>tv.</strong></span> <span class='ocrx_word' id='word_1_311' title='bbox 1325 2785 1449 2840; x_wconf 82' lang='lat' dir='ltr'><strong>Maii</strong></span> <span class='ocrx_word' id='word_1_312' title='bbox 1483 2786 1548 2840; x_wconf 90' lang='lat' dir='ltr'><strong>ad</strong></span> <span class='ocrx_word' id='word_1_313' title='bbox 1581 2786 1636 2840; x_wconf 91' lang='lat' dir='ltr'><strong>d.</strong></span> <span class='ocrx_word' id='word_1_314' title='bbox 1673 2786 1768 2842; x_wconf 73' lang='lat'><strong>20.</strong></span> 
     </span>
    </p>
   </div>
   <div class='ocr_carea' id='block_1_43' title="bbox 795 2856 2332 2929">
    <p class='ocr_par' dir='ltr' id='par_1_43' title="bbox 795 2856 2332 2929">
     <span class='ocr_line' id='line_1_43' title="bbox 795 2856 2332 2929; baseline 0.004 -19"><span class='ocrx_word' id='word_1_315' title='bbox 795 2856 812 2894; x_wconf 71' lang='grc' dir='ltr'>ί</span> <span class='ocrx_word' id='word_1_316' title='bbox 852 2857 908 2911; x_wconf 90' lang='lat' dir='ltr'><strong>In</strong></span> <span class='ocrx_word' id='word_1_317' title='bbox 964 2868 1079 2913; x_wconf 91' lang='lat' dir='ltr'><strong>not.</strong></span> <span class='ocrx_word' id='word_1_318' title='bbox 1115 2858 1180 2912; x_wconf 90' lang='lat' dir='ltr'><strong>ad</strong></span> <span class='ocrx_word' id='word_1_319' title='bbox 1213 2858 1307 2912; x_wconf 88' lang='lat' dir='ltr'><strong>lib.</strong></span> <span class='ocrx_word' id='word_1_320' title='bbox 1361 2857 1414 2911; x_wconf 84' lang='grc'><strong>4.</strong></span> <span class='ocrx_word' id='word_1_321' title='bbox 1453 2857 1592 2912; x_wconf 83' lang='lat' dir='ltr'><strong>Vict.</strong></span> <span class='ocrx_word' id='word_1_322' title='bbox 1629 2857 1735 2912; x_wconf 76' lang='lat' dir='ltr'><strong>Vit.</strong></span> <span class='ocrx_word' id='word_1_323' title='bbox 1772 2873 1827 2929; x_wconf 93' lang='lat' dir='ltr'><strong>p.</strong></span> <span class='ocrx_word' id='word_1_324' title='bbox 1867 2859 1991 2914; x_wconf 86' lang='lat' dir='ltr'><strong>I88.</strong></span> <span class='ocrx_word' id='word_1_325' title='bbox 2022 2859 2156 2914; x_wconf 88' lang='lat' dir='ltr'><strong>edit.</strong></span> <span class='ocrx_word' id='word_1_326' title='bbox 2190 2861 2332 2916; x_wconf 81' lang='lat' dir='ltr'><strong>Ven.</strong></span> 
     </span>
    </p>
   </div>
   <div class='ocr_carea' id='block_1_44' title="bbox 725 2929 2234 3000">
    <p class='ocr_par' dir='ltr' id='par_1_44' title="bbox 725 2929 2234 3000">
     <span class='ocr_line' id='line_1_44' title="bbox 725 2929 2234 3000; baseline 0.003 -18"><span class='ocrx_word' id='word_1_327' title='bbox 725 2929 886 2984; x_wconf 72' lang='lat'><strong>1732.</strong></span> <span class='ocrx_word' id='word_1_328' title='bbox 915 2941 970 2984; x_wconf 92' lang='lat' dir='ltr'><strong>et</strong></span> <span class='ocrx_word' id='word_1_329' title='bbox 997 2931 1232 2984; x_wconf 71' lang='lat' dir='ltr'><strong>Cmmet.</strong></span> <span class='ocrx_word' id='word_1_330' title='bbox 1269 2932 1424 2984; x_wconf 84' lang='lat' dir='ltr'><strong>Sacr.</strong></span> <span class='ocrx_word' id='word_1_331' title='bbox 1455 2929 1554 2984; x_wconf 88' lang='lat' dir='ltr'><strong>lib.</strong></span> <span class='ocrx_word' id='word_1_332' title='bbox 1589 2929 1642 2984; x_wconf 88' lang='grc'><strong>4.</strong></span> <span class='ocrx_word' id='word_1_333' title='bbox 1681 2947 1731 2998; x_wconf 93' lang='lat' dir='ltr'><strong>p.</strong></span> <span class='ocrx_word' id='word_1_334' title='bbox 1772 2934 1820 2984; x_wconf 96' lang='grc'>1.</span> <span class='ocrx_word' id='word_1_335' title='bbox 1856 2945 1905 2983; x_wconf 94' lang='lat' dir='ltr'><strong>c.</strong></span> <span class='ocrx_word' id='word_1_336' title='bbox 1941 2933 1993 2985; x_wconf 78' lang='lat'><strong>&#39;5.</strong></span> <span class='ocrx_word' id='word_1_337' title='bbox 2024 2946 2075 3000; x_wconf 92' lang='lat' dir='ltr'><strong>p.</strong></span> <span class='ocrx_word' id='word_1_338' title='bbox 2110 2933 2234 2986; x_wconf 75' lang='lat'><strong>366.</strong></span> 
     </span>
    </p>
   </div>
   <div class='ocr_carea' id='block_1_45' title="bbox 732 3001 2333 3126">
    <p class='ocr_par' dir='ltr' id='par_1_45' title="bbox 732 3001 2333 3126">
     <span class='ocr_line' id='line_1_45' title="bbox 732 3001 2333 3126; baseline 0.003 -73"><span class='ocrx_word' id='word_1_339' title='bbox 732 3011 815 3126; x_wconf 68' lang='lat' dir='ltr'><strong>LK</strong></span> <span class='ocrx_word' id='word_1_340' title='bbox 843 3001 1073 3056; x_wconf 85' lang='lat' dir='ltr'><strong>Dissert.</strong></span> <span class='ocrx_word' id='word_1_341' title='bbox 1099 3002 1153 3055; x_wconf 82' lang='grc'><strong>5.</strong></span> <span class='ocrx_word' id='word_1_342' title='bbox 1209 3001 1276 3055; x_wconf 91' lang='lat' dir='ltr'><strong>de</strong></span> <span class='ocrx_word' id='word_1_343' title='bbox 1325 3002 1456 3070; x_wconf 84' lang='lat' dir='ltr'><strong>Syn.</strong></span> <span class='ocrx_word' id='word_1_344' title='bbox 1494 3001 1729 3056; x_wconf 82' lang='lat' dir='ltr'><strong>Arimin.</strong></span> <span class='ocrx_word' id='word_1_345' title='bbox 1767 3018 1820 3055; x_wconf 86' lang='grc' dir='ltr'>ιι.</span> <span class='ocrx_word' id='word_1_346' title='bbox 1850 3001 1940 3056; x_wconf 72' lang='lat'><strong>9.5.</strong></span> <span class='ocrx_word' id='word_1_347' title='bbox 1975 3017 2030 3071; x_wconf 91' lang='lat' dir='ltr'><strong>p.</strong></span> <span class='ocrx_word' id='word_1_348' title='bbox 2075 3003 2165 3058; x_wconf 74' lang='lat'><strong>82.</strong></span> <span class='ocrx_word' id='word_1_349' title='bbox 2199 3005 2333 3060; x_wconf 89' lang='lat' dir='ltr'><strong>edit.</strong></span> 
     </span>
     <span class='ocr_line' id='line_1_46' title="bbox 777 3087 862 3126; baseline 0.012 -1"><span class='ocrx_word' id='word_1_350' title='bbox 777 3087 862 3126; x_wconf 91' lang='lat' dir='ltr'><strong>uc.</strong></span> 
     </span>
    </p>
   </div>
   <div class='ocr_carea' id='block_1_46' title="bbox 777 3087 862 3127">
    <p class='ocr_par' dir='ltr' id='par_1_46' title="bbox 777 3087 862 3127">
     <span class='ocr_line' id='line_1_47' title="bbox 777 3087 862 3127; baseline 0.024 -2"><span class='ocrx_word' id='word_1_351' title='bbox 777 3087 862 3127; x_wconf 84' lang='lat' dir='ltr'><strong>IIC.</strong></span> 
     </span>
    </p>
   </div>
   <div class='ocr_carea' id='block_1_47' title="bbox 794 3143 2148 3203">
    <p class='ocr_par' dir='ltr' id='par_1_47' title="bbox 794 3143 2148 3203">
     <span class='ocr_line' id='line_1_48' title="bbox 794 3143 2148 3203; baseline 0.004 -5"><span class='ocrx_word' id='word_1_352' title='bbox 794 3143 821 3180; x_wconf 69' lang='grc' dir='ltr'><strong>ἰ</strong></span> <span class='ocrx_word' id='word_1_353' title='bbox 851 3145 1039 3200; x_wconf 86' lang='lat' dir='ltr'><strong>Defen.</strong></span> <span class='ocrx_word' id='word_1_354' title='bbox 1072 3144 1259 3201; x_wconf 74' lang='lat' dir='ltr'><strong>Sanct.</strong></span> <span class='ocrx_word' id='word_1_355' title='bbox 1300 3146 1357 3200; x_wconf 90' lang='grc' dir='ltr'><strong>Β.</strong></span> <span class='ocrx_word' id='word_1_356' title='bbox 1396 3144 1571 3199; x_wconf 82' lang='lat' dir='ltr'><strong>Lucil.</strong></span> <span class='ocrx_word' id='word_1_357' title='bbox 1608 3143 1740 3199; x_wconf 89' lang='lat' dir='ltr'><strong>edit.</strong></span> <span class='ocrx_word' id='word_1_358' title='bbox 1770 3143 1949 3202; x_wconf 84' lang='lat' dir='ltr'><strong>Calar.</strong></span> <span class='ocrx_word' id='word_1_359' title='bbox 1988 3147 2148 3203; x_wconf 79' lang='grc'>1609.</span> 
     </span>
    </p>
   </div>
   <div class='ocr_carea' id='block_1_48' title="bbox 802 3217 1644 3287">
    <p class='ocr_par' dir='ltr' id='par_1_48' title="bbox 802 3217 1644 3287">
     <span class='ocr_line' id='line_1_49' title="bbox 802 3217 1644 3287; baseline -0.002 -17"><span class='ocrx_word' id='word_1_360' title='bbox 802 3228 813 3251; x_wconf 74' lang='grc'><strong>⁸</strong></span> <span class='ocrx_word' id='word_1_361' title='bbox 857 3218 912 3271; x_wconf 82' lang='grc' dir='ltr'><strong>Ιιι</strong></span> <span class='ocrx_word' id='word_1_362' title='bbox 945 3217 1069 3271; x_wconf 72' lang='lat' dir='ltr'><strong>Vita</strong></span> <span class='ocrx_word' id='word_1_363' title='bbox 1103 3217 1200 3271; x_wconf 76' lang='lat' dir='ltr'><strong>Ms.</strong></span> <span class='ocrx_word' id='word_1_364' title='bbox 1231 3234 1318 3287; x_wconf 86' lang='lat' dir='ltr'><strong>ap.</strong></span> <span class='ocrx_word' id='word_1_365' title='bbox 1355 3217 1497 3271; x_wconf 88' lang='lat' dir='ltr'><strong>Boll.</strong></span> <span class='ocrx_word' id='word_1_366' title='bbox 1527 3218 1563 3269; x_wconf 96' lang='lat' dir='ltr'><strong>l.</strong></span> <span class='ocrx_word' id='word_1_367' title='bbox 1594 3231 1644 3270; x_wconf 94' lang='lat' dir='ltr'><strong>c.</strong></span> 
     </span>
    </p>
   </div>
   <div class='ocr_carea' id='block_1_49' title="bbox 798 3288 2100 3361">
    <p class='ocr_par' dir='ltr' id='par_1_49' title="bbox 798 3288 2100 3361">
     <span class='ocr_line' id='line_1_50' title="bbox 798 3288 2100 3361; baseline 0.001 -18"><span class='ocrx_word' id='word_1_368' title='bbox 798 3290 812 3336; x_wconf 76' lang='grc'><strong>1</strong></span> <span class='ocrx_word' id='word_1_369' title='bbox 867 3288 942 3361; x_wconf 79' lang='lat' dir='ltr'><strong>De</strong></span> <span class='ocrx_word' id='word_1_370' title='bbox 979 3289 1090 3361; x_wconf 77' lang='lat' dir='ltr'><strong>ltiis</strong></span> <span class='ocrx_word' id='word_1_371' title='bbox 1114 3289 1294 3343; x_wconf 84' lang='lat' dir='ltr'><strong>&#39;I‘tttel.</strong></span> <span class='ocrx_word' id='word_1_372' title='bbox 1321 3289 1455 3342; x_wconf 91' lang='lat' dir='ltr'><strong>Orb.</strong></span> <span class='ocrx_word' id='word_1_373' title='bbox 1487 3289 1618 3341; x_wconf 85' lang='lat' dir='ltr'><strong>Chr.</strong></span> <span class='ocrx_word' id='word_1_374' title='bbox 1659 3305 1710 3357; x_wconf 89' lang='lat' dir='ltr'><strong>p.</strong></span> <span class='ocrx_word' id='word_1_375' title='bbox 1736 3288 1865 3342; x_wconf 75' lang='grc'><strong>215.</strong></span> <span class='ocrx_word' id='word_1_376' title='bbox 1900 3302 1954 3346; x_wconf 89' lang='lat' dir='ltr'><strong>et</strong></span> <span class='ocrx_word' id='word_1_377' title='bbox 1985 3307 2100 3361; x_wconf 82' lang='lat' dir='ltr'><strong>seq.</strong></span> 
     </span>
    </p>
   </div>
   <div class='ocr_carea' id='block_1_50' title="bbox 796 3359 1628 3429">
    <p class='ocr_par' dir='ltr' id='par_1_50' title="bbox 796 3359 1628 3429">
     <span class='ocr_line' id='line_1_51' title="bbox 796 3359 1628 3429; baseline -0.004 -14"><span class='ocrx_word' id='word_1_378' title='bbox 796 3361 819 3429; x_wconf 51' lang='grc' dir='ltr'><strong>ε</strong></span> <span class='ocrx_word' id='word_1_379' title='bbox 853 3359 1029 3414; x_wconf 88' lang='lat' dir='ltr'><strong>Catal.</strong></span> <span class='ocrx_word' id='word_1_380' title='bbox 1065 3359 1167 3416; x_wconf 89' lang='lat' dir='ltr'><strong>SS.</strong></span> <span class='ocrx_word' id='word_1_381' title='bbox 1198 3361 1266 3417; x_wconf 89' lang='grc'>18</span> <span class='ocrx_word' id='word_1_382' title='bbox 1293 3361 1420 3415; x_wconf 87' lang='lat' dir='ltr'><strong>.Inn.</strong></span> <span class='ocrx_word' id='word_1_383' title='bbox 1458 3375 1511 3429; x_wconf 91' lang='lat' dir='ltr'><strong>p.</strong></span> <span class='ocrx_word' id='word_1_384' title='bbox 1539 3360 1628 3414; x_wconf 75' lang='lat'><strong>55.</strong></span> 
     </span>
    </p>
   </div>
   <div class='ocr_carea' id='block_1_51' title="bbox 800 3427 2332 3501">
    <p class='ocr_par' dir='ltr' id='par_1_51' title="bbox 800 3427 2332 3501">
     <span class='ocr_line' id='line_1_52' title="bbox 800 3427 2332 3501; baseline 0.005 -16"><span class='ocrx_word' id='word_1_385' title='bbox 800 3427 812 3466; x_wconf 87' lang='grc'>¹</span> <span class='ocrx_word' id='word_1_386' title='bbox 854 3431 999 3501; x_wconf 85' lang='lat' dir='ltr'><strong>Epit.</strong></span> <span class='ocrx_word' id='word_1_387' title='bbox 1034 3433 1236 3487; x_wconf 80' lang='lat' dir='ltr'><strong>Annal.</strong></span> <span class='ocrx_word' id='word_1_388' title='bbox 1279 3427 1480 3487; x_wconf 40' lang='lat' dir='ltr'><strong>Baron&#39;.</strong></span> <span class='ocrx_word' id='word_1_389' title='bbox 1535 3431 1603 3485; x_wconf 85' lang='lat' dir='ltr'><strong>ad</strong></span> <span class='ocrx_word' id='word_1_390' title='bbox 1655 3446 1744 3487; x_wconf 90' lang='lat' dir='ltr'><strong>an.</strong></span> <span class='ocrx_word' id='word_1_391' title='bbox 1781 3433 1908 3489; x_wconf 75' lang='lat'><strong>562.</strong></span> <span class='ocrx_word' id='word_1_392' title='bbox 1966 3435 2100 3490; x_wconf 88' lang='lat' dir='ltr'><strong>edit.</strong></span> <span class='ocrx_word' id='word_1_393' title='bbox 2158 3436 2332 3493; x_wconf 87' lang='lat' dir='ltr'><strong>Paris.</strong></span> 
     </span>
    </p>
   </div>
   <div class='ocr_carea' id='block_1_52' title="bbox 728 3501 1149 3572">
    <p class='ocr_par' dir='ltr' id='par_1_52' title="bbox 728 3501 1149 3572">
     <span class='ocr_line' id='line_1_53' title="bbox 728 3501 1149 3572; baseline 0.002 -16"><span class='ocrx_word' id='word_1_394' title='bbox 728 3505 753 3556; x_wconf 94' lang='grc'>1</span> <span class='ocrx_word' id='word_1_395' title='bbox 768 3501 896 3567; x_wconf 70' lang='lat'><strong>022,</strong></span> <span class='ocrx_word' id='word_1_396' title='bbox 933 3519 986 3572; x_wconf 90' lang='lat' dir='ltr'><strong>p.</strong></span> <span class='ocrx_word' id='word_1_397' title='bbox 1021 3503 1149 3559; x_wconf 75' lang='grc'>461.</span> 
     </span>
    </p>
   </div>
   <div class='ocr_carea' id='block_1_53' title="bbox 729 3577 2336 3710">
    <p class='ocr_par' dir='ltr' id='par_1_53' title="bbox 729 3577 2336 3710">
     <span class='ocr_line' id='line_1_54' title="bbox 729 3577 2336 3710; baseline 0.003 -81"><span class='ocrx_word' id='word_1_398' title='bbox 729 3585 865 3710; x_wconf 56' lang='lat'><strong>“:1</strong></span> <span class='ocrx_word' id='word_1_399' title='bbox 885 3577 1003 3631; x_wconf 92' lang='lat' dir='ltr'><strong>Lib.</strong></span> <span class='ocrx_word' id='word_1_400' title='bbox 1061 3579 1112 3630; x_wconf 94' lang='grc'><strong>1.</strong></span> <span class='ocrx_word' id='word_1_401' title='bbox 1164 3577 1232 3631; x_wconf 88' lang='lat' dir='ltr'><strong>de</strong></span> <span class='ocrx_word' id='word_1_402' title='bbox 1262 3577 1318 3632; x_wconf 89' lang='lat' dir='ltr'><strong>S.</strong></span> <span class='ocrx_word' id='word_1_403' title='bbox 1354 3577 1554 3647; x_wconf 85' lang='lat' dir='ltr'><strong>Satyro</strong></span> <span class='ocrx_word' id='word_1_404' title='bbox 1603 3585 1735 3630; x_wconf 93' lang='lat' dir='ltr'><strong>tom.</strong></span> <span class='ocrx_word' id='word_1_405' title='bbox 1792 3578 1845 3631; x_wconf 70' lang='lat'><strong>2.</strong></span> <span class='ocrx_word' id='word_1_406' title='bbox 1881 3579 1982 3648; x_wconf 89' lang='lat' dir='ltr'><strong>Op.</strong></span> <span class='ocrx_word' id='word_1_407' title='bbox 2021 3595 2076 3634; x_wconf 92' lang='lat' dir='ltr'><strong>n.</strong></span> <span class='ocrx_word' id='word_1_408' title='bbox 2107 3581 2196 3634; x_wconf 83' lang='grc'>47.</span> <span class='ocrx_word' id='word_1_409' title='bbox 2229 3583 2336 3636; x_wconf 90' lang='lat' dir='ltr'><strong>col.</strong></span> 
     </span>
    </p>
   </div>
   <div class='ocr_carea' id='block_1_54' title="bbox 796 3719 1672 3789">
    <p class='ocr_par' dir='ltr' id='par_1_54' title="bbox 796 3719 1672 3789">
     <span class='ocr_line' id='line_1_55' title="bbox 796 3719 1672 3789; baseline 0.001 -15"><span class='ocrx_word' id='word_1_410' title='bbox 796 3728 819 3752; x_wconf 82' lang='lat'>&quot;</span> <span class='ocrx_word' id='word_1_411' title='bbox 846 3720 950 3787; x_wconf 90' lang='lat' dir='ltr'><strong>Op.</strong></span> <span class='ocrx_word' id='word_1_412' title='bbox 987 3729 1025 3772; x_wconf 85' lang='grc' dir='ltr'>ι.</span> <span class='ocrx_word' id='word_1_413' title='bbox 1057 3719 1110 3773; x_wconf 73' lang='lat'><strong>2.</strong></span> <span class='ocrx_word' id='word_1_414' title='bbox 1148 3721 1287 3789; x_wconf 87' lang='lat' dir='ltr'><strong>epis.</strong></span> <span class='ocrx_word' id='word_1_415' title='bbox 1325 3721 1449 3775; x_wconf 72' lang='grc'>185.</span> <span class='ocrx_word' id='word_1_416' title='bbox 1475 3720 1546 3773; x_wconf 90' lang='lat' dir='ltr'><strong>al.</strong></span> <span class='ocrx_word' id='word_1_417' title='bbox 1581 3720 1672 3775; x_wconf 83' lang='lat'><strong>50.</strong></span> 
     </span>
    </p>
   </div>
   <div class='ocr_carea' id='block_1_55' title="bbox 796 3790 2336 3862">
    <p class='ocr_par' dir='ltr' id='par_1_55' title="bbox 796 3790 2336 3862">
     <span class='ocr_line' id='line_1_56' title="bbox 796 3790 2336 3862; baseline 0.005 -18"><span class='ocrx_word' id='word_1_418' title='bbox 796 3798 819 3822; x_wconf 77' lang='grc'><strong>⁸</strong></span> <span class='ocrx_word' id='word_1_419' title='bbox 855 3790 930 3846; x_wconf 87' lang='lat' dir='ltr'><strong>De</strong></span> <span class='ocrx_word' id='word_1_420' title='bbox 958 3791 1236 3862; x_wconf 26' lang='lat' dir='ltr'><strong>Origalib.</strong></span> <span class='ocrx_word' id='word_1_421' title='bbox 1270 3793 1322 3847; x_wconf 92' lang='lat'><strong>8.</strong></span> <span class='ocrx_word' id='word_1_422' title='bbox 1353 3807 1404 3845; x_wconf 88' lang='lat' dir='ltr'><strong>c.</strong></span> <span class='ocrx_word' id='word_1_423' title='bbox 1438 3791 1490 3845; x_wconf 80' lang='lat'><strong>5.</strong></span> <span class='ocrx_word' id='word_1_424' title='bbox 1530 3809 1580 3856; x_wconf 73' lang='grc' dir='ltr'><strong>ῃ.</strong></span> <span class='ocrx_word' id='word_1_425' title='bbox 1618 3793 1738 3847; x_wconf 74' lang='grc'><strong>105.</strong></span> <span class='ocrx_word' id='word_1_426' title='bbox 1773 3793 1904 3848; x_wconf 89' lang='lat' dir='ltr'><strong>edit.</strong></span> <span class='ocrx_word' id='word_1_427' title='bbox 1940 3795 2118 3852; x_wconf 89' lang='lat' dir='ltr'><strong>Paris.</strong></span> <span class='ocrx_word' id='word_1_428' title='bbox 2178 3799 2336 3852; x_wconf 81' lang='grc'><strong>1001.</strong></span> 
     </span>
    </p>
   </div>
   <div class='ocr_carea' id='block_1_56' title="bbox 797 3861 1636 3918">
    <p class='ocr_par' dir='ltr' id='par_1_56' title="bbox 797 3861 1636 3918">
     <span class='ocr_line' id='line_1_57' title="bbox 797 3861 1636 3918; baseline 0 -2"><span class='ocrx_word' id='word_1_429' title='bbox 797 3871 823 3909; x_wconf 71' lang='grc' dir='ltr'><strong>ι’</strong></span> <span class='ocrx_word' id='word_1_430' title='bbox 855 3862 937 3916; x_wconf 79' lang='lat' dir='ltr'><strong>Ad</strong></span> <span class='ocrx_word' id='word_1_431' title='bbox 968 3861 1222 3918; x_wconf 50' lang='lat' dir='ltr'><strong>anIChr.</strong></span> <span class='ocrx_word' id='word_1_432' title='bbox 1255 3863 1382 3917; x_wconf 76' lang='lat'><strong>562.</strong></span> <span class='ocrx_word' id='word_1_433' title='bbox 1417 3879 1470 3916; x_wconf 91' lang='grc' dir='ltr'>ιι.</span> <span class='ocrx_word' id='word_1_434' title='bbox 1507 3863 1636 3916; x_wconf 64' lang='grc'><strong>⁸225.</strong></span> 
     </span>
    </p>
   </div>
   <div class='ocr_carea' id='block_1_57' title="bbox 798 3931 2031 3993">
    <p class='ocr_par' dir='ltr' id='par_1_57' title="bbox 798 3931 2031 3993">
     <span class='ocr_line' id='line_1_58' title="bbox 798 3931 2031 3993; baseline 0.003 -5"><span class='ocrx_word' id='word_1_435' title='bbox 798 3943 822 3981; x_wconf 73' lang='grc' dir='ltr'><strong>(ι</strong></span> <span class='ocrx_word' id='word_1_436' title='bbox 847 3931 910 3988; x_wconf 89' lang='grc' dir='ltr'><strong>Τ.</strong></span> <span class='ocrx_word' id='word_1_437' title='bbox 945 3950 1018 3988; x_wconf 85' lang='lat' dir='ltr'><strong>tv.</strong></span> <span class='ocrx_word' id='word_1_438' title='bbox 1057 3934 1198 3988; x_wconf 83' lang='lat' dir='ltr'><strong>Hist.</strong></span> <span class='ocrx_word' id='word_1_439' title='bbox 1225 3935 1364 3990; x_wconf 91' lang='lat' dir='ltr'><strong>eccl.</strong></span> <span class='ocrx_word' id='word_1_440' title='bbox 1393 3949 1520 3988; x_wconf 69' lang='lat' dir='ltr'><strong>saec.</strong></span> <span class='ocrx_word' id='word_1_441' title='bbox 1551 3936 1604 3988; x_wconf 74' lang='lat' dir='ltr'><strong>.I.</strong></span> <span class='ocrx_word' id='word_1_442' title='bbox 1637 3950 1685 3989; x_wconf 93' lang='lat' dir='ltr'><strong>c.</strong></span> <span class='ocrx_word' id='word_1_443' title='bbox 1715 3937 1768 3990; x_wconf 83' lang='lat'><strong>5.</strong></span> <span class='ocrx_word' id='word_1_444' title='bbox 1802 3947 1907 3992; x_wconf 90' lang='lat' dir='ltr'><strong>art.</strong></span> <span class='ocrx_word' id='word_1_445' title='bbox 1943 3939 2031 3993; x_wconf 84' lang='grc'><strong>15.</strong></span> 
     </span>
    </p>
   </div>
   <div class='ocr_carea' id='block_1_58' title="bbox 728 4004 2335 4130">
    <p class='ocr_par' dir='ltr' id='par_1_58' title="bbox 728 4004 2335 4130">
     <span class='ocr_line' id='line_1_59' title="bbox 728 4004 2335 4130; baseline 0.006 -73"><span class='ocrx_word' id='word_1_446' title='bbox 728 4004 909 4130; x_wconf 51' lang='grc' dir='ltr'><strong>Πὲξ.</strong></span> <span class='ocrx_word' id='word_1_447' title='bbox 946 4006 1204 4062; x_wconf 86' lang='lat' dir='ltr'><strong>vntllist.</strong></span> <span class='ocrx_word' id='word_1_448' title='bbox 1243 4007 1381 4062; x_wconf 90' lang='lat' dir='ltr'><strong>eccl.</strong></span> <span class='ocrx_word' id='word_1_449' title='bbox 1433 4023 1490 4060; x_wconf 94' lang='lat' dir='ltr'><strong>n.</strong></span> <span class='ocrx_word' id='word_1_450' title='bbox 1549 4006 1601 4060; x_wconf 79' lang='grc'>1.</span> <span class='ocrx_word' id='word_1_451' title='bbox 1640 4023 1764 4079; x_wconf 83' lang='lat' dir='ltr'><strong>pag.</strong></span> <span class='ocrx_word' id='word_1_452' title='bbox 1821 4007 1947 4064; x_wconf 84' lang='grc'>764.</span> <span class='ocrx_word' id='word_1_453' title='bbox 2005 4012 2142 4067; x_wconf 91' lang='lat' dir='ltr'><strong>edit.</strong></span> <span class='ocrx_word' id='word_1_454' title='bbox 2200 4011 2335 4066; x_wconf 83' lang='lat' dir='ltr'><strong>Ven.</strong></span> 
     </span>
    </p>
   </div>
   <div class='ocr_carea' id='block_1_59' title="bbox 792 4149 2132 4222">
    <p class='ocr_par' dir='ltr' id='par_1_59' title="bbox 792 4149 2132 4222">
     <span class='ocr_line' id='line_1_60' title="bbox 792 4149 2132 4222; baseline 0.005 -20"><span class='ocrx_word' id='word_1_455' title='bbox 792 4157 812 4182; x_wconf 67' lang='grc'>⁸</span> <span class='ocrx_word' id='word_1_456' title='bbox 849 4149 1050 4222; x_wconf 68' lang='lat' dir='ltr'><strong>Atlver.</strong></span> <span class='ocrx_word' id='word_1_457' title='bbox 1080 4150 1250 4222; x_wconf 83' lang='lat' dir='ltr'><strong>_Vind.</strong></span> <span class='ocrx_word' id='word_1_458' title='bbox 1286 4149 1453 4222; x_wconf 86' lang='lat' dir='ltr'><strong>Cypr.</strong></span> <span class='ocrx_word' id='word_1_459' title='bbox 1482 4149 1707 4207; x_wconf 90' lang='lat' dir='ltr'><strong>dissert.</strong></span> <span class='ocrx_word' id='word_1_460' title='bbox 1742 4153 1792 4205; x_wconf 92' lang='grc'>1.</span> <span class='ocrx_word' id='word_1_461' title='bbox 1826 4168 1876 4207; x_wconf 93' lang='lat' dir='ltr'><strong>c.</strong></span> <span class='ocrx_word' id='word_1_462' title='bbox 1908 4154 1958 4208; x_wconf 91' lang='grc'>1.</span> <span class='ocrx_word' id='word_1_463' title='bbox 1996 4171 2050 4207; x_wconf 93' lang='lat' dir='ltr'><strong>n.</strong></span> <span class='ocrx_word' id='word_1_464' title='bbox 2077 4155 2132 4209; x_wconf 73' lang='lat'><strong>9..</strong></span> 
     </span>
    </p>
   </div>
   <div class='ocr_carea' id='block_1_60' title="bbox 803 4220 2333 4330">
    <p class='ocr_par' dir='ltr' id='par_1_60' title="bbox 803 4220 2333 4330">
     <span class='ocr_line' id='line_1_61' title="bbox 803 4220 2333 4295; baseline 0.007 -21"><span class='ocrx_word' id='word_1_465' title='bbox 803 4224 820 4256; x_wconf 72' lang='grc'>⁸</span> <span class='ocrx_word' id='word_1_466' title='bbox 875 4221 1017 4275; x_wconf 90' lang='lat' dir='ltr'><strong>Ilist.</strong></span> <span class='ocrx_word' id='word_1_467' title='bbox 1066 4220 1235 4277; x_wconf 88' lang='lat' dir='ltr'><strong>Conc.</strong></span> <span class='ocrx_word' id='word_1_468' title='bbox 1269 4220 1693 4295; x_wconf 73' lang='lat' dir='ltr'><strong>Cdnstantinop.</strong></span> <span class='ocrx_word' id='word_1_469' title='bbox 1729 4225 1768 4278; x_wconf 95' lang='grc' dir='ltr'>Ι.</span> <span class='ocrx_word' id='word_1_470' title='bbox 1813 4226 1864 4280; x_wconf 90' lang='lat' dir='ltr'><strong>in</strong></span> <span class='ocrx_word' id='word_1_471' title='bbox 1897 4225 2131 4282; x_wconf 85' lang='lat' dir='ltr'><strong>Collect.</strong></span> <span class='ocrx_word' id='word_1_472' title='bbox 2165 4227 2333 4284; x_wconf 69' lang='lat' dir='ltr'><strong>(Ione.</strong></span> 
     </span>
     <span class='ocr_line' id='line_1_62' title="bbox 803 4292 1566 4330; baseline 0 0"><span class='ocrx_word' id='word_1_473' title='bbox 803 4307 832 4330; x_wconf 67' lang='lat' dir='ltr'><strong>o</strong></span> <span class='ocrx_word' id='word_1_474' title='bbox 898 4292 1036 4330; x_wconf 64' lang='lat' dir='ltr'><strong>mea</strong></span> <span class='ocrx_word' id='word_1_475' title='bbox 1089 4296 1196 4330; x_wconf 72' lang='grc' dir='ltr'>...ιίι</span> <span class='ocrx_word' id='word_1_476' title='bbox 1257 4294 1371 4330; x_wconf 75' lang='grc' dir='ltr'><strong>νο..</strong></span> <span class='ocrx_word' id='word_1_477' title='bbox 1424 4294 1566 4330; x_wconf 59' lang='lat' dir='ltr'><strong>non</strong></span> 
     </span>
    </p>
   </div>
   <div class='ocr_carea' id='block_1_61' title="bbox 731 4293 2334 4445">
    <p class='ocr_par' dir='ltr' id='par_1_61' title="bbox 731 4293 2334 4445">
     <span class='ocr_line' id='line_1_63' title="bbox 731 4293 1650 4361; baseline 0.005 -18"><span class='ocrx_word' id='word_1_478' title='bbox 731 4307 852 4361; x_wconf 83' lang='lat' dir='ltr'><strong>pag.</strong></span> <span class='ocrx_word' id='word_1_479' title='bbox 898 4293 1055 4347; x_wconf 72' lang='lat' dir='ltr'><strong>l092.</strong></span> <span class='ocrx_word' id='word_1_480' title='bbox 1089 4296 1221 4347; x_wconf 88' lang='lat' dir='ltr'><strong>edit.</strong></span> <span class='ocrx_word' id='word_1_481' title='bbox 1257 4294 1393 4348; x_wconf 86' lang='lat' dir='ltr'><strong>Ven.</strong></span> <span class='ocrx_word' id='word_1_482' title='bbox 1424 4294 1588 4350; x_wconf 69' lang='lat'><strong>17:28.</strong></span> <span class='ocrx_word' id='word_1_483' title='bbox 1643 4293 1650 4295; x_wconf 49' lang='grc'>⁷</span> 
     </span>
     <span class='ocr_line' id='line_1_64' title="bbox 791 4364 2334 4445; baseline 0.008 -29"><span class='ocrx_word' id='word_1_484' title='bbox 791 4374 824 4445; x_wconf 74' lang='lat'><strong>_“_</strong></span> <span class='ocrx_word' id='word_1_485' title='bbox 859 4364 1058 4445; x_wconf 49' lang='lat' dir='ltr'><strong>Innnot.</strong></span> <span class='ocrx_word' id='word_1_486' title='bbox 1093 4365 1397 4445; x_wconf 45' lang='lat' dir='ltr'><strong>ad_Sn.lpic.</strong></span> <span class='ocrx_word' id='word_1_487' title='bbox 1427 4366 1613 4421; x_wconf 84' lang='lat' dir='ltr'><strong>Sever.</strong></span> <span class='ocrx_word' id='word_1_488' title='bbox 1663 4377 1797 4422; x_wconf 92' lang='lat' dir='ltr'><strong>tom.</strong></span> <span class='ocrx_word' id='word_1_489' title='bbox 1832 4369 1889 4425; x_wconf 72' lang='lat'><strong>2.</strong></span> <span class='ocrx_word' id='word_1_490' title='bbox 1941 4371 1978 4425; x_wconf 94' lang='lat' dir='ltr'><strong>l.</strong></span> <span class='ocrx_word' id='word_1_491' title='bbox 2019 4370 2070 4424; x_wconf 71' lang='lat'><strong>9..</strong></span> <span class='ocrx_word' id='word_1_492' title='bbox 2118 4388 2171 4443; x_wconf 92' lang='lat' dir='ltr'><strong>p.</strong></span> <span class='ocrx_word' id='word_1_493' title='bbox 2204 4371 2334 4428; x_wconf 65' lang='lat'><strong>245.</strong></span> 
     </span>
    </p>
   </div>
   <div class='ocr_carea' id='block_1_62' title="bbox 727 4435 1297 4491">
    <p class='ocr_par' dir='ltr' id='par_1_62' title="bbox 727 4435 1297 4491">
     <span class='ocr_line' id='line_1_65' title="bbox 727 4435 1297 4491; baseline 0 -1"><span class='ocrx_word' id='word_1_494' title='bbox 727 4435 870 4490; x_wconf 66' lang='lat' dir='ltr'><strong>&quot;dit.</strong></span> <span class='ocrx_word' id='word_1_495' title='bbox 908 4435 1106 4491; x_wconf 82' lang='lat' dir='ltr'><strong>Veron.</strong></span> <span class='ocrx_word' id='word_1_496' title='bbox 1139 4435 1297 4491; x_wconf 81' lang='grc'>1754.</span> 
     </span>
    </p>
   </div>
   <div class='ocr_carea' id='block_1_63' title="bbox 2438 1967 4003 2044">
    <p class='ocr_par' dir='ltr' id='par_1_63' title="bbox 2438 1967 4003 2044">
     <span class='ocr_line' id='line_1_66' title="bbox 2438 1967 4003 2044; baseline -0.001 -21"><span class='ocrx_word' id='word_1_497' title='bbox 2438 1970 2722 2044; x_wconf 81' lang='lat' dir='ltr'><strong>EpiscOpi,</strong></span> <span class='ocrx_word' id='word_1_498' title='bbox 2758 1971 2810 2026; x_wconf 90' lang='lat' dir='ltr'><strong>in</strong></span> <span class='ocrx_word' id='word_1_499' title='bbox 2848 1973 2966 2043; x_wconf 87' lang='lat' dir='ltr'><strong>ipso</strong></span> <span class='ocrx_word' id='word_1_500' title='bbox 2987 1974 3226 2043; x_wconf 89' lang='lat' dir='ltr'><strong>Opermn</strong></span> <span class='ocrx_word' id='word_1_501' title='bbox 3273 1973 3426 2026; x_wconf 90' lang='lat' dir='ltr'><strong>initio</strong></span> <span class='ocrx_word' id='word_1_502' title='bbox 3474 1981 3526 2025; x_wconf 90' lang='lat' dir='ltr'><strong>et</strong></span> <span class='ocrx_word' id='word_1_503' title='bbox 3575 1970 3832 2040; x_wconf 86' lang='lat' dir='ltr'><strong>cujusque</strong></span> <span class='ocrx_word' id='word_1_504' title='bbox 3885 1967 4003 2022; x_wconf 81' lang='lat' dir='ltr'><strong>IIIlI&#39;I</strong></span> 
     </span>
    </p>
   </div>
   <div class='ocr_carea' id='block_1_64' title="bbox 2437 2064 4004 2137">
    <p class='ocr_par' dir='ltr' id='par_1_64' title="bbox 2437 2064 4004 2137">
     <span class='ocr_line' id='line_1_67' title="bbox 2437 2064 4004 2137; baseline -0.003 -19"><span class='ocrx_word' id='word_1_505' title='bbox 2437 2064 2595 2120; x_wconf 89' lang='lat' dir='ltr'><strong>titulo</strong></span> <span class='ocrx_word' id='word_1_506' title='bbox 2661 2064 2843 2121; x_wconf 81' lang='lat' dir='ltr'><strong>Sancti</strong></span> <span class='ocrx_word' id='word_1_507' title='bbox 2895 2065 3325 2137; x_wconf 89' lang='lat' dir='ltr'><strong>appellationem</strong></span> <span class='ocrx_word' id='word_1_508' title='bbox 3383 2065 3633 2119; x_wconf 89' lang='lat' dir='ltr'><strong>Lucifero</strong></span> <span class='ocrx_word' id='word_1_509' title='bbox 3691 2064 4004 2125; x_wconf 72' lang='lat' dir='ltr'><strong>tribuimus,</strong></span> 
     </span>
    </p>
   </div>
   <div class='ocr_carea' id='block_1_65' title="bbox 2434 2156 4007 2228">
    <p class='ocr_par' dir='ltr' id='par_1_65' title="bbox 2434 2156 4007 2228">
     <span class='ocr_line' id='line_1_68' title="bbox 2434 2156 4007 2228; baseline -0.002 -16"><span class='ocrx_word' id='word_1_510' title='bbox 2434 2157 2574 2214; x_wconf 82' lang='lat' dir='ltr'><strong>hanc</strong></span> <span class='ocrx_word' id='word_1_511' title='bbox 2613 2174 2681 2214; x_wconf 83' lang='lat' dir='ltr'><strong>eo</strong></span> <span class='ocrx_word' id='word_1_512' title='bbox 2725 2159 3010 2214; x_wconf 72' lang='lat' dir='ltr'><strong>dumtaxztt</strong></span> <span class='ocrx_word' id='word_1_513' title='bbox 3052 2174 3217 2215; x_wconf 87' lang='lat' dir='ltr'><strong>sensu</strong></span> <span class='ocrx_word' id='word_1_514' title='bbox 3269 2159 3524 2215; x_wconf 88' lang='lat' dir='ltr'><strong>tributam</strong></span> <span class='ocrx_word' id='word_1_515' title='bbox 3558 2157 3889 2228; x_wconf 86' lang='lat' dir='ltr'><strong>profitemur,</strong></span> <span class='ocrx_word' id='word_1_516' title='bbox 3921 2156 4007 2224; x_wconf 91' lang='lat' dir='ltr'><strong>qui</strong></span> 
     </span>
    </p>
   </div>
   <div class='ocr_carea' id='block_1_66' title="bbox 2439 2249 4010 2326">
    <p class='ocr_par' dir='ltr' id='par_1_66' title="bbox 2439 2249 4010 2326">
     <span class='ocr_line' id='line_1_69' title="bbox 2439 2249 4010 2326; baseline -0.004 -16"><span class='ocrx_word' id='word_1_517' title='bbox 2439 2270 2563 2310; x_wconf 91' lang='lat' dir='ltr'><strong>cum</strong></span> <span class='ocrx_word' id='word_1_518' title='bbox 2615 2253 2971 2326; x_wconf 77' lang='lat' dir='ltr'><strong>pracvulgatis</strong></span> <span class='ocrx_word' id='word_1_519' title='bbox 3025 2254 3123 2310; x_wconf 91' lang='lat' dir='ltr'><strong>hac</strong></span> <span class='ocrx_word' id='word_1_520' title='bbox 3161 2253 3228 2310; x_wconf 87' lang='lat' dir='ltr'><strong>de</strong></span> <span class='ocrx_word' id='word_1_521' title='bbox 3264 2270 3321 2310; x_wconf 92' lang='lat' dir='ltr'><strong>re</strong></span> <span class='ocrx_word' id='word_1_522' title='bbox 3371 2253 3611 2325; x_wconf 85' lang='lat' dir='ltr'><strong>ejusdem</strong></span> <span class='ocrx_word' id='word_1_523' title='bbox 3662 2252 3854 2309; x_wconf 82' lang='lat' dir='ltr'><strong>Urbani</strong></span> <span class='ocrx_word' id='word_1_524' title='bbox 3907 2249 4010 2305; x_wconf 77' lang='lat' dir='ltr'><strong>VIII</strong></span> 
     </span>
    </p>
   </div>
   <div class='ocr_carea' id='block_1_67' title="bbox 2439 2347 3252 2419">
    <p class='ocr_par' dir='ltr' id='par_1_67' title="bbox 2439 2347 3252 2419">
     <span class='ocr_line' id='line_1_70' title="bbox 2439 2347 3252 2419; baseline -0.002 -15"><span class='ocrx_word' id='word_1_525' title='bbox 2439 2347 2676 2404; x_wconf 91' lang='lat' dir='ltr'><strong>decretis</strong></span> <span class='ocrx_word' id='word_1_526' title='bbox 2705 2349 2932 2404; x_wconf 87' lang='lat' dir='ltr'><strong>omnino</strong></span> <span class='ocrx_word' id='word_1_527' title='bbox 2966 2357 3252 2419; x_wconf 83' lang='lat' dir='ltr'><strong>congruat.</strong></span> 
     </span>
    </p>
   </div>
   <div class='ocr_carea' id='block_1_68' title="bbox 2519 2505 4008 2564">
    <p class='ocr_par' dir='ltr' id='par_1_68' title="bbox 2519 2505 4008 2564">
     <span class='ocr_line' id='line_1_71' title="bbox 2519 2505 4008 2564; baseline 0 -3"><span class='ocrx_word' id='word_1_528' title='bbox 2519 2517 2543 2542; x_wconf 83' lang='grc' dir='ltr'>ν</span> <span class='ocrx_word' id='word_1_529' title='bbox 2571 2507 2651 2561; x_wconf 81' lang='lat' dir='ltr'><strong>Ad</strong></span> <span class='ocrx_word' id='word_1_530' title='bbox 2687 2505 2794 2562; x_wconf 82' lang='lat' dir='ltr'><strong>Vit.</strong></span> <span class='ocrx_word' id='word_1_531' title='bbox 2842 2506 2900 2562; x_wconf 93' lang='lat' dir='ltr'><strong>S.</strong></span> <span class='ocrx_word' id='word_1_532' title='bbox 2935 2507 3135 2563; x_wconf 89' lang='lat' dir='ltr'><strong>Liberii</strong></span> <span class='ocrx_word' id='word_1_533' title='bbox 3169 2506 3229 2562; x_wconf 86' lang='grc' dir='ltr'>Ρ.</span> <span class='ocrx_word' id='word_1_534' title='bbox 3264 2523 3328 2564; x_wconf 81' lang='lat' dir='ltr'><strong>ex</strong></span> <span class='ocrx_word' id='word_1_535' title='bbox 3362 2507 3453 2562; x_wconf 89' lang='lat' dir='ltr'><strong>lib.</strong></span> <span class='ocrx_word' id='word_1_536' title='bbox 3490 2508 3682 2564; x_wconf 89' lang='lat' dir='ltr'><strong>Pontif.</strong></span> <span class='ocrx_word' id='word_1_537' title='bbox 3716 2507 3923 2563; x_wconf 86' lang='lat' dir='ltr'><strong>Damasi</strong></span> <span class='ocrx_word' id='word_1_538' title='bbox 3957 2509 4008 2563; x_wconf 92' lang='lat' dir='ltr'><strong>P.</strong></span> 
     </span>
    </p>
   </div>
   <div class='ocr_carea' id='block_1_69' title="bbox 2446 2577 3106 2635">
    <p class='ocr_par' dir='ltr' id='par_1_69' title="bbox 2446 2577 3106 2635">
     <span class='ocr_line' id='line_1_72' title="bbox 2446 2577 3106 2635; baseline 0.003 -5"><span class='ocrx_word' id='word_1_539' title='bbox 2446 2587 2487 2630; x_wconf 95' lang='lat' dir='ltr'><strong>t.</strong></span> <span class='ocrx_word' id='word_1_540' title='bbox 2522 2577 2578 2635; x_wconf 77' lang='grc'><strong>2.</strong></span> <span class='ocrx_word' id='word_1_541' title='bbox 2607 2577 2820 2633; x_wconf 89' lang='lat' dir='ltr'><strong>Concil.</strong></span> <span class='ocrx_word' id='word_1_542' title='bbox 2851 2578 2984 2634; x_wconf 87' lang='lat' dir='ltr'><strong>edit.</strong></span> <span class='ocrx_word' id='word_1_543' title='bbox 3013 2581 3106 2634; x_wconf 93' lang='lat' dir='ltr'><strong>cit.</strong></span> 
     </span>
    </p>
   </div>
   <div class='ocr_carea' id='block_1_70' title="bbox 2518 2649 4008 2708">
    <p class='ocr_par' dir='ltr' id='par_1_70' title="bbox 2518 2649 4008 2708">
     <span class='ocr_line' id='line_1_73' title="bbox 2518 2649 4008 2708; baseline 0.003 -5"><span class='ocrx_word' id='word_1_544' title='bbox 2518 2658 2541 2685; x_wconf 74' lang='grc' dir='ltr'><strong>ι</strong></span> <span class='ocrx_word' id='word_1_545' title='bbox 2597 2649 2738 2705; x_wconf 85' lang='lat' dir='ltr'><strong>Vict.</strong></span> <span class='ocrx_word' id='word_1_546' title='bbox 2784 2651 2960 2706; x_wconf 71' lang='lat' dir='ltr'><strong>Viten.</strong></span> <span class='ocrx_word' id='word_1_547' title='bbox 2994 2653 3044 2705; x_wconf 92' lang='lat' dir='ltr'><strong>in</strong></span> <span class='ocrx_word' id='word_1_548' title='bbox 3070 2650 3198 2707; x_wconf 87' lang='lat' dir='ltr'><strong>Not.</strong></span> <span class='ocrx_word' id='word_1_549' title='bbox 3227 2649 3419 2706; x_wconf 63' lang='lat' dir='ltr'><strong>Africae</strong></span> <span class='ocrx_word' id='word_1_550' title='bbox 3445 2652 3508 2707; x_wconf 87' lang='lat' dir='ltr'><strong>ad</strong></span> <span class='ocrx_word' id='word_1_551' title='bbox 3543 2653 3787 2708; x_wconf 89' lang='lat' dir='ltr'><strong>Provinc.</strong></span> <span class='ocrx_word' id='word_1_552' title='bbox 3834 2651 4008 2708; x_wconf 89' lang='lat' dir='ltr'><strong>Sard..</strong></span> 
     </span>
    </p>
   </div>
   <div class='ocr_carea' id='block_1_71' title="bbox 2442 2723 4014 2793">
    <p class='ocr_par' dir='ltr' id='par_1_71' title="bbox 2442 2723 4014 2793">
     <span class='ocr_line' id='line_1_74' title="bbox 2442 2723 4014 2793; baseline 0.002 -21"><span class='ocrx_word' id='word_1_553' title='bbox 2442 2735 2563 2790; x_wconf 81' lang='lat' dir='ltr'><strong>qme</strong></span> <span class='ocrx_word' id='word_1_554' title='bbox 2591 2737 2717 2776; x_wconf 66' lang='lat' dir='ltr'><strong>srec.</strong></span> <span class='ocrx_word' id='word_1_555' title='bbox 2751 2738 2828 2776; x_wconf 77' lang='lat' dir='ltr'><strong>rx.</strong></span> <span class='ocrx_word' id='word_1_556' title='bbox 2859 2731 2999 2778; x_wconf 91' lang='lat' dir='ltr'><strong>teste</strong></span> <span class='ocrx_word' id='word_1_557' title='bbox 3022 2723 3205 2779; x_wconf 88' lang='lat' dir='ltr'><strong>Leone</strong></span> <span class='ocrx_word' id='word_1_558' title='bbox 3234 2723 3484 2793; x_wconf 85' lang='lat' dir='ltr'><strong>Sapiente</strong></span> <span class='ocrx_word' id='word_1_559' title='bbox 3506 2725 3568 2778; x_wconf 89' lang='lat' dir='ltr'><strong>ad</strong></span> <span class='ocrx_word' id='word_1_560' title='bbox 3598 2726 3827 2779; x_wconf 84' lang='lat' dir='ltr'><strong>Africam</strong></span> <span class='ocrx_word' id='word_1_561' title='bbox 3853 2728 4014 2791; x_wconf 78' lang='lat' dir='ltr'><strong>perti-</strong></span> 
     </span>
    </p>
   </div>
   <div class='ocr_carea' id='block_1_72' title="bbox 2443 2794 4013 2863">
    <p class='ocr_par' dir='ltr' id='par_1_72' title="bbox 2443 2794 4013 2863">
     <span class='ocr_line' id='line_1_75' title="bbox 2443 2794 4013 2863; baseline 0 -17"><span class='ocrx_word' id='word_1_562' title='bbox 2443 2794 2629 2857; x_wconf 82' lang='lat' dir='ltr'><strong>nebat,</strong></span> <span class='ocrx_word' id='word_1_563' title='bbox 2687 2794 2916 2863; x_wconf 77' lang='lat' dir='ltr'><strong>ejusque</strong></span> <span class='ocrx_word' id='word_1_564' title='bbox 2973 2795 3287 2863; x_wconf 79' lang='lat' dir='ltr'><strong>Metropolis</strong></span> <span class='ocrx_word' id='word_1_565' title='bbox 3334 2794 3537 2851; x_wconf 86' lang='lat' dir='ltr'><strong>Calaris</strong></span> <span class='ocrx_word' id='word_1_566' title='bbox 3592 2799 3729 2849; x_wconf 92' lang='lat' dir='ltr'><strong>inter</strong></span> <span class='ocrx_word' id='word_1_567' title='bbox 3772 2795 4013 2848; x_wconf 78' lang='lat' dir='ltr'><strong>civitates</strong></span> 
     </span>
    </p>
   </div>
   <div class='ocr_carea' id='block_1_73' title="bbox 2451 2865 4012 2935">
    <p class='ocr_par' dir='ltr' id='par_1_73' title="bbox 2451 2865 4012 2935">
     <span class='ocr_line' id='line_1_76' title="bbox 2451 2865 4012 2935; baseline -0.001 -17"><span class='ocrx_word' id='word_1_568' title='bbox 2451 2865 2788 2919; x_wconf 65' lang='lat' dir='ltr'><strong>Mauritania:</strong></span> <span class='ocrx_word' id='word_1_569' title='bbox 2816 2868 3081 2920; x_wconf 77' lang='lat' dir='ltr'><strong>Secundze</strong></span> <span class='ocrx_word' id='word_1_570' title='bbox 3117 2867 3518 2930; x_wconf 81' lang='lat' dir='ltr'><strong>reccnsebatur,</strong></span> <span class='ocrx_word' id='word_1_571' title='bbox 3543 2869 3634 2921; x_wconf 82' lang='lat' dir='ltr'><strong>sub</strong></span> <span class='ocrx_word' id='word_1_572' title='bbox 3653 2869 4012 2935; x_wconf 72' lang='lat' dir='ltr'><strong>gloriosissimo</strong></span> 
     </span>
    </p>
   </div>
   <div class='ocr_carea' id='block_1_74' title="bbox 2451 2935 4012 3007">
    <p class='ocr_par' dir='ltr' id='par_1_74' title="bbox 2451 2935 4012 3007">
     <span class='ocr_line' id='line_1_77' title="bbox 2451 2935 4012 3007; baseline 0.001 -19"><span class='ocrx_word' id='word_1_573' title='bbox 2451 2935 2641 3004; x_wconf 75' lang='lat' dir='ltr'><strong>Africa:</strong></span> <span class='ocrx_word' id='word_1_574' title='bbox 2689 2935 2954 3007; x_wconf 79' lang='lat' dir='ltr'><strong>Eparclto.</strong></span> <span class='ocrx_word' id='word_1_575' title='bbox 2993 2937 3149 2992; x_wconf 81' lang='lat' dir='ltr'><strong>Anno</strong></span> <span class='ocrx_word' id='word_1_576' title='bbox 3180 2937 3304 3002; x_wconf 77' lang='grc'>481,</span> <span class='ocrx_word' id='word_1_577' title='bbox 3338 2949 3613 3006; x_wconf 76' lang='lat' dir='ltr'><strong>postquam</strong></span> <span class='ocrx_word' id='word_1_578' title='bbox 3645 2940 4012 3004; x_wconf 73' lang='lat' dir='ltr'><strong>Carthaginem</strong></span> 
     </span>
    </p>
   </div>
   <div class='ocr_carea' id='block_1_75' title="bbox 2449 3008 4012 3076">
    <p class='ocr_par' dir='ltr' id='par_1_75' title="bbox 2449 3008 4012 3076">
     <span class='ocr_line' id='line_1_78' title="bbox 2449 3008 4012 3076; baseline 0.001 -16"><span class='ocrx_word' id='word_1_579' title='bbox 2449 3009 2623 3061; x_wconf 82' lang='lat' dir='ltr'><strong>vocati</strong></span> <span class='ocrx_word' id='word_1_580' title='bbox 2674 3020 2937 3064; x_wconf 86' lang='lat' dir='ltr'><strong>venerant</strong></span> <span class='ocrx_word' id='word_1_581' title='bbox 2987 3008 3254 3064; x_wconf 76' lang='lat' dir='ltr'><strong>Catholici</strong></span> <span class='ocrx_word' id='word_1_582' title='bbox 3287 3009 3525 3065; x_wconf 86' lang='lat' dir='ltr'><strong>Africani</strong></span> <span class='ocrx_word' id='word_1_583' title='bbox 3581 3009 3853 3076; x_wconf 72' lang='lat' dir='ltr'><strong>Episcorii,</strong></span> <span class='ocrx_word' id='word_1_584' title='bbox 3883 3025 4012 3076; x_wconf 82' lang='lat' dir='ltr'><strong>quos</strong></span> 
     </span>
    </p>
   </div>
   <div class='ocr_carea' id='block_1_76' title="bbox 2450 3080 4013 3150">
    <p class='ocr_par' dir='ltr' id='par_1_76' title="bbox 2450 3080 4013 3150">
     <span class='ocr_line' id='line_1_79' title="bbox 2450 3080 4013 3150; baseline -0.003 -16"><span class='ocrx_word' id='word_1_585' title='bbox 2450 3081 2592 3134; x_wconf 92' lang='lat' dir='ltr'><strong>inter</strong></span> <span class='ocrx_word' id='word_1_586' title='bbox 2621 3080 2857 3141; x_wconf 89' lang='lat' dir='ltr'><strong>Lucifer,</strong></span> <span class='ocrx_word' id='word_1_587' title='bbox 2886 3083 2937 3135; x_wconf 91' lang='lat' dir='ltr'><strong>in</strong></span> <span class='ocrx_word' id='word_1_588' title='bbox 2970 3083 3218 3135; x_wconf 82' lang='lat' dir='ltr'><strong>exsilium</strong></span> <span class='ocrx_word' id='word_1_589' title='bbox 3248 3081 3398 3135; x_wconf 76' lang='lat' dir='ltr'><strong>missi</strong></span> <span class='ocrx_word' id='word_1_590' title='bbox 3430 3092 3572 3145; x_wconf 88' lang='lat' dir='ltr'><strong>sunt,</strong></span> <span class='ocrx_word' id='word_1_591' title='bbox 3598 3091 3650 3135; x_wconf 89' lang='lat' dir='ltr'><strong>ut</strong></span> <span class='ocrx_word' id='word_1_592' title='bbox 3680 3082 3816 3150; x_wconf 83' lang='lat' dir='ltr'><strong>ligna</strong></span> <span class='ocrx_word' id='word_1_593' title='bbox 3843 3086 4013 3150; x_wconf 72' lang='lat' dir='ltr'><strong>profit-</strong></span> 
     </span>
    </p>
   </div>
   <div class='ocr_carea' id='block_1_77' title="bbox 2450 3153 4010 3222">
    <p class='ocr_par' dir='ltr' id='par_1_77' title="bbox 2450 3153 4010 3222">
     <span class='ocr_line' id='line_1_80' title="bbox 2450 3153 4010 3222; baseline -0.001 -18"><span class='ocrx_word' id='word_1_594' title='bbox 2450 3162 2568 3204; x_wconf 87' lang='lat' dir='ltr'><strong>tnra</strong></span> <span class='ocrx_word' id='word_1_595' title='bbox 2598 3154 2814 3205; x_wconf 78' lang='lat' dir='ltr'><strong>navibus</strong></span> <span class='ocrx_word' id='word_1_596' title='bbox 2844 3153 3117 3206; x_wconf 76' lang='lat' dir='ltr'><strong>dominicis</strong></span> <span class='ocrx_word' id='word_1_597' title='bbox 3136 3154 3401 3206; x_wconf 70' lang='lat' dir='ltr'><strong>crederent.</strong></span> <span class='ocrx_word' id='word_1_598' title='bbox 3431 3154 3522 3207; x_wconf 84' lang='lat' dir='ltr'><strong>llis</strong></span> <span class='ocrx_word' id='word_1_599' title='bbox 3547 3163 3780 3222; x_wconf 79' lang='lat' dir='ltr'><strong>egestate</strong></span> <span class='ocrx_word' id='word_1_600' title='bbox 3811 3169 4010 3205; x_wconf 86' lang='lat' dir='ltr'><strong>summa</strong></span> 
     </span>
    </p>
   </div>
   <div class='ocr_carea' id='block_1_78' title="bbox 2450 3223 4012 3296">
    <p class='ocr_par' dir='ltr' id='par_1_78' title="bbox 2450 3223 4012 3296">
     <span class='ocr_line' id='line_1_81' title="bbox 2450 3223 4012 3296; baseline -0.001 -18"><span class='ocrx_word' id='word_1_601' title='bbox 2450 3234 2503 3278; x_wconf 89' lang='lat' dir='ltr'><strong>et</strong></span> <span class='ocrx_word' id='word_1_602' title='bbox 2534 3234 2612 3278; x_wconf 88' lang='lat' dir='ltr'><strong>tot</strong></span> <span class='ocrx_word' id='word_1_603' title='bbox 2640 3226 2897 3279; x_wconf 82' lang='lat' dir='ltr'><strong>:erutnnis</strong></span> <span class='ocrx_word' id='word_1_604' title='bbox 2927 3226 3205 3294; x_wconf 55' lang='lat' dir='ltr'><strong>oppressis</strong></span> <span class='ocrx_word' id='word_1_605' title='bbox 3233 3227 3288 3279; x_wconf 77' lang='grc' dir='ltr'><strong>ὃ.</strong></span> <span class='ocrx_word' id='word_1_606' title='bbox 3320 3223 3667 3296; x_wconf 87' lang='lat' dir='ltr'><strong>Symmachus</strong></span> <span class='ocrx_word' id='word_1_607' title='bbox 3697 3225 3752 3278; x_wconf 85' lang='lat' dir='ltr'><strong>P.</strong></span> <span class='ocrx_word' id='word_1_608' title='bbox 3788 3224 3855 3278; x_wconf 73' lang='grc' dir='ltr'><strong>Μ.</strong></span> <span class='ocrx_word' id='word_1_609' title='bbox 3883 3239 4012 3293; x_wconf 83' lang='lat' dir='ltr'><strong>quu-</strong></span> 
     </span>
    </p>
   </div>
   <div class='ocr_carea' id='block_1_79' title="bbox 2452 3297 4009 3364">
    <p class='ocr_par' dir='ltr' id='par_1_79' title="bbox 2452 3297 4009 3364">
     <span class='ocr_line' id='line_1_82' title="bbox 2452 3297 4009 3364; baseline -0.002 -15"><span class='ocrx_word' id='word_1_610' title='bbox 2452 3299 2632 3349; x_wconf 88' lang='lat' dir='ltr'><strong>tannis</strong></span> <span class='ocrx_word' id='word_1_611' title='bbox 2663 3299 2908 3364; x_wconf 80' lang='lat' dir='ltr'><strong>pecunias</strong></span> <span class='ocrx_word' id='word_1_612' title='bbox 2958 3308 3005 3350; x_wconf 84' lang='lat' dir='ltr'><strong>et</strong></span> <span class='ocrx_word' id='word_1_613' title='bbox 3055 3307 3214 3352; x_wconf 74' lang='lat' dir='ltr'><strong>vestes</strong></span> <span class='ocrx_word' id='word_1_614' title='bbox 3242 3297 3578 3362; x_wconf 76' lang='lat' dir='ltr'><strong>ministrabat,</strong></span> <span class='ocrx_word' id='word_1_615' title='bbox 3615 3309 3668 3351; x_wconf 91' lang='lat' dir='ltr'><strong>ttt</strong></span> <span class='ocrx_word' id='word_1_616' title='bbox 3694 3297 3764 3349; x_wconf 87' lang='lat' dir='ltr'><strong>ait</strong></span> <span class='ocrx_word' id='word_1_617' title='bbox 3795 3297 4009 3349; x_wconf 71' lang='lat' dir='ltr'><strong>Anasta-</strong></span> 
     </span>
    </p>
   </div>
   <div class='ocr_carea' id='block_1_80' title="bbox 2451 3368 3262 3437">
    <p class='ocr_par' dir='ltr' id='par_1_80' title="bbox 2451 3368 3262 3437">
     <span class='ocr_line' id='line_1_83' title="bbox 2451 3368 3262 3437; baseline -0.001 -16"><span class='ocrx_word' id='word_1_618' title='bbox 2451 3369 2564 3421; x_wconf 89' lang='lat' dir='ltr'><strong>sius</strong></span> <span class='ocrx_word' id='word_1_619' title='bbox 2596 3369 2851 3422; x_wconf 79' lang='lat' dir='ltr'><strong>Btblioth.</strong></span> <span class='ocrx_word' id='word_1_620' title='bbox 2888 3379 2926 3423; x_wconf 89' lang='lat' dir='ltr'><strong>t.</strong></span> <span class='ocrx_word' id='word_1_621' title='bbox 2960 3371 3013 3424; x_wconf 81' lang='grc'><strong>5.</strong></span> <span class='ocrx_word' id='word_1_622' title='bbox 3049 3387 3100 3437; x_wconf 94' lang='lat' dir='ltr'><strong>p.</strong></span> <span class='ocrx_word' id='word_1_623' title='bbox 3135 3368 3262 3422; x_wconf 66' lang='lat'><strong>2&#39;22.</strong></span> 
     </span>
    </p>
   </div>
   <div class='ocr_carea' id='block_1_81' title="bbox 2519 3439 4014 3511">
    <p class='ocr_par' dir='ltr' id='par_1_81' title="bbox 2519 3439 4014 3511">
     <span class='ocr_line' id='line_1_84' title="bbox 2519 3439 4014 3511; baseline -0.003 -17"><span class='ocrx_word' id='word_1_624' title='bbox 2519 3449 2543 3486; x_wconf 69' lang='grc' dir='ltr'><strong>-ν</strong></span> <span class='ocrx_word' id='word_1_625' title='bbox 2595 3441 2755 3495; x_wconf 87' lang='lat' dir='ltr'><strong>Sard.</strong></span> <span class='ocrx_word' id='word_1_626' title='bbox 2803 3441 2957 3496; x_wconf 82' lang='lat' dir='ltr'><strong>Sacr.</strong></span> <span class='ocrx_word' id='word_1_627' title='bbox 3013 3441 3114 3495; x_wconf 92' lang='lat' dir='ltr'><strong>Ioc.</strong></span> <span class='ocrx_word' id='word_1_628' title='bbox 3167 3442 3259 3493; x_wconf 89' lang='lat' dir='ltr'><strong>cit.</strong></span> <span class='ocrx_word' id='word_1_629' title='bbox 3311 3439 3422 3511; x_wconf 77' lang='lat' dir='ltr'><strong>Ego</strong></span> <span class='ocrx_word' id='word_1_630' title='bbox 3459 3441 3659 3510; x_wconf 80' lang='lat' dir='ltr'><strong>singula</strong></span> <span class='ocrx_word' id='word_1_631' title='bbox 3714 3441 3817 3492; x_wconf 75' lang='lat' dir='ltr'><strong>lucc</strong></span> <span class='ocrx_word' id='word_1_632' title='bbox 3862 3455 4014 3503; x_wconf 83' lang='lat' dir='ltr'><strong>neque</strong></span> 
     </span>
    </p>
   </div>
   <div class='ocr_carea' id='block_1_82' title="bbox 2448 3512 4013 3581">
    <p class='ocr_par' dir='ltr' id='par_1_82' title="bbox 2448 3512 4013 3581">
     <span class='ocr_line' id='line_1_85' title="bbox 2448 3512 4013 3581; baseline -0.002 -17"><span class='ocrx_word' id='word_1_633' title='bbox 2448 3512 2630 3578; x_wconf 85' lang='lat' dir='ltr'><strong>probo,</strong></span> <span class='ocrx_word' id='word_1_634' title='bbox 2661 3529 2821 3581; x_wconf 82' lang='lat' dir='ltr'><strong>neque</strong></span> <span class='ocrx_word' id='word_1_635' title='bbox 2849 3529 3061 3581; x_wconf 76' lang='lat' dir='ltr'><strong>respuo,</strong></span> <span class='ocrx_word' id='word_1_636' title='bbox 3095 3513 3181 3565; x_wconf 78' lang='lat' dir='ltr'><strong>sed</strong></span> <span class='ocrx_word' id='word_1_637' title='bbox 3211 3513 3456 3564; x_wconf 77' lang='lat' dir='ltr'><strong>historica</strong></span> <span class='ocrx_word' id='word_1_638' title='bbox 3494 3523 3684 3564; x_wconf 85' lang='lat' dir='ltr'><strong>tantum.</strong></span> <span class='ocrx_word' id='word_1_639' title='bbox 3732 3514 4013 3562; x_wconf 79' lang='lat' dir='ltr'><strong>narratione</strong></span> 
     </span>
    </p>
   </div>
   <div class='ocr_carea' id='block_1_83' title="bbox 2445 3581 4011 3649">
    <p class='ocr_par' dir='ltr' id='par_1_83' title="bbox 2445 3581 4011 3649">
     <span class='ocr_line' id='line_1_86' title="bbox 2445 3581 4011 3649; baseline -0.003 -13"><span class='ocrx_word' id='word_1_640' title='bbox 2445 3585 2604 3636; x_wconf 82' lang='lat' dir='ltr'><strong>veluti</strong></span> <span class='ocrx_word' id='word_1_641' title='bbox 2627 3585 2690 3637; x_wconf 89' lang='lat' dir='ltr'><strong>ab</strong></span> <span class='ocrx_word' id='word_1_642' title='bbox 2713 3585 2836 3637; x_wconf 83' lang='lat' dir='ltr'><strong>aliis</strong></span> <span class='ocrx_word' id='word_1_643' title='bbox 2864 3587 3080 3638; x_wconf 87' lang='lat' dir='ltr'><strong>recitata</strong></span> <span class='ocrx_word' id='word_1_644' title='bbox 3104 3599 3324 3649; x_wconf 79' lang='lat' dir='ltr'><strong>expono.</strong></span> <span class='ocrx_word' id='word_1_645' title='bbox 3357 3581 3545 3636; x_wconf 85' lang='lat' dir='ltr'><strong>Fatear</strong></span> <span class='ocrx_word' id='word_1_646' title='bbox 3573 3585 3702 3636; x_wconf 84' lang='lat' dir='ltr'><strong>enim</strong></span> <span class='ocrx_word' id='word_1_647' title='bbox 3724 3599 3796 3634; x_wconf 84' lang='lat' dir='ltr'><strong>me</strong></span> <span class='ocrx_word' id='word_1_648' title='bbox 3825 3597 4011 3634; x_wconf 66' lang='lat' dir='ltr'><strong>Snnmta</strong></span> 
     </span>
    </p>
   </div>
   <div class='ocr_carea' id='block_1_84' title="bbox 2445 3651 4005 3725">
    <p class='ocr_par' dir='ltr' id='par_1_84' title="bbox 2445 3651 4005 3725">
     <span class='ocr_line' id='line_1_87' title="bbox 2445 3651 4005 3725; baseline -0.004 -17"><span class='ocrx_word' id='word_1_649' title='bbox 2445 3656 2686 3725; x_wconf 72' lang='lat' dir='ltr'><strong>prosequi</strong></span> <span class='ocrx_word' id='word_1_650' title='bbox 2717 3658 3040 3710; x_wconf 81' lang='lat' dir='ltr'><strong>veneratione</strong></span> <span class='ocrx_word' id='word_1_651' title='bbox 3092 3654 3382 3717; x_wconf 72' lang='lat' dir='ltr'><strong>Decretum,</strong></span> <span class='ocrx_word' id='word_1_652' title='bbox 3427 3671 3527 3721; x_wconf 81' lang='lat' dir='ltr'><strong>quo</strong></span> <span class='ocrx_word' id='word_1_653' title='bbox 3587 3653 3819 3725; x_wconf 70' lang='lat' dir='ltr'><strong>Urbanus</strong></span> <span class='ocrx_word' id='word_1_654' title='bbox 3875 3651 4005 3703; x_wconf 79' lang='grc' dir='ltr'><strong>ΠΗ</strong></span> 
     </span>
    </p>
   </div>
   <div class='ocr_carea' id='block_1_85' title="bbox 2445 3724 4006 3798">
    <p class='ocr_par' dir='ltr' id='par_1_85' title="bbox 2445 3724 4006 3798">
     <span class='ocr_line' id='line_1_88' title="bbox 2445 3724 4006 3798; baseline -0.006 -17"><span class='ocrx_word' id='word_1_655' title='bbox 2445 3724 2532 3781; x_wconf 86' lang='lat' dir='ltr'><strong>an.</strong></span> <span class='ocrx_word' id='word_1_656' title='bbox 2564 3727 2725 3783; x_wconf 82' lang='grc'>1641.</span> <span class='ocrx_word' id='word_1_657' title='bbox 2760 3729 2843 3781; x_wconf 81' lang='lat' dir='ltr'><strong>die</strong></span> <span class='ocrx_word' id='word_1_658' title='bbox 2881 3728 2949 3784; x_wconf 70' lang='lat' dir='ltr'><strong>2t)</strong></span> <span class='ocrx_word' id='word_1_659' title='bbox 2989 3729 3132 3798; x_wconf 83' lang='lat' dir='ltr'><strong>jnnii</strong></span> <span class='ocrx_word' id='word_1_660' title='bbox 3158 3727 3395 3798; x_wconf 72' lang='lat' dir='ltr'><strong>prazcepit</strong></span> <span class='ocrx_word' id='word_1_661' title='bbox 3434 3725 3676 3781; x_wconf 86' lang='lat' dir='ltr'><strong>omnibus</strong></span> <span class='ocrx_word' id='word_1_662' title='bbox 3697 3734 3748 3779; x_wconf 88' lang='lat' dir='ltr'><strong>et</strong></span> <span class='ocrx_word' id='word_1_663' title='bbox 3774 3724 4006 3792; x_wconf 72' lang='lat' dir='ltr'><strong>singulis,</strong></span> 
     </span>
    </p>
   </div>
   <div class='ocr_carea' id='block_1_86' title="bbox 2446 3797 4006 3868">
    <p class='ocr_par' dir='ltr' id='par_1_86' title="bbox 2446 3797 4006 3868">
     <span class='ocr_line' id='line_1_89' title="bbox 2446 3797 4006 3868; baseline -0.005 -15"><span class='ocrx_word' id='word_1_664' title='bbox 2446 3808 2552 3853; x_wconf 75' lang='lat' dir='ltr'><strong>etc.</strong></span> <span class='ocrx_word' id='word_1_665' title='bbox 2605 3817 2670 3854; x_wconf 88' lang='lat' dir='ltr'><strong>ne</strong></span> <span class='ocrx_word' id='word_1_666' title='bbox 2733 3797 3085 3868; x_wconf 32' lang='lat' dir='ltr'><strong>imposter’um</strong></span> <span class='ocrx_word' id='word_1_667' title='bbox 3136 3797 3310 3852; x_wconf 85' lang='lat' dir='ltr'><strong>donec</strong></span> <span class='ocrx_word' id='word_1_668' title='bbox 3339 3816 3366 3850; x_wconf 91' lang='lat' dir='ltr'><strong>a</strong></span> <span class='ocrx_word' id='word_1_669' title='bbox 3409 3798 3699 3852; x_wconf 85' lang='lat' dir='ltr'><strong>Sanctitate</strong></span> <span class='ocrx_word' id='word_1_670' title='bbox 3753 3811 3844 3849; x_wconf 87' lang='lat' dir='ltr'><strong>sua</strong></span> <span class='ocrx_word' id='word_1_671' title='bbox 3873 3836 3886 3857; x_wconf 94' lang='lat'><strong>,</strong></span> <span class='ocrx_word' id='word_1_672' title='bbox 3932 3799 4006 3846; x_wconf 65' lang='lat' dir='ltr'><strong>vel</strong></span> 
     </span>
    </p>
   </div>
   <div class='ocr_carea' id='block_1_87' title="bbox 2450 3868 4006 3933">
    <p class='ocr_par' dir='ltr' id='par_1_87' title="bbox 2450 3868 4006 3933">
     <span class='ocr_line' id='line_1_90' title="bbox 2450 3868 4006 3933; baseline -0.003 -10"><span class='ocrx_word' id='word_1_673' title='bbox 2450 3881 2635 3926; x_wconf 89' lang='lat' dir='ltr'><strong>sancta</strong></span> <span class='ocrx_word' id='word_1_674' title='bbox 2668 3872 2813 3926; x_wconf 85' lang='lat' dir='ltr'><strong>Sede</strong></span> <span class='ocrx_word' id='word_1_675' title='bbox 2855 3871 3022 3924; x_wconf 90' lang='lat' dir='ltr'><strong>fuerit</strong></span> <span class='ocrx_word' id='word_1_676' title='bbox 3061 3871 3220 3926; x_wconf 86' lang='lat' dir='ltr'><strong>aliter</strong></span> <span class='ocrx_word' id='word_1_677' title='bbox 3257 3869 3582 3929; x_wconf 88' lang='lat' dir='ltr'><strong>ordinatum,</strong></span> <span class='ocrx_word' id='word_1_678' title='bbox 3610 3868 4006 3933; x_wconf 77' lang='lat' dir='ltr'><strong>andeantsuper</strong></span> 
     </span>
    </p>
   </div>
   <div class='ocr_carea' id='block_1_88' title="bbox 2452 3939 4005 4007">
    <p class='ocr_par' dir='ltr' id='par_1_88' title="bbox 2452 3939 4005 4007">
     <span class='ocr_line' id='line_1_91' title="bbox 2452 3939 4005 4007; baseline -0.005 -10"><span class='ocrx_word' id='word_1_679' title='bbox 2452 3943 2688 3997; x_wconf 90' lang='lat' dir='ltr'><strong>Luciferi</strong></span> <span class='ocrx_word' id='word_1_680' title='bbox 2747 3944 3059 4003; x_wconf 85' lang='lat' dir='ltr'><strong>sanctitate,</strong></span> <span class='ocrx_word' id='word_1_681' title='bbox 3103 3943 3273 4002; x_wconf 90' lang='lat' dir='ltr'><strong>cultu.</strong></span> <span class='ocrx_word' id='word_1_682' title='bbox 3324 3956 3384 3994; x_wconf 88' lang='lat' dir='ltr'><strong>ac</strong></span> <span class='ocrx_word' id='word_1_683' title='bbox 3422 3941 3759 3994; x_wconf 86' lang='lat' dir='ltr'><strong>veneratione</strong></span> <span class='ocrx_word' id='word_1_684' title='bbox 3809 3939 4005 4007; x_wconf 77' lang='lat' dir='ltr'><strong>publice</strong></span> 
     </span>
    </p>
   </div>
   <div class='ocr_carea' id='block_1_89' title="bbox 2453 4011 4004 4082">
    <p class='ocr_par' dir='ltr' id='par_1_89' title="bbox 2453 4011 4004 4082">
     <span class='ocr_line' id='line_1_92' title="bbox 2453 4011 4004 4082; baseline -0.008 -13"><span class='ocrx_word' id='word_1_685' title='bbox 2453 4025 2713 4080; x_wconf 85' lang='lat' dir='ltr'><strong>tractare,</strong></span> <span class='ocrx_word' id='word_1_686' title='bbox 2768 4015 3049 4082; x_wconf 85' lang='lat' dir='ltr'><strong>diSptttarc</strong></span> <span class='ocrx_word' id='word_1_687' title='bbox 3095 4024 3184 4066; x_wconf 91' lang='lat' dir='ltr'><strong>aut</strong></span> <span class='ocrx_word' id='word_1_688' title='bbox 3234 4013 3506 4073; x_wconf 89' lang='lat' dir='ltr'><strong>altercari,</strong></span> <span class='ocrx_word' id='word_1_689' title='bbox 3563 4011 3807 4079; x_wconf 80' lang='lat' dir='ltr'><strong>illamque</strong></span> <span class='ocrx_word' id='word_1_690' title='bbox 3845 4025 4004 4076; x_wconf 72' lang='lat' dir='ltr'><strong>neque</strong></span> 
     </span>
    </p>
   </div>
   <div class='ocr_carea' id='block_1_90' title="bbox 2447 4082 3998 4157">
    <p class='ocr_par' dir='ltr' id='par_1_90' title="bbox 2447 4082 3998 4157">
     <span class='ocr_line' id='line_1_93' title="bbox 2447 4082 3998 4157; baseline -0.006 -16"><span class='ocrx_word' id='word_1_691' title='bbox 2447 4088 2673 4155; x_wconf 88' lang='lat' dir='ltr'><strong>scripto.</strong></span> <span class='ocrx_word' id='word_1_692' title='bbox 2728 4102 2830 4141; x_wconf 90' lang='lat' dir='ltr'><strong>nec</strong></span> <span class='ocrx_word' id='word_1_693' title='bbox 2875 4086 3017 4157; x_wconf 89' lang='lat' dir='ltr'><strong>typis</strong></span> <span class='ocrx_word' id='word_1_694' title='bbox 3055 4085 3376 4157; x_wconf 70' lang='lat' dir='ltr'><strong>impugnare</strong></span> <span class='ocrx_word' id='word_1_695' title='bbox 3406 4093 3494 4157; x_wconf 82' lang='lat' dir='ltr'><strong>aut</strong></span> <span class='ocrx_word' id='word_1_696' title='bbox 3526 4082 3830 4157; x_wconf 74' lang='lat' dir='ltr'><strong>defendere.</strong></span> <span class='ocrx_word' id='word_1_697' title='bbox 3864 4082 3998 4157; x_wconf 49' lang='lat' dir='ltr'><strong>East.</strong></span> 
     </span>
    </p>
   </div>
   <div class='ocr_carea' id='block_1_91' title="bbox 2445 4152 3997 4229">
    <p class='ocr_par' dir='ltr' id='par_1_91' title="bbox 2445 4152 3997 4229">
     <span class='ocr_line' id='line_1_94' title="bbox 2445 4152 3997 4229; baseline -0.009 -15"><span class='ocrx_word' id='word_1_698' title='bbox 2445 4160 2498 4214; x_wconf 88' lang='lat' dir='ltr'><strong>in</strong></span> <span class='ocrx_word' id='word_1_699' title='bbox 2552 4152 2730 4229; x_wconf 85' lang='lat' dir='ltr'><strong>Opere</strong></span> <span class='ocrx_word' id='word_1_700' title='bbox 2781 4152 2912 4213; x_wconf 55' lang='lat' dir='ltr'><strong>Ben:</strong></span> <span class='ocrx_word' id='word_1_701' title='bbox 2939 4152 2948 4154; x_wconf 63' lang='grc'><strong><em>“</em></strong></span> <span class='ocrx_word' id='word_1_702' title='bbox 2974 4156 3110 4229; x_wconf 76' lang='lat' dir='ltr'><strong>XIV.</strong></span> <span class='ocrx_word' id='word_1_703' title='bbox 3142 4152 3250 4229; x_wconf 18' lang='lat' dir='ltr'><strong>‘dei</strong></span> <span class='ocrx_word' id='word_1_704' title='bbox 3283 4153 3524 4229; x_wconf 49' lang='lat' dir='ltr'><strong>Beati/ie.</strong></span> <span class='ocrx_word' id='word_1_705' title='bbox 3553 4152 3859 4229; x_wconf 32' lang='lat' dir='ltr'><strong>elfgan‘on‘iz.</strong></span> <span class='ocrx_word' id='word_1_706' title='bbox 3904 4153 3997 4229; x_wconf 54' lang='lat' dir='ltr'><strong>SS.</strong></span> 
     </span>
    </p>
   </div>
   <div class='ocr_carea' id='block_1_92' title="bbox 2443 4224 3998 4298">
    <p class='ocr_par' dir='ltr' id='par_1_92' title="bbox 2443 4224 3998 4298">
     <span class='ocr_line' id='line_1_95' title="bbox 2443 4224 3998 4298; baseline -0.008 -13"><span class='ocrx_word' id='word_1_707' title='bbox 2443 4232 2578 4285; x_wconf 83' lang='lat' dir='ltr'><strong>Tom</strong></span> <span class='ocrx_word' id='word_1_708' title='bbox 2602 4224 2665 4285; x_wconf 69' lang='grc'><strong>’1.</strong></span> <span class='ocrx_word' id='word_1_709' title='bbox 2700 4231 2792 4285; x_wconf 85' lang='lat' dir='ltr'><strong>lib.</strong></span> <span class='ocrx_word' id='word_1_710' title='bbox 2827 4233 2871 4286; x_wconf 91' lang='lat' dir='ltr'><strong>I.</strong></span> <span class='ocrx_word' id='word_1_711' title='bbox 2907 4245 2956 4284; x_wconf 92' lang='lat' dir='ltr'><strong>c.</strong></span> <span class='ocrx_word' id='word_1_712' title='bbox 2986 4228 3076 4284; x_wconf 88' lang='grc'>40.</span> <span class='ocrx_word' id='word_1_713' title='bbox 3103 4231 3192 4298; x_wconf 90' lang='lat' dir='ltr'><strong>qtti</strong></span> <span class='ocrx_word' id='word_1_714' title='bbox 3223 4227 3288 4280; x_wconf 89' lang='lat' dir='ltr'><strong>de</strong></span> <span class='ocrx_word' id='word_1_715' title='bbox 3333 4228 3478 4298; x_wconf 88' lang='lat' dir='ltr'><strong>cultu</strong></span> <span class='ocrx_word' id='word_1_716' title='bbox 3507 4224 3733 4298; x_wconf 77' lang='lat' dir='ltr'><strong>Luciferi</strong></span> <span class='ocrx_word' id='word_1_717' title='bbox 3769 4224 3998 4298; x_wconf 64' lang='lat' dir='ltr'><strong>Episcopi</strong></span> 
     </span>
    </p>
   </div>
   <div class='ocr_carea' id='block_1_93' title="bbox 2441 4295 3994 4363">
    <p class='ocr_par' dir='ltr' id='par_1_93' title="bbox 2441 4295 3994 4363">
     <span class='ocr_line' id='line_1_96' title="bbox 2441 4295 3994 4363; baseline -0.01 -6"><span class='ocrx_word' id='word_1_718' title='bbox 2441 4303 2735 4357; x_wconf 82' lang='lat' dir='ltr'><strong>Calaritani</strong></span> <span class='ocrx_word' id='word_1_719' title='bbox 2765 4303 2835 4357; x_wconf 88' lang='lat' dir='ltr'><strong>ita</strong></span> <span class='ocrx_word' id='word_1_720' title='bbox 2865 4295 3195 4363; x_wconf 48' lang='lat' dir='ltr'><strong>disserit,&#39;ut</strong></span> <span class='ocrx_word' id='word_1_721' title='bbox 3229 4297 3479 4352; x_wconf 81' lang='lat' dir='ltr'><strong>aStendat</strong></span> <span class='ocrx_word' id='word_1_722' title='bbox 3508 4313 3610 4351; x_wconf 90' lang='lat' dir='ltr'><strong>non</strong></span> <span class='ocrx_word' id='word_1_723' title='bbox 3648 4296 3810 4349; x_wconf 88' lang='lat' dir='ltr'><strong>fuisse</strong></span> <span class='ocrx_word' id='word_1_724' title='bbox 3838 4295 3994 4345; x_wconf 69' lang='lat' dir='ltr'><strong>bach</strong></span> 
     </span>
    </p>
   </div>
   <div class='ocr_carea' id='block_1_94' title="bbox 2445 4367 3886 4440">
    <p class='ocr_par' dir='ltr' id='par_1_94' title="bbox 2445 4367 3886 4440">
     <span class='ocr_line' id='line_1_97' title="bbox 2445 4367 3886 4440; baseline -0.008 -11"><span class='ocrx_word' id='word_1_725' title='bbox 2445 4390 2545 4430; x_wconf 89' lang='lat' dir='ltr'><strong>nus</strong></span> <span class='ocrx_word' id='word_1_726' title='bbox 2569 4374 2798 4430; x_wconf 81' lang='lat' dir='ltr'><strong>Romani</strong></span> <span class='ocrx_word' id='word_1_727' title='bbox 2833 4371 3114 4430; x_wconf 79' lang='lat' dir='ltr'><strong>Pontificis</strong></span> <span class='ocrx_word' id='word_1_728' title='bbox 3137 4369 3455 4427; x_wconf 86' lang='lat' dir='ltr'><strong>auctoritate</strong></span> <span class='ocrx_word' id='word_1_729' title='bbox 3489 4371 3590 4425; x_wconf 90' lang='lat' dir='ltr'><strong>rite</strong></span> <span class='ocrx_word' id='word_1_730' title='bbox 3613 4367 3886 4440; x_wconf 81' lang='lat' dir='ltr'><strong>probatura</strong></span> 
     </span>
    </p>
   </div>
   <div class='ocr_carea' id='block_1_95' title="bbox 723 4568 3968 4596">
    <p class='ocr_par' dir='ltr' id='par_1_95' title="bbox 723 4568 3968 4596">
     <span class='ocr_line' id='line_1_98' title="bbox 723 4568 3968 4596; baseline 0.001 -16"><span class='ocrx_word' id='word_1_731' title='bbox 723 4568 3968 4596; x_wconf 48' lang='grc' dir='ltr'>Μ</span> 
     </span>
    </p>
   </div>
   <div class='ocr_carea' id='block_1_96' title="bbox 2007 4721 2802 4800">
    <p class='ocr_par' dir='ltr' id='par_1_96' title="bbox 2007 4721 2802 4800">
     <span class='ocr_line' id='line_1_99' title="bbox 2007 4721 2802 4800; baseline 0.006 -6"><span class='ocrx_word' id='word_1_732' title='bbox 2007 4725 2062 4794; x_wconf 89' lang='lat' dir='ltr'><strong>J</strong></span> <span class='ocrx_word' id='word_1_733' title='bbox 2070 4722 2365 4800; x_wconf 84' lang='lat' dir='ltr'><strong>OANN</strong></span> <span class='ocrx_word' id='word_1_734' title='bbox 2370 4721 2468 4798; x_wconf 87' lang='lat' dir='ltr'><strong>IS</strong></span> <span class='ocrx_word' id='word_1_735' title='bbox 2541 4725 2802 4799; x_wconf 60' lang='grc' dir='ltr'><strong>ΤΠ.ιί</strong></span> 
     </span>
    </p>
   </div>
   <div class='ocr_carea' id='block_1_97' title="bbox 1610 4889 3173 4979">
    <p class='ocr_par' dir='ltr' id='par_1_97' title="bbox 1610 4889 3173 4979">
     <span class='ocr_line' id='line_1_100' title="bbox 1610 4889 3173 4979; baseline 0.004 -8"><span class='ocrx_word' id='word_1_736' title='bbox 1610 4889 2184 4975; x_wconf 88' lang='lat' dir='ltr'><strong>EPISTOLA</strong></span> <span class='ocrx_word' id='word_1_737' title='bbox 2262 4891 2420 4977; x_wconf 90' lang='lat' dir='ltr'><strong>AD</strong></span> <span class='ocrx_word' id='word_1_738' title='bbox 2499 4894 2807 4978; x_wconf 93' lang='lat' dir='ltr'><strong>PIUM</strong></span> <span class='ocrx_word' id='word_1_739' title='bbox 2881 4896 2995 4979; x_wconf 90' lang='lat' dir='ltr'><strong>V.</strong></span> <span class='ocrx_word' id='word_1_740' title='bbox 3073 4895 3173 4978; x_wconf 91' lang='lat' dir='ltr'><strong>P.</strong></span> 
     </span>
    </p>
   </div>
   <div class='ocr_carea' id='block_1_98' title="bbox 836 5046 3907 5118">
    <p class='ocr_par' dir='ltr' id='par_1_98' title="bbox 836 5046 3907 5118">
     <span class='ocr_line' id='line_1_101' title="bbox 836 5046 3907 5118; baseline -0.002 -12"><span class='ocrx_word' id='word_1_741' title='bbox 836 5048 1004 5118; x_wconf 57' lang='grc' dir='ltr'><strong>ρυλε</strong></span> <span class='ocrx_word' id='word_1_742' title='bbox 1048 5049 1324 5108; x_wconf 83' lang='lat' dir='ltr'><strong>EXSTAT</strong></span> <span class='ocrx_word' id='word_1_743' title='bbox 1364 5050 1428 5107; x_wconf 90' lang='lat' dir='ltr'><strong>IN</strong></span> <span class='ocrx_word' id='word_1_744' title='bbox 1473 5051 1750 5109; x_wconf 80' lang='lat' dir='ltr'><strong>FRONTE</strong></span> <span class='ocrx_word' id='word_1_745' title='bbox 1789 5052 2078 5110; x_wconf 78' lang='lat' dir='ltr'><strong>OPEIIUM</strong></span> <span class='ocrx_word' id='word_1_746' title='bbox 2121 5054 2446 5113; x_wconf 80' lang='lat' dir='ltr'><strong>LUCIFERI</strong></span> <span class='ocrx_word' id='word_1_747' title='bbox 2484 5057 2575 5112; x_wconf 79' lang='grc' dir='ltr'><strong>ΑΒ</strong></span> <span class='ocrx_word' id='word_1_748' title='bbox 2614 5057 2856 5114; x_wconf 81' lang='lat' dir='ltr'><strong>EODEM</strong></span> <span class='ocrx_word' id='word_1_749' title='bbox 2902 5056 3085 5114; x_wconf 91' lang='lat' dir='ltr'><strong>TILIO</strong></span> <span class='ocrx_word' id='word_1_750' title='bbox 3124 5055 3308 5112; x_wconf 80' lang='lat' dir='ltr'><strong>ANNO</strong></span> <span class='ocrx_word' id='word_1_751' title='bbox 3348 5052 3503 5110; x_wconf 80' lang='grc'>1568.</span> <span class='ocrx_word' id='word_1_752' title='bbox 3539 5046 3907 5106; x_wconf 70' lang='grc' dir='ltr'>Ευιτοιιυιι.</span> 
     </span>
    </p>
   </div>
   <div class='ocr_carea' id='block_1_99' title="bbox 729 5347 3995 5430">
    <p class='ocr_par' dir='ltr' id='par_1_99' title="bbox 729 5347 3995 5430">
     <span class='ocr_line' id='line_1_102' title="bbox 729 5347 3995 5430; baseline 0.001 -27"><span class='ocrx_word' id='word_1_753' title='bbox 729 5347 826 5405; x_wconf 82' lang='lat' dir='ltr'><strong>Pio</strong></span> <span class='ocrx_word' id='word_1_754' title='bbox 860 5351 1059 5418; x_wconf 82' lang='lat' dir='ltr'><strong>Quinto</strong></span> <span class='ocrx_word' id='word_1_755' title='bbox 1109 5350 1370 5408; x_wconf 67' lang='lat' dir='ltr'><strong>Sanctia.</strong></span> <span class='ocrx_word' id='word_1_756' title='bbox 1406 5352 1555 5408; x_wconf 74' lang='lat' dir='ltr'><strong>Max.</strong></span> <span class='ocrx_word' id='word_1_757' title='bbox 1588 5352 1840 5421; x_wconf 80' lang='lat' dir='ltr'><strong>Pontiﬁci</strong></span> <span class='ocrx_word' id='word_1_758' title='bbox 1881 5354 2116 5410; x_wconf 81' lang='lat' dir='ltr'><strong>Joannes</strong></span> <span class='ocrx_word' id='word_1_759' title='bbox 2165 5353 2336 5412; x_wconf 75' lang='lat' dir='ltr'><strong>Titius</strong></span> <span class='ocrx_word' id='word_1_760' title='bbox 2362 5359 2416 5418; x_wconf 84' lang='lat' dir='ltr'><strong>D</strong></span> <span class='ocrx_word' id='word_1_761' title='bbox 2446 5366 2555 5424; x_wconf 87' lang='lat' dir='ltr'><strong>tur,</strong></span> <span class='ocrx_word' id='word_1_762' title='bbox 2586 5357 2858 5430; x_wconf 79' lang='lat' dir='ltr'><strong>refugium</strong></span> <span class='ocrx_word' id='word_1_763' title='bbox 2883 5360 3214 5416; x_wconf 88' lang='lat' dir='ltr'><strong>habuerunt.</strong></span> <span class='ocrx_word' id='word_1_764' title='bbox 3235 5358 3350 5414; x_wconf 90' lang='lat' dir='ltr'><strong>Non</strong></span> <span class='ocrx_word' id='word_1_765' title='bbox 3378 5358 3521 5414; x_wconf 89' lang='lat' dir='ltr'><strong>enim</strong></span> <span class='ocrx_word' id='word_1_766' title='bbox 3548 5365 3722 5426; x_wconf 86' lang='lat' dir='ltr'><strong>potest</strong></span> <span class='ocrx_word' id='word_1_767' title='bbox 3752 5364 3835 5411; x_wconf 90' lang='lat' dir='ltr'><strong>tua</strong></span> <span class='ocrx_word' id='word_1_768' title='bbox 3859 5368 3995 5410; x_wconf 54' lang='lat' dir='ltr'><strong>sane.</strong></span> 
     </span>
    </p>
   </div>
   <div class='ocr_carea' id='block_1_100' title="bbox 1093 5443 1968 5514">
    <p class='ocr_par' dir='ltr' id='par_1_100' title="bbox 1093 5443 1968 5514">
     <span class='ocr_line' id='line_1_103' title="bbox 1093 5443 1968 5514; baseline 0.007 -16"><span class='ocrx_word' id='word_1_769' title='bbox 1093 5443 1392 5514; x_wconf 73' lang='lat' dir='ltr'><strong>Episcomts</strong></span> <span class='ocrx_word' id='word_1_770' title='bbox 1436 5446 1670 5502; x_wconf 84' lang='lat' dir='ltr'><strong>Melden.</strong></span> <span class='ocrx_word' id='word_1_771' title='bbox 1707 5448 1768 5503; x_wconf 90' lang='lat' dir='ltr'><strong>S.</strong></span> <span class='ocrx_word' id='word_1_772' title='bbox 1802 5446 1871 5501; x_wconf 89' lang='lat' dir='ltr'><strong>P.</strong></span> <span class='ocrx_word' id='word_1_773' title='bbox 1899 5447 1968 5504; x_wconf 79' lang='grc' dir='ltr'><strong>ι).</strong></span> 
     </span>
    </p>
   </div>
   <div class='ocr_carea' id='block_1_101' title="bbox 793 5539 2339 5612">
    <p class='ocr_par' dir='ltr' id='par_1_101' title="bbox 793 5539 2339 5612">
     <span class='ocr_line' id='line_1_104' title="bbox 793 5539 2339 5612; baseline 0.005 -19"><span class='ocrx_word' id='word_1_774' title='bbox 793 5539 1100 5610; x_wconf 83' lang='lat' dir='ltr'><strong>Numquam</strong></span> <span class='ocrx_word' id='word_1_775' title='bbox 1129 5555 1233 5611; x_wconf 82' lang='lat' dir='ltr'><strong>ego</strong></span> <span class='ocrx_word' id='word_1_776' title='bbox 1265 5540 1552 5608; x_wconf 88' lang='lat' dir='ltr'><strong>auderem,</strong></span> <span class='ocrx_word' id='word_1_777' title='bbox 1581 5545 1810 5599; x_wconf 88' lang='lat' dir='ltr'><strong>Beatiss.</strong></span> <span class='ocrx_word' id='word_1_778' title='bbox 1844 5543 2032 5612; x_wconf 88' lang='lat' dir='ltr'><strong>Pater,</strong></span> <span class='ocrx_word' id='word_1_779' title='bbox 2054 5551 2108 5599; x_wconf 90' lang='lat' dir='ltr'><strong>te</strong></span> <span class='ocrx_word' id='word_1_780' title='bbox 2137 5543 2339 5600; x_wconf 89' lang='lat' dir='ltr'><strong>litteris</strong></span> 
     </span>
    </p>
   </div>
   <div class='ocr_carea' id='block_1_102' title="bbox 726 5635 2337 5710">
    <p class='ocr_par' dir='ltr' id='par_1_102' title="bbox 726 5635 2337 5710">
     <span class='ocr_line' id='line_1_105' title="bbox 726 5635 2337 5710; baseline 0.007 -25"><span class='ocrx_word' id='word_1_781' title='bbox 726 5636 1051 5700; x_wconf 88' lang='lat' dir='ltr'><strong>convenire,</strong></span> <span class='ocrx_word' id='word_1_782' title='bbox 1087 5635 1193 5690; x_wconf 91' lang='lat' dir='ltr'><strong>nisi</strong></span> <span class='ocrx_word' id='word_1_783' title='bbox 1241 5636 1699 5706; x_wconf 82' lang='lat' dir='ltr'><strong>gravissimorum</strong></span> <span class='ocrx_word' id='word_1_784' title='bbox 1739 5639 2337 5710; x_wconf 86' lang='lat' dir='ltr'><strong>sanetissimorumque</strong></span> 
     </span>
    </p>
   </div>
   <div class='ocr_carea' id='block_1_103' title="bbox 725 5728 2336 5805">
    <p class='ocr_par' dir='ltr' id='par_1_103' title="bbox 725 5728 2336 5805">
     <span class='ocr_line' id='line_1_106' title="bbox 725 5728 2336 5805; baseline 0.006 -24"><span class='ocrx_word' id='word_1_785' title='bbox 725 5728 779 5782; x_wconf 88' lang='lat' dir='ltr'><strong>in</strong></span> <span class='ocrx_word' id='word_1_786' title='bbox 835 5728 1080 5785; x_wconf 77' lang='lat' dir='ltr'><strong>Ecclesia</strong></span> <span class='ocrx_word' id='word_1_787' title='bbox 1135 5739 1384 5786; x_wconf 88' lang='lat' dir='ltr'><strong>veterum</strong></span> <span class='ocrx_word' id='word_1_788' title='bbox 1440 5733 1698 5802; x_wconf 78' lang='lat' dir='ltr'><strong>exemplo</strong></span> <span class='ocrx_word' id='word_1_789' title='bbox 1753 5738 2166 5800; x_wconf 90' lang='lat' dir='ltr'><strong>commonitus,</strong></span> <span class='ocrx_word' id='word_1_790' title='bbox 2244 5735 2336 5805; x_wconf 93' lang='lat' dir='ltr'><strong>qui</strong></span> 
     </span>
    </p>
   </div>
   <div class='ocr_carea' id='block_1_104' title="bbox 724 5823 2335 5896">
    <p class='ocr_par' dir='ltr' id='par_1_104' title="bbox 724 5823 2335 5896">
     <span class='ocr_line' id='line_1_107' title="bbox 724 5823 2335 5896; baseline 0.006 -21"><span class='ocrx_word' id='word_1_791' title='bbox 724 5836 944 5894; x_wconf 88' lang='lat' dir='ltr'><strong>semper</strong></span> <span class='ocrx_word' id='word_1_792' title='bbox 991 5823 1060 5877; x_wconf 89' lang='lat' dir='ltr'><strong>ad</strong></span> <span class='ocrx_word' id='word_1_793' title='bbox 1093 5825 1476 5895; x_wconf 81' lang='lat' dir='ltr'><strong>Apostolicam</strong></span> <span class='ocrx_word' id='word_1_794' title='bbox 1509 5835 1748 5881; x_wconf 89' lang='lat' dir='ltr'><strong>vestram</strong></span> <span class='ocrx_word' id='word_1_795' title='bbox 1782 5828 2008 5896; x_wconf 90' lang='lat' dir='ltr'><strong>Sedem,</strong></span> <span class='ocrx_word' id='word_1_796' title='bbox 2057 5827 2176 5883; x_wconf 90' lang='lat' dir='ltr'><strong>sive</strong></span> <span class='ocrx_word' id='word_1_797' title='bbox 2205 5843 2335 5884; x_wconf 73' lang='lat' dir='ltr'><strong>con-</strong></span> 
     </span>
    </p>
   </div>
   <div class='ocr_carea' id='block_1_105' title="bbox 724 5899 2336 5997">
    <p class='ocr_par' dir='ltr' id='par_1_105' title="bbox 724 5899 2336 5997">
     <span class='ocr_line' id='line_1_108' title="bbox 724 5899 2336 5997; baseline 0.009 -30"><span class='ocrx_word' id='word_1_798' title='bbox 724 5915 844 5974; x_wconf 87' lang='lat' dir='ltr'><strong>silio</strong></span> <span class='ocrx_word' id='word_1_799' title='bbox 872 5926 1124 5990; x_wconf 83' lang='lat' dir='ltr'><strong>egerent,</strong></span> <span class='ocrx_word' id='word_1_800' title='bbox 1176 5919 1295 5975; x_wconf 80' lang='lat' dir='ltr'><strong>sive.</strong></span> <span class='ocrx_word' id='word_1_801' title='bbox 1327 5921 1449 5978; x_wconf 78' lang='lat' dir='ltr'><strong>aliis</strong></span> <span class='ocrx_word' id='word_1_802' title='bbox 1480 5921 1742 5978; x_wconf 74' lang='lat' dir='ltr'><strong>maximis</strong></span> <span class='ocrx_word' id='word_1_803' title='bbox 1772 5924 2018 5997; x_wconf 79' lang='lat' dir='ltr'><strong>negotiis</strong></span> <span class='ocrx_word' id='word_1_804' title='bbox 2073 5899 2336 5995; x_wconf 56' lang='lat' dir='ltr'><strong>uréeren-</strong></span> 
     </span>
    </p>
   </div>
   <div class='ocr_carea' id='block_1_106' title="bbox 2443 5448 3992 5522">
    <p class='ocr_par' dir='ltr' id='par_1_106' title="bbox 2443 5448 3992 5522">
     <span class='ocr_line' id='line_1_109' title="bbox 2443 5448 3992 5522; baseline -0.005 -16"><span class='ocrx_word' id='word_1_805' title='bbox 2443 5453 2571 5506; x_wconf 87' lang='lat' dir='ltr'><strong>titas</strong></span> <span class='ocrx_word' id='word_1_806' title='bbox 2622 5451 2875 5522; x_wconf 78' lang='lat' dir='ltr'><strong>ignorare</strong></span> <span class='ocrx_word' id='word_1_807' title='bbox 2905 5453 3275 5515; x_wconf 85' lang='lat' dir='ltr'><strong>calamitates,</strong></span> <span class='ocrx_word' id='word_1_808' title='bbox 3324 5453 3378 5506; x_wconf 92' lang='lat' dir='ltr'><strong>in</strong></span> <span class='ocrx_word' id='word_1_809' title='bbox 3407 5451 3600 5521; x_wconf 91' lang='lat' dir='ltr'><strong>quibus</strong></span> <span class='ocrx_word' id='word_1_810' title='bbox 3641 5449 3891 5505; x_wconf 85' lang='lat' dir='ltr'><strong>hodierna</strong></span> <span class='ocrx_word' id='word_1_811' title='bbox 3919 5448 3992 5501; x_wconf 85' lang='lat' dir='ltr'><strong>dic</strong></span> 
     </span>
    </p>
   </div>
   <div class='ocr_carea' id='block_1_107' title="bbox 2445 5544 3992 5612">
    <p class='ocr_par' dir='ltr' id='par_1_107' title="bbox 2445 5544 3992 5612">
     <span class='ocr_line' id='line_1_110' title="bbox 2445 5544 3992 5612; baseline -0.003 -12"><span class='ocrx_word' id='word_1_812' title='bbox 2445 5546 2498 5600; x_wconf 93' lang='lat' dir='ltr'><strong>in</strong></span> <span class='ocrx_word' id='word_1_813' title='bbox 2531 5545 2707 5600; x_wconf 88' lang='lat' dir='ltr'><strong>Gallia</strong></span> <span class='ocrx_word' id='word_1_814' title='bbox 2735 5561 3020 5603; x_wconf 87' lang='lat' dir='ltr'><strong>versamur</strong></span> <span class='ocrx_word' id='word_1_815' title='bbox 3055 5564 3068 5600; x_wconf 90' lang='lat'><strong>:</strong></span> <span class='ocrx_word' id='word_1_816' title='bbox 3106 5561 3170 5601; x_wconf 89' lang='lat' dir='ltr'><strong>ac</strong></span> <span class='ocrx_word' id='word_1_817' title='bbox 3203 5545 3254 5599; x_wconf 88' lang='lat' dir='ltr'><strong>in</strong></span> <span class='ocrx_word' id='word_1_818' title='bbox 3289 5545 3382 5598; x_wconf 91' lang='lat' dir='ltr'><strong>tali</strong></span> <span class='ocrx_word' id='word_1_819' title='bbox 3411 5544 3732 5600; x_wconf 86' lang='lat' dir='ltr'><strong>adversitate</strong></span> <span class='ocrx_word' id='word_1_820' title='bbox 3765 5558 3865 5598; x_wconf 90' lang='lat' dir='ltr'><strong>non</strong></span> <span class='ocrx_word' id='word_1_821' title='bbox 3894 5557 3992 5612; x_wconf 90' lang='lat' dir='ltr'><strong>pos-</strong></span> 
     </span>
    </p>
   </div>
   <div class='ocr_carea' id='block_1_108' title="bbox 2443 5639 3990 5708">
    <p class='ocr_par' dir='ltr' id='par_1_108' title="bbox 2443 5639 3990 5708">
     <span class='ocr_line' id='line_1_111' title="bbox 2443 5639 3990 5708; baseline -0.006 -10"><span class='ocrx_word' id='word_1_822' title='bbox 2443 5657 2631 5698; x_wconf 87' lang='lat' dir='ltr'><strong>semus</strong></span> <span class='ocrx_word' id='word_1_823' title='bbox 2685 5657 2788 5696; x_wconf 89' lang='lat' dir='ltr'><strong>nos</strong></span> <span class='ocrx_word' id='word_1_824' title='bbox 2841 5643 3041 5698; x_wconf 90' lang='lat' dir='ltr'><strong>melius</strong></span> <span class='ocrx_word' id='word_1_825' title='bbox 3101 5641 3154 5694; x_wconf 92' lang='lat' dir='ltr'><strong>in</strong></span> <span class='ocrx_word' id='word_1_826' title='bbox 3211 5639 3321 5695; x_wconf 90' lang='lat' dir='ltr'><strong>Deo</strong></span> <span class='ocrx_word' id='word_1_827' title='bbox 3365 5639 3651 5701; x_wconf 86' lang='lat' dir='ltr'><strong>consolari,</strong></span> <span class='ocrx_word' id='word_1_828' title='bbox 3684 5653 3840 5708; x_wconf 87' lang='lat' dir='ltr'><strong>quam</strong></span> <span class='ocrx_word' id='word_1_829' title='bbox 3885 5653 3990 5705; x_wconf 75' lang='lat' dir='ltr'><strong>erga</strong></span> 
     </span>
    </p>
   </div>
   <div class='ocr_carea' id='block_1_109' title="bbox 2444 5729 3990 5806">
    <p class='ocr_par' dir='ltr' id='par_1_109' title="bbox 2444 5729 3990 5806">
     <span class='ocr_line' id='line_1_112' title="bbox 2444 5729 3990 5806; baseline -0.006 -16"><span class='ocrx_word' id='word_1_830' title='bbox 2444 5745 2590 5790; x_wconf 86' lang='lat' dir='ltr'><strong>tuam</strong></span> <span class='ocrx_word' id='word_1_831' title='bbox 2624 5735 2950 5806; x_wconf 87' lang='lat' dir='ltr'><strong>prudentem</strong></span> <span class='ocrx_word' id='word_1_832' title='bbox 2974 5733 3356 5805; x_wconf 88' lang='lat' dir='ltr'><strong>paternitatem</strong></span> <span class='ocrx_word' id='word_1_833' title='bbox 3384 5751 3398 5799; x_wconf 88' lang='lat'><strong>;</strong></span> <span class='ocrx_word' id='word_1_834' title='bbox 3429 5741 3501 5796; x_wconf 90' lang='lat' dir='ltr'><strong>et,</strong></span> <span class='ocrx_word' id='word_1_835' title='bbox 3533 5731 3654 5786; x_wconf 91' lang='lat' dir='ltr'><strong>dum</strong></span> <span class='ocrx_word' id='word_1_836' title='bbox 3682 5746 3775 5799; x_wconf 86' lang='lat' dir='ltr'><strong>pro</strong></span> <span class='ocrx_word' id='word_1_837' title='bbox 3800 5729 3990 5784; x_wconf 87' lang='lat' dir='ltr'><strong>modulo</strong></span> 
     </span>
    </p>
   </div>
   <div class='ocr_carea' id='block_1_110' title="bbox 2440 5823 3988 5884">
    <p class='ocr_par' dir='ltr' id='par_1_110' title="bbox 2440 5823 3988 5884">
     <span class='ocr_line' id='line_1_113' title="bbox 2440 5823 3988 5884; baseline -0.006 -2"><span class='ocrx_word' id='word_1_838' title='bbox 2440 5837 2758 5884; x_wconf 86' lang='lat' dir='ltr'><strong>nostrarum</strong></span> <span class='ocrx_word' id='word_1_839' title='bbox 2788 5829 2987 5883; x_wconf 83' lang='lat' dir='ltr'><strong>virium</strong></span> <span class='ocrx_word' id='word_1_840' title='bbox 3019 5829 3117 5882; x_wconf 88' lang='lat' dir='ltr'><strong>has</strong></span> <span class='ocrx_word' id='word_1_841' title='bbox 3144 5827 3523 5883; x_wconf 84' lang='lat' dir='ltr'><strong>infestissimas</strong></span> <span class='ocrx_word' id='word_1_842' title='bbox 3553 5835 3606 5880; x_wconf 89' lang='lat' dir='ltr'><strong>et</strong></span> <span class='ocrx_word' id='word_1_843' title='bbox 3646 5823 3988 5880; x_wconf 66' lang='lat' dir='ltr'><strong>faetidissimas</strong></span> 
     </span>
    </p>
   </div>
   <div class='ocr_carea' id='block_1_111' title="bbox 2437 5913 3989 5993">
    <p class='ocr_par' dir='ltr' id='par_1_111' title="bbox 2437 5913 3989 5993">
     <span class='ocr_line' id='line_1_114' title="bbox 2437 5913 3989 5993; baseline -0.008 -13"><span class='ocrx_word' id='word_1_844' title='bbox 2437 5921 2670 5980; x_wconf 81' lang='lat' dir='ltr'><strong>brumas</strong></span> <span class='ocrx_word' id='word_1_845' title='bbox 2693 5932 2747 5978; x_wconf 86' lang='lat' dir='ltr'><strong>et</strong></span> <span class='ocrx_word' id='word_1_846' title='bbox 2781 5923 3010 5980; x_wconf 82' lang='lat' dir='ltr'><strong>nebulas</strong></span> <span class='ocrx_word' id='word_1_847' title='bbox 3034 5934 3295 5979; x_wconf 82' lang='lat' dir='ltr'><strong>conamur</strong></span> <span class='ocrx_word' id='word_1_848' title='bbox 3325 5918 3599 5993; x_wconf 74' lang='lat' dir='ltr'><strong>depellere</strong></span> <span class='ocrx_word' id='word_1_849' title='bbox 3619 5957 3633 5986; x_wconf 82' lang='lat'><strong>,</strong></span> <span class='ocrx_word' id='word_1_850' title='bbox 3661 5917 3850 5988; x_wconf 74' lang='lat' dir='ltr'><strong>Ialeot&#39;,</strong></span> <span class='ocrx_word' id='word_1_851' title='bbox 3876 5913 3989 5968; x_wconf 75' lang='lat' dir='ltr'><strong>Bea-</strong></span> 
     </span>
    </p>
   </div>
  </div>
