4292 6418
1425 437 1760 493 EPISTULA
1798 435 2289 495 DEDICATORIA.

3393 442 3498 499 762

194 551 315 605 tiss.
350 552 529 619 Pater,
563 552 734 609 nostri
782 553 992 608 ordinis
1018 562 1389 623 contemptum
1421 562 1475 606 et
1528 552 1793 621 dedigna-
1828 553 1872 612 Α
1902 554 2049 620 dem,
2080 556 2224 625 quod
2254 557 2362 626 jam
2399 567 2508 611 tum
2552 558 2711 613 valde
2742 559 3194 627 reformiilabam,
3227 560 3497 617 comtrdia

194 645 404 701 tionem
446 659 635 703 nostra
682 647 841 717 culpa
902 649 973 703 ita
1023 648 1304 711 miseram,
1341 656 1397 699 ut
1453 645 1587 699 nihil
1621 646 1795 699 ferme

192 738 431 805 amplius
461 739 805 792 auctoritatis
836 738 1160 801 habeamus;
1187 748 1238 793 et
1266 738 1510 808 profecto
1535 753 1655 793 eam
1685 752 1793 791 non

193 844 499 883 meremur.
554 830 901 900 Quapropter
958 830 1023 884 ad
1080 832 1283 899 primos
1342 842 1561 884 nostros
1604 830 1795 885 Patres

191 922 399 977 Christi
434 924 648 978 Domini
681 925 1021 994 temporibus
1056 924 1475 992 propinquiorcs
1517 922 1793 993 e0ufugio,

190 1030 494 1084 eorumque
534 1016 737 1087 scripta
787 1018 982 1072 evolvo
1013 1026 1066 1070 et
1110 1018 1392 1083 perquiro,
1422 1026 1479 1069 ut
1508 1016 1793 1070 ostendam

189 1108 475 1176 quomodo
524 1108 575 1161 in
632 1108 883 1163 doctrina
944 1109 1093 1163 illius
1128 1109 1411 1162 tractanda
1444 1124 1506 1163 se
1537 1123 1797 1162 exercue-

192 1213 349 1267 runt,
379 1218 538 1270 quam
579 1202 796 1273 quidem
846 1204 914 1256 ab
948 1204 1063 1271 ipso
1094 1204 1320 1272 ejusque
1353 1203 1629 1270 Apostolis
1660 1212 1796 1256 tem-

191 1308 394 1361 porum
427 1309 721 1365 progressu
750 1294 1081 1360 didicerunt,
1112 1312 1289 1365 quove
1319 1306 1477 1365 pacto
1505 1306 1557 1349 ct
1587 1296 1797 1364 seipsos

190 1396 251 1438 et
298 1388 497 1441 Christi
534 1397 720 1457 partes
756 1392 1021 1441 adversus
1062 1389 1406 1443 inimicorum
1455 1388 1687 1442 insultus
1715 1388 1797 1441 fo-

192 1490 413 1534 verunt.
463 1482 608 1536 lnter
648 1498 787 1553 quos
818 1483 1184 1536 clarissimum
1214 1484 1345 1537 mihi
1382 1483 1535 1536 sidus
1576 1481 1794 1537 Lucifer

194 1572 315 1635 hic,
356 1575 486 1629 solis
538 1577 719 1631 lumen
755 1578 1043 1640 referiens,
1080 1578 1299 1641 affulsit,
1347 1580 1440 1646 qui
1498 1578 1791 1647 pessimam

190 1666 358 1719 istam
392 1676 444 1720 et
494 1670 737 1723 omnium
800 1682 923 1739 post
985 1671 1234 1726 homines
1289 1682 1445 1726 natos
1505 1673 1793 1725 maximam

190 1760 314 1815 Arii
340 1761 616 1828 ba‘resim,
650 1765 969 1819 Antichristi
998 1778 1251 1830 matrem,
1295 1768 1348 1821 in
1395 1778 1638 1837 apertum
1672 1783 1795 1836 pro-

193 1853 305 1907 fert
334 1864 388 1910 et
418 1855 675 1911 elucidat.
711 1858 883 1926 Quem
904 1859 1250 1928 splendorem
1279 1862 1328 1913 in
1362 1868 1464 1913 tum
1492 1860 1794 1913 sanctitatis

189 1948 421 2001 nomine
472 1964 741 2019 apparere
790 1953 974 2020 cupio,
1010 1952 1164 2021 cujus
1192 1955 1531 2007 evccuonem
1564 1969 1632 2006 ne
1678 1953 1796 2021 qui-
1830 1948 1871 2007 Β

187 2042 324 2095 dem
355 2044 640 2099 universus
671 2048 821 2101 orbis
848 2049 1009 2103 amici
1044 2060 1205 2119 atque
1238 2051 1441 2103 inimici
1487 2052 1797 2119 improbare

186 2145 293 2189 aut
343 2147 703 2195 contemnere
748 2152 995 2209 possent,
1031 2160 1130 2197 nec
1178 2146 1445 2213 majorem
1496 2146 1546 2198 in
1580 2156 1796 2213 pastore

186 2244 384 2283 curam
418 2241 471 2284 et
501 2231 742 2286 laborem
771 2250 866 2302 pro
890 2234 1153 2289 Ecclesizc
1187 2238 1424 2290 utilitate
1454 2237 1794 2291 desiderare.

190 2319 420 2376 Duabus
454 2335 637 2378 autem
672 2326 1017 2394 potissimum
1072 2327 1139 2381 de
1167 2329 1345 2381 causis
1380 2328 1428 2381 id
1464 2329 1626 2389 facio,
1660 2344 1795 2397 qua-

187 2431 316 2469 rum
360 2418 511 2485 prior
563 2429 650 2473 cst
685 2461 699 2482 .
754 2430 813 2473 ut
844 2436 967 2474 meo
997 2422 1177 2475 ordini
1208 2424 1508 2491 antiquitus
1537 2422 1588 2475 in
1624 2420 1798 2476 Gallia

186 2511 571 2581 integerrimo,
608 2525 770 2584 atque
816 2519 867 2569 in
922 2516 1089 2570 Deum
1124 2527 1179 2569 et
1229 2518 1528 2586 principem
1562 2533 1797 2586 propen-

183 2605 413 2659 sissimo
441 2621 503 2660 ac
538 2607 858 2661 fidelissimo
889 2610 1244 2677 exprobrem,
1278 2610 1422 2679 quod
1462 2611 1545 2665 his
1576 2622 1795 2681 tempo-

189 2699 354 2751 ribus
389 2700 594 2753 nostris
624 2701 759 2755 adeo
790 2702 975 2755 infelix
1022 2712 1076 2755 et
1104 2702 1474 2768 deplorandus
1504 2704 1689 2768 fuerit,
1717 2714 1793 2767 ut,

186 2808 367 2861 puero
420 2808 547 2860 rege
599 2804 791 2847 nostro
838 2794 1321 2849 ChriStianissimo
1366 2810 1392 2847 a
1440 2794 1800 2849 Christianis-

184 2886 345 2939 simis
382 2888 601 2955 regibus
632 2888 769 2941 bene
801 2887 867 2941 de
900 2889 1055 2941 nobis
1090 2890 1305 2942 meritis
1338 2899 1483 2949 orto,
1540 2904 1607 2943 ne
1660 2904 1800 2943 unus

184 2980 416 3048 quidem
450 2992 703 3050 repertus
734 2983 827 3045 sit,
865 2984 954 3049 qni
992 2981 1064 3034 illi
1102 2983 1422 3051 religionem
1457 2993 1657 3034 sartam
1691 2992 1799 3035 tec-

187 3083 307 3127 tam
360 3077 773 3129 conservaverit
812 3094 821 3127 :
877 3078 1113 3129 maxime
1156 3093 1280 3128 cum
1314 3078 1396 3127 bis
1425 3075 1596 3127 oculis
1651 3075 1797 3127 vidc—

188 3170 371 3220 rimus
419 3168 713 3221 cathedras
764 3169 1043 3221 cathedris
1097 3169 1411 3228 adversari,
1474 3177 1527 3220 et
1582 3182 1799 3221 mensas

188 3264 451 3331 profanas
481 3261 745 3315 alvcrsus
766 3262 953 3314 altaria
974 3262 1129 3329 erigi,
1163 3261 1460 3329 fidelesque
1488 3261 1579 3312 llei
1614 3275 1797 3313 servos

1901 650 1950 703 ir
1986 649 2304 720 tragcediam
2346 662 2671 709 verteretur.
2727 653 2911 723 Itaque
2940 655 3092 711 solus
3135 656 3188 709 in
3224 672 3340 711 mea
3370 671 3497 711 sen-

1900 746 2066 800 tentia
2115 748 2411 815 permansi,
2446 758 2498 803 et
2546 749 2614 803 ab
2646 749 2734 803 illa
2765 750 3160 819 disputatione,
3193 766 3317 819 qua:
3361 750 3496 806 mihi

1899 840 2129 893 scelesta
2164 842 2470 906 videbatur,
2498 858 2585 896 me
2613 843 2869 909 subduxi,
2900 855 3064 914 atque
3097 844 3332 899 multum
3358 859 3495 899 con-

1902 930 2159 985 tristabar
2192 932 2260 987 ibi
2316 948 2404 987 res
2447 949 2635 987 sacras
2664 936 3015 1002 profanarum
3048 951 3199 991 more
3250 937 3499 990 tractari.

1899 1022 2077 1091 Quare
2104 1039 2132 1074 a
2162 1025 2488 1093 quibusdam
2518 1042 2617 1095 pro
2664 1027 2929 1082 seditioso
2959 1041 3012 1093 et
3046 1028 3303 1083 hmretico
3333 1042 3503 1097 prope

1899 1130 2018 1169 sum
2076 1114 2315 1171 habitus.
2368 1118 2477 1173 Sed
2504 1161 2516 1182 ,
2548 1134 2711 1188 quam
2764 1121 2959 1189 tristis,
2985 1129 3151 1191 atque
3173 1119 3311 1175 adeo
3338 1135 3501 1190 quam

1900 1206 2207 1261 horrendus
2270 1224 2456 1263 rerum
2508 1210 2687 1265 exitus
2736 1210 2950 1277 fuerit,
3006 1213 3261 1267 omnibus
3312 1221 3498 1282 postea

1900 1303 2156 1367 innotuit,
2187 1304 2330 1371 quod
2387 1320 2495 1359 non
2545 1306 2722 1359 solum
2780 1308 2983 1361 nostris
3037 1309 3137 1376 piis
3180 1307 3499 1362 hominibus

1900 1398 2057 1451 triste
2103 1400 2361 1463 occurrit,
2393 1416 2580 1454 verum
2611 1402 2776 1455 etiam
2830 1401 3062 1471 posteris
3092 1417 3287 1472 magno
3318 1402 3497 1457 dolori

1900 1491 2100 1560 poterit
2148 1506 2290 1547 esse.
2349 1493 2614 1562 Superest
2663 1503 2721 1548 ut
2766 1509 3046 1559 enarrem,
3105 1503 3283 1549 utrum
3311 1493 3500 1563 operis

1901 1585 2059 1639 istius
2114 1596 2322 1649 auctor,
2383 1597 2441 1639 ut
2476 1598 2530 1642 et
2588 1589 2863 1658 plerisque
2916 1588 3271 1655 doctissimis,
3310 1597 3365 1644 et
3398 1589 3502 1657 ipsi

1899 1698 2116 1753 quoque
2148 1682 2485 1750 peritissimo
2517 1683 2717 1737 divina:
2748 1683 3028 1753 sapientia:
3058 1683 3340 1738 Salomoni
3372 1698 3498 1737 eve-

1899 1776 2048 1829 nisse
2076 1776 2303 1841 dicitur,
2334 1776 2435 1830 sub
2466 1776 2593 1829 vita:
2636 1777 2927 1831 terminum
2972 1777 3025 1829 in
3070 1790 3356 1831 erroneam
3382 1778 3505 1846 opi-

1901 1871 2118 1923 nionem
2152 1870 2223 1921 sit
2279 1869 2592 1938 prolapsus,
2652 1884 2776 1922 cum
2840 1867 3086 1921 nonnulli
3117 1866 3499 1922 Luciferianos

1901 1960 2044 2014 illius
2066 1960 2367 2031 discipulos
2388 1961 2440 2014 in
2474 1960 2858 2015 limreticorum
2890 1974 3176 2014 numerum
3201 1959 3501 2013 ascribant.

1901 2053 2073 2107 Meum
2106 2069 2211 2107 non
2244 2065 2326 2107 est
2357 2056 2424 2107 de
2451 2055 2613 2107 tantis
2644 2054 2780 2107 viris
2834 2054 3165 2108 sententiam
3196 2051 3372 2115 ferre;
3407 2052 3502 2106 sed

1901 2149 2137 2216 ingenue
2164 2150 2369 2210 dicam,
2406 2163 2525 2202 eam
2562 2157 2673 2202 tum
2717 2147 2887 2202 fuisse
2924 2148 3186 2203 Ecclesiae
3217 2150 3504 2218 integrita-

1901 2248 2033 2303 tem,
2070 2250 2126 2293 ut
2173 2241 2374 2293 nullam
2414 2256 2640 2311 prorsus
2686 2241 3098 2295 contentionem
3145 2243 3497 2313 perciperet,

1900 2330 2028 2398 quin
2062 2346 2093 2384 e
2143 2332 2375 2399 vestigio
2431 2340 2683 2385 notaret:
2718 2347 2824 2385 non
2876 2332 3023 2401 quod
3055 2332 3303 2401 insignes
3352 2334 3502 2386 viros

1904 2422 2304 2491 imaginationis
2326 2423 2408 2477 vel
2434 2424 2706 2493 opinionis
2729 2423 3014 2493 cujusdam
3043 2424 3335 2477 occasione
3352 2424 3505 2477 dam-

1903 2526 2059 2569 Itarct
2116 2517 2415 2578 bwreseos,
2474 2516 2577 2569 nisi
2632 2531 2820 2570 eorum
2876 2517 3112 2570 assertio
3141 2518 3305 2571 etiam
3339 2516 3408 2572 de
3440 2532 3503 2571 rc

1901 2609 2049 2678 gravi
2102 2610 2315 2678 penitus
2374 2609 2643 2676 majorum
2701 2607 3051 2677 dogmatibus
3092 2607 3499 2674 adversaretur,

1901 2704 2211 2759 concordim
2262 2714 2441 2757 tamen
2490 2718 2553 2756 ac
2602 2703 2750 2772 pacis
2798 2703 3057 2757 Ecclesia:
3088 2702 3228 2757 adeo
3261 2701 3359 2756 fuit
3388 2711 3505 2754 stu-

1902 2798 2077 2859 diosa,
2099 2804 2238 2849 utne
2269 2797 2552 2849 minimam
2585 2795 2807 2864 quidem
2836 2811 3023 2848 ansam
3048 2794 3416 2850 seditionibus
3443 2808 3506 2849 ac

1903 2890 2145 2945 tlissidiis
2173 2888 2407 2960 przrbcri
2443 2897 2739 2958 pateretur.
2792 2888 3140 2957 Quapropter
3188 2886 3321 2941 nihil
3368 2886 3494 2941 huic

1905 2998 2101 3052 magno
2140 2981 2440 3036 confessori
2482 2982 2653 3049 magis
2686 2980 2820 3033 vitio
2850 2978 3103 3045 vertitur,
3137 2994 3300 3049 quam
3337 2978 3501 3033 nimia

1902 3076 2132 3129 durities
2163 3085 2326 3143 atque
2355 3075 2619 3128 severitas
2651 3073 2919 3126 adversus
2952 3074 3140 3125 matris
3170 3081 3371 3124 nostrm
3402 3070 3504 3125 Ec-

1902 3168 2085 3222 clesia:
2122 3167 2341 3221 solitam
2378 3164 2769 3235 indulgentiam
2804 3174 2853 3217 at
2885 3165 3323 3232 conniventiam,
3354 3165 3501 3231 quod

1904 3262 1973 3314 ab
2031 3261 2114 3313 bis
2168 3260 2493 3323 recederet,
2552 3258 2641 3325 qui
2700 3258 3003 3327 Episcopos
3056 3267 3111 3311 ct
3166 3258 3399 3310 clericos
3450 3259 3501 3311 in

192 3354 507 3423 Episcopus
531 3354 692 3407 etiam
730 3354 876 3422 ipsos
907 3354 973 3406 ab
1017 3354 1291 3407 liau'ctit'is
1332 3365 1384 3407 et
1434 3353 1653 3421 perfidis
1702 3353 1794 3406 bo-
1826 3329 1869 3389 (ἶ
1906 3353 2154 3406 hreresim
2208 3352 2413 3421 lapsos,
2442 3362 2497 3405 et
2539 3351 2787 3405 relictam
2822 3366 2851 3404 a
2886 3365 2942 3403 se
2976 3350 3134 3404 fidem
3165 3350 3496 3405 catholicam

189 3446 437 3502 minibus
458 3448 714 3513 judicari,
748 3462 811 3500 ac
838 3447 1011 3498 modis
1036 3447 1295 3499 omnibus
1326 3446 1581 3515 opprimi;
1608 3460 1798 3499 cumu-

189 3542 383 3595 lumnc
412 3540 595 3595 dicere
627 3541 886 3594 auderem
907 3542 928 3593 ’ἶ
960 3540 1215 3593 atbeismi
1252 3541 1464 3610 praxim
1496 3550 1548 3594 et
1580 3556 1797 3593 omnem

190 3632 295 3687 Dei
350 3633 684 3688 oblivionem
744 3650 1089 3688 communem
1148 3650 1312 3696 esse,
1375 3644 1427 3687 et
1478 3635 1796 3699 sanguinem

185 3725 399 3780 Christi
429 3727 694 3781 beneficio
722 3728 1065 3796 redemptum
1088 3727 1287 3793 ubique
1313 3726 1490 3778 fusum
1512 3725 1753 3779 defluere
1780 3743 1792 3777 :

187 3828 248 3871 et
283 3827 467 3871 tamen
499 3833 565 3871 ne
594 3819 695 3871 ulla
723 3817 939 3887 quidem
970 3828 1278 3869 nostrorum
1308 3832 1408 3870 vox
1442 3816 1617 3869 adhuc
1647 3817 1800 3870 obla-

190 3911 381 3964 travit.
437 3909 569 3973 Sed,
617 3911 740 3979 quia
775 3921 1027 3964 anteacta
1063 3922 1311 3979 tempore
1342 3910 1412 3963 ita
1467 3912 1641 3978 ignavi
1694 3910 1796 3963 fui-

192 4020 343 4067 mus,
380 4020 547 4067 nunc,
583 4020 705 4059 cum
738 4005 842 4058 sub
875 4014 968 4057 tuo
1004 4006 1186 4057 favore
1228 4019 1391 4072 atque
1438 4006 1685 4072 exemplo
1717 4020 1796 4057 re-

188 4098 410 4168 spirare
440 4099 586 4161 licct,
612 4106 668 4150 ut
701 4096 957 4151 similiter
978 4098 1263 4164 Episcopis
1284 4098 1797 4149 l'ratrilutsanimum

186 4190 413 4252 demus,
458 4191 714 4260 viresque
749 4205 1116 4249 resumamus,
1168 4200 1397 4241 mortem
1430 4189 1607 4254 potius
1632 4201 1801 4254 Oppe-

190 4284 376 4345 litttri,
410 4299 573 4352 quam
607 4284 851 4337 Ecclesia
883 4285 1131 4351 speciosa
1162 4282 1332 4333 amica
1378 4290 1433 4333 et
1464 4294 1666 4351 sponsa
1694 4280 1799 4332 Do-

189 4377 331 4433 mini
394 4379 565 4431 nostri
616 4376 748 4432 Jesu
801 4375 1003 4429 Christi
1054 4376 1293 4442 amplius
1347 4374 1417 4426 ita
1448 4374 1715 4427 laceretur
1746 4384 1799 4428 et

190 4474 453 4529 violetur.
476 4472 557 4528 Ad
589 4487 748 4542 qttatn
776 4487 889 4525 rem
923 4472 1053 4524 satis
1076 4485 1169 4523 eos
1201 4469 1463 4523 animabit
1495 4470 1653 4539 hujus
1679 4486 1801 4538 ξιτ-ιι-

187 4568 410 4623 vissitni
467 4565 807 4622 confessoris
858 4575 913 4619 et
968 4564 1267 4632 evangelici
1325 4563 1591 4631 prazconis
1652 4563 1797 4616 tuba.

192 4660 387 4714 Altera
438 4673 526 4713 me
571 4658 786 4728 impulit
834 4658 997 4720 ratio,
1029 4656 1173 4727 quod
1205 4657 1433 4709 multum
1468 4671 1584 4709 mea
1614 4657 1667 4709 in
1700 4656 1801 4709 hoc

1907 3456 2238 3515 repetentes,
2293 3445 2358 3497 ad
2395 3446 2655 3498 honorem
2690 3454 2745 3497 et
2796 3444 3085 3513 pristinum
3149 3444 3201 3497 in
3256 3444 3500 3497 Ecclesia

1905 3554 2100 3593 munus
2148 3538 2509 3608 recipiebant.
2556 3536 2794 3590 Narrant
2823 3536 3216 3591 ecclesiastica:
3257 3538 3503 3592 historia:

1903 3635 2177 3701 quomodo
2236 3635 2351 3687 ha-c.
2392 3633 2713 3696 acciderint,
2764 3649 3098 3703 causamque
3142 3632 3504 3695 dissensionis

1905 3729 2046 3781 inter
2093 3728 2245 3779 illum
2299 3735 2353 3781 et
2409 3726 2707 3791 Eusebium
2752 3725 3159 3779 Vercellcnsem
3195 3742 3207 3777 :
3249 3740 3311 3779 ac
3361 3738 3501 3794 quo-

1904 3818 2072 3879 niam,
2104 3818 2193 3872 ubi
2228 3819 2467 3871 ba‘reses
2500 3832 2564 3870 ac
2594 3817 2889 3870 schismata
2924 3816 3215 3885 plurimum
3248 3824 3501 3884 regnant,

1906 3912 2087 3965 nnllns
2112 3911 2414 3981 disciplinic
2446 3912 2598 3964 locus
2636 3911 2984 3980 relinquitur,
3016 3920 3072 3964 et
3116 3925 3297 3963 mores
3335 3910 3508 3978 magis

1906 4003 2286 4072 inquinamur,
2321 4003 2437 4070 ipse
2467 4017 2530 4056 ac
2552 4002 2671 4070 ejus
2703 4003 2927 4056 assecla:
2954 4002 3056 4056 hoc
3086 4001 3253 4055 veluti
3286 4000 3496 4061 colore,

1905 4108 1961 4151 ut
1990 4100 2113 4150 vitia
2145 4107 2199 4151 et
2241 4100 2469 4151 vitiosos
2509 4098 2793 4166 fugerent,
2835 4111 2963 4150 sese
2992 4112 3019 4148 a
3053 4095 3295 4150 fidelium
3326 4095 3502 4149 socie-

1904 4190 2419 4259 tatesegrcgabant.
2478 4190 2554 4243 Ex
2612 4190 3041 4260 elegantioribus
3093 4190 3266 4244 sancti
3310 4189 3501 4243 Hiero-

1905 4284 2049 4353 nymi
2082 4284 2236 4337 libris
2266 4300 2404 4336 unus
2436 4283 2614 4337 adlmc
2641 4285 2797 4337 nobis
2828 4299 3007 4353 super:
3031 4294 3099 4346 ει,
3126 4285 3219 4350 qui
3243 4282 3510 4338 adversus

1903 4392 1998 4432 eos
2030 4377 2366 4431 inscribitur.
2402 4376 2577 4442 Quam
2613 4377 2831 4430 tandem
2876 4377 3285 4430 excusationem
3330 4378 3505 4429 nosu'i

1905 4472 2168 4542 temporis
2201 4472 2442 4526 lueretici
2494 4471 2764 4534 afferent,
2814 4472 2909 4540 qni
2942 4488 3001 4525 se
3050 4470 3236 4525 eadem
3283 4471 3511 4539 vestigia

1905 4564 2117 4632 insequi
2144 4562 2403 4631 jactitant
2425 4563 2448 4615 ?
2472 4562 2706 4617 Sanctus
2728 4563 2893 4617 etiam
2927 4564 3256 4632 Augustinus
3281 4564 3334 4617 in
3360 4563 3507 4619 hunc

1904 4659 2079 4728 ipsum
2111 4656 2420 4711 Luciferum
2452 4657 2634 4711 acrius
2680 4657 2981 4723 invehitur,
3021 4667 3295 4726 tamquam
3346 4658 3509 4711 nimis

190 4751 338 4805 libro
374 4751 614 4807 intersit.
661 4748 797 4805 Nam
831 4749 932 4804 etsi
967 4758 1138 4801 totum
1188 4748 1438 4801 volumen
1486 4746 1613 4800 mihi
1662 4762 1796 4815 opus
1826 4729 1877 4787 Ῑ)
1911 4765 2187 4807 morosum
2220 4760 2274 4803 et
2301 4749 2615 4813 difficilem,
2647 4749 2791 4819 quod
2818 4748 2887 4803 de
2918 4747 3158 4814 Christo,
3196 4748 3287 4819 qui
3318 4749 3513 4804 Eccle—

194 4841 459 4895 vidcatur
501 4852 675 4895 tractu
731 4856 842 4895 uno
899 4839 1220 4911 Imperatori
1254 4839 1575 4894 Constantio
1622 4841 1800 4894 conti-

190 4946 445 4999 nuatum,
482 4936 657 5003 ipsum
692 4944 871 4989 tamen
898 4936 948 4989 in
978 4936 1193 4991 libellos
1219 4936 1448 5005 partitus
1476 4946 1561 4989 est
1588 4946 1797 5000 auctor;

190 5044 430 5102 quorum
461 5043 602 5083 unus
632 5028 833 5081 asserit
862 5042 984 5082 cum
1022 5028 1298 5083 hmreticis
1328 5030 1518 5083 venire
1551 5029 1707 5082 nobis
1740 5030 1802 5081 li-

192 5126 369 5180 citum
421 5137 528 5177 non
575 5136 721 5185 esse,
771 5130 863 5175 aut
917 5122 1119 5189 aliquid
1172 5137 1463 5176 commune
1512 5138 1635 5175 cum
1672 5123 1801 5189 ipsis

195 5218 426 5271 habere.
486 5216 622 5270 Cum
673 5229 921 5269 essemus
975 5214 1285 5279 Poessiaci,
1330 5232 1435 5269 non
1492 5224 1598 5269 tam
1630 5216 1802 5271 libere

190 5326 321 5367 sum
376 5310 623 5374 locutus,
660 5308 757 5365 sed
789 5308 923 5363 illud
956 5308 1135 5363 solum
1165 5308 1310 5374 dixi,
1368 5325 1490 5363 cum
1537 5310 1808 5366 haereticis

191 5404 588 5472 diSputationis
616 5402 845 5473 publica:
871 5401 1207 5471 colloquium
1254 5410 1309 5455 et
1340 5402 1693 5458 collationem
1726 5404 1807 5457 in-

194 5501 433 5556 stituere
467 5499 622 5553 nefas
654 5516 799 5566 esse,
828 5502 981 5570 quasi
1019 5502 1070 5555 in
1104 5500 1377 5555 theatrum
1405 5510 1460 5556 et
1506 5501 1682 5556 lusum
1712 5515 1807 5551 vo-

195 5608 460 5649 caremus
517 5593 744 5647 verbum
802 5594 1050 5656 Domini;
1105 5592 1249 5648 unde
1282 5592 1417 5646 nihil
1448 5592 1594 5647 aliud
1644 5608 1804 5662 quam

197 5685 595 5741 offendiculum
655 5687 835 5741 multis
893 5688 1043 5742 nasci
1072 5688 1312 5758 oririque
1340 5695 1548 5757 posset,
1575 5695 1632 5741 et
1686 5696 1804 5741 tan-

275 5838 301 5864 λ
344 5824 682 5893 Augustinus
716 5824 766 5877 in
795 5824 893 5877 lib.
923 5825 991 5879 de
1024 5826 1217 5881 haeres.
1250 5839 1357 5879 non
1411 5822 1808 5893 Luciferi,sed

204 5892 676 5958 Luciferianorum
706 5895 1019 5961 opinionem
1050 5898 1115 5951 de
1148 5906 1335 5950 natura
1369 5897 1563 5949 anima?
1590 5892 1800 5958 recitat,

209 5977 447 6038 eatn'tuo
499 5965 629 6035 ipsis
676 5962 939 6031 attribuit.
1000 5967 1201 6034 quippe
1236 5967 1327 6036 qui
1359 5964 1537 6021 dicunt
1567 5966 1801 6019 animam

1912 4848 2003 4900 site
2048 4854 2210 4913 caput
2262 4852 2370 4907 est,
2400 4844 2543 4898 bene
2580 4844 2653 4898 illi
2686 4843 2980 4897 conveniat
3032 4859 3153 4897 cum
3187 4841 3512 4906 Catholicis,

1909 4938 1977 4993 de
2008 4952 2241 5007 corpore
2273 4952 2439 5001 vero,
2473 4938 2615 5006 quod
2666 4936 2906 4990 Ecclesia
2951 4936 3171 5001 dicitur,
3205 4953 3314 4991 non
3349 4937 3509 5001 item;

1913 5044 2014 5084 nec
2047 5038 2230 5083 tamen
2263 5037 2288 5063 ει
2323 5027 2441 5096 ejus
2471 5028 2801 5081 sententiam
2834 5026 2903 5080 de
2932 5026 3242 5081 animarum
3284 5043 3516 5097 genera-

1913 5124 2061 5177 tione
2108 5124 2337 5177 omnino
2384 5120 2626 5174 damnat.
2686 5119 3063 5187 Recentiores,
3089 5123 3292 5191 quibus
3330 5122 3513 5177 minus

1914 5217 2037 5271 fidei
2086 5226 2139 5271 et
2186 5213 2527 5269 auctoritatis
2575 5212 2886 5277 adhibetur,
2942 5213 3143 5284 quique
3193 5215 3262 5270 de
3301 5230 3367 5268 eo
3400 5223 3506 5267 tatu

1907 5320 2060 5365 certa
2117 5287 2444 5379 expromere
2491 5306 2717 5361 minime
2778 5308 3123 5375 potuissent,
3181 5324 3281 5377 pro
3350 5306 3510 5361 libitu

1911 5402 2172 5473 quicquid
2213 5402 2440 5455 voluere
2485 5401 2780 5453 commenti
2814 5408 2962 5464 sunt,
3014 5400 3081 5453 ita
3117 5408 3178 5453 ut.
3203 5399 3326 5456 loco
3356 5401 3516 5455 unius

1911 5492 2053 5548 duos
2084 5503 2437 5559 recenseant,
2470 5506 2634 5544 unum
2664 5490 2911 5560 Smyrnae
2960 5491 3287 5563 Episcopum
3342 5504 3397 5548 et
3436 5494 3517 5547 al-

1915 5598 2091 5644 terum
2146 5585 2437 5650 Sardinia;
2488 5586 2640 5639 illum
2696 5584 2915 5654 quidem
2975 5586 3333 5653 hmreticum,
3372 5587 3516 5643 lmnc

1913 5700 2047 5741 vero
2068 5684 2245 5739 virum
2296 5682 2526 5752 probum
2554 5688 2611 5736 et
2657 5680 2998 5750 religiosum.
3028 5681 3302 5751 Quidquid
3353 5698 3516 5754 porro

1918 5838 1984 5876 ea:
2032 5818 2385 5891 trnmfusione
2427 5816 2690 5891 generari.
2718 5815 2860 5870 Sane
2891 5815 3022 5870 nihil
3074 5814 3385 5885 hujusmodi
3439 5819 3516 5874 le-

1913 5895 2060 5962 gitur
2116 5886 2189 5946 in'
2226 5890 2382 5962 libris
2429 5886 2712 5962 Luciferi;
2774 5901 2872 5939 nec
2911 5894 3173 5962 _veterum
3229 5891 3513 5959 quisquam

1916 5951 2058 6018 bene
2098 5974 2338 6019 errorem
2368 5951 2421 6015 in
2451 5954 2701 6015 Lucifero
2731 5952 2947 6026 agnovit
