4636 6384
939 377 1048 434 765

1955 377 2254 436 LUCIFER
2300 377 2674 437 l'lPlSCOPUS
2713 376 3223 438 CALARITANUS.
3895 381 3968 439 iiii

938 492 988 546 id
1025 495 1113 556 sit,
1147 507 1252 548 non
1282 493 1458 548 solum
1487 507 1517 547 a
1559 494 1674 548 suis
1720 494 2198 565 contentpot-aneis
2251 493 2546 566 proxima:-
2575 494 2622 555 Α
2651 491 2755 550 hoc
2787 494 2926 550 libro
2957 495 3210 564 habetur,
3243 497 3375 556 tales
3397 496 3508 554 hodie
3523 498 3622 554 illico
3642 499 3777 569 capitis
3792 499 3977 570 supplicio

935 601 1043 657 que
1069 588 1245 641 :Ptatis
1279 585 1598 641 hominibus
1629 587 1814 642 clarus
1841 586 2062 642 habitus
2093 597 2176 642 est
2205 601 2268 642 ac
2300 596 2544 655 sanctus,

935 693 1230 736 commune
1261 690 1390 736 tunc
1413 680 1692 752 epitheton
1727 681 1982 736 omnibus
2016 680 2277 737 Ecclesia:
2307 682 2515 736 militan

939 774 1009 828 tis
1041 773 1144 826 hoe.
1173 784 1287 828 toto
1314 775 1446 829 orbe
1481 774 1752 841 ﬁdelibus,
1785 790 1973 829 verum
2029 785 2220 840 etiam,
2258 784 2545 847 postquam

937 886 970 924 e
1035 871 1177 925 vitis
1224 871 1463 925 excessit
1502 911 1517 936 ,
1573 872 1750 925 beatus
1796 879 1883 926 est
1931 869 2262 941 appellatus.
2323 870 2550 941 Magnus

935 962 1299 1029 Athanasius,
1323 963 1675 1030 Ambrosius,
1700 975 1754 1021 et
1782 964 2023 1019 llilarius
2068 963 2219 1019 illum
2251 978 2466 1020 summo
2495 965 2550 1022 in

939 1059 1151 1116 honore
1201 1058 1427 1121 habent.
1489 1073 1553 1112 ac
1582 1057 1650 1113 de
1712 1059 1832 1129 ipso
1877 1058 2172 1130 splendide
2228 1059 2546 1130 loquuntur.

939 1151 1261 1208 Communis
1320 1151 1451 1206 mihi
1505 1161 1668 1223 atque
1717 1152 1862 1207 illius
1909 1152 2087 1207 relatis
2132 1151 2348 1208 videtur
2380 1151 2551 1223 ipsius

938 1259 1145 1310 sermo,
1176 1244 1315 1300 adeo
1347 1243 1501 1299 rudis
1529 1255 1617 1300 est
1662 1254 1717 1299 et
1747 1246 2078 1312 incomptus,
2113 1259 2272 1314 quem
2315 1246 2550 1316 ipsemet

939 1337 1103 1391 etiam
1151 1339 1416 1392 rusticum
1451 1349 1610 1393 vocat
1643 1357 1654 1392 :
1682 1349 1738 1393 at
1765 1340 1858 1409 qui
1909 1339 2204 1411 diligenter
2237 1338 2550 1410 perpende-

942 1433 1034 1494 rit,
1087 1448 1209 1486 eum
1260 1448 1482 1504 gravem
1543 1443 1596 1488 et
1641 1433 1928 1488 sententiis
1993 1431 2278 1497 refertum,
2338 1434 2550 1506 virique

941 1531 1160 1599 ingenio
1188 1530 1420 1585 valentis
1453 1531 1718 1584 inveniet.
1746 1528 2000 1584 Ostendit
2022 1529 2169 1584 enim
2195 1529 2378 1584 versio
2405 1530 2552 1586 loco-

939 1640 1058 1678 rum
1091 1624 1233 1678 Stcri
1261 1624 1552 1678 voluminis
1579 1667 1591 1688 ,
1619 1624 1764 1694 quod
1800 1625 1889 1679 illa
1920 1636 2070 1680 certe
2102 1624 2340 1693 vulgaris
2386 1633 2507 1682 erat
2531 1667 2548 1688 ,

941 1733 1142 1789 neque,
1180 1727 1238 1774 ttt
1267 1728 1455 1789 postea
1502 1717 1625 1783 fuit,
1679 1717 1964 1788 reengnita
2012 1727 2067 1770 et
2099 1717 2412 1771 emendata.
2448 1715 2548 1782 Qui

943 1811 1005 1865 tit
1047 1819 1102 1865 ut
1158 1812 1461 1867 locutiones
1515 1811 1924 1880 varietatesque
1973 1809 2245 1865 notabiles
2274 1824 2382 1862 non
2406 1808 2551 1864 desi—

2652 587 2973 643 afticiendos
3021 604 3144 645 esse
3173 591 3495 658 clamitarent,
3519 600 3560 647 et
3581 592 3786 663 principes,
3807 593 3871 663 qui
3901 592 3986 650 hare

2655 691 2972 751 paterentur
3001 693 3094 738 attt
3121 683 3498 746 dissimularent.
3521 687 3695 742 stultitia:
3718 697 3783 741 aut
3805 688 3994 755 simplici-

2655 774 2781 829 tatis
2832 787 3151 846 arguerent,
3199 779 3316 834 sive
3359 781 3396 834 is
3429 789 3533 835 esset
3561 778 3998 847 Constantiusuuster.

2650 871 2769 924 sive
2806 869 3150 928 Theodosius
3211 872 3305 929 ille
3354 889 3524 946 magnus
3560 889 3580 928 a
3621 888 3758 931 sancto
3798 876 4009 934 Ambrosio

2657 963 2896 1020 Ecclesia
2929 965 3116 1035 pulsus
3164 985 3176 1021 :
3238 967 3406 1023 ferunt
3435 970 3540 1025 enim
3561 970 3737 1039 graviter
3765 980 3808 1026 et
3828 970 4015 1036 moleste,

2651 1059 2798 1128 quod
2841 1074 3001 1129 reges
3048 1059 3282 1117 reddere
3306 1073 3524 1132 nequeant
3563 1075 3642 1117 tatu
3672 1063 3843 1120 infestos
3868 1065 4023 1135 probis,

2653 1167 2815 1222 quatn
2860 1151 2958 1207 fuit
3013 1153 3260 1210 llerodes
3285 1154 3452 1212 Joauui
3475 1155 3683 1226 Baptista.
3711 1157 3910 1224 Quamvis
3933 1167 4031 1212 ante

2654 1244 2798 1305 hunc
2848 1246 3233 1303 Constantium
3259 1288 3274 1312 ,
3317 1257 3504 1321 excepto
3542 1248 3674 1320 ipsius
3713 1259 3859 1322 patre.
3901 1251 4037 1306 nullus

2654 1335 2954 1405 imperator
2974 1335 3269 1394 Christiani
3302 1356 3467 1398 nomen
3482 1353 3785 1413 assumpterat,
3802 1343 3914 1399 unde
3933 1345 4037 1412 perii

2651 1433 2834 1491 culum
2880 1445 3022 1501 erat,
3073 1451 3144 1490 ne
3201 1436 3423 1493 ferocior
3466 1439 3686 1510 magisque
3728 1439 4037 1495 titillationiob

2653 1528 2849 1582 noxius
2902 1528 3250 1586 redderetur.
3300 1531 3454 1602 Atque
3497 1532 3595 1588 illos
3633 1533 3846 1588 maximos
3874 1533 4037 1604 impera

2654 1631 2802 1677 tores
2861 1623 3027 1677 totius
3080 1622 3232 1678 orbis
3288 1623 3507 1680 dominos
3532 1624 3668 1681 fuisse
3703 1628 4037 1697 COIiSilil,Qtli\)i

2656 1716 2828 1773 nostri
2876 1731 3034 1787 reges
3099 1719 3431 1787 quantumvis
3481 1727 3686 1789 potentes
3730 1735 3874 1789 neque
3919 1718 4035 1773 virib

2659 1823 2835 1883 neque
2880 1811 3210 1866 auctoritate
3237 1826 3392 1883 pares
3417 1811 3558 1868 videri
3585 1821 3791 1882 possunt.
3815 1810 3906 1866 Sed
3929 1827 4037 1881 quat

939 1916 1071 1961 nant
1097 1922 1412 1970 occurrere,
1446 1921 1583 1976 quas
1638 1909 1832 1962 lecrori
1883 1909 2082 1970 minus,
2119 1921 2284 1974 quam
2334 1917 2547 1970 sumus,
2581 1888 2629 1948 Β
2659 1904 2834 1975 magis
2863 1905 3063 1960 summi
3105 1920 3265 1975 reges
3312 1906 3523 1976 polentia
3568 1905 3818 1970 excellunt,
3845 1920 3900 1961 eo
3944 1906 4036 1974 mai

941 2009 1208 2068 occupato
1255 1999 1597 2069 colligendas
1651 1999 2041 2069 relinquimus.
2076 1997 2275 2053 Totum
2309 1996 2548 2064 denique

943 2096 1045 2148 hoc
1099 2110 1236 2164 opus
1287 2095 1542 2165 exiguum
1573 2093 1870 2149 admodum
1905 2092 2068 2156 foret,
2099 2093 2143 2148 si
2175 2091 2242 2146 ab
2270 2106 2338 2146 eo
2368 2090 2552 2163 Scrip-

939 2198 1061 2241 tura
1091 2187 1299 2249 divina,
1331 2202 1493 2257 quam
1530 2189 1927 2258 promptiorem
1956 2186 2161 2240 habere
2204 2201 2311 2240 non
2346 2185 2549 2253 potuis-

935 2290 1040 2342 set.
1073 2279 1420 2336 scinderetur
1447 2289 1504 2335 et
1546 2280 1875 2335 auferretur.
1909 2279 2120 2335 Idcirco
2152 2294 2323 2351 purus
2349 2287 2405 2335 et
2435 2278 2550 2333 sin-

938 2389 1099 2428 cerus
1125 2375 1212 2429 hic
1241 2383 1421 2428 textus
1440 2374 1644 2444 absque
1665 2373 1776 2437 ullo
1800 2374 2046 2443 periculo
2065 2371 2414 2442 recipiendos
2442 2381 2545 2426 est.

939 2466 1096 2534 Quod
1129 2469 1172 2521 si
1206 2476 1399 2522 auctor
1435 2466 1716 2522 haereseos
1749 2466 1871 2520 labe.
1915 2476 2133 2518 notatus
2184 2464 2396 2528 fuisset,
2435 2479 2549 2518 ma-

933 2560 1044 2631 jori
1104 2561 1309 2632 probro
1363 2560 1523 2622 nobis
1573 2560 1824 2623 daretur,
1879 2559 1926 2614 si
1956 2557 2122 2612 homo
2175 2561 2548 2628 reprehensus

941 2664 1050 2707 tant
1105 2651 1366 2707 eximium
1419 2666 1558 2721 opus
1594 2651 1880 2716 edidisset,
1925 2665 2023 2706 nos
2073 2665 2205 2705 vero
2237 2650 2289 2704 in
2317 2648 2548 2704 deman-

938 2749 1080 2803 datis
1115 2748 1270 2802 nobis
1302 2747 1601 2819 provinciis~
1633 2758 1836 2814 mutos,
1868 2749 2152 2810 attonitos.
2188 2757 2242 2801 et
2273 2748 2549 2808 excordes

943 2843 1164 2913 degere
1197 2843 1297 2895 ine.
1333 2842 1637 2912 pra‘sertitn
1673 2852 1852 2903 relate.
1884 2843 2106 2911 quando
2136 2842 2372 2902 maxime
2413 2856 2549 2912 opus

943 2946 1048 3000 est,
1081 2944 1137 2988 ut
1177 2936 1292 3005 pari
1325 2936 1496 2988 simus
1527 2937 1694 2989 animi
1727 2935 2068 2999 fortitudine,
2093 2950 2198 3003 qua
2234 2947 2361 2990 tunc
2391 2947 2550 2998 erant

938 3026 1016 3080 illi
1054 3027 1363 3091 Antistites,
1394 3042 1515 3079 cum
1549 3037 1795 3082 nostrum
1835 3027 1904 3082 de
1941 3028 2209 3098 religione
2257 3026 2545 3084 dissidium

940 3132 1061 3190 post
1096 3120 1224 3174 illttd
1248 3121 1361 3174 Arii
1393 3121 1465 3174 sit
1498 3122 1694 3190 majus,
1719 3136 1878 3184 quam
1912 3135 2168 3190 umquam
2213 3121 2360 3175 inter
2391 3121 2519 3176 Cltri

938 3215 1151 3268 stianos
1180 3214 1343 3268 fuerit
1373 3229 1653 3270 exortum.
1677 3214 1732 3270 Si
1765 3215 1887 3282 quis
1921 3230 2063 3269 nunc
2094 3217 2407 3270 mortalium
2439 3225 2547 3270 tam

937 3318 1144 3361 saneta:
1176 3310 1301 3360 vitae
1334 3322 1396 3360 ac
1429 3309 1626 3360 sacrati
1667 3308 1876 3363 ordinis
1916 3318 2182 3371 exstaret,
2225 3310 2314 3378 qui
2352 3308 2550 3363 talibus

941 3403 1124 3456 verbis
1160 3400 1464 3470 principem
1499 3415 1656 3454 suum
1691 3400 2000 3471 improbum
2031 3411 2082 3456 et
2117 3402 2391 3472 perditunt
2427 3417 2552 3470 pro-

941 3495 1241 3559 scindi-ret,
1269 3493 1728 3564 quemadmodum
1779 3494 1865 3547 hic
1912 3494 2108 3565 «lignus
2148 3494 2389 3550 faciebat
2419 3509 2552 3550 coo-

940 3593 1117 3643 l'essnr
1168 3591 1330 3642 etiam
1374 3591 1424 3642 in
1457 3590 1711 3644 evsilinm
1766 3590 1966 3643 missus
1998 3603 2052 3642 et
2102 3589 2392 3659 relegatus,
2420 3590 2549 3660 quid

938 3701 1126 3755 qttatso
1152 3687 1217 3737 de
1247 3686 1340 3738 illo
1371 3685 1690 3740 diceret-tr?
1723 3685 1856 3739 Eum
1887 3697 2039 3737 vorat
2076 3695 2416 3754 serpentem.
2438 3686 2551 3741 hel-

934 3778 1084 3832 luam
1134 3788 1189 3832 et
1249 3778 1703 3832 itnntanissimam
1743 3777 1946 3839 feram.
1999 3778 2287 3843 latronem,
2324 3780 2548 3834 sacrile-

938 3887 1089 3940 gum,
1137 3871 1475 3937 carniﬁcem,
1510 3870 1862 3932 homicidam.
1895 3871 2257 3934 idololatram,
2287 3873 2547 3940 templum

941 3965 1256 4018 dmmonnm
1285 4007 1299 4026 .
1354 3972 1409 4017 et
1438 3963 1718 4032 religionis
1774 3977 2092 4018 eversorem
2123 4005 2136 4027 ,
2183 3963 2498 4018 ltmrelicutn
2532 4007 2547 4029 ,

939 4066 1245 4125 apostatatn
1329 4056 1653 4111 Antichristi
1708 4070 2132 4126 prereursorem,
2191 4065 2354 4127 atque
2413 4056 2552 4112 adeo

941 4151 1116 4215 ipsum
1143 4147 1722 4203 .\ntichri5tum.Pacis
1743 4148 2217 4216 ἰιιειιιιι-νοᾶίςιιιηι
2239 4149 2377 4217 ejus,
2403 4149 2548 4218 quod

945 4251 1210 4310 praetextu
1260 4243 1629 4297 sedandorum
1687 4245 2019 4296 tttomltunm
2061 4245 2545 4312 promulgaverat,

940 4337 1274 4405 sacrilegum
1320 4345 1375 4390 et
1428 4335 1747 4404 pestiferum
1781 4336 2041 4394 aunellat.
2080 4336 2332 4390 llaaretici
2361 4350 2549 4390 susur-

939 4446 1132 4498 rones,
1179 4432 1268 4501 qui
1316 4429 1616 4486 mundanis
1641 4431 1994 4502 'prineoibus
2043 4431 2360 4498 adulantur,
2417 4434 2550 4503 ipsis

2655 1997 2770 2072 fere
2815 2012 3036 2068 semper
3085 1999 3374 2054 clementia
3418 2007 3465 2052 et
3499 1997 3789 2053 humanitate
3827 1997 4012 2054 cmiitus

2654 2102 2870 2158 nantut‘,
2932 2094 3058 2162 quia
3115 2093 3195 2147 sic
3251 2093 3361 2148 Deo
3388 2093 3496 2163 Opt.
3544 2093 3669 2148 Max.
3694 2107 3807 2148 suos
3839 2107 4035 2148 suerunt

2655 2189 2872 2257 negOtia
2894 2201 3090 2243 curare
3141 2197 3196 2242 et
3263 2201 3564 2244 conservare
3618 2187 3771 2241 visunt
3823 2197 3914 2242 est.
3960 2185 4037 2240 Set

2655 2281 2817 2336 ﬁnem
2869 2279 3086 2344 faciam,
3142 2296 3262 2348 qua:
3296 2281 3380 2334 hic
3425 2289 3626 2352 apparet
3667 2278 3897 2345 historia,
3933 2289 4030 2341 tetu

2655 2384 2846 2429 nostra
2889 2373 3156 2442 depingit,
3207 2373 3388 2442 qualia
3417 2372 3479 2426 ab
3507 2372 3692 2440 aliquot
3711 2373 3810 2440 jam
3839 2371 3982 2425 annis
4003 2386 4037 2426 ct

2653 2478 2800 2530 runt,
2845 2482 2952 2524 non
2975 2477 3125 2521 certe
3169 2467 3289 2519 sine
3329 2464 3548 2519 maximo
3595 2466 3748 2519 totius
3774 2463 3950 2520 Galliae.
3989 2465 4037 2517 in

2653 2559 2828 2629 perio,
2860 2574 2982 2630 qua:
3039 2559 3239 2613 nullam
3297 2573 3538 2630 umquam
3579 2569 3728 2612 antea
3774 2557 4012 2613 hmresim

2652 2661 2846 2708 nuerat
2892 2662 2982 2706 aut
3017 2651 3248 2716 fovi-rat,
3278 2666 3552 2722 quousque
3595 2666 3730 2706 nunc
3758 2650 3855 2705 sub
3879 2651 4017 2721 regis

2655 2746 2883 2811 pueritia
2916 2753 2972 2800 et
2998 2746 3310 2799 innocentia
3335 2744 3548 2799 emersit
3580 2762 3591 2797 :
3637 2744 3723 2797 cui
3770 2741 4034 2798 Christian

2656 2839 3017 2909 piissimoque
3053 2849 3260 2892 tantum
3319 2839 3439 2906 opis
3470 2845 3519 2890 et
3564 2837 3746 2905 gratire
3778 2836 4026 2891 Christus

2657 2953 2755 2990 tztis
2813 2946 3000 2990 noster
3060 2934 3328 3003 impartit'i
3387 2932 3662 3003 dignetur,
3721 2940 3780 2985 ut
3829 2929 3952 2985 lana
3981 2941 4035 2984 et

2652 3045 2980 3099 omnemun
3029 3028 3397 3084 ldololatriam
3451 3025 3780 3080 tlcmnliatttr
3833 3039 3898 3078 ac
3959 3022 4036 3077 dir

2652 3140 2871 3179 omnem
2903 3121 3157 3178 haeresim
3185 3122 3450 3191 reprimat
3501 3129 3556 3174 et
3583 3119 3922 3188 exstinguat.
3955 3116 4035 3185 Qu

2659 3218 2887 3274 Beatiss.
2946 3217 3128 3283 Pater,
3160 3214 3531 3270 sanctissimae
3588 3223 3695 3268 tua:
3727 3212 4035 3268 admonitio

2658 3310 2848 3373 dehes,
2886 3309 3056 3364 multo
3085 3308 3407 3378 adjumeuto
3460 3321 3590 3362 esse
3623 3314 3918 3375 poterunt,
3971 3320 4035 3360 cu

2657 3405 2747 3460 illa
2783 3403 2994 3457 vivendi
3028 3416 3242 3462 norma,
3272 3415 3441 3471 quam
3507 3399 4035 3454 Ecclesiasticorutv

2657 3515 2776 3554 rutn
2822 3497 3087 3553 abusibus
3117 3495 3383 3550 adhibere
3435 3510 3636 3548 curas.
3667 3494 3968 3561 Quantum
4025 3509 4035 3545 ι

2658 3608 2745 3648 me
2774 3601 3005 3660 spectat,
3037 3591 3127 3658 qui
3162 3589 3294 3642 nihil
3320 3587 3479 3641 aliud
3520 3602 3700 3657 quam
3755 3595 3938 3641 terrae
3999 3603 4029 3636 v

2657 3700 2797 3749 smn,
2830 3694 3015 3737 etnon
3047 3697 3268 3753 possunt
3302 3697 3415 3735 non
3475 3681 3898 3749 perturbatum
3939 3682 4033 3734 lict

2657 3779 2838 3832 «liuent
2893 3784 3056 3845 atque
3113 3778 3269 3829 istatn
3329 3775 3768 3829 confusionem
3835 3775 4033 3827 lattter

2655 3870 2796 3941 quod
2824 3869 2946 3924 ideo
2972 3868 3134 3921 velim
3159 3868 3224 3920 ah
3250 3869 3366 3936 ipsa
3393 3866 3729 3932 recctlct'c,
3748 3878 3856 3919 aut
3885 3865 4032 3918 alim

2657 3964 2937 4032 quippiam
2981 3960 3235 4022 Suadere,
3291 3960 3441 4014 satis
3495 3959 3657 4012 mihi
3697 3970 3798 4013 est
3858 3960 3923 4012 in
3961 3959 4022 4011 vi

2659 4072 2754 4125 pro
2804 4055 2995 4108 virium
3045 4068 3286 4106 mearum
3341 4055 3670 4106 tenuitate
3711 4051 4017 4119 operari,

2657 4151 2934 4204 votionetn
2964 4163 3142 4203 ntcatn
3167 4161 3229 4202 ac
3259 4162 3396 4217 erga
3441 4145 3952 4201 sanctissitnnttt
3997 4162 4024 4198 ς

2659 4254 2766 4298 tam
2797 4245 3132 4312 relinquere,
3166 4242 3472 4310 Deumque
3535 4241 3698 4312 Opt.
3748 4238 3930 4294 Max.
3974 4254 4031 4308 pi

2658 4337 2939 4401 felicitate,
2976 4351 3073 4406 pro
3120 4334 3311 4406 patriae
3363 4348 3538 4388 mea:
3605 4331 4030 4402 lranquillit:

2657 4432 2899 4486 universi
2941 4427 3093 4485 orbis
3133 4427 3459 4483 Christiani
3523 4424 3944 4496 deprecari,
3977 4425 4031 4478 ir

941 4523 1278 4593 persuadere
1330 4526 1594 4590 nitentes,
1646 4523 1794 4595 quod
1846 4524 2114 4596 Episcopi
2145 4502 2550 4597 Episcoporum
2578 4502 2712 4583 l)et
2742 4525 3073 4582 incolumem
3105 4521 3363 4579 Christus
3400 4521 3524 4576 diu
3569 4531 3638 4575 te.
3686 4520 3902 4575 nobis
3961 4535 4029 4574 ς(

938 4629 1062 4670 sunt
1097 4659 1110 4681 ,
1149 4617 1313 4672 sicuti
1363 4616 1484 4671 huic
1534 4615 1858 4688 Imperatori
1917 4617 2242 4676 Constantio
2294 4621 2550 4681 evenisse

2659 4621 2742 4678 dis
2770 4635 2830 4676 ttl
2862 4617 2998 4675 Non.
3029 4617 3257 4674 Janttar.
3291 4614 3539 4673 MDLX
3557 4613 3745 4670 Vl“.

2379 5185 2848 5254 W6»
