  <div class='ocr_page' id='page_1' title='image "/cluster/home/n/w/nwhite01/storage/ocr_20150623/12-13/uc1.31175013632818/1048.png"; bbox 0 0 4292 6430; ppageno 0'>
   <div class='ocr_carea' id='block_1_1' title="bbox 112 456 2671 519">
    <p class='ocr_par' dir='ltr' id='par_1_1' title="bbox 112 456 2671 519">
     <span class='ocr_line' id='line_1_1' title="bbox 112 456 2671 519; baseline 0.002 -7"><span class='ocrx_word' id='word_1_1' title='bbox 112 460 196 512; x_wconf 72' lang='lat'><em>76‘)</em></span> <span class='ocrx_word' id='word_1_2' title='bbox 770 457 857 513; x_wconf 84' lang='lat' dir='ltr'><em>DE</em></span> <span class='ocrx_word' id='word_1_3' title='bbox 898 458 1033 515; x_wconf 75' lang='lat' dir='ltr'><em>NON</em></span> <span class='ocrx_word' id='word_1_4' title='bbox 1073 457 1566 514; x_wconf 73' lang='lat' dir='ltr'><em>CONVENIl-ZNDO</em></span> <span class='ocrx_word' id='word_1_5' title='bbox 1604 458 1744 514; x_wconf 77' lang='lat' dir='ltr'><em>(.‘UM</em></span> <span class='ocrx_word' id='word_1_6' title='bbox 1791 456 2179 515; x_wconf 62' lang='lat' dir='ltr'><em>HrERETICIS</em></span> <span class='ocrx_word' id='word_1_7' title='bbox 2219 460 2424 517; x_wconf 79' lang='lat' dir='ltr'><strong>LIBER</strong></span> <span class='ocrx_word' id='word_1_8' title='bbox 2467 460 2671 519; x_wconf 85' lang='lat' dir='ltr'>UNUS.</span> 
     </span>
    </p>
   </div>
   <div class='ocr_carea' id='block_1_2' title="bbox 3278 462 3382 518">
    <p class='ocr_par' dir='ltr' id='par_1_2' title="bbox 3278 462 3382 518">
     <span class='ocr_line' id='line_1_2' title="bbox 3278 462 3382 518; baseline 0.019 -2"><span class='ocrx_word' id='word_1_9' title='bbox 3278 462 3382 518; x_wconf 85' lang='lat'><em>770</em></span> 
     </span>
    </p>
   </div>
   <div class='ocr_carea' id='block_1_3' title="bbox 112 572 3384 645">
    <p class='ocr_par' dir='ltr' id='par_1_3' title="bbox 112 572 3384 645">
     <span class='ocr_line' id='line_1_3' title="bbox 112 572 3384 645; baseline 0.003 -26"><span class='ocrx_word' id='word_1_10' title='bbox 112 574 270 641; x_wconf 69' lang='lat' dir='ltr'><em>picis.</em></span> <span class='ocrx_word' id='word_1_11' title='bbox 303 572 493 626; x_wconf 66' lang='lat' dir='ltr'><em>hostes</em></span> <span class='ocrx_word' id='word_1_12' title='bbox 532 574 752 627; x_wconf 74' lang='lat' dir='ltr'><em>unitatis</em></span> <span class='ocrx_word' id='word_1_13' title='bbox 779 618 791 637; x_wconf 87' lang='lat'><em>,</em></span> <span class='ocrx_word' id='word_1_14' title='bbox 824 576 1170 630; x_wconf 71' lang='lat' dir='ltr'><em>adversarios</em></span> <span class='ocrx_word' id='word_1_15' title='bbox 1216 576 1379 629; x_wconf 88' lang='lat' dir='ltr'><em>etiam</em></span> <span class='ocrx_word' id='word_1_16' title='bbox 1429 576 1681 627; x_wconf 65' lang='lat' dir='ltr'><em>fraternrr,</em></span> <span class='ocrx_word' id='word_1_17' title='bbox 1710 578 1758 635; x_wconf 80' lang='grc' dir='ltr'><strong>Α</strong></span> <span class='ocrx_word' id='word_1_18' title='bbox 1794 573 1913 627; x_wconf 72' lang='lat' dir='ltr'><em>Non</em></span> <span class='ocrx_word' id='word_1_19' title='bbox 1943 577 2139 643; x_wconf 82' lang='lat' dir='ltr'><em>ponetis</em></span> <span class='ocrx_word' id='word_1_20' title='bbox 2156 575 2221 627; x_wconf 85' lang='lat' dir='ltr'><em>ad</em></span> <span class='ocrx_word' id='word_1_21' title='bbox 2248 592 2330 629; x_wconf 86' lang='lat' dir='ltr'><em>eos</em></span> <span class='ocrx_word' id='word_1_22' title='bbox 2361 586 2713 629; x_wconf 73' lang='lat' dir='ltr'><em>testamentum</em></span> <span class='ocrx_word' id='word_1_23' title='bbox 2748 619 2760 639; x_wconf 91' lang='lat'><em>,</em></span> <span class='ocrx_word' id='word_1_24' title='bbox 2794 593 2953 645; x_wconf 85' lang='lat' dir='ltr'><em>neque</em></span> <span class='ocrx_word' id='word_1_25' title='bbox 2983 587 3004 613; x_wconf 71' lang='grc' dir='ltr'>ε</span> <span class='ocrx_word' id='word_1_26' title='bbox 3040 576 3384 630; x_wconf 83' lang='lat' dir='ltr'><em>ntisercamini</em></span> 
     </span>
    </p>
   </div>
   <div class='ocr_carea' id='block_1_4' title="bbox 112 665 1680 736">
    <p class='ocr_par' dir='ltr' id='par_1_4' title="bbox 112 665 1680 736">
     <span class='ocr_line' id='line_1_4' title="bbox 112 665 1680 736; baseline -0.002 -16"><span class='ocrx_word' id='word_1_27' title='bbox 112 665 393 720; x_wconf 72' lang='lat' dir='ltr'><em>clrnimtis.</em></span> <span class='ocrx_word' id='word_1_28' title='bbox 421 666 475 719; x_wconf 88' lang='lat' dir='ltr'><em>Si</em></span> <span class='ocrx_word' id='word_1_29' title='bbox 510 666 646 719; x_wconf 86' lang='lat' dir='ltr'><em>inter</em></span> <span class='ocrx_word' id='word_1_30' title='bbox 676 665 768 721; x_wconf 86' lang='lat' dir='ltr'><em>Dei</em></span> <span class='ocrx_word' id='word_1_31' title='bbox 798 669 1039 722; x_wconf 81' lang='lat' dir='ltr'><em>cultores</em></span> <span class='ocrx_word' id='word_1_32' title='bbox 1068 677 1123 722; x_wconf 91' lang='lat' dir='ltr'><em>et</em></span> <span class='ocrx_word' id='word_1_33' title='bbox 1148 667 1265 734; x_wconf 82' lang='lat' dir='ltr'><em>ejus</em></span> <span class='ocrx_word' id='word_1_34' title='bbox 1281 666 1556 736; x_wconf 86' lang='lat' dir='ltr'><em>religionis</em></span> <span class='ocrx_word' id='word_1_35' title='bbox 1578 667 1680 718; x_wconf 84' lang='lat' dir='ltr'><em>ini-</em></span> 
     </span>
    </p>
   </div>
   <div class='ocr_carea' id='block_1_5' title="bbox 110 757 1683 829">
    <p class='ocr_par' dir='ltr' id='par_1_5' title="bbox 110 757 1683 829">
     <span class='ocr_line' id='line_1_5' title="bbox 110 757 1683 829; baseline 0.001 -18"><span class='ocrx_word' id='word_1_36' title='bbox 110 758 256 811; x_wconf 85' lang='lat' dir='ltr'><em>Inicos</em></span> <span class='ocrx_word' id='word_1_37' title='bbox 280 757 417 809; x_wconf 81' lang='lat' dir='ltr'><em>nihil</em></span> <span class='ocrx_word' id='word_1_38' title='bbox 448 773 570 811; x_wconf 75' lang='lat' dir='ltr'><em>esse</em></span> <span class='ocrx_word' id='word_1_39' title='bbox 596 758 758 813; x_wconf 76' lang='lat' dir='ltr'><em>debet</em></span> <span class='ocrx_word' id='word_1_40' title='bbox 814 761 973 821; x_wconf 75' lang='lat' dir='ltr'><em>inter.</em></span> <span class='ocrx_word' id='word_1_41' title='bbox 1025 776 1121 814; x_wconf 89' lang='lat' dir='ltr'><em>cur</em></span> <span class='ocrx_word' id='word_1_42' title='bbox 1173 759 1384 829; x_wconf 78' lang='lat' dir='ltr'><em>Moyses</em></span> <span class='ocrx_word' id='word_1_43' title='bbox 1439 768 1683 826; x_wconf 86' lang='lat' dir='ltr'><em>tempore</em></span> 
     </span>
    </p>
   </div>
   <div class='ocr_carea' id='block_1_6' title="bbox 108 850 1683 921">
    <p class='ocr_par' dir='ltr' id='par_1_6' title="bbox 108 850 1683 921">
     <span class='ocr_line' id='line_1_6' title="bbox 108 850 1683 921; baseline 0.003 -19"><span class='ocrx_word' id='word_1_44' title='bbox 108 866 200 921; x_wconf 92' lang='lat' dir='ltr'><em>quo</em></span> <span class='ocrx_word' id='word_1_45' title='bbox 243 850 377 904; x_wconf 89' lang='lat' dir='ltr'><em>vidit</em></span> <span class='ocrx_word' id='word_1_46' title='bbox 403 852 659 920; x_wconf 78' lang='lat' dir='ltr'><em>populum</em></span> <span class='ocrx_word' id='word_1_47' title='bbox 689 854 835 907; x_wconf 87' lang='lat' dir='ltr'><em>illum</em></span> <span class='ocrx_word' id='word_1_48' title='bbox 866 854 1139 907; x_wconf 85' lang='lat' dir='ltr'><em>carnalem</em></span> <span class='ocrx_word' id='word_1_49' title='bbox 1168 853 1449 908; x_wconf 85' lang='lat' dir='ltr'><em>Judaicum</em></span> <span class='ocrx_word' id='word_1_50' title='bbox 1475 894 1489 917; x_wconf 92' lang='lat'><em>,</em></span> <span class='ocrx_word' id='word_1_51' title='bbox 1529 853 1683 919; x_wconf 86' lang='lat' dir='ltr'><em>cujus</em></span> 
     </span>
    </p>
   </div>
   <div class='ocr_carea' id='block_1_7' title="bbox 106 944 1682 1012">
    <p class='ocr_par' dir='ltr' id='par_1_7' title="bbox 106 944 1682 1012">
     <span class='ocr_line' id='line_1_7' title="bbox 106 944 1682 1012; baseline -0.002 -14"><span class='ocrx_word' id='word_1_52' title='bbox 106 952 154 998; x_wconf 91' lang='lat' dir='ltr'><em>tu</em></span> <span class='ocrx_word' id='word_1_53' title='bbox 181 944 497 1012; x_wconf 83' lang='lat' dir='ltr'><em>sapientiam</em></span> <span class='ocrx_word' id='word_1_54' title='bbox 529 954 703 1009; x_wconf 85' lang='lat' dir='ltr'><em>tenes,</em></span> <span class='ocrx_word' id='word_1_55' title='bbox 740 947 1064 999; x_wconf 64' lang='lat' dir='ltr'><em>idololatria:</em></span> <span class='ocrx_word' id='word_1_56' title='bbox 1109 947 1403 1000; x_wconf 85' lang='lat' dir='ltr'><em>incurrisse</em></span> <span class='ocrx_word' id='word_1_57' title='bbox 1450 957 1682 1007; x_wconf 81' lang='lat' dir='ltr'><em>reatum,</em></span> 
     </span>
    </p>
   </div>
   <div class='ocr_carea' id='block_1_8' title="bbox 105 1038 1685 1109">
    <p class='ocr_par' dir='ltr' id='par_1_8' title="bbox 105 1038 1685 1109">
     <span class='ocr_line' id='line_1_8' title="bbox 105 1038 1685 1109; baseline 0 -18"><span class='ocrx_word' id='word_1_58' title='bbox 105 1046 443 1106; x_wconf 70' lang='lat' dir='ltr'><em>posteaquam</em></span> <span class='ocrx_word' id='word_1_59' title='bbox 472 1038 652 1106; x_wconf 78' lang='lat' dir='ltr'><em>gladio</em></span> <span class='ocrx_word' id='word_1_60' title='bbox 679 1051 863 1093; x_wconf 85' lang='lat' dir='ltr'><em>certos</em></span> <span class='ocrx_word' id='word_1_61' title='bbox 888 1039 1095 1109; x_wconf 86' lang='lat' dir='ltr'><em>percuti</em></span> <span class='ocrx_word' id='word_1_62' title='bbox 1124 1038 1266 1099; x_wconf 83' lang='lat' dir='ltr'><em>fecit,</em></span> <span class='ocrx_word' id='word_1_63' title='bbox 1295 1042 1459 1093; x_wconf 86' lang='lat' dir='ltr'><em>etiam</em></span> <span class='ocrx_word' id='word_1_64' title='bbox 1498 1038 1685 1091; x_wconf 84' lang='lat' dir='ltr'><em>statio-</em></span> 
     </span>
    </p>
   </div>
   <div class='ocr_carea' id='block_1_9' title="bbox 101 1134 1681 1201">
    <p class='ocr_par' dir='ltr' id='par_1_9' title="bbox 101 1134 1681 1201">
     <span class='ocr_line' id='line_1_9' title="bbox 101 1134 1681 1201; baseline 0.001 -16"><span class='ocrx_word' id='word_1_65' title='bbox 101 1145 212 1185; x_wconf 85' lang='lat' dir='ltr'><em>nem</em></span> <span class='ocrx_word' id='word_1_66' title='bbox 260 1144 416 1183; x_wconf 88' lang='lat' dir='ltr'><em>suam</em></span> <span class='ocrx_word' id='word_1_67' title='bbox 466 1143 802 1201; x_wconf 83' lang='lat' dir='ltr'><em>scgrcgatam</em></span> <span class='ocrx_word' id='word_1_68' title='bbox 854 1149 974 1188; x_wconf 82' lang='lat' dir='ltr'><em>esse</em></span> <span class='ocrx_word' id='word_1_69' title='bbox 1005 1134 1211 1185; x_wconf 87' lang='lat' dir='ltr'><em>voluit?</em></span> <span class='ocrx_word' id='word_1_70' title='bbox 1267 1151 1385 1201; x_wconf 63' lang='lat' dir='ltr'><em>qua)</em></span> <span class='ocrx_word' id='word_1_71' title='bbox 1419 1135 1489 1186; x_wconf 84' lang='lat' dir='ltr'><em>ita</em></span> <span class='ocrx_word' id='word_1_72' title='bbox 1522 1149 1641 1187; x_wconf 83' lang='lat' dir='ltr'><em>esse</em></span> <span class='ocrx_word' id='word_1_73' title='bbox 1667 1175 1681 1199; x_wconf 91' lang='lat'><em>,</em></span> 
     </span>
    </p>
   </div>
   <div class='ocr_carea' id='block_1_10' title="bbox 102 1220 1685 1294">
    <p class='ocr_par' dir='ltr' id='par_1_10' title="bbox 102 1220 1685 1294">
     <span class='ocr_line' id='line_1_10' title="bbox 102 1220 1685 1294; baseline 0.001 -20"><span class='ocrx_word' id='word_1_74' title='bbox 102 1222 270 1289; x_wconf 83' lang='lat' dir='ltr'><em>accipe</em></span> <span class='ocrx_word' id='word_1_75' title='bbox 318 1220 605 1291; x_wconf 86' lang='lat' dir='ltr'><em>scriptum.</em></span> <span class='ocrx_word' id='word_1_76' title='bbox 642 1224 707 1277; x_wconf 83' lang='lat' dir='ltr'><em>Et</em></span> <span class='ocrx_word' id='word_1_77' title='bbox 761 1226 890 1278; x_wconf 71' lang='lat' dir='ltr'><em>dixit</em></span> <span class='ocrx_word' id='word_1_78' title='bbox 923 1224 1179 1278; x_wconf 86' lang='lat' dir='ltr'><em>Dominus</em></span> <span class='ocrx_word' id='word_1_79' title='bbox 1206 1225 1274 1275; x_wconf 90' lang='lat' dir='ltr'><em>ad</em></span> <span class='ocrx_word' id='word_1_80' title='bbox 1305 1223 1553 1294; x_wconf 80' lang='lat' dir='ltr'><em>Moysen:</em></span> <span class='ocrx_word' id='word_1_81' title='bbox 1587 1223 1685 1277; x_wconf 87' lang='lat' dir='ltr'><em>Dic</em></span> 
     </span>
    </p>
   </div>
   <div class='ocr_carea' id='block_1_11' title="bbox 98 1312 1685 1385">
    <p class='ocr_par' dir='ltr' id='par_1_11' title="bbox 98 1312 1685 1385">
     <span class='ocr_line' id='line_1_11' title="bbox 98 1312 1685 1385; baseline 0.002 -18"><span class='ocrx_word' id='word_1_82' title='bbox 98 1315 210 1383; x_wconf 78' lang='lat' dir='ltr'><em>ﬁliis</em></span> <span class='ocrx_word' id='word_1_83' title='bbox 236 1312 428 1377; x_wconf 84' lang='lat' dir='ltr'><em>Israel,</em></span> <span class='ocrx_word' id='word_1_84' title='bbox 454 1315 557 1371; x_wconf 82' lang='lat' dir='ltr'><em>Vos</em></span> <span class='ocrx_word' id='word_1_85' title='bbox 583 1318 803 1385; x_wconf 81' lang='lat' dir='ltr'><em>papulas</em></span> <span class='ocrx_word' id='word_1_86' title='bbox 832 1318 978 1371; x_wconf 79' lang='lat' dir='ltr'><em>dura:</em></span> <span class='ocrx_word' id='word_1_87' title='bbox 1008 1320 1237 1379; x_wconf 80' lang='lat' dir='ltr'><em>cerricis,</em></span> <span class='ocrx_word' id='word_1_88' title='bbox 1262 1320 1423 1371; x_wconf 83' lang='lat' dir='ltr'><em>ridete</em></span> <span class='ocrx_word' id='word_1_89' title='bbox 1448 1336 1506 1371; x_wconf 88' lang='lat' dir='ltr'><em>ne</em></span> <span class='ocrx_word' id='word_1_90' title='bbox 1530 1319 1685 1371; x_wconf 90' lang='lat' dir='ltr'><em>aliam</em></span> 
     </span>
    </p>
   </div>
   <div class='ocr_carea' id='block_1_12' title="bbox 98 1408 1686 1481">
    <p class='ocr_par' dir='ltr' id='par_1_12' title="bbox 98 1408 1686 1481">
     <span class='ocr_line' id='line_1_12' title="bbox 98 1408 1686 1481; baseline 0.004 -23"><span class='ocrx_word' id='word_1_91' title='bbox 98 1409 295 1477; x_wconf 80' lang='lat' dir='ltr'><em>plagam</em></span> <span class='ocrx_word' id='word_1_92' title='bbox 328 1408 576 1463; x_wconf 76' lang='lat' dir='ltr'><em>inducens</em></span> <span class='ocrx_word' id='word_1_93' title='bbox 602 1427 757 1480; x_wconf 88' lang='lat' dir='ltr'><em>super</em></span> <span class='ocrx_word' id='word_1_94' title='bbox 786 1427 871 1463; x_wconf 83' lang='lat' dir='ltr'><em>vos</em></span> <span class='ocrx_word' id='word_1_95' title='bbox 897 1450 910 1473; x_wconf 90' lang='lat'><em>,</em></span> <span class='ocrx_word' id='word_1_96' title='bbox 950 1412 1148 1463; x_wconf 81' lang='lat' dir='ltr'><em>deleam</em></span> <span class='ocrx_word' id='word_1_97' title='bbox 1197 1427 1303 1463; x_wconf 80' lang='lat' dir='ltr'><em>vos.</em></span> <span class='ocrx_word' id='word_1_98' title='bbox 1362 1411 1518 1463; x_wconf 82' lang='lat' dir='ltr'><em>Nunc</em></span> <span class='ocrx_word' id='word_1_99' title='bbox 1564 1428 1686 1481; x_wconf 87' lang='lat' dir='ltr'><em>ergo</em></span> 
     </span>
    </p>
   </div>
   <div class='ocr_carea' id='block_1_13' title="bbox 93 1502 1687 1572">
    <p class='ocr_par' dir='ltr' id='par_1_13' title="bbox 93 1502 1687 1572">
     <span class='ocr_line' id='line_1_13' title="bbox 93 1502 1687 1572; baseline 0.003 -19"><span class='ocrx_word' id='word_1_100' title='bbox 93 1503 322 1571; x_wconf 77' lang='lat' dir='ltr'><em>deponite</em></span> <span class='ocrx_word' id='word_1_101' title='bbox 349 1502 507 1556; x_wconf 87' lang='lat' dir='ltr'><em>stolas</em></span> <span class='ocrx_word' id='word_1_102' title='bbox 533 1503 711 1572; x_wconf 73' lang='lat' dir='ltr'><em>gloria:</em></span> <span class='ocrx_word' id='word_1_103' title='bbox 740 1514 920 1557; x_wconf 74' lang='lat' dir='ltr'><em>vestra:</em></span> <span class='ocrx_word' id='word_1_104' title='bbox 951 1515 995 1556; x_wconf 86' lang='lat' dir='ltr'><em>et</em></span> <span class='ocrx_word' id='word_1_105' title='bbox 1025 1516 1377 1557; x_wconf 85' lang='lat' dir='ltr'><em>arnanientum</em></span> <span class='ocrx_word' id='word_1_106' title='bbox 1396 1548 1408 1568; x_wconf 85' lang='lat'><em>,</em></span> <span class='ocrx_word' id='word_1_107' title='bbox 1440 1518 1486 1558; x_wconf 88' lang='lat' dir='ltr'><em>et</em></span> <span class='ocrx_word' id='word_1_108' title='bbox 1515 1517 1687 1558; x_wconf 84' lang='lat' dir='ltr'><em>osten-</em></span> 
     </span>
    </p>
   </div>
   <div class='ocr_carea' id='block_1_14' title="bbox 95 1596 1687 1667">
    <p class='ocr_par' dir='ltr' id='par_1_14' title="bbox 95 1596 1687 1667">
     <span class='ocr_line' id='line_1_14' title="bbox 95 1596 1687 1667; baseline 0.003 -20"><span class='ocrx_word' id='word_1_109' title='bbox 95 1596 204 1648; x_wconf 87' lang='lat' dir='ltr'><em>dant</em></span> <span class='ocrx_word' id='word_1_110' title='bbox 228 1613 348 1665; x_wconf 71' lang='lat' dir='ltr'><em>qua:</em></span> <span class='ocrx_word' id='word_1_111' title='bbox 369 1601 604 1667; x_wconf 80' lang='lat' dir='ltr'><em>facturus</em></span> <span class='ocrx_word' id='word_1_112' title='bbox 629 1616 742 1651; x_wconf 89' lang='lat' dir='ltr'><em>sum</em></span> <span class='ocrx_word' id='word_1_113' title='bbox 766 1600 923 1651; x_wconf 78' lang='lat' dir='ltr'><em>vobis.</em></span> <span class='ocrx_word' id='word_1_114' title='bbox 955 1597 1020 1649; x_wconf 75' lang='lat' dir='ltr'><em>Et</em></span> <span class='ocrx_word' id='word_1_115' title='bbox 1048 1598 1370 1651; x_wconf 87' lang='lat' dir='ltr'><em>abstulerunt</em></span> <span class='ocrx_word' id='word_1_116' title='bbox 1397 1600 1492 1666; x_wconf 80' lang='lat' dir='ltr'><em>ﬁlii</em></span> <span class='ocrx_word' id='word_1_117' title='bbox 1522 1597 1687 1651; x_wconf 88' lang='lat' dir='ltr'><em>Israel</em></span> 
     </span>
    </p>
   </div>
   <div class='ocr_carea' id='block_1_15' title="bbox 90 1691 1686 1755">
    <p class='ocr_par' dir='ltr' id='par_1_15' title="bbox 90 1691 1686 1755">
     <span class='ocr_line' id='line_1_15' title="bbox 90 1691 1686 1755; baseline 0.003 -15"><span class='ocrx_word' id='word_1_118' title='bbox 90 1700 327 1741; x_wconf 87' lang='lat' dir='ltr'><em>ornatum</em></span> <span class='ocrx_word' id='word_1_119' title='bbox 359 1706 548 1755; x_wconf 86' lang='lat' dir='ltr'><em>suum,</em></span> <span class='ocrx_word' id='word_1_120' title='bbox 580 1702 627 1743; x_wconf 91' lang='lat' dir='ltr'><em>et</em></span> <span class='ocrx_word' id='word_1_121' title='bbox 658 1692 816 1744; x_wconf 90' lang='lat' dir='ltr'><em>stolas</em></span> <span class='ocrx_word' id='word_1_122' title='bbox 844 1709 873 1743; x_wconf 90' lang='lat' dir='ltr'><em>a</em></span> <span class='ocrx_word' id='word_1_123' title='bbox 903 1702 1069 1742; x_wconf 80' lang='lat' dir='ltr'><em>ntonte</em></span> <span class='ocrx_word' id='word_1_124' title='bbox 1096 1691 1289 1743; x_wconf 75' lang='lat' dir='ltr'><em>Choreb</em></span> <span class='ocrx_word' id='word_1_125' title='bbox 1316 1734 1330 1755; x_wconf 89' lang='lat'><em>,</em></span> <span class='ocrx_word' id='word_1_126' title='bbox 1375 1702 1423 1743; x_wconf 87' lang='lat' dir='ltr'><em>et</em></span> <span class='ocrx_word' id='word_1_127' title='bbox 1480 1708 1686 1745; x_wconf 89' lang='lat' dir='ltr'><em>sumens</em></span> 
     </span>
    </p>
   </div>
   <div class='ocr_carea' id='block_1_16' title="bbox 92 1783 1690 1855">
    <p class='ocr_par' dir='ltr' id='par_1_16' title="bbox 92 1783 1690 1855">
     <span class='ocr_line' id='line_1_16' title="bbox 92 1783 1690 1855; baseline 0.003 -20"><span class='ocrx_word' id='word_1_128' title='bbox 92 1783 474 1837; x_wconf 85' lang='lat' dir='ltr'><em>tabernaculum</em></span> <span class='ocrx_word' id='word_1_129' title='bbox 506 1784 710 1855; x_wconf 79' lang='lat' dir='ltr'><em>Moyses</em></span> <span class='ocrx_word' id='word_1_130' title='bbox 739 1828 751 1849; x_wconf 87' lang='lat'><em>,</em></span> <span class='ocrx_word' id='word_1_131' title='bbox 785 1786 897 1853; x_wconf 71' lang='lat' dir='ltr'><em>ﬁxit</em></span> <span class='ocrx_word' id='word_1_132' title='bbox 921 1787 1054 1837; x_wconf 87' lang='lat' dir='ltr'><em>illud</em></span> <span class='ocrx_word' id='word_1_133' title='bbox 1078 1797 1217 1838; x_wconf 74' lang='lat' dir='ltr'><em>crtra</em></span> <span class='ocrx_word' id='word_1_134' title='bbox 1245 1799 1412 1839; x_wconf 86' lang='lat' dir='ltr'><em>castra</em></span> <span class='ocrx_word' id='word_1_135' title='bbox 1436 1828 1448 1845; x_wconf 87' lang='lat'><em>,</em></span> <span class='ocrx_word' id='word_1_136' title='bbox 1483 1789 1630 1855; x_wconf 84' lang='lat' dir='ltr'><em>longe</em></span> <span class='ocrx_word' id='word_1_137' title='bbox 1658 1804 1690 1839; x_wconf 90' lang='lat' dir='ltr'><em>a</em></span> 
     </span>
    </p>
   </div>
   <div class='ocr_carea' id='block_1_17' title="bbox 87 1877 1687 1945">
    <p class='ocr_par' dir='ltr' id='par_1_17' title="bbox 87 1877 1687 1945">
     <span class='ocr_line' id='line_1_17' title="bbox 87 1877 1687 1945; baseline 0.001 -16"><span class='ocrx_word' id='word_1_138' title='bbox 87 1878 300 1941; x_wconf 80' lang='lat' dir='ltr'><em>castris,</em></span> <span class='ocrx_word' id='word_1_139' title='bbox 334 1887 381 1929; x_wconf 78' lang='lat' dir='ltr'><em>et</em></span> <span class='ocrx_word' id='word_1_140' title='bbox 404 1877 729 1945; x_wconf 86' lang='lat' dir='ltr'><em>appellatum</em></span> <span class='ocrx_word' id='word_1_141' title='bbox 757 1890 828 1929; x_wconf 84' lang='lat' dir='ltr'><em>est</em></span> <span class='ocrx_word' id='word_1_142' title='bbox 858 1878 1243 1929; x_wconf 75' lang='lat' dir='ltr'><em>tabernaculum</em></span> <span class='ocrx_word' id='word_1_143' title='bbox 1294 1880 1563 1929; x_wconf 79' lang='lat' dir='ltr'><em>testimonii</em></span> <span class='ocrx_word' id='word_1_144' title='bbox 1594 1919 1606 1941; x_wconf 96' lang='lat'><em>,</em></span> <span class='ocrx_word' id='word_1_145' title='bbox 1643 1889 1687 1931; x_wconf 90' lang='lat' dir='ltr'><em>et</em></span> 
     </span>
    </p>
   </div>
   <div class='ocr_carea' id='block_1_18' title="bbox 1789 671 3385 741">
    <p class='ocr_par' dir='ltr' id='par_1_18' title="bbox 1789 671 3385 741">
     <span class='ocr_line' id='line_1_18' title="bbox 1789 671 3385 741; baseline 0.001 -20"><span class='ocrx_word' id='word_1_146' title='bbox 1789 686 1993 735; x_wconf 82' lang='lat' dir='ltr'><em>eorum,</em></span> <span class='ocrx_word' id='word_1_147' title='bbox 2028 687 2191 739; x_wconf 86' lang='lat' dir='ltr'><em>neque</em></span> <span class='ocrx_word' id='word_1_148' title='bbox 2217 671 2431 724; x_wconf 79' lang='lat' dir='ltr'><em>tradetis</em></span> <span class='ocrx_word' id='word_1_149' title='bbox 2460 671 2536 724; x_wconf 89' lang='lat' dir='ltr'><em>eis</em></span> <span class='ocrx_word' id='word_1_150' title='bbox 2563 671 2699 739; x_wconf 79' lang='lat' dir='ltr'><em>filias</em></span> <span class='ocrx_word' id='word_1_151' title='bbox 2721 682 2913 725; x_wconf 82' lang='lat' dir='ltr'><em>vestras</em></span> <span class='ocrx_word' id='word_1_152' title='bbox 2938 682 3187 741; x_wconf 86' lang='lat' dir='ltr'><em>nuptum,</em></span> <span class='ocrx_word' id='word_1_153' title='bbox 3222 686 3385 737; x_wconf 88' lang='lat' dir='ltr'><em>neque</em></span> 
     </span>
    </p>
   </div>
   <div class='ocr_carea' id='block_1_19' title="bbox 1788 762 3383 833">
    <p class='ocr_par' dir='ltr' id='par_1_19' title="bbox 1788 762 3383 833">
     <span class='ocr_line' id='line_1_19' title="bbox 1788 762 3383 833; baseline 0.002 -20"><span class='ocrx_word' id='word_1_154' title='bbox 1788 762 1932 814; x_wconf 87' lang='lat' dir='ltr'><em>dabis</em></span> <span class='ocrx_word' id='word_1_155' title='bbox 1976 764 2085 829; x_wconf 80' lang='lat' dir='ltr'><em>ﬁlia</em></span> <span class='ocrx_word' id='word_1_156' title='bbox 2118 772 2204 815; x_wconf 89' lang='lat' dir='ltr'><em>tuo</em></span> <span class='ocrx_word' id='word_1_157' title='bbox 2237 762 2396 827; x_wconf 80' lang='lat' dir='ltr'><em>ﬁliam</em></span> <span class='ocrx_word' id='word_1_158' title='bbox 2439 764 2581 817; x_wconf 90' lang='lat' dir='ltr'><em>illius</em></span> <span class='ocrx_word' id='word_1_159' title='bbox 2607 779 2625 816; x_wconf 90' lang='lat'><strong><em>:</em></strong></span> <span class='ocrx_word' id='word_1_160' title='bbox 2653 764 2856 817; x_wconf 83' lang='lat' dir='ltr'><em>seducet</em></span> <span class='ocrx_word' id='word_1_161' title='bbox 2883 765 3019 817; x_wconf 89' lang='lat' dir='ltr'><em>enim</em></span> <span class='ocrx_word' id='word_1_162' title='bbox 3045 765 3211 833; x_wconf 82' lang='lat' dir='ltr'><em>ﬁlium</em></span> <span class='ocrx_word' id='word_1_163' title='bbox 3240 775 3383 817; x_wconf 87' lang='lat' dir='ltr'><em>tuum</em></span> 
     </span>
    </p>
   </div>
   <div class='ocr_carea' id='block_1_20' title="bbox 1787 852 3386 919">
    <p class='ocr_par' dir='ltr' id='par_1_20' title="bbox 1787 852 3386 919">
     <span class='ocr_line' id='line_1_20' title="bbox 1787 852 3386 919; baseline 0.004 -17"><span class='ocrx_word' id='word_1_164' title='bbox 1787 867 1819 902; x_wconf 91' lang='lat' dir='ltr'><em>a</em></span> <span class='ocrx_word' id='word_1_165' title='bbox 1847 867 1924 902; x_wconf 87' lang='lat' dir='ltr'><em>me</em></span> <span class='ocrx_word' id='word_1_166' title='bbox 1950 891 1962 912; x_wconf 89' lang='lat'><em>,</em></span> <span class='ocrx_word' id='word_1_167' title='bbox 1998 862 2044 903; x_wconf 91' lang='lat' dir='ltr'><em>et</em></span> <span class='ocrx_word' id='word_1_168' title='bbox 2069 853 2250 904; x_wconf 84' lang='lat' dir='ltr'><em>serviet</em></span> <span class='ocrx_word' id='word_1_169' title='bbox 2279 852 2377 904; x_wconf 89' lang='lat' dir='ltr'><em>diis</em></span> <span class='ocrx_word' id='word_1_170' title='bbox 2406 853 2620 919; x_wconf 89' lang='lat' dir='ltr'><em>alienis,</em></span> <span class='ocrx_word' id='word_1_171' title='bbox 2670 863 2714 907; x_wconf 86' lang='lat' dir='ltr'><em>et</em></span> <span class='ocrx_word' id='word_1_172' title='bbox 2744 856 2995 910; x_wconf 83' lang='lat' dir='ltr'><em>irascetur</em></span> <span class='ocrx_word' id='word_1_173' title='bbox 3022 856 3103 908; x_wconf 89' lang='lat' dir='ltr'><em>ira</em></span> <span class='ocrx_word' id='word_1_174' title='bbox 3133 854 3386 909; x_wconf 82' lang='lat' dir='ltr'><em>Dominus</em></span> 
     </span>
    </p>
   </div>
   <div class='ocr_carea' id='block_1_21' title="bbox 1789 946 3388 1018">
    <p class='ocr_par' dir='ltr' id='par_1_21' title="bbox 1789 946 3388 1018">
     <span class='ocr_line' id='line_1_21' title="bbox 1789 946 3388 1018; baseline 0.004 -21"><span class='ocrx_word' id='word_1_175' title='bbox 1789 946 1842 997; x_wconf 88' lang='lat' dir='ltr'><em>in</em></span> <span class='ocrx_word' id='word_1_176' title='bbox 1872 961 1956 997; x_wconf 83' lang='lat' dir='ltr'><em>ros</em></span> <span class='ocrx_word' id='word_1_177' title='bbox 1975 987 1987 1007; x_wconf 92' lang='lat'><em>,</em></span> <span class='ocrx_word' id='word_1_178' title='bbox 2019 956 2066 998; x_wconf 91' lang='lat' dir='ltr'><em>et</em></span> <span class='ocrx_word' id='word_1_179' title='bbox 2093 946 2450 999; x_wconf 79' lang='lat' dir='ltr'><em>exterminabit</em></span> <span class='ocrx_word' id='word_1_180' title='bbox 2479 958 2526 1001; x_wconf 87' lang='lat' dir='ltr'><em>te</em></span> <span class='ocrx_word' id='word_1_181' title='bbox 2546 947 2840 1015; x_wconf 88' lang='lat' dir='ltr'><em>cito(Deut.</em></span> <span class='ocrx_word' id='word_1_182' title='bbox 2869 964 2943 1004; x_wconf 76' lang='lat' dir='ltr'><em>VII</em></span> <span class='ocrx_word' id='word_1_183' title='bbox 2962 992 2975 1011; x_wconf 86' lang='grc'>,</span> <span class='ocrx_word' id='word_1_184' title='bbox 3001 949 3037 1002; x_wconf 69' lang='lat'><strong><em>2</em></strong></span> <span class='ocrx_word' id='word_1_185' title='bbox 3061 948 3237 1018; x_wconf 87' lang='lat' dir='ltr'><em>).Cum</em></span> <span class='ocrx_word' id='word_1_186' title='bbox 3269 948 3388 1004; x_wconf 76' lang='lat' dir='ltr'><em>lucc</em></span> 
     </span>
    </p>
   </div>
   <div class='ocr_carea' id='block_1_22' title="bbox 1790 1038 3388 1111">
    <p class='ocr_par' dir='ltr' id='par_1_22' title="bbox 1790 1038 3388 1111">
     <span class='ocr_line' id='line_1_22' title="bbox 1790 1038 3388 1111; baseline 0.004 -19"><span class='ocrx_word' id='word_1_187' title='bbox 1790 1039 2009 1092; x_wconf 81' lang='lat' dir='ltr'><em>mandet</em></span> <span class='ocrx_word' id='word_1_188' title='bbox 2053 1038 2200 1101; x_wconf 81' lang='lat' dir='ltr'><em>ﬁeri,</em></span> <span class='ocrx_word' id='word_1_189' title='bbox 2254 1039 2531 1108; x_wconf 90' lang='lat' dir='ltr'><em>quomodo</em></span> <span class='ocrx_word' id='word_1_190' title='bbox 2558 1054 2846 1111; x_wconf 86' lang='lat' dir='ltr'><em>possumus</em></span> <span class='ocrx_word' id='word_1_191' title='bbox 2878 1042 3158 1097; x_wconf 77' lang='lat' dir='ltr'><em>vobiscum</em></span> <span class='ocrx_word' id='word_1_192' title='bbox 3186 1056 3388 1097; x_wconf 85' lang='lat' dir='ltr'><em>conve-</em></span> 
     </span>
    </p>
   </div>
   <div class='ocr_carea' id='block_1_23' title="bbox 1790 1134 3388 1207">
    <p class='ocr_par' dir='ltr' id='par_1_23' title="bbox 1790 1134 3388 1207">
     <span class='ocr_line' id='line_1_23' title="bbox 1790 1134 3388 1207; baseline 0.003 -20"><span class='ocrx_word' id='word_1_193' title='bbox 1790 1134 1938 1196; x_wconf 86' lang='lat' dir='ltr'><em>nire,</em></span> <span class='ocrx_word' id='word_1_194' title='bbox 1971 1136 2244 1188; x_wconf 73' lang='lat' dir='ltr'><em>vobiscum</em></span> <span class='ocrx_word' id='word_1_195' title='bbox 2278 1149 2466 1204; x_wconf 87' lang='lat' dir='ltr'><em>pacem</em></span> <span class='ocrx_word' id='word_1_196' title='bbox 2485 1135 2708 1199; x_wconf 86' lang='lat' dir='ltr'><em>habere.</em></span> <span class='ocrx_word' id='word_1_197' title='bbox 2733 1151 2853 1190; x_wconf 92' lang='lat' dir='ltr'><em>cum</em></span> <span class='ocrx_word' id='word_1_198' title='bbox 2879 1137 3225 1207; x_wconf 89' lang='lat' dir='ltr'><em>negatoribus</em></span> <span class='ocrx_word' id='word_1_199' title='bbox 3245 1136 3388 1192; x_wconf 87' lang='lat' dir='ltr'><em>unici</em></span> 
     </span>
    </p>
   </div>
   <div class='ocr_carea' id='block_1_24' title="bbox 1792 1224 3388 1297">
    <p class='ocr_par' dir='ltr' id='par_1_24' title="bbox 1792 1224 3388 1297">
     <span class='ocr_line' id='line_1_24' title="bbox 1792 1224 3388 1297; baseline 0.004 -19"><span class='ocrx_word' id='word_1_200' title='bbox 1792 1225 1885 1279; x_wconf 85' lang='lat' dir='ltr'><em>Dei</em></span> <span class='ocrx_word' id='word_1_201' title='bbox 1918 1224 2037 1279; x_wconf 80' lang='lat' dir='ltr'><em>Filii</em></span> <span class='ocrx_word' id='word_1_202' title='bbox 2069 1226 2089 1279; x_wconf 88' lang='lat'><strong>?</strong></span> <span class='ocrx_word' id='word_1_203' title='bbox 2117 1226 2391 1296; x_wconf 88' lang='lat' dir='ltr'><em>quomodo</em></span> <span class='ocrx_word' id='word_1_204' title='bbox 2423 1236 2772 1296; x_wconf 89' lang='lat' dir='ltr'><em>potueramus</em></span> <span class='ocrx_word' id='word_1_205' title='bbox 2796 1227 2955 1282; x_wconf 83' lang='lat' dir='ltr'><em>istam</em></span> <span class='ocrx_word' id='word_1_206' title='bbox 2985 1236 3128 1283; x_wconf 89' lang='lat' dir='ltr'><em>tuam</em></span> <span class='ocrx_word' id='word_1_207' title='bbox 3160 1229 3388 1297; x_wconf 82' lang='lat' dir='ltr'><em>implere</em></span> 
     </span>
    </p>
   </div>
   <div class='ocr_carea' id='block_1_25' title="bbox 1790 1319 3383 1394">
    <p class='ocr_par' dir='ltr' id='par_1_25' title="bbox 1790 1319 3383 1394">
     <span class='ocr_line' id='line_1_25' title="bbox 1790 1319 3383 1394; baseline 0.003 -24"><span class='ocrx_word' id='word_1_208' title='bbox 1790 1319 2177 1374; x_wconf 72' lang='lat' dir='ltr'><em>voluntatem?</em></span> <span class='ocrx_word' id='word_1_209' title='bbox 2225 1335 2349 1374; x_wconf 91' lang='lat' dir='ltr'><em>cum</em></span> <span class='ocrx_word' id='word_1_210' title='bbox 2386 1319 2553 1374; x_wconf 88' lang='lat' dir='ltr'><em>Deum</em></span> <span class='ocrx_word' id='word_1_211' title='bbox 2608 1321 2792 1376; x_wconf 86' lang='lat' dir='ltr'><em>videas</em></span> <span class='ocrx_word' id='word_1_212' title='bbox 2833 1321 3037 1377; x_wconf 80' lang='lat' dir='ltr'><em>dixisse</em></span> <span class='ocrx_word' id='word_1_213' title='bbox 3068 1337 3164 1391; x_wconf 88' lang='lat' dir='ltr'><em>per</em></span> <span class='ocrx_word' id='word_1_214' title='bbox 3192 1322 3383 1394; x_wconf 83' lang='lat' dir='ltr'><em>Moycn</em></span> 
     </span>
    </p>
   </div>
   <div class='ocr_carea' id='block_1_26' title="bbox 1790 1412 3391 1487">
    <p class='ocr_par' dir='ltr' id='par_1_26' title="bbox 1790 1412 3391 1487">
     <span class='ocr_line' id='line_1_26' title="bbox 1790 1412 3391 1487; baseline 0.003 -21"><span class='ocrx_word' id='word_1_215' title='bbox 1790 1412 1857 1466; x_wconf 90' lang='lat' dir='ltr'><em>de</em></span> <span class='ocrx_word' id='word_1_216' title='bbox 1888 1412 2133 1465; x_wconf 78' lang='lat' dir='ltr'><em>Moabitis</em></span> <span class='ocrx_word' id='word_1_217' title='bbox 2151 1454 2165 1476; x_wconf 94' lang='lat'><em>,</em></span> <span class='ocrx_word' id='word_1_218' title='bbox 2191 1412 2521 1467; x_wconf 80' lang='lat' dir='ltr'><em>Ammonitis</em></span> <span class='ocrx_word' id='word_1_219' title='bbox 2540 1455 2554 1477; x_wconf 94' lang='lat'><em>,</em></span> <span class='ocrx_word' id='word_1_220' title='bbox 2590 1412 2714 1467; x_wconf 83' lang='lat' dir='ltr'><em>Non</em></span> <span class='ocrx_word' id='word_1_221' title='bbox 2739 1414 3031 1469; x_wconf 84' lang='lat' dir='ltr'><em>salutabitis</em></span> <span class='ocrx_word' id='word_1_222' title='bbox 3058 1431 3143 1469; x_wconf 88' lang='lat' dir='ltr'><em>eos</em></span> <span class='ocrx_word' id='word_1_223' title='bbox 3174 1416 3391 1487; x_wconf 72' lang='lat' dir='ltr'><em>paci/ire</em></span> 
     </span>
    </p>
   </div>
   <div class='ocr_carea' id='block_1_27' title="bbox 1790 1506 3389 1579">
    <p class='ocr_par' dir='ltr' id='par_1_27' title="bbox 1790 1506 3389 1579">
     <span class='ocr_line' id='line_1_27' title="bbox 1790 1506 3389 1579; baseline 0.004 -20"><span class='ocrx_word' id='word_1_224' title='bbox 1790 1506 2021 1559; x_wconf 88' lang='lat' dir='ltr'><em>omnibus</em></span> <span class='ocrx_word' id='word_1_225' title='bbox 2044 1507 2221 1559; x_wconf 89' lang='lat' dir='ltr'><em>diebus</em></span> <span class='ocrx_word' id='word_1_226' title='bbox 2245 1509 2358 1560; x_wconf 80' lang='lat' dir='ltr'><em>rita:</em></span> <span class='ocrx_word' id='word_1_227' title='bbox 2385 1518 2488 1561; x_wconf 75' lang='lat' dir='ltr'><em>tute</em></span> <span class='ocrx_word' id='word_1_228' title='bbox 2514 1508 2736 1575; x_wconf 88' lang='lat' dir='ltr'><em>usquein</em></span> <span class='ocrx_word' id='word_1_229' title='bbox 2766 1518 3015 1562; x_wconf 66' lang='lat' dir='ltr'><em>internum</em></span> <span class='ocrx_word' id='word_1_230' title='bbox 3038 1508 3203 1579; x_wconf 87' lang='lat' dir='ltr'><em>(Ibid.</em></span> <span class='ocrx_word' id='word_1_231' title='bbox 3232 1525 3389 1578; x_wconf 78' lang='lat' dir='ltr'><em>mu,</em></span> 
     </span>
    </p>
   </div>
   <div class='ocr_carea' id='block_1_28' title="bbox 1790 1596 3391 1670">
    <p class='ocr_par' dir='ltr' id='par_1_28' title="bbox 1790 1596 3391 1670">
     <span class='ocr_line' id='line_1_28' title="bbox 1790 1596 3391 1670; baseline 0.002 -19"><span class='ocrx_word' id='word_1_232' title='bbox 1790 1596 1889 1667; x_wconf 83' lang='lat'><em>6).</em></span> <span class='ocrx_word' id='word_1_233' title='bbox 1923 1598 2207 1663; x_wconf 84' lang='lat' dir='ltr'><em>Quomodo</em></span> <span class='ocrx_word' id='word_1_234' title='bbox 2230 1599 2392 1652; x_wconf 88' lang='lat' dir='ltr'><em>simul</em></span> <span class='ocrx_word' id='word_1_235' title='bbox 2420 1613 2541 1654; x_wconf 86' lang='lat' dir='ltr'><em>esse</em></span> <span class='ocrx_word' id='word_1_236' title='bbox 2581 1598 2767 1653; x_wconf 90' lang='lat' dir='ltr'><em>Ariani</em></span> <span class='ocrx_word' id='word_1_237' title='bbox 2793 1609 2847 1655; x_wconf 90' lang='lat' dir='ltr'><em>et</em></span> <span class='ocrx_word' id='word_1_238' title='bbox 2871 1600 3164 1655; x_wconf 82' lang='lat' dir='ltr'><em>Christiani</em></span> <span class='ocrx_word' id='word_1_239' title='bbox 3197 1609 3391 1670; x_wconf 87' lang='lat' dir='ltr'><em>potue-</em></span> 
     </span>
    </p>
   </div>
   <div class='ocr_carea' id='block_1_29' title="bbox 1792 1689 3396 1762">
    <p class='ocr_par' dir='ltr' id='par_1_29' title="bbox 1792 1689 3396 1762">
     <span class='ocr_line' id='line_1_29' title="bbox 1792 1689 3396 1762; baseline 0.002 -18"><span class='ocrx_word' id='word_1_240' title='bbox 1792 1689 2019 1744; x_wconf 85' lang='lat' dir='ltr'><em>ramus?</em></span> <span class='ocrx_word' id='word_1_241' title='bbox 2052 1704 2173 1743; x_wconf 88' lang='lat' dir='ltr'><em>cmn</em></span> <span class='ocrx_word' id='word_1_242' title='bbox 2197 1690 2386 1744; x_wconf 82' lang='lat' dir='ltr'><em>audias</em></span> <span class='ocrx_word' id='word_1_243' title='bbox 2415 1692 2633 1762; x_wconf 82' lang='lat' dir='ltr'><em>Moysen</em></span> <span class='ocrx_word' id='word_1_244' title='bbox 2651 1692 2837 1747; x_wconf 90' lang='lat' dir='ltr'><em>dicere</em></span> <span class='ocrx_word' id='word_1_245' title='bbox 2864 1710 2876 1745; x_wconf 92' lang='lat'><strong>:</strong></span> <span class='ocrx_word' id='word_1_246' title='bbox 2912 1691 3033 1747; x_wconf 86' lang='lat' dir='ltr'><em>Non</em></span> <span class='ocrx_word' id='word_1_247' title='bbox 3063 1694 3159 1747; x_wconf 89' lang='lat' dir='ltr'><em>erit</em></span> <span class='ocrx_word' id='word_1_248' title='bbox 3191 1692 3210 1732; x_wconf 70' lang='grc' dir='ltr'><strong>ί</strong></span> <span class='ocrx_word' id='word_1_249' title='bbox 3241 1694 3396 1748; x_wconf 89' lang='lat' dir='ltr'><em>adul-</em></span> 
     </span>
    </p>
   </div>
   <div class='ocr_carea' id='block_1_30' title="bbox 1793 1783 3395 1855">
    <p class='ocr_par' dir='ltr' id='par_1_30' title="bbox 1793 1783 3395 1855">
     <span class='ocr_line' id='line_1_30' title="bbox 1793 1783 3395 1855; baseline 0.002 -18"><span class='ocrx_word' id='word_1_250' title='bbox 1793 1795 1899 1837; x_wconf 86' lang='lat' dir='ltr'><em>tera</em></span> <span class='ocrx_word' id='word_1_251' title='bbox 1928 1800 1991 1836; x_wconf 79' lang='lat' dir='ltr'><em>ex</em></span> <span class='ocrx_word' id='word_1_252' title='bbox 2020 1783 2231 1851; x_wconf 77' lang='lat' dir='ltr'><em>ﬁliabus</em></span> <span class='ocrx_word' id='word_1_253' title='bbox 2258 1784 2429 1837; x_wconf 89' lang='lat' dir='ltr'><em>Israel</em></span> <span class='ocrx_word' id='word_1_254' title='bbox 2456 1784 2622 1854; x_wconf 89' lang='lat' dir='ltr'><em>(Ibid.</em></span> <span class='ocrx_word' id='word_1_255' title='bbox 2642 1784 2765 1855; x_wconf 73' lang='lat' dir='ltr'><em>i7);</em></span> <span class='ocrx_word' id='word_1_256' title='bbox 2792 1795 2847 1841; x_wconf 91' lang='lat' dir='ltr'><em>et</em></span> <span class='ocrx_word' id='word_1_257' title='bbox 2873 1786 3021 1840; x_wconf 90' lang='lat' dir='ltr'><em>omni</em></span> <span class='ocrx_word' id='word_1_258' title='bbox 3044 1794 3395 1842; x_wconf 87' lang='lat' dir='ltr'><em>commoneat</em></span> 
     </span>
    </p>
   </div>
   <div class='ocr_carea' id='block_1_31' title="bbox 1793 1877 3392 1948">
    <p class='ocr_par' dir='ltr' id='par_1_31' title="bbox 1793 1877 3392 1948">
     <span class='ocr_line' id='line_1_31' title="bbox 1793 1877 3392 1948; baseline 0.001 -16"><span class='ocrx_word' id='word_1_259' title='bbox 1793 1878 1913 1932; x_wconf 89' lang='lat' dir='ltr'><em>loco</em></span> <span class='ocrx_word' id='word_1_260' title='bbox 1946 1887 2003 1931; x_wconf 90' lang='lat' dir='ltr'><em>ut</em></span> <span class='ocrx_word' id='word_1_261' title='bbox 2058 1878 2237 1931; x_wconf 89' lang='lat' dir='ltr'><em>omnis</em></span> <span class='ocrx_word' id='word_1_262' title='bbox 2290 1877 2505 1932; x_wconf 86' lang='lat' dir='ltr'><em>adulter</em></span> <span class='ocrx_word' id='word_1_263' title='bbox 2560 1878 2937 1943; x_wconf 85' lang='lat' dir='ltr'><em>interﬁciatur,</em></span> <span class='ocrx_word' id='word_1_264' title='bbox 2988 1879 3287 1948; x_wconf 88' lang='lat' dir='ltr'><em>productus</em></span> <span class='ocrx_word' id='word_1_265' title='bbox 3324 1878 3392 1934; x_wconf 88' lang='lat' dir='ltr'><em>ad</em></span> 
     </span>
    </p>
   </div>
   <div class='ocr_carea' id='block_1_32' title="bbox 87 1968 3395 2041">
    <p class='ocr_par' dir='ltr' id='par_1_32' title="bbox 87 1968 3395 2041">
     <span class='ocr_line' id='line_1_32' title="bbox 87 1968 3395 2041; baseline 0 -17"><span class='ocrx_word' id='word_1_266' title='bbox 87 1975 231 2039; x_wconf 80' lang='lat' dir='ltr'><em>[iebat</em></span> <span class='ocrx_word' id='word_1_267' title='bbox 263 1983 317 2026; x_wconf 89' lang='lat' dir='ltr'><em>ut</em></span> <span class='ocrx_word' id='word_1_268' title='bbox 347 1974 533 2037; x_wconf 85' lang='lat' dir='ltr'><em>omnis,</em></span> <span class='ocrx_word' id='word_1_269' title='bbox 562 1974 867 2041; x_wconf 86' lang='lat' dir='ltr'><em>quicumque</em></span> <span class='ocrx_word' id='word_1_270' title='bbox 894 1974 1150 2041; x_wconf 76' lang='lat' dir='ltr'><em>quwrebut</em></span> <span class='ocrx_word' id='word_1_271' title='bbox 1177 1972 1472 2034; x_wconf 86' lang='lat' dir='ltr'><em>Dominum,</em></span> <span class='ocrx_word' id='word_1_272' title='bbox 1500 1973 1600 2024; x_wconf 87' lang='lat' dir='ltr'><em>ibat</em></span> <span class='ocrx_word' id='word_1_273' title='bbox 1623 1972 1688 2024; x_wconf 88' lang='lat' dir='ltr'><em>ad</em></span> <span class='ocrx_word' id='word_1_274' title='bbox 1719 1977 1765 2035; x_wconf 82' lang='grc' dir='ltr'><strong>Β</strong></span> <span class='ocrx_word' id='word_1_275' title='bbox 1796 1979 2005 2038; x_wconf 87' lang='lat' dir='ltr'><em>portam</em></span> <span class='ocrx_word' id='word_1_276' title='bbox 2030 2010 2044 2032; x_wconf 87' lang='lat'><em>,</em></span> <span class='ocrx_word' id='word_1_277' title='bbox 2076 1970 2350 2038; x_wconf 78' lang='lat' dir='ltr'><em>lapidibus</em></span> <span class='ocrx_word' id='word_1_278' title='bbox 2380 1987 2392 2021; x_wconf 86' lang='lat'><strong>:</strong></span> <span class='ocrx_word' id='word_1_279' title='bbox 2427 1968 2495 2022; x_wconf 83' lang='lat' dir='ltr'><em>Et</em></span> <span class='ocrx_word' id='word_1_280' title='bbox 2533 1970 2721 2024; x_wconf 81' lang='lat' dir='ltr'><em>tolletis</em></span> <span class='ocrx_word' id='word_1_281' title='bbox 2743 2012 2756 2034; x_wconf 94' lang='lat'><em>,</em></span> <span class='ocrx_word' id='word_1_282' title='bbox 2814 1970 3021 2041; x_wconf 92' lang='lat' dir='ltr'><em>inquit,</em></span> <span class='ocrx_word' id='word_1_283' title='bbox 3072 1971 3312 2041; x_wconf 87' lang='lat' dir='ltr'><em>iniquum</em></span> <span class='ocrx_word' id='word_1_284' title='bbox 3363 1989 3395 2025; x_wconf 88' lang='lat' dir='ltr'><em>a</em></span> 
     </span>
    </p>
   </div>
   <div class='ocr_carea' id='block_1_33' title="bbox 84 2067 1683 2137">
    <p class='ocr_par' dir='ltr' id='par_1_33' title="bbox 84 2067 1683 2137">
     <span class='ocr_line' id='line_1_33' title="bbox 84 2067 1683 2137; baseline -0.001 -18"><span class='ocrx_word' id='word_1_285' title='bbox 84 2069 475 2121; x_wconf 70' lang='lat' dir='ltr'><em>tabernaculum</em></span> <span class='ocrx_word' id='word_1_286' title='bbox 500 2068 777 2121; x_wconf 85' lang='lat' dir='ltr'><em>testimonii</em></span> <span class='ocrx_word' id='word_1_287' title='bbox 804 2072 941 2137; x_wconf 79' lang='lat' dir='ltr'><em>[oras</em></span> <span class='ocrx_word' id='word_1_288' title='bbox 968 2080 1113 2121; x_wconf 73' lang='lat' dir='ltr'><em>catra</em></span> <span class='ocrx_word' id='word_1_289' title='bbox 1134 2080 1323 2120; x_wconf 90' lang='lat' dir='ltr'><em>castra.</em></span> <span class='ocrx_word' id='word_1_290' title='bbox 1360 2067 1488 2121; x_wconf 79' lang='lat' dir='ltr'><em>Cum</em></span> <span class='ocrx_word' id='word_1_291' title='bbox 1516 2079 1683 2120; x_wconf 80' lang='lat' dir='ltr'><em>autem</em></span> 
     </span>
    </p>
   </div>
   <div class='ocr_carea' id='block_1_34' title="bbox 84 2160 1686 2231">
    <p class='ocr_par' dir='ltr' id='par_1_34' title="bbox 84 2160 1686 2231">
     <span class='ocr_line' id='line_1_34' title="bbox 84 2160 1686 2231; baseline -0.001 -19"><span class='ocrx_word' id='word_1_292' title='bbox 84 2162 441 2229; x_wconf 76' lang='lat' dir='ltr'><em>egrediebatur</em></span> <span class='ocrx_word' id='word_1_293' title='bbox 474 2165 615 2231; x_wconf 77' lang='lat' dir='ltr'><em>[oras</em></span> <span class='ocrx_word' id='word_1_294' title='bbox 644 2162 705 2213; x_wconf 85' lang='lat' dir='ltr'><em>de</em></span> <span class='ocrx_word' id='word_1_295' title='bbox 732 2162 1063 2214; x_wconf 84' lang='lat' dir='ltr'><em>tabernaculo</em></span> <span class='ocrx_word' id='word_1_296' title='bbox 1098 2160 1303 2230; x_wconf 70' lang='lat' dir='ltr'><em>Moyses</em></span> <span class='ocrx_word' id='word_1_297' title='bbox 1326 2203 1339 2225; x_wconf 93' lang='lat'><em>,</em></span> <span class='ocrx_word' id='word_1_298' title='bbox 1389 2161 1553 2213; x_wconf 88' lang='lat' dir='ltr'><em>stabat</em></span> <span class='ocrx_word' id='word_1_299' title='bbox 1580 2177 1686 2213; x_wconf 89' lang='lat' dir='ltr'><em>ont-</em></span> 
     </span>
    </p>
   </div>
   <div class='ocr_carea' id='block_1_35' title="bbox 80 2258 1685 2326">
    <p class='ocr_par' dir='ltr' id='par_1_35' title="bbox 80 2258 1685 2326">
     <span class='ocr_line' id='line_1_35' title="bbox 80 2258 1685 2326; baseline 0.002 -20"><span class='ocrx_word' id='word_1_300' title='bbox 80 2258 156 2308; x_wconf 85' lang='lat' dir='ltr'><em>nis</em></span> <span class='ocrx_word' id='word_1_301' title='bbox 187 2258 418 2325; x_wconf 68' lang='lat' dir='ltr'><em>populus</em></span> <span class='ocrx_word' id='word_1_302' title='bbox 449 2266 472 2292; x_wconf 74' lang='grc'><strong><em>⁸</em></strong></span> <span class='ocrx_word' id='word_1_303' title='bbox 501 2260 822 2326; x_wconf 66' lang='lat' dir='ltr'><em>speculantes</em></span> <span class='ocrx_word' id='word_1_304' title='bbox 848 2260 1191 2326; x_wconf 79' lang='lat' dir='ltr'><em>unusquisque</em></span> <span class='ocrx_word' id='word_1_305' title='bbox 1218 2261 1283 2310; x_wconf 88' lang='lat' dir='ltr'><em>ad</em></span> <span class='ocrx_word' id='word_1_306' title='bbox 1303 2260 1488 2311; x_wconf 88' lang='lat' dir='ltr'><em>ostium</em></span> <span class='ocrx_word' id='word_1_307' title='bbox 1521 2261 1685 2312; x_wconf 84' lang='lat' dir='ltr'><em>taber—</em></span> 
     </span>
    </p>
   </div>
   <div class='ocr_carea' id='block_1_36' title="bbox 80 2352 1685 2421">
    <p class='ocr_par' dir='ltr' id='par_1_36' title="bbox 80 2352 1685 2421">
     <span class='ocr_line' id='line_1_36' title="bbox 80 2352 1685 2421; baseline 0.001 -19"><span class='ocrx_word' id='word_1_308' title='bbox 80 2352 257 2403; x_wconf 89' lang='lat' dir='ltr'><em>naculi</em></span> <span class='ocrx_word' id='word_1_309' title='bbox 293 2352 396 2404; x_wconf 87' lang='lat' dir='ltr'><em>sui.</em></span> <span class='ocrx_word' id='word_1_310' title='bbox 431 2352 835 2405; x_wconf 78' lang='lat' dir='ltr'><em>Considerabant</em></span> <span class='ocrx_word' id='word_1_311' title='bbox 895 2363 1093 2404; x_wconf 76' lang='lat' dir='ltr'><em>euntem</em></span> <span class='ocrx_word' id='word_1_312' title='bbox 1141 2354 1354 2421; x_wconf 79' lang='lat' dir='ltr'><em>Moysen</em></span> <span class='ocrx_word' id='word_1_313' title='bbox 1377 2370 1532 2420; x_wconf 85' lang='lat' dir='ltr'><em>usque</em></span> <span class='ocrx_word' id='word_1_314' title='bbox 1565 2354 1685 2405; x_wconf 90' lang='lat' dir='ltr'><em>dum</em></span> 
     </span>
    </p>
   </div>
   <div class='ocr_carea' id='block_1_37' title="bbox 76 2442 1687 2497">
    <p class='ocr_par' dir='ltr' id='par_1_37' title="bbox 76 2442 1687 2497">
     <span class='ocr_line' id='line_1_37' title="bbox 76 2442 1687 2497; baseline 0.002 -4"><span class='ocrx_word' id='word_1_315' title='bbox 76 2442 320 2496; x_wconf 73' lang='lat' dir='ltr'><em>introiret</em></span> <span class='ocrx_word' id='word_1_316' title='bbox 345 2444 735 2497; x_wconf 85' lang='lat' dir='ltr'><em>tabernaculum</em></span> <span class='ocrx_word' id='word_1_317' title='bbox 765 2460 781 2496; x_wconf 94' lang='grc'><em>.·</em></span> <span class='ocrx_word' id='word_1_318' title='bbox 806 2460 924 2495; x_wconf 73' lang='lat' dir='ltr'><em>mox</em></span> <span class='ocrx_word' id='word_1_319' title='bbox 955 2454 1129 2495; x_wconf 81' lang='lat' dir='ltr'><em>autem</em></span> <span class='ocrx_word' id='word_1_320' title='bbox 1171 2460 1288 2495; x_wconf 89' lang='lat' dir='ltr'><em>cum</em></span> <span class='ocrx_word' id='word_1_321' title='bbox 1321 2445 1601 2495; x_wconf 83' lang='lat' dir='ltr'><em>introiisset</em></span> <span class='ocrx_word' id='word_1_322' title='bbox 1635 2445 1687 2496; x_wconf 92' lang='lat' dir='ltr'><em>in</em></span> 
     </span>
    </p>
   </div>
   <div class='ocr_carea' id='block_1_38' title="bbox 77 2535 1689 2606">
    <p class='ocr_par' dir='ltr' id='par_1_38' title="bbox 77 2535 1689 2606">
     <span class='ocr_line' id='line_1_38' title="bbox 77 2535 1689 2606; baseline 0 -19"><span class='ocrx_word' id='word_1_323' title='bbox 77 2536 483 2589; x_wconf 80' lang='lat' dir='ltr'><em>tabernaculum</em></span> <span class='ocrx_word' id='word_1_324' title='bbox 515 2535 722 2606; x_wconf 80' lang='lat' dir='ltr'><em>Moyses</em></span> <span class='ocrx_word' id='word_1_325' title='bbox 749 2579 761 2599; x_wconf 84' lang='lat'><em>,</em></span> <span class='ocrx_word' id='word_1_326' title='bbox 796 2537 1133 2590; x_wconf 76' lang='lat' dir='ltr'><em>descendebat</em></span> <span class='ocrx_word' id='word_1_327' title='bbox 1166 2537 1410 2588; x_wconf 86' lang='lat' dir='ltr'><em>columna</em></span> <span class='ocrx_word' id='word_1_328' title='bbox 1442 2536 1588 2588; x_wconf 84' lang='lat' dir='ltr'><em>nubis</em></span> <span class='ocrx_word' id='word_1_329' title='bbox 1609 2578 1619 2597; x_wconf 84' lang='lat'><em>,</em></span> <span class='ocrx_word' id='word_1_330' title='bbox 1644 2546 1689 2587; x_wconf 84' lang='lat' dir='ltr'><em>ct</em></span> 
     </span>
    </p>
   </div>
   <div class='ocr_carea' id='block_1_39' title="bbox 71 2628 1689 2699">
    <p class='ocr_par' dir='ltr' id='par_1_39' title="bbox 71 2628 1689 2699">
     <span class='ocr_line' id='line_1_39' title="bbox 71 2628 1689 2699; baseline 0 -18"><span class='ocrx_word' id='word_1_331' title='bbox 71 2629 242 2682; x_wconf 84' lang='lat' dir='ltr'><em>stabat</em></span> <span class='ocrx_word' id='word_1_332' title='bbox 278 2631 331 2683; x_wconf 91' lang='lat' dir='ltr'><em>in</em></span> <span class='ocrx_word' id='word_1_333' title='bbox 348 2632 514 2699; x_wconf 87' lang='lat' dir='ltr'><em>jantta</em></span> <span class='ocrx_word' id='word_1_334' title='bbox 534 2632 882 2694; x_wconf 85' lang='lat' dir='ltr'><em>tabernaculi,</em></span> <span class='ocrx_word' id='word_1_335' title='bbox 945 2641 989 2681; x_wconf 84' lang='lat' dir='ltr'><em>et</em></span> <span class='ocrx_word' id='word_1_336' title='bbox 1020 2630 1321 2697; x_wconf 77' lang='lat' dir='ltr'><em>loquebatur</em></span> <span class='ocrx_word' id='word_1_337' title='bbox 1374 2628 1581 2696; x_wconf 76' lang='lat' dir='ltr'><em>Moysi,</em></span> <span class='ocrx_word' id='word_1_338' title='bbox 1644 2639 1689 2681; x_wconf 86' lang='lat' dir='ltr'><em>et</em></span> 
     </span>
    </p>
   </div>
   <div class='ocr_carea' id='block_1_40' title="bbox 73 2720 1688 2789">
    <p class='ocr_par' dir='ltr' id='par_1_40' title="bbox 73 2720 1688 2789">
     <span class='ocr_line' id='line_1_40' title="bbox 73 2720 1688 2789; baseline 0 -17"><span class='ocrx_word' id='word_1_339' title='bbox 73 2725 283 2775; x_wconf 84' lang='lat' dir='ltr'><em>tidebat</em></span> <span class='ocrx_word' id='word_1_340' title='bbox 343 2724 511 2776; x_wconf 88' lang='lat' dir='ltr'><em>omnis</em></span> <span class='ocrx_word' id='word_1_341' title='bbox 564 2723 785 2789; x_wconf 79' lang='lat' dir='ltr'><em>papulas</em></span> <span class='ocrx_word' id='word_1_342' title='bbox 837 2724 1125 2773; x_wconf 79' lang='lat' dir='ltr'><em>columnam</em></span> <span class='ocrx_word' id='word_1_343' title='bbox 1168 2722 1311 2771; x_wconf 84' lang='lat' dir='ltr'><em>nubis</em></span> <span class='ocrx_word' id='word_1_344' title='bbox 1364 2730 1581 2771; x_wconf 85' lang='lat' dir='ltr'><em>stantem</em></span> <span class='ocrx_word' id='word_1_345' title='bbox 1636 2720 1688 2772; x_wconf 89' lang='lat' dir='ltr'><em>in</em></span> 
     </span>
    </p>
   </div>
   <div class='ocr_carea' id='block_1_41' title="bbox 68 2810 1687 2885">
    <p class='ocr_par' dir='ltr' id='par_1_41' title="bbox 68 2810 1687 2885">
     <span class='ocr_line' id='line_1_41' title="bbox 68 2810 1687 2885; baseline -0.004 -18"><span class='ocrx_word' id='word_1_346' title='bbox 68 2816 243 2885; x_wconf 71' lang='lat' dir='ltr'><em>ianua</em></span> <span class='ocrx_word' id='word_1_347' title='bbox 275 2816 621 2877; x_wconf 81' lang='lat' dir='ltr'><em>tabernaculi,</em></span> <span class='ocrx_word' id='word_1_348' title='bbox 648 2824 693 2867; x_wconf 82' lang='lat' dir='ltr'><em>el</em></span> <span class='ocrx_word' id='word_1_349' title='bbox 717 2825 855 2867; x_wconf 87' lang='lat' dir='ltr'><em>stans</em></span> <span class='ocrx_word' id='word_1_350' title='bbox 886 2824 1020 2864; x_wconf 90' lang='lat' dir='ltr'><em>totus</em></span> <span class='ocrx_word' id='word_1_351' title='bbox 1052 2815 1273 2881; x_wconf 82' lang='lat' dir='ltr'><em>papulas</em></span> <span class='ocrx_word' id='word_1_352' title='bbox 1299 2810 1687 2863; x_wconf 73' lang='lat' dir='ltr'><em>1&#39;adoraverunt</em></span> 
     </span>
    </p>
   </div>
   <div class='ocr_carea' id='block_1_42' title="bbox 73 2903 1689 2979">
    <p class='ocr_par' dir='ltr' id='par_1_42' title="bbox 73 2903 1689 2979">
     <span class='ocr_line' id='line_1_42' title="bbox 73 2903 1689 2979; baseline -0.002 -20"><span class='ocrx_word' id='word_1_353' title='bbox 73 2908 439 2979; x_wconf 86' lang='lat' dir='ltr'><em>unusquisque</em></span> <span class='ocrx_word' id='word_1_354' title='bbox 452 2908 519 2959; x_wconf 87' lang='lat' dir='ltr'><em>ad</em></span> <span class='ocrx_word' id='word_1_355' title='bbox 537 2908 724 2960; x_wconf 89' lang='lat' dir='ltr'><em>ostium</em></span> <span class='ocrx_word' id='word_1_356' title='bbox 748 2907 1089 2967; x_wconf 84' lang='lat' dir='ltr'><em>tabernaculi,</em></span> <span class='ocrx_word' id='word_1_357' title='bbox 1113 2920 1157 2957; x_wconf 87' lang='lat' dir='ltr'><em>et</em></span> <span class='ocrx_word' id='word_1_358' title='bbox 1187 2906 1387 2956; x_wconf 79' lang='lat' dir='ltr'><em>locutus</em></span> <span class='ocrx_word' id='word_1_359' title='bbox 1414 2916 1487 2956; x_wconf 86' lang='lat' dir='ltr'><em>est</em></span> <span class='ocrx_word' id='word_1_360' title='bbox 1510 2903 1689 2956; x_wconf 86' lang='lat' dir='ltr'><em>Domi-</em></span> 
     </span>
    </p>
   </div>
   <div class='ocr_carea' id='block_1_43' title="bbox 70 2999 1691 3073">
    <p class='ocr_par' dir='ltr' id='par_1_43' title="bbox 70 2999 1691 3073">
     <span class='ocr_line' id='line_1_43' title="bbox 70 2999 1691 3073; baseline -0.003 -18"><span class='ocrx_word' id='word_1_361' title='bbox 70 3020 171 3057; x_wconf 87' lang='lat' dir='ltr'><em>nus</em></span> <span class='ocrx_word' id='word_1_362' title='bbox 198 3005 275 3056; x_wconf 87' lang='lat' dir='ltr'><em>ad</em></span> <span class='ocrx_word' id='word_1_363' title='bbox 310 3002 526 3073; x_wconf 74' lang='lat' dir='ltr'><em>Moysen</em></span> <span class='ocrx_word' id='word_1_364' title='bbox 555 3002 728 3070; x_wconf 89' lang='lat' dir='ltr'><em>palam</em></span> <span class='ocrx_word' id='word_1_365' title='bbox 756 3003 807 3053; x_wconf 88' lang='lat' dir='ltr'><em>in</em></span> <span class='ocrx_word' id='word_1_366' title='bbox 842 3001 1042 3069; x_wconf 86' lang='lat' dir='ltr'><em>palam,</em></span> <span class='ocrx_word' id='word_1_367' title='bbox 1094 3000 1529 3067; x_wconf 73' lang='lat' dir='ltr'><em>quemadmodum</em></span> <span class='ocrx_word' id='word_1_368' title='bbox 1576 2999 1691 3063; x_wconf 90' lang='lat' dir='ltr'><em>quis</em></span> 
     </span>
    </p>
   </div>
   <div class='ocr_carea' id='block_1_44' title="bbox 68 3092 1689 3164">
    <p class='ocr_par' dir='ltr' id='par_1_44' title="bbox 68 3092 1689 3164">
     <span class='ocr_line' id='line_1_44' title="bbox 68 3092 1689 3164; baseline -0.004 -14"><span class='ocrx_word' id='word_1_369' title='bbox 68 3098 320 3164; x_wconf 87' lang='lat' dir='ltr'><em>loquitur</em></span> <span class='ocrx_word' id='word_1_370' title='bbox 338 3098 407 3149; x_wconf 92' lang='lat' dir='ltr'><em>ad</em></span> <span class='ocrx_word' id='word_1_371' title='bbox 424 3097 646 3148; x_wconf 88' lang='lat' dir='ltr'><em>amicum</em></span> <span class='ocrx_word' id='word_1_372' title='bbox 675 3113 846 3149; x_wconf 86' lang='lat' dir='ltr'><em>suum.</em></span> <span class='ocrx_word' id='word_1_373' title='bbox 882 3094 1119 3146; x_wconf 80' lang='lat' dir='ltr'><em>Minister</em></span> <span class='ocrx_word' id='word_1_374' title='bbox 1140 3104 1306 3145; x_wconf 88' lang='lat' dir='ltr'><em>autem</em></span> <span class='ocrx_word' id='word_1_375' title='bbox 1334 3092 1526 3144; x_wconf 71' lang='lat' dir='ltr'><em>Ilicsus</em></span> <span class='ocrx_word' id='word_1_376' title='bbox 1549 3092 1689 3159; x_wconf 80' lang='lat' dir='ltr'><em>[ilius</em></span> 
     </span>
    </p>
   </div>
   <div class='ocr_carea' id='block_1_45' title="bbox 67 3183 1683 3260">
    <p class='ocr_par' dir='ltr' id='par_1_45' title="bbox 67 3183 1683 3260">
     <span class='ocr_line' id='line_1_45' title="bbox 67 3183 1683 3260; baseline -0.006 -16"><span class='ocrx_word' id='word_1_377' title='bbox 67 3189 454 3260; x_wconf 72' lang='lat' dir='ltr'><em>Nava&#39;junior</em></span> <span class='ocrx_word' id='word_1_378' title='bbox 482 3206 581 3241; x_wconf 89' lang='lat' dir='ltr'><em>non</em></span> <span class='ocrx_word' id='word_1_379' title='bbox 603 3190 771 3241; x_wconf 71' lang='lat' dir='ltr'><em>exibat</em></span> <span class='ocrx_word' id='word_1_380' title='bbox 798 3187 861 3240; x_wconf 87' lang='lat' dir='ltr'><em>de</em></span> <span class='ocrx_word' id='word_1_381' title='bbox 881 3187 1205 3239; x_wconf 70' lang='lat' dir='ltr'><em>tabernaculo</em></span> <span class='ocrx_word' id='word_1_382' title='bbox 1233 3184 1361 3253; x_wconf 64' lang='lat' dir='ltr'><em>(lix.</em></span> <span class='ocrx_word' id='word_1_383' title='bbox 1385 3199 1581 3245; x_wconf 66' lang='lat' dir='ltr'><em>xxxiii,</em></span> <span class='ocrx_word' id='word_1_384' title='bbox 1608 3183 1683 3251; x_wconf 73' lang='grc' dir='ltr'><em>ξι).</em></span> 
     </span>
    </p>
   </div>
   <div class='ocr_carea' id='block_1_46' title="bbox 67 3282 1690 3354">
    <p class='ocr_par' dir='ltr' id='par_1_46' title="bbox 67 3282 1690 3354">
     <span class='ocr_line' id='line_1_46' title="bbox 67 3282 1690 3354; baseline -0.007 -13"><span class='ocrx_word' id='word_1_385' title='bbox 67 3286 179 3341; x_wconf 83' lang='lat' dir='ltr'><em>Pcr</em></span> <span class='ocrx_word' id='word_1_386' title='bbox 199 3285 356 3354; x_wconf 81' lang='lat' dir='ltr'><em>quod</em></span> <span class='ocrx_word' id='word_1_387' title='bbox 377 3286 597 3347; x_wconf 86' lang='lat' dir='ltr'><em>laetum,</em></span> <span class='ocrx_word' id='word_1_388' title='bbox 615 3295 893 3337; x_wconf 70' lang='lat' dir='ltr'><em>osmusum</em></span> <span class='ocrx_word' id='word_1_389' title='bbox 914 3292 995 3336; x_wconf 86' lang='lat' dir='ltr'><em>est</em></span> <span class='ocrx_word' id='word_1_390' title='bbox 1021 3298 1115 3333; x_wconf 79' lang='lat' dir='ltr'><em>\os</em></span> <span class='ocrx_word' id='word_1_391' title='bbox 1136 3282 1185 3332; x_wconf 91' lang='lat' dir='ltr'><em>in</em></span> <span class='ocrx_word' id='word_1_392' title='bbox 1210 3282 1375 3332; x_wconf 77' lang='lat' dir='ltr'><em>Deum</em></span> <span class='ocrx_word' id='word_1_393' title='bbox 1404 3287 1690 3347; x_wconf 78' lang='lat' dir='ltr'><em>peccantes</em></span> 
     </span>
    </p>
   </div>
   <div class='ocr_carea' id='block_1_47' title="bbox 1793 2060 3393 2133">
    <p class='ocr_par' dir='ltr' id='par_1_47' title="bbox 1793 2060 3393 2133">
     <span class='ocr_line' id='line_1_47' title="bbox 1793 2060 3393 2133; baseline 0.006 -21"><span class='ocrx_word' id='word_1_394' title='bbox 1793 2063 2171 2131; x_wconf 72' lang='lat' dir='ltr'><em>tabismetipsis</em></span> <span class='ocrx_word' id='word_1_395' title='bbox 2197 2060 2361 2133; x_wconf 82' lang='lat' dir='ltr'><em>(Ibid.</em></span> <span class='ocrx_word' id='word_1_396' title='bbox 2397 2078 2542 2130; x_wconf 76' lang='lat' dir='ltr'><em>xxiv,</em></span> <span class='ocrx_word' id='word_1_397' title='bbox 2580 2061 2677 2133; x_wconf 92' lang='lat'><em>7).</em></span> <span class='ocrx_word' id='word_1_398' title='bbox 2710 2062 2766 2119; x_wconf 89' lang='lat' dir='ltr'><em>Si</em></span> <span class='ocrx_word' id='word_1_399' title='bbox 2793 2064 3013 2119; x_wconf 88' lang='lat' dir='ltr'><em>carnale</em></span> <span class='ocrx_word' id='word_1_400' title='bbox 3063 2065 3393 2121; x_wconf 84' lang='lat' dir='ltr'><em>adulterium</em></span> 
     </span>
    </p>
   </div>
   <div class='ocr_carea' id='block_1_48' title="bbox 1789 2155 3395 2229">
    <p class='ocr_par' dir='ltr' id='par_1_48' title="bbox 1789 2155 3395 2229">
     <span class='ocr_line' id='line_1_48' title="bbox 1789 2155 3395 2229; baseline 0.002 -20"><span class='ocrx_word' id='word_1_401' title='bbox 1789 2156 1920 2209; x_wconf 86' lang='lat' dir='ltr'><em>dicit</em></span> <span class='ocrx_word' id='word_1_402' title='bbox 1954 2157 2026 2209; x_wconf 91' lang='lat' dir='ltr'><em>ita</em></span> <span class='ocrx_word' id='word_1_403' title='bbox 2058 2155 2332 2209; x_wconf 76' lang='lat' dir='ltr'><em>exsecrari</em></span> <span class='ocrx_word' id='word_1_404' title='bbox 2383 2155 2551 2210; x_wconf 89' lang='lat' dir='ltr'><em>Deum</em></span> <span class='ocrx_word' id='word_1_405' title='bbox 2600 2164 2657 2209; x_wconf 94' lang='lat' dir='ltr'><em>ut</em></span> <span class='ocrx_word' id='word_1_406' title='bbox 2696 2155 2925 2225; x_wconf 80' lang='lat' dir='ltr'><em>jusserit</em></span> <span class='ocrx_word' id='word_1_407' title='bbox 2971 2172 3164 2213; x_wconf 89' lang='lat' dir='ltr'><em>omnes</em></span> <span class='ocrx_word' id='word_1_408' title='bbox 3213 2160 3395 2229; x_wconf 87' lang='lat' dir='ltr'><em>puniri</em></span> 
     </span>
    </p>
   </div>
   <div class='ocr_carea' id='block_1_49' title="bbox 1788 2247 3395 2321">
    <p class='ocr_par' dir='ltr' id='par_1_49' title="bbox 1788 2247 3395 2321">
     <span class='ocr_line' id='line_1_49' title="bbox 1788 2247 3395 2321; baseline 0.002 -19"><span class='ocrx_word' id='word_1_409' title='bbox 1788 2250 2073 2303; x_wconf 86' lang='lat' dir='ltr'><em>adulteros</em></span> <span class='ocrx_word' id='word_1_410' title='bbox 2096 2290 2110 2314; x_wconf 97' lang='lat'><em>,</em></span> <span class='ocrx_word' id='word_1_411' title='bbox 2142 2257 2349 2317; x_wconf 83' lang='lat' dir='ltr'><em>quanto</em></span> <span class='ocrx_word' id='word_1_412' title='bbox 2396 2248 2569 2319; x_wconf 88' lang='lat' dir='ltr'><em>magis</em></span> <span class='ocrx_word' id='word_1_413' title='bbox 2595 2247 2925 2305; x_wconf 79' lang='lat' dir='ltr'><em>adulterium</em></span> <span class='ocrx_word' id='word_1_414' title='bbox 2954 2260 3197 2306; x_wconf 85' lang='lat' dir='ltr'><em>vestrum</em></span> <span class='ocrx_word' id='word_1_415' title='bbox 3228 2252 3395 2321; x_wconf 88' lang='lat' dir='ltr'><em>spiri-</em></span> 
     </span>
    </p>
   </div>
   <div class='ocr_carea' id='block_1_50' title="bbox 1790 2340 3394 2409">
    <p class='ocr_par' dir='ltr' id='par_1_50' title="bbox 1790 2340 3394 2409">
     <span class='ocr_line' id='line_1_50' title="bbox 1790 2340 3394 2409; baseline 0.002 -14"><span class='ocrx_word' id='word_1_416' title='bbox 1790 2343 1895 2395; x_wconf 82' lang='lat' dir='ltr'><em>tale</em></span> <span class='ocrx_word' id='word_1_417' title='bbox 1922 2352 1944 2388; x_wconf 78' lang='grc' dir='ltr'>ε</span> <span class='ocrx_word' id='word_1_418' title='bbox 1972 2350 2291 2395; x_wconf 81' lang='lat' dir='ltr'><em>exsecretur</em></span> <span class='ocrx_word' id='word_1_419' title='bbox 2322 2340 2584 2395; x_wconf 90' lang='lat' dir='ltr'><em>Dominus</em></span> <span class='ocrx_word' id='word_1_420' title='bbox 2616 2356 2839 2398; x_wconf 83' lang='lat' dir='ltr'><em>necesse</em></span> <span class='ocrx_word' id='word_1_421' title='bbox 2869 2352 2948 2397; x_wconf 86' lang='lat' dir='ltr'><em>est</em></span> <span class='ocrx_word' id='word_1_422' title='bbox 2968 2386 2981 2409; x_wconf 87' lang='grc'>,</span> <span class='ocrx_word' id='word_1_423' title='bbox 3019 2342 3165 2398; x_wconf 88' lang='lat' dir='ltr'><em>unde</em></span> <span class='ocrx_word' id='word_1_424' title='bbox 3194 2352 3250 2398; x_wconf 86' lang='lat' dir='ltr'><em>et</em></span> <span class='ocrx_word' id='word_1_425' title='bbox 3278 2342 3394 2399; x_wconf 81' lang='lat' dir='ltr'><em>l‘nc-</em></span> 
     </span>
    </p>
   </div>
   <div class='ocr_carea' id='block_1_51' title="bbox 1792 2435 3395 2507">
    <p class='ocr_par' dir='ltr' id='par_1_51' title="bbox 1792 2435 3395 2507">
     <span class='ocr_line' id='line_1_51' title="bbox 1792 2435 3395 2507; baseline 0.002 -20"><span class='ocrx_word' id='word_1_426' title='bbox 1792 2436 1921 2487; x_wconf 86' lang='lat' dir='ltr'><em>ralis</em></span> <span class='ocrx_word' id='word_1_427' title='bbox 1950 2445 2112 2504; x_wconf 91' lang='lat' dir='ltr'><em>atque</em></span> <span class='ocrx_word' id='word_1_428' title='bbox 2135 2438 2264 2489; x_wconf 89' lang='lat' dir='ltr'><em>estis</em></span> <span class='ocrx_word' id='word_1_429' title='bbox 2296 2435 2533 2505; x_wconf 76' lang='lat' dir='ltr'><em>fugiendi</em></span> <span class='ocrx_word' id='word_1_430' title='bbox 2564 2454 2577 2491; x_wconf 92' lang='lat'><strong>:</strong></span> <span class='ocrx_word' id='word_1_431' title='bbox 2607 2451 2731 2491; x_wconf 88' lang='lat' dir='ltr'><em>cmn</em></span> <span class='ocrx_word' id='word_1_432' title='bbox 2777 2436 3093 2506; x_wconf 87' lang='lat' dir='ltr'><em>apostaticis</em></span> <span class='ocrx_word' id='word_1_433' title='bbox 3148 2452 3255 2493; x_wconf 88' lang='lat' dir='ltr'><em>non</em></span> <span class='ocrx_word' id='word_1_434' title='bbox 3298 2453 3395 2507; x_wconf 89' lang='lat' dir='ltr'><em>po-</em></span> 
     </span>
    </p>
   </div>
   <div class='ocr_carea' id='block_1_52' title="bbox 1792 2528 3397 2598">
    <p class='ocr_par' dir='ltr' id='par_1_52' title="bbox 1792 2528 3397 2598">
     <span class='ocr_line' id='line_1_52' title="bbox 1792 2528 3397 2598; baseline 0.004 -19"><span class='ocrx_word' id='word_1_435' title='bbox 1792 2535 2071 2581; x_wconf 86' lang='lat' dir='ltr'><em>tueramus</em></span> <span class='ocrx_word' id='word_1_436' title='bbox 2092 2529 2392 2583; x_wconf 87' lang='lat' dir='ltr'><em>convenire</em></span> <span class='ocrx_word' id='word_1_437' title='bbox 2421 2528 2747 2593; x_wconf 83' lang='lat' dir='ltr'><em>Christiani,</em></span> <span class='ocrx_word' id='word_1_438' title='bbox 2777 2530 2993 2598; x_wconf 83' lang='lat' dir='ltr'><em>quando</em></span> <span class='ocrx_word' id='word_1_439' title='bbox 3016 2531 3220 2587; x_wconf 77' lang='lat' dir='ltr'><em>dixisse</em></span> <span class='ocrx_word' id='word_1_440' title='bbox 3250 2532 3397 2586; x_wconf 87' lang='lat' dir='ltr'><em>inve-</em></span> 
     </span>
    </p>
   </div>
   <div class='ocr_carea' id='block_1_53' title="bbox 1793 2620 3398 2693">
    <p class='ocr_par' dir='ltr' id='par_1_53' title="bbox 1793 2620 3398 2693">
     <span class='ocr_line' id='line_1_53' title="bbox 1793 2620 3398 2693; baseline 0.002 -19"><span class='ocrx_word' id='word_1_441' title='bbox 1793 2622 2009 2674; x_wconf 90' lang='lat' dir='ltr'><em>niamus</em></span> <span class='ocrx_word' id='word_1_442' title='bbox 2054 2620 2311 2689; x_wconf 86' lang='lat' dir='ltr'><em>Spiritum</em></span> <span class='ocrx_word' id='word_1_443' title='bbox 2344 2633 2589 2676; x_wconf 85' lang='lat' dir='ltr'><em>sanctum</em></span> <span class='ocrx_word' id='word_1_444' title='bbox 2631 2637 2727 2691; x_wconf 90' lang='lat' dir='ltr'><em>per</em></span> <span class='ocrx_word' id='word_1_445' title='bbox 2757 2622 2977 2693; x_wconf 86' lang='lat' dir='ltr'><em>Moysen</em></span> <span class='ocrx_word' id='word_1_446' title='bbox 3010 2640 3022 2676; x_wconf 90' lang='lat'>:</span> <span class='ocrx_word' id='word_1_447' title='bbox 3055 2622 3265 2691; x_wconf 79' lang='lat' dir='ltr'><em>Aperiet</em></span> <span class='ocrx_word' id='word_1_448' title='bbox 3307 2624 3398 2677; x_wconf 87' lang='lat' dir='ltr'><em>tibi</em></span> 
     </span>
    </p>
   </div>
   <div class='ocr_carea' id='block_1_54' title="bbox 1792 2710 3397 2786">
    <p class='ocr_par' dir='ltr' id='par_1_54' title="bbox 1792 2710 3397 2786">
     <span class='ocr_line' id='line_1_54' title="bbox 1792 2710 3397 2786; baseline 0.004 -22"><span class='ocrx_word' id='word_1_449' title='bbox 1792 2710 1932 2765; x_wconf 81' lang='lat' dir='ltr'><em>Deus</em></span> <span class='ocrx_word' id='word_1_450' title='bbox 1961 2713 2259 2767; x_wconf 80' lang='lat' dir='ltr'><em>thesaurum</em></span> <span class='ocrx_word' id='word_1_451' title='bbox 2289 2715 2539 2769; x_wconf 65' lang='lat' dir='ltr'><em>caelestem</em></span> <span class='ocrx_word' id='word_1_452' title='bbox 2554 2715 2803 2783; x_wconf 86' lang='lat' dir='ltr'><em>optimum</em></span> <span class='ocrx_word' id='word_1_453' title='bbox 2825 2757 2839 2780; x_wconf 95' lang='lat'><em>,</em></span> <span class='ocrx_word' id='word_1_454' title='bbox 2858 2714 2883 2751; x_wconf 55' lang='grc' dir='ltr'><em>ἰ</em></span> <span class='ocrx_word' id='word_1_455' title='bbox 2899 2717 3023 2770; x_wconf 85' lang='lat' dir='ltr'><em>dare</em></span> <span class='ocrx_word' id='word_1_456' title='bbox 3050 2718 3143 2770; x_wconf 84' lang='lat' dir='ltr'><em>tibi</em></span> <span class='ocrx_word' id='word_1_457' title='bbox 3168 2716 3397 2786; x_wconf 77' lang='lat' dir='ltr'><em>pluviam</em></span> 
     </span>
    </p>
   </div>
   <div class='ocr_carea' id='block_1_55' title="bbox 1793 2808 3393 2878">
    <p class='ocr_par' dir='ltr' id='par_1_55' title="bbox 1793 2808 3393 2878">
     <span class='ocr_line' id='line_1_55' title="bbox 1793 2808 3393 2878; baseline 0.006 -21"><span class='ocrx_word' id='word_1_458' title='bbox 1793 2816 1943 2859; x_wconf 76' lang='lat' dir='ltr'><em>terrm</em></span> <span class='ocrx_word' id='word_1_459' title='bbox 1967 2819 2069 2859; x_wconf 80' lang='lat' dir='ltr'><em>ltltl.’</em></span> <span class='ocrx_word' id='word_1_460' title='bbox 2089 2848 2101 2870; x_wconf 92' lang='lat'><em>,</em></span> <span class='ocrx_word' id='word_1_461' title='bbox 2133 2808 2187 2859; x_wconf 86' lang='lat' dir='ltr'><em>in</em></span> <span class='ocrx_word' id='word_1_462' title='bbox 2217 2817 2442 2878; x_wconf 86' lang='lat' dir='ltr'><em>tempore</em></span> <span class='ocrx_word' id='word_1_463' title='bbox 2465 2808 2727 2863; x_wconf 89' lang='lat' dir='ltr'><em>benedicet</em></span> <span class='ocrx_word' id='word_1_464' title='bbox 2752 2825 2881 2878; x_wconf 85' lang='lat' dir='ltr'><em>apus</em></span> <span class='ocrx_word' id='word_1_465' title='bbox 2910 2826 3156 2864; x_wconf 88' lang='lat' dir='ltr'><em>manuum</em></span> <span class='ocrx_word' id='word_1_466' title='bbox 3182 2821 3393 2866; x_wconf 86' lang='lat' dir='ltr'><em>tuarum</em></span> 
     </span>
    </p>
   </div>
   <div class='ocr_carea' id='block_1_56' title="bbox 1794 2900 3396 2976">
    <p class='ocr_par' dir='ltr' id='par_1_56' title="bbox 1794 2900 3396 2976">
     <span class='ocr_line' id='line_1_56' title="bbox 1794 2900 3396 2976; baseline 0.007 -27"><span class='ocrx_word' id='word_1_467' title='bbox 1794 2916 1941 2951; x_wconf 90' lang='lat' dir='ltr'><em>omne</em></span> <span class='ocrx_word' id='word_1_468' title='bbox 1965 2940 1979 2963; x_wconf 91' lang='lat'><em>,</em></span> <span class='ocrx_word' id='word_1_469' title='bbox 2013 2900 2268 2968; x_wconf 73' lang='lat' dir='ltr'><em>ferierabis</em></span> <span class='ocrx_word' id='word_1_470' title='bbox 2300 2910 2473 2969; x_wconf 85' lang='lat' dir='ltr'><em>gentes</em></span> <span class='ocrx_word' id='word_1_471' title='bbox 2500 2903 2721 2966; x_wconf 88' lang='lat' dir='ltr'><em>multas,</em></span> <span class='ocrx_word' id='word_1_472' title='bbox 2776 2911 2830 2955; x_wconf 89' lang='lat' dir='ltr'><em>tu</em></span> <span class='ocrx_word' id='word_1_473' title='bbox 2880 2912 3054 2956; x_wconf 89' lang='lat' dir='ltr'><em>autem</em></span> <span class='ocrx_word' id='word_1_474' title='bbox 3101 2921 3205 2959; x_wconf 89' lang='lat' dir='ltr'><em>non</em></span> <span class='ocrx_word' id='word_1_475' title='bbox 3256 2908 3396 2976; x_wconf 80' lang='lat' dir='ltr'><em>fene-</em></span> 
     </span>
    </p>
   </div>
   <div class='ocr_carea' id='block_1_57' title="bbox 1793 2988 3399 3061">
    <p class='ocr_par' dir='ltr' id='par_1_57' title="bbox 1793 2988 3399 3061">
     <span class='ocr_line' id='line_1_57' title="bbox 1793 2988 3399 3061; baseline 0.008 -21"><span class='ocrx_word' id='word_1_476' title='bbox 1793 2988 2027 3057; x_wconf 84' lang='lat' dir='ltr'><em>raberis,</em></span> <span class='ocrx_word' id='word_1_477' title='bbox 2056 3001 2105 3044; x_wconf 88' lang='lat' dir='ltr'><em>et</em></span> <span class='ocrx_word' id='word_1_478' title='bbox 2125 2992 2385 3060; x_wconf 80' lang='lat' dir='ltr'><em>prtrliabis</em></span> <span class='ocrx_word' id='word_1_479' title='bbox 2412 3004 2585 3061; x_wconf 88' lang='lat' dir='ltr'><em>gentes</em></span> <span class='ocrx_word' id='word_1_480' title='bbox 2616 2994 2807 3047; x_wconf 83' lang='lat' dir='ltr'><em>multas</em></span> <span class='ocrx_word' id='word_1_481' title='bbox 2826 3036 2840 3060; x_wconf 96' lang='lat'><em>,</em></span> <span class='ocrx_word' id='word_1_482' title='bbox 2894 3005 2940 3048; x_wconf 92' lang='lat' dir='ltr'><em>te</em></span> <span class='ocrx_word' id='word_1_483' title='bbox 2971 3006 3146 3049; x_wconf 86' lang='lat' dir='ltr'><em>autem</em></span> <span class='ocrx_word' id='word_1_484' title='bbox 3176 3013 3278 3051; x_wconf 91' lang='lat' dir='ltr'><em>non</em></span> <span class='ocrx_word' id='word_1_485' title='bbox 3309 3013 3399 3053; x_wconf 82' lang='lat' dir='ltr'><em>ea:-</em></span> 
     </span>
    </p>
   </div>
   <div class='ocr_carea' id='block_1_58' title="bbox 1795 3083 3397 3160">
    <p class='ocr_par' dir='ltr' id='par_1_58' title="bbox 1795 3083 3397 3160">
     <span class='ocr_line' id='line_1_58' title="bbox 1795 3083 3397 3160; baseline 0.006 -27"><span class='ocrx_word' id='word_1_486' title='bbox 1795 3084 2129 3153; x_wconf 76' lang='lat' dir='ltr'><em>pngnabunt,</em></span> <span class='ocrx_word' id='word_1_487' title='bbox 2162 3086 2437 3138; x_wconf 87' lang='lat' dir='ltr'><em>constituet</em></span> <span class='ocrx_word' id='word_1_488' title='bbox 2468 3096 2514 3139; x_wconf 92' lang='lat' dir='ltr'><em>te</em></span> <span class='ocrx_word' id='word_1_489' title='bbox 2540 3083 2796 3141; x_wconf 80' lang='lat' dir='ltr'><em>Dominus</em></span> <span class='ocrx_word' id='word_1_490' title='bbox 2821 3086 2964 3142; x_wconf 88' lang='lat' dir='ltr'><em>Deus</em></span> <span class='ocrx_word' id='word_1_491' title='bbox 2992 3100 3115 3143; x_wconf 88' lang='lat' dir='ltr'><em>tuus</em></span> <span class='ocrx_word' id='word_1_492' title='bbox 3134 3090 3186 3143; x_wconf 89' lang='lat' dir='ltr'><em>in</em></span> <span class='ocrx_word' id='word_1_493' title='bbox 3210 3101 3397 3160; x_wconf 86' lang='lat' dir='ltr'><em>caput,</em></span> 
     </span>
    </p>
   </div>
   <div class='ocr_carea' id='block_1_59' title="bbox 1790 3179 3401 3249">
    <p class='ocr_par' dir='ltr' id='par_1_59' title="bbox 1790 3179 3401 3249">
     <span class='ocr_line' id='line_1_59' title="bbox 1790 3179 3401 3249; baseline 0.007 -19"><span class='ocrx_word' id='word_1_494' title='bbox 1790 3186 1837 3230; x_wconf 89' lang='lat' dir='ltr'><em>et</em></span> <span class='ocrx_word' id='word_1_495' title='bbox 1872 3195 1970 3229; x_wconf 88' lang='lat' dir='ltr'><em>non</em></span> <span class='ocrx_word' id='word_1_496' title='bbox 1997 3179 2047 3230; x_wconf 91' lang='lat' dir='ltr'><em>in</em></span> <span class='ocrx_word' id='word_1_497' title='bbox 2071 3179 2269 3243; x_wconf 87' lang='lat' dir='ltr'><em>cauda,</em></span> <span class='ocrx_word' id='word_1_498' title='bbox 2296 3189 2343 3231; x_wconf 92' lang='lat' dir='ltr'><em>et</em></span> <span class='ocrx_word' id='word_1_499' title='bbox 2365 3182 2466 3234; x_wconf 87' lang='lat' dir='ltr'><em>eris</em></span> <span class='ocrx_word' id='word_1_500' title='bbox 2489 3196 2646 3249; x_wconf 87' lang='lat' dir='ltr'><em>supra</em></span> <span class='ocrx_word' id='word_1_501' title='bbox 2676 3191 2723 3234; x_wconf 91' lang='lat' dir='ltr'><em>et</em></span> <span class='ocrx_word' id='word_1_502' title='bbox 2744 3198 2846 3235; x_wconf 89' lang='lat' dir='ltr'><em>non</em></span> <span class='ocrx_word' id='word_1_503' title='bbox 2875 3183 3078 3248; x_wconf 87' lang='lat' dir='ltr'><em>subtus,</em></span> <span class='ocrx_word' id='word_1_504' title='bbox 3103 3186 3148 3238; x_wconf 89' lang='lat' dir='ltr'><em>si</em></span> <span class='ocrx_word' id='word_1_505' title='bbox 3171 3186 3401 3241; x_wconf 83' lang='lat' dir='ltr'><em>audieris</em></span> 
     </span>
    </p>
   </div>
   <div class='ocr_carea' id='block_1_60' title="bbox 1794 3266 3399 3346">
    <p class='ocr_par' dir='ltr' id='par_1_60' title="bbox 1794 3266 3399 3346">
     <span class='ocr_line' id='line_1_60' title="bbox 1794 3266 3399 3346; baseline 0.009 -29"><span class='ocrx_word' id='word_1_506' title='bbox 1794 3269 2050 3321; x_wconf 88' lang='lat' dir='ltr'><em>mandatis</em></span> <span class='ocrx_word' id='word_1_507' title='bbox 2076 3266 2289 3322; x_wconf 89' lang='lat' dir='ltr'><em>Domini</em></span> <span class='ocrx_word' id='word_1_508' title='bbox 2316 3269 2415 3324; x_wconf 87' lang='lat' dir='ltr'><em>Dei</em></span> <span class='ocrx_word' id='word_1_509' title='bbox 2449 3273 2559 3335; x_wconf 90' lang='lat' dir='ltr'><em>tui,</em></span> <span class='ocrx_word' id='word_1_510' title='bbox 2606 3274 2965 3342; x_wconf 84' lang='lat' dir='ltr'><em>quodcumque</em></span> <span class='ocrx_word' id='word_1_511' title='bbox 3004 3290 3097 3346; x_wconf 89' lang='lat' dir='ltr'><em>ego</em></span> <span class='ocrx_word' id='word_1_512' title='bbox 3141 3278 3399 3332; x_wconf 88' lang='lat' dir='ltr'><em>mandabo</em></span> 
     </span>
    </p>
   </div>
   <div class='ocr_carea' id='block_1_61' title="bbox 66 3362 1695 3444">
    <p class='ocr_par' dir='ltr' id='par_1_61' title="bbox 66 3372 1681 3444">
     <span class='ocr_line' id='line_1_61' title="bbox 66 3372 1681 3444; baseline -0.006 -12"><span class='ocrx_word' id='word_1_513' title='bbox 66 3380 341 3434; x_wconf 80' lang='lat' dir='ltr'><em>vitandos</em></span> <span class='ocrx_word' id='word_1_514' title='bbox 369 3420 384 3443; x_wconf 93' lang='lat'><em>,</em></span> <span class='ocrx_word' id='word_1_515' title='bbox 416 3378 890 3444; x_wconf 88' lang='lat' dir='ltr'><em>secedendumque</em></span> <span class='ocrx_word' id='word_1_516' title='bbox 917 3390 1036 3429; x_wconf 85' lang='lat' dir='ltr'><em>esse</em></span> <span class='ocrx_word' id='word_1_517' title='bbox 1060 3391 1087 3427; x_wconf 89' lang='lat' dir='ltr'><em>a</em></span> <span class='ocrx_word' id='word_1_518' title='bbox 1116 3374 1291 3425; x_wconf 87' lang='lat' dir='ltr'><em>vobis.</em></span> <span class='ocrx_word' id='word_1_519' title='bbox 1317 3372 1420 3425; x_wconf 77' lang='lat' dir='ltr'><em>Sed</em></span> <span class='ocrx_word' id='word_1_520' title='bbox 1474 3372 1644 3438; x_wconf 83' lang='lat' dir='ltr'><em>inquit</em></span> <span class='ocrx_word' id='word_1_521' title='bbox 1672 3388 1681 3422; x_wconf 92' lang='lat'><strong>:</strong></span> 
     </span>
    </p>
   </div>
   <div class='ocr_carea' id='block_1_62' title="bbox 1797 3362 3400 3444">
    <p class='ocr_par' dir='ltr' id='par_1_62' title="bbox 1797 3362 3400 3433">
     <span class='ocr_line' id='line_1_62' title="bbox 1797 3362 3400 3433; baseline 0.007 -20"><span class='ocrx_word' id='word_1_522' title='bbox 1797 3362 1883 3413; x_wconf 80' lang='lat' dir='ltr'><em>tibi</em></span> <span class='ocrx_word' id='word_1_523' title='bbox 1915 3364 2064 3415; x_wconf 89' lang='lat' dir='ltr'><em>hodie</em></span> <span class='ocrx_word' id='word_1_524' title='bbox 2108 3363 2369 3416; x_wconf 87' lang='lat' dir='ltr'><em>custodire</em></span> <span class='ocrx_word' id='word_1_525' title='bbox 2415 3374 2461 3416; x_wconf 86' lang='lat' dir='ltr'><em>et</em></span> <span class='ocrx_word' id='word_1_526' title='bbox 2488 3367 2690 3433; x_wconf 80' lang='lat' dir='ltr'><em>facere,</em></span> <span class='ocrx_word' id='word_1_527' title='bbox 2744 3362 2761 3401; x_wconf 79' lang='grc' dir='ltr'><strong>ί</strong></span> <span class='ocrx_word' id='word_1_528' title='bbox 2817 3375 2864 3419; x_wconf 88' lang='lat' dir='ltr'><em>et</em></span> <span class='ocrx_word' id='word_1_529' title='bbox 2920 3383 3024 3421; x_wconf 91' lang='lat' dir='ltr'><em>non</em></span> <span class='ocrx_word' id='word_1_530' title='bbox 3051 3368 3313 3425; x_wconf 87' lang='lat' dir='ltr'><em>discedere</em></span> <span class='ocrx_word' id='word_1_531' title='bbox 3337 3371 3400 3424; x_wconf 90' lang='lat' dir='ltr'><em>ab</em></span> 
     </span>
    </p>
   </div>
   <div class='ocr_carea' id='block_1_63' title="bbox 65 3465 1694 3543">
    <p class='ocr_par' dir='ltr' id='par_1_63' title="bbox 65 3465 1694 3543">
     <span class='ocr_line' id='line_1_63' title="bbox 65 3465 1694 3543; baseline -0.007 -17"><span class='ocrx_word' id='word_1_532' title='bbox 65 3472 218 3528; x_wconf 82' lang='lat' dir='ltr'><em>Ecce</em></span> <span class='ocrx_word' id='word_1_533' title='bbox 254 3472 478 3543; x_wconf 79' lang='lat' dir='ltr'><em>Moyses</em></span> <span class='ocrx_word' id='word_1_534' title='bbox 502 3512 516 3536; x_wconf 91' lang='lat'><em>,</em></span> <span class='ocrx_word' id='word_1_535' title='bbox 556 3472 683 3524; x_wconf 87' lang='lat' dir='ltr'><em>licet</em></span> <span class='ocrx_word' id='word_1_536' title='bbox 707 3470 815 3523; x_wconf 85' lang='lat' dir='ltr'><em>alio</em></span> <span class='ocrx_word' id='word_1_537' title='bbox 865 3470 915 3521; x_wconf 88' lang='lat' dir='ltr'><em>in</em></span> <span class='ocrx_word' id='word_1_538' title='bbox 950 3469 1070 3522; x_wconf 87' lang='lat' dir='ltr'><em>loco</em></span> <span class='ocrx_word' id='word_1_539' title='bbox 1099 3468 1349 3519; x_wconf 76' lang='lat' dir='ltr'><em>habuerit</em></span> <span class='ocrx_word' id='word_1_540' title='bbox 1374 3465 1694 3517; x_wconf 85' lang='lat' dir='ltr'><em>tabernacu-</em></span> 
     </span>
    </p>
   </div>
   <div class='ocr_carea' id='block_1_64' title="bbox 60 3560 1696 3632">
    <p class='ocr_par' dir='ltr' id='par_1_64' title="bbox 60 3560 1696 3632">
     <span class='ocr_line' id='line_1_64' title="bbox 60 3560 1696 3632; baseline -0.007 -11"><span class='ocrx_word' id='word_1_541' title='bbox 60 3567 184 3622; x_wconf 85' lang='lat' dir='ltr'><em>lum</em></span> <span class='ocrx_word' id='word_1_542' title='bbox 218 3610 235 3631; x_wconf 90' lang='lat'><em>,</em></span> <span class='ocrx_word' id='word_1_543' title='bbox 275 3576 464 3621; x_wconf 86' lang='lat' dir='ltr'><em>tamen</em></span> <span class='ocrx_word' id='word_1_544' title='bbox 496 3582 603 3619; x_wconf 92' lang='lat' dir='ltr'><em>non</em></span> <span class='ocrx_word' id='word_1_545' title='bbox 634 3564 878 3619; x_wconf 87' lang='lat' dir='ltr'><em>deseruit</em></span> <span class='ocrx_word' id='word_1_546' title='bbox 903 3564 1156 3632; x_wconf 82' lang='lat' dir='ltr'><em>populum</em></span> <span class='ocrx_word' id='word_1_547' title='bbox 1178 3604 1191 3623; x_wconf 87' lang='lat'><em>,</em></span> <span class='ocrx_word' id='word_1_548' title='bbox 1225 3560 1319 3613; x_wconf 86' lang='lat' dir='ltr'><em>sed</em></span> <span class='ocrx_word' id='word_1_549' title='bbox 1346 3560 1592 3612; x_wconf 83' lang='lat' dir='ltr'><em>hortatus</em></span> <span class='ocrx_word' id='word_1_550' title='bbox 1614 3569 1696 3611; x_wconf 81' lang='lat' dir='ltr'><em>est</em></span> 
     </span>
    </p>
   </div>
   <div class='ocr_carea' id='block_1_65' title="bbox 60 3653 1694 3729">
    <p class='ocr_par' dir='ltr' id='par_1_65' title="bbox 60 3653 1694 3729">
     <span class='ocr_line' id='line_1_65' title="bbox 60 3653 1694 3729; baseline -0.006 -14"><span class='ocrx_word' id='word_1_551' title='bbox 60 3676 166 3715; x_wconf 87' lang='lat' dir='ltr'><em>cos</em></span> <span class='ocrx_word' id='word_1_552' title='bbox 202 3660 501 3729; x_wconf 80' lang='lat' dir='ltr'><em>corrigere</em></span> <span class='ocrx_word' id='word_1_553' title='bbox 552 3660 665 3711; x_wconf 87' lang='lat' dir='ltr'><em>vias</em></span> <span class='ocrx_word' id='word_1_554' title='bbox 706 3672 954 3712; x_wconf 88' lang='lat' dir='ltr'><em>errorum</em></span> <span class='ocrx_word' id='word_1_555' title='bbox 1003 3671 1226 3710; x_wconf 91' lang='lat' dir='ltr'><em>suorum</em></span> <span class='ocrx_word' id='word_1_556' title='bbox 1262 3655 1372 3707; x_wconf 84' lang='lat' dir='ltr'><em>Dco</em></span> <span class='ocrx_word' id='word_1_557' title='bbox 1421 3653 1694 3722; x_wconf 82' lang='lat' dir='ltr'><em>propitio;</em></span> 
     </span>
    </p>
   </div>
   <div class='ocr_carea' id='block_1_66' title="bbox 58 3747 1698 3823">
    <p class='ocr_par' dir='ltr' id='par_1_66' title="bbox 58 3747 1698 3823">
     <span class='ocr_line' id='line_1_66' title="bbox 58 3747 1698 3823; baseline -0.004 -17"><span class='ocrx_word' id='word_1_558' title='bbox 58 3768 172 3809; x_wconf 88' lang='lat' dir='ltr'><em>nec</em></span> <span class='ocrx_word' id='word_1_559' title='bbox 203 3753 265 3807; x_wconf 79' lang='lat' dir='ltr'><em>lii</em></span> <span class='ocrx_word' id='word_1_560' title='bbox 289 3794 306 3819; x_wconf 92' lang='lat'><em>,</em></span> <span class='ocrx_word' id='word_1_561' title='bbox 343 3751 435 3823; x_wconf 88' lang='lat' dir='ltr'><em>qui</em></span> <span class='ocrx_word' id='word_1_562' title='bbox 469 3762 559 3806; x_wconf 92' lang='lat' dir='ltr'><em>tuo</em></span> <span class='ocrx_word' id='word_1_563' title='bbox 581 3752 869 3819; x_wconf 80' lang='lat' dir='ltr'><em>sacrilegio</em></span> <span class='ocrx_word' id='word_1_564' title='bbox 894 3750 1111 3804; x_wconf 72' lang='lat' dir='ltr'><em>misceri</em></span> <span class='ocrx_word' id='word_1_565' title='bbox 1148 3757 1577 3811; x_wconf 80' lang='lat' dir='ltr'><em>recusaverunt,</em></span> <span class='ocrx_word' id='word_1_566' title='bbox 1603 3747 1698 3800; x_wconf 86' lang='lat' dir='ltr'><em>de-</em></span> 
     </span>
    </p>
   </div>
   <div class='ocr_carea' id='block_1_67' title="bbox 56 3838 1695 3908">
    <p class='ocr_par' dir='ltr' id='par_1_67' title="bbox 56 3838 1695 3908">
     <span class='ocr_line' id='line_1_67' title="bbox 56 3838 1695 3908; baseline -0.005 -8"><span class='ocrx_word' id='word_1_567' title='bbox 56 3856 199 3900; x_wconf 89' lang='lat' dir='ltr'><em>sunt</em></span> <span class='ocrx_word' id='word_1_568' title='bbox 224 3846 308 3900; x_wconf 77' lang='lat' dir='ltr'><em>al)</em></span> <span class='ocrx_word' id='word_1_569' title='bbox 344 3846 429 3899; x_wconf 79' lang='lat' dir='ltr'><em>his</em></span> <span class='ocrx_word' id='word_1_570' title='bbox 450 3844 687 3899; x_wconf 82' lang='lat' dir='ltr'><em>ofﬁciis:</em></span> <span class='ocrx_word' id='word_1_571' title='bbox 722 3843 825 3897; x_wconf 89' lang='lat' dir='ltr'><em>dici</em></span> <span class='ocrx_word' id='word_1_572' title='bbox 856 3844 1055 3897; x_wconf 88' lang='lat' dir='ltr'><em>ctenim</em></span> <span class='ocrx_word' id='word_1_573' title='bbox 1092 3842 1185 3893; x_wconf 89' lang='lat' dir='ltr'><em>tibi</em></span> <span class='ocrx_word' id='word_1_574' title='bbox 1220 3842 1503 3908; x_wconf 79' lang='lat' dir='ltr'><em>cognoscis</em></span> <span class='ocrx_word' id='word_1_575' title='bbox 1533 3880 1545 3902; x_wconf 88' lang='lat'><em>,</em></span> <span class='ocrx_word' id='word_1_576' title='bbox 1595 3838 1695 3891; x_wconf 90' lang='lat' dir='ltr'><em>nisi</em></span> 
     </span>
    </p>
   </div>
   <div class='ocr_carea' id='block_1_68' title="bbox 56 3933 1693 4003">
    <p class='ocr_par' dir='ltr' id='par_1_68' title="bbox 56 3933 1693 4003">
     <span class='ocr_line' id='line_1_68' title="bbox 56 3933 1693 4003; baseline -0.005 -13"><span class='ocrx_word' id='word_1_577' title='bbox 56 3940 187 3992; x_wconf 80' lang='lat' dir='ltr'><em>vias</em></span> <span class='ocrx_word' id='word_1_578' title='bbox 220 3937 552 3991; x_wconf 71' lang='lat' dir='ltr'><em>correxeris</em></span> <span class='ocrx_word' id='word_1_579' title='bbox 583 3947 729 3997; x_wconf 91' lang='lat' dir='ltr'><em>tuas,</em></span> <span class='ocrx_word' id='word_1_580' title='bbox 762 3934 903 4003; x_wconf 87' lang='lat' dir='ltr'><em>quod</em></span> <span class='ocrx_word' id='word_1_581' title='bbox 934 3935 1006 3987; x_wconf 72' lang='lat' dir='ltr'><em>sis</em></span> <span class='ocrx_word' id='word_1_582' title='bbox 1037 3934 1087 3986; x_wconf 93' lang='lat' dir='ltr'><em>in</em></span> <span class='ocrx_word' id='word_1_583' title='bbox 1108 3942 1374 3987; x_wconf 67' lang='lat' dir='ltr'><em>mternum</em></span> <span class='ocrx_word' id='word_1_584' title='bbox 1396 3933 1693 4001; x_wconf 85' lang='lat' dir='ltr'><em>periturus.</em></span> 
     </span>
    </p>
   </div>
   <div class='ocr_carea' id='block_1_69' title="bbox 52 4021 1699 4096">
    <p class='ocr_par' dir='ltr' id='par_1_69' title="bbox 52 4021 1699 4096">
     <span class='ocr_line' id='line_1_69' title="bbox 52 4021 1699 4096; baseline -0.005 -15"><span class='ocrx_word' id='word_1_585' title='bbox 52 4026 114 4080; x_wconf 86' lang='lat' dir='ltr'><em>Id</em></span> <span class='ocrx_word' id='word_1_586' title='bbox 180 4025 352 4096; x_wconf 88' lang='lat' dir='ltr'><em>quod</em></span> <span class='ocrx_word' id='word_1_587' title='bbox 403 4040 533 4095; x_wconf 86' lang='lat' dir='ltr'><em>ergo</em></span> <span class='ocrx_word' id='word_1_588' title='bbox 589 4024 869 4078; x_wconf 78' lang='lat' dir='ltr'><em>intendere</em></span> <span class='ocrx_word' id='word_1_589' title='bbox 900 4038 1272 4091; x_wconf 69' lang='lat' dir='ltr'><em>cmpcramus,</em></span> <span class='ocrx_word' id='word_1_590' title='bbox 1316 4038 1425 4090; x_wconf 89' lang='lat' dir='ltr'><em>quo</em></span> <span class='ocrx_word' id='word_1_591' title='bbox 1483 4021 1699 4090; x_wconf 84' lang='lat' dir='ltr'><em>penitus</em></span> 
     </span>
    </p>
   </div>
   <div class='ocr_carea' id='block_1_70' title="bbox 49 4114 1702 4193">
    <p class='ocr_par' dir='ltr' id='par_1_70' title="bbox 49 4114 1702 4193">
     <span class='ocr_line' id='line_1_70' title="bbox 49 4114 1702 4193; baseline -0.007 -16"><span class='ocrx_word' id='word_1_592' title='bbox 49 4136 389 4193; x_wconf 80' lang='lat' dir='ltr'><em>possumus</em></span> <span class='ocrx_word' id='word_1_593' title='bbox 415 4120 713 4189; x_wconf 78' lang='lat' dir='ltr'><em>perducere</em></span> <span class='ocrx_word' id='word_1_594' title='bbox 740 4118 805 4172; x_wconf 88' lang='lat' dir='ltr'><em>ad</em></span> <span class='ocrx_word' id='word_1_595' title='bbox 838 4118 1212 4188; x_wconf 79' lang='lat' dir='ltr'><em>probationem</em></span> <span class='ocrx_word' id='word_1_596' title='bbox 1234 4116 1257 4168; x_wconf 90' lang='lat'><strong>?</strong></span> <span class='ocrx_word' id='word_1_597' title='bbox 1279 4114 1527 4183; x_wconf 86' lang='lat' dir='ltr'><em>quotiens</em></span> <span class='ocrx_word' id='word_1_598' title='bbox 1556 4128 1702 4167; x_wconf 88' lang='lat' dir='ltr'><em>mur-</em></span> 
     </span>
    </p>
   </div>
   <div class='ocr_carea' id='block_1_71' title="bbox 49 4208 1699 4286">
    <p class='ocr_par' dir='ltr' id='par_1_71' title="bbox 49 4208 1699 4286">
     <span class='ocr_line' id='line_1_71' title="bbox 49 4208 1699 4286; baseline -0.005 -16"><span class='ocrx_word' id='word_1_599' title='bbox 49 4217 332 4272; x_wconf 84' lang='lat' dir='ltr'><em>tnuravit</em></span> <span class='ocrx_word' id='word_1_600' title='bbox 357 4214 591 4286; x_wconf 89' lang='lat' dir='ltr'><em>populus</em></span> <span class='ocrx_word' id='word_1_601' title='bbox 619 4223 807 4268; x_wconf 89' lang='lat' dir='ltr'><em>contra</em></span> <span class='ocrx_word' id='word_1_602' title='bbox 857 4213 1027 4266; x_wconf 77' lang='lat' dir='ltr'><em>Deum</em></span> <span class='ocrx_word' id='word_1_603' title='bbox 1052 4254 1065 4277; x_wconf 94' lang='lat'><em>,</em></span> <span class='ocrx_word' id='word_1_604' title='bbox 1121 4221 1175 4265; x_wconf 90' lang='lat' dir='ltr'><em>et</em></span> <span class='ocrx_word' id='word_1_605' title='bbox 1205 4212 1618 4264; x_wconf 74' lang='lat' dir='ltr'><em>insurrexerunt</em></span> <span class='ocrx_word' id='word_1_606' title='bbox 1648 4208 1699 4261; x_wconf 91' lang='lat' dir='ltr'><em>in</em></span> 
     </span>
    </p>
   </div>
   <div class='ocr_carea' id='block_1_72' title="bbox 45 4304 1696 4383">
    <p class='ocr_par' dir='ltr' id='par_1_72' title="bbox 45 4304 1696 4383">
     <span class='ocr_line' id='line_1_72' title="bbox 45 4304 1696 4383; baseline -0.009 -16"><span class='ocrx_word' id='word_1_607' title='bbox 45 4311 318 4383; x_wconf 75' lang='lat' dir='ltr'><em>Moysen</em></span> <span class='ocrx_word' id='word_1_608' title='bbox 343 4351 357 4374; x_wconf 91' lang='lat'><em>,</em></span> <span class='ocrx_word' id='word_1_609' title='bbox 386 4308 564 4379; x_wconf 83' lang='lat' dir='ltr'><em>legisti</em></span> <span class='ocrx_word' id='word_1_610' title='bbox 599 4308 765 4362; x_wconf 90' lang='lat' dir='ltr'><em>Deum</em></span> <span class='ocrx_word' id='word_1_611' title='bbox 791 4307 995 4360; x_wconf 73' lang='lat' dir='ltr'><em>dixisse</em></span> <span class='ocrx_word' id='word_1_612' title='bbox 1023 4306 1087 4359; x_wconf 89' lang='lat' dir='ltr'><em>ad</em></span> <span class='ocrx_word' id='word_1_613' title='bbox 1134 4305 1355 4373; x_wconf 77' lang='lat' dir='ltr'><em>Moysen</em></span> <span class='ocrx_word' id='word_1_614' title='bbox 1390 4312 1443 4356; x_wconf 90' lang='lat' dir='ltr'><em>ct</em></span> <span class='ocrx_word' id='word_1_615' title='bbox 1474 4304 1653 4355; x_wconf 85' lang='lat' dir='ltr'><em>Aaron</em></span> <span class='ocrx_word' id='word_1_616' title='bbox 1686 4318 1696 4352; x_wconf 90' lang='lat'><strong>:</strong></span> 
     </span>
    </p>
   </div>
   <div class='ocr_carea' id='block_1_73' title="bbox 50 4398 1700 4472">
    <p class='ocr_par' dir='ltr' id='par_1_73' title="bbox 50 4398 1700 4472">
     <span class='ocr_line' id='line_1_73' title="bbox 50 4398 1700 4472; baseline -0.008 -11"><span class='ocrx_word' id='word_1_617' title='bbox 50 4418 75 4443; x_wconf 72' lang='grc' dir='ltr'><em>ε</em></span> <span class='ocrx_word' id='word_1_618' title='bbox 118 4403 403 4460; x_wconf 79' lang='lat' dir='ltr'><em>Secedite</em></span> <span class='ocrx_word' id='word_1_619' title='bbox 449 4419 476 4456; x_wconf 89' lang='lat' dir='ltr'><em>e</em></span> <span class='ocrx_word' id='word_1_620' title='bbox 505 4403 672 4455; x_wconf 85' lang='lat' dir='ltr'><em>medio</em></span> <span class='ocrx_word' id='word_1_621' title='bbox 702 4402 881 4469; x_wconf 75' lang='lat' dir='ltr'><em>uapuli</em></span> <span class='ocrx_word' id='word_1_622' title='bbox 920 4400 1077 4472; x_wconf 76' lang='lat' dir='ltr'><em>hujus</em></span> <span class='ocrx_word' id='word_1_623' title='bbox 1107 4398 1479 4467; x_wconf 86' lang='lat' dir='ltr'><em>indisciplinati</em></span> <span class='ocrx_word' id='word_1_624' title='bbox 1507 4408 1552 4450; x_wconf 84' lang='lat' dir='ltr'><em>et</em></span> <span class='ocrx_word' id='word_1_625' title='bbox 1580 4412 1700 4447; x_wconf 90' lang='lat' dir='ltr'><em>con-</em></span> 
     </span>
    </p>
   </div>
   <div class='ocr_carea' id='block_1_74' title="bbox 43 4488 1699 4566">
    <p class='ocr_par' dir='ltr' id='par_1_74' title="bbox 43 4488 1699 4566">
     <span class='ocr_line' id='line_1_74' title="bbox 43 4488 1699 4566; baseline -0.007 -13"><span class='ocrx_word' id='word_1_626' title='bbox 43 4499 313 4553; x_wconf 81' lang='lat' dir='ltr'><em>tumacis</em></span> <span class='ocrx_word' id='word_1_627' title='bbox 336 4539 351 4561; x_wconf 85' lang='lat'><em>,</em></span> <span class='ocrx_word' id='word_1_628' title='bbox 403 4507 450 4550; x_wconf 87' lang='lat' dir='ltr'><em>et</em></span> <span class='ocrx_word' id='word_1_629' title='bbox 481 4496 779 4566; x_wconf 84' lang='lat' dir='ltr'><em>tlisperdani</em></span> <span class='ocrx_word' id='word_1_630' title='bbox 802 4511 885 4547; x_wconf 88' lang='lat' dir='ltr'><em>eos</em></span> <span class='ocrx_word' id='word_1_631' title='bbox 912 4510 1005 4563; x_wconf 87' lang='lat' dir='ltr'><em>ego</em></span> <span class='ocrx_word' id='word_1_632' title='bbox 1029 4496 1046 4561; x_wconf 94' lang='lat'><strong>(</strong></span> <span class='ocrx_word' id='word_1_633' title='bbox 1070 4491 1231 4545; x_wconf 68' lang='lat' dir='ltr'><em>Nunt.</em></span> <span class='ocrx_word' id='word_1_634' title='bbox 1272 4508 1378 4554; x_wconf 69' lang='lat' dir='ltr'><em>ut,</em></span> <span class='ocrx_word' id='word_1_635' title='bbox 1414 4492 1527 4558; x_wconf 62' lang='lat' dir='ltr'><em>*2I).</em></span> <span class='ocrx_word' id='word_1_636' title='bbox 1563 4488 1699 4554; x_wconf 78' lang='lat' dir='ltr'><em>Quid</em></span> 
     </span>
    </p>
   </div>
   <div class='ocr_carea' id='block_1_75' title="bbox 41 4584 1704 4663">
    <p class='ocr_par' dir='ltr' id='par_1_75' title="bbox 41 4584 1704 4663">
     <span class='ocr_line' id='line_1_75' title="bbox 41 4584 1704 4663; baseline -0.007 -16"><span class='ocrx_word' id='word_1_637' title='bbox 41 4594 237 4663; x_wconf 82' lang='lat' dir='ltr'><em>igitur</em></span> <span class='ocrx_word' id='word_1_638' title='bbox 277 4605 391 4647; x_wconf 88' lang='lat' dir='ltr'><em>nos</em></span> <span class='ocrx_word' id='word_1_639' title='bbox 420 4591 534 4645; x_wconf 89' lang='lat' dir='ltr'><em>vult</em></span> <span class='ocrx_word' id='word_1_640' title='bbox 566 4588 777 4654; x_wconf 81' lang='lat' dir='ltr'><em>facere,</em></span> <span class='ocrx_word' id='word_1_641' title='bbox 810 4588 909 4641; x_wconf 77' lang='lat' dir='ltr'><em>nisi</em></span> <span class='ocrx_word' id='word_1_642' title='bbox 942 4597 999 4641; x_wconf 90' lang='lat' dir='ltr'><em>ut</em></span> <span class='ocrx_word' id='word_1_643' title='bbox 1046 4602 1142 4639; x_wconf 85' lang='lat' dir='ltr'><em>vos</em></span> <span class='ocrx_word' id='word_1_644' title='bbox 1190 4584 1625 4654; x_wconf 86' lang='lat' dir='ltr'><em>indisciplinatos</em></span> <span class='ocrx_word' id='word_1_645' title='bbox 1651 4592 1704 4636; x_wconf 90' lang='lat' dir='ltr'><em>et</em></span> 
     </span>
    </p>
   </div>
   <div class='ocr_carea' id='block_1_76' title="bbox 37 4675 1702 4752">
    <p class='ocr_par' dir='ltr' id='par_1_76' title="bbox 37 4675 1702 4752">
     <span class='ocr_line' id='line_1_76' title="bbox 37 4675 1702 4752; baseline -0.008 -10"><span class='ocrx_word' id='word_1_646' title='bbox 37 4695 453 4741; x_wconf 84' lang='lat' dir='ltr'><em>contumaces</em></span> <span class='ocrx_word' id='word_1_647' title='bbox 483 4682 754 4752; x_wconf 79' lang='lat' dir='ltr'><em>fugiamus</em></span> <span class='ocrx_word' id='word_1_648' title='bbox 782 4722 795 4744; x_wconf 91' lang='lat'><em>,</em></span> <span class='ocrx_word' id='word_1_649' title='bbox 831 4696 896 4733; x_wconf 87' lang='lat' dir='ltr'><em>ne</em></span> <span class='ocrx_word' id='word_1_650' title='bbox 925 4680 1081 4733; x_wconf 91' lang='lat' dir='ltr'><em>simul</em></span> <span class='ocrx_word' id='word_1_651' title='bbox 1112 4678 1391 4733; x_wconf 81' lang='lat' dir='ltr'><em>vobiscum</em></span> <span class='ocrx_word' id='word_1_652' title='bbox 1414 4722 1426 4743; x_wconf 97' lang='lat'><em>,</em></span> <span class='ocrx_word' id='word_1_653' title='bbox 1456 4677 1595 4731; x_wconf 87' lang='lat' dir='ltr'><em>sicut</em></span> <span class='ocrx_word' id='word_1_654' title='bbox 1626 4675 1702 4729; x_wconf 91' lang='lat' dir='ltr'><em>illi</em></span> 
     </span>
    </p>
   </div>
   <div class='ocr_carea' id='block_1_77' title="bbox 1798 3454 3401 3524">
    <p class='ocr_par' dir='ltr' id='par_1_77' title="bbox 1798 3454 3401 3524">
     <span class='ocr_line' id='line_1_77' title="bbox 1798 3454 3401 3524; baseline 0.007 -19"><span class='ocrx_word' id='word_1_655' title='bbox 1798 3454 1936 3505; x_wconf 89' lang='lat' dir='ltr'><em>omni</em></span> <span class='ocrx_word' id='word_1_656' title='bbox 1968 3470 2198 3506; x_wconf 89' lang='lat' dir='ltr'><em>sermone</em></span> <span class='ocrx_word' id='word_1_657' title='bbox 2226 3470 2375 3521; x_wconf 83' lang='lat' dir='ltr'><em>quem</em></span> <span class='ocrx_word' id='word_1_658' title='bbox 2406 3470 2499 3524; x_wconf 85' lang='lat' dir='ltr'><em>ego</em></span> <span class='ocrx_word' id='word_1_659' title='bbox 2523 3456 2711 3508; x_wconf 85' lang='lat' dir='ltr'><em>mando</em></span> <span class='ocrx_word' id='word_1_660' title='bbox 2736 3456 2828 3510; x_wconf 87' lang='lat' dir='ltr'><em>tibi</em></span> <span class='ocrx_word' id='word_1_661' title='bbox 2848 3455 3039 3524; x_wconf 84' lang='lat' dir='ltr'><em>hodie,</em></span> <span class='ocrx_word' id='word_1_662' title='bbox 3091 3458 3274 3514; x_wconf 73' lang='lat' dir='ltr'><em>dextra</em></span> <span class='ocrx_word' id='word_1_663' title='bbox 3314 3471 3401 3516; x_wconf 84' lang='lat' dir='ltr'><em>aut</em></span> 
     </span>
    </p>
   </div>
   <div class='ocr_carea' id='block_1_78' title="bbox 1798 3546 3404 3623">
    <p class='ocr_par' dir='ltr' id='par_1_78' title="bbox 1798 3546 3404 3623">
     <span class='ocr_line' id='line_1_78' title="bbox 1798 3546 3404 3623; baseline 0.006 -23"><span class='ocrx_word' id='word_1_664' title='bbox 1798 3548 2006 3600; x_wconf 86' lang='lat' dir='ltr'><em>sinistra</em></span> <span class='ocrx_word' id='word_1_665' title='bbox 2030 3546 2194 3617; x_wconf 89' lang='lat' dir='ltr'><em>(Ibid.</em></span> <span class='ocrx_word' id='word_1_666' title='bbox 2220 3564 2385 3601; x_wconf 75' lang='lat' dir='ltr'><em>xxvm</em></span> <span class='ocrx_word' id='word_1_667' title='bbox 2408 3589 2421 3610; x_wconf 94' lang='lat'><em>,</em></span> <span class='ocrx_word' id='word_1_668' title='bbox 2456 3546 2521 3601; x_wconf 71' lang='lat'><em>1?.</em></span> <span class='ocrx_word' id='word_1_669' title='bbox 2636 3548 2921 3617; x_wconf 85' lang='lat' dir='ltr'><em>Quomodo</em></span> <span class='ocrx_word' id='word_1_670' title='bbox 2973 3566 3101 3607; x_wconf 90' lang='lat' dir='ltr'><em>cum</em></span> <span class='ocrx_word' id='word_1_671' title='bbox 3136 3552 3404 3623; x_wconf 76' lang='lat' dir='ltr'><em>pseudoe~</em></span> 
     </span>
    </p>
   </div>
   <div class='ocr_carea' id='block_1_79' title="bbox 1800 3638 3402 3713">
    <p class='ocr_par' dir='ltr' id='par_1_79' title="bbox 1800 3638 3402 3713">
     <span class='ocr_line' id='line_1_79' title="bbox 1800 3638 3402 3713; baseline 0.007 -22"><span class='ocrx_word' id='word_1_672' title='bbox 1800 3638 2037 3709; x_wconf 88' lang='lat' dir='ltr'><em>piscopis</em></span> <span class='ocrx_word' id='word_1_673' title='bbox 2068 3650 2232 3694; x_wconf 76' lang='lat' dir='ltr'><em>sectae</em></span> <span class='ocrx_word' id='word_1_674' title='bbox 2264 3649 2369 3694; x_wconf 70' lang='lat' dir='ltr'><em>tua:</em></span> <span class='ocrx_word' id='word_1_675' title='bbox 2395 3640 2613 3695; x_wconf 86' lang='lat' dir='ltr'><em>Arianis</em></span> <span class='ocrx_word' id='word_1_676' title='bbox 2636 3640 2795 3696; x_wconf 88' lang='lat' dir='ltr'><em>nobis</em></span> <span class='ocrx_word' id='word_1_677' title='bbox 2820 3651 3036 3712; x_wconf 84' lang='lat' dir='ltr'><em>poterat</em></span> <span class='ocrx_word' id='word_1_678' title='bbox 3074 3647 3368 3702; x_wconf 88' lang='lat' dir='ltr'><em>convenire</em></span> <span class='ocrx_word' id='word_1_679' title='bbox 3389 3688 3402 3713; x_wconf 93' lang='lat'><em>,</em></span> 
     </span>
    </p>
   </div>
   <div class='ocr_carea' id='block_1_80' title="bbox 1801 3732 3403 3806">
    <p class='ocr_par' dir='ltr' id='par_1_80' title="bbox 1801 3732 3403 3806">
     <span class='ocr_line' id='line_1_80' title="bbox 1801 3732 3403 3806; baseline 0.007 -23"><span class='ocrx_word' id='word_1_680' title='bbox 1801 3733 2018 3802; x_wconf 85' lang='lat' dir='ltr'><em>quando</em></span> <span class='ocrx_word' id='word_1_681' title='bbox 2047 3732 2229 3785; x_wconf 81' lang='lat' dir='ltr'><em>videas</em></span> <span class='ocrx_word' id='word_1_682' title='bbox 2259 3747 2365 3786; x_wconf 91' lang='lat' dir='ltr'><em>non</em></span> <span class='ocrx_word' id='word_1_683' title='bbox 2395 3747 2492 3786; x_wconf 89' lang='lat' dir='ltr'><em>nos</em></span> <span class='ocrx_word' id='word_1_684' title='bbox 2522 3732 2838 3787; x_wconf 84' lang='lat' dir='ltr'><em>benedictos</em></span> <span class='ocrx_word' id='word_1_685' title='bbox 2859 3749 2981 3791; x_wconf 81' lang='lat' dir='ltr'><em>esse</em></span> <span class='ocrx_word' id='word_1_686' title='bbox 3001 3738 3266 3806; x_wconf 78' lang='lat' dir='ltr'><em>potuisse,</em></span> <span class='ocrx_word' id='word_1_687' title='bbox 3298 3740 3403 3796; x_wconf 91' lang='lat' dir='ltr'><em>nisi</em></span> 
     </span>
    </p>
   </div>
   <div class='ocr_carea' id='block_1_81' title="bbox 1800 3822 3402 3893">
    <p class='ocr_par' dir='ltr' id='par_1_81' title="bbox 1800 3822 3402 3893">
     <span class='ocr_line' id='line_1_81' title="bbox 1800 3822 3402 3893; baseline 0.009 -21"><span class='ocrx_word' id='word_1_688' title='bbox 1800 3823 1927 3891; x_wconf 89' lang='lat' dir='ltr'><em>quia</em></span> <span class='ocrx_word' id='word_1_689' title='bbox 1969 3839 2076 3876; x_wconf 88' lang='lat' dir='ltr'><em>non</em></span> <span class='ocrx_word' id='word_1_690' title='bbox 2128 3822 2423 3877; x_wconf 89' lang='lat' dir='ltr'><em>abierimus</em></span> <span class='ocrx_word' id='word_1_691' title='bbox 2453 3832 2574 3893; x_wconf 89' lang='lat' dir='ltr'><em>post</em></span> <span class='ocrx_word' id='word_1_692' title='bbox 2620 3823 2987 3880; x_wconf 87' lang='lat' dir='ltr'><em>idololatriam</em></span> <span class='ocrx_word' id='word_1_693' title='bbox 3041 3829 3243 3882; x_wconf 88' lang='lat' dir='ltr'><em>tuam?</em></span> <span class='ocrx_word' id='word_1_694' title='bbox 3297 3831 3402 3886; x_wconf 88' lang='lat' dir='ltr'><em>nisi</em></span> 
     </span>
    </p>
   </div>
   <div class='ocr_carea' id='block_1_82' title="bbox 1801 3914 3403 3989">
    <p class='ocr_par' dir='ltr' id='par_1_82' title="bbox 1801 3914 3403 3989">
     <span class='ocr_line' id='line_1_82' title="bbox 1801 3914 3403 3989; baseline 0.007 -23"><span class='ocrx_word' id='word_1_695' title='bbox 1801 3914 1924 3984; x_wconf 86' lang='lat' dir='ltr'><em>quia</em></span> <span class='ocrx_word' id='word_1_696' title='bbox 1942 3915 2204 3969; x_wconf 78' lang='lat' dir='ltr'><em>exsecrati</em></span> <span class='ocrx_word' id='word_1_697' title='bbox 2232 3914 2494 3969; x_wconf 82' lang='lat' dir='ltr'><em>fuerimus</em></span> <span class='ocrx_word' id='word_1_698' title='bbox 2520 3915 2768 3971; x_wconf 60' lang='lat' dir='ltr'><em>haeresim</em></span> <span class='ocrx_word' id='word_1_699' title='bbox 2794 3926 3029 3973; x_wconf 84' lang='lat' dir='ltr'><em>vestram</em></span> <span class='ocrx_word' id='word_1_700' title='bbox 3050 3918 3403 3989; x_wconf 79' lang='lat' dir='ltr'><em>Arianorum,</em></span> 
     </span>
    </p>
   </div>
   <div class='ocr_carea' id='block_1_83' title="bbox 1800 4008 3406 4087">
    <p class='ocr_par' dir='ltr' id='par_1_83' title="bbox 1800 4008 3406 4087">
     <span class='ocr_line' id='line_1_83' title="bbox 1800 4008 3406 4087; baseline 0.006 -27"><span class='ocrx_word' id='word_1_701' title='bbox 1800 4008 1959 4061; x_wconf 82' lang='lat' dir='ltr'><em>sicuti</em></span> <span class='ocrx_word' id='word_1_702' title='bbox 1986 4016 2040 4061; x_wconf 83' lang='lat' dir='ltr'><em>et</em></span> <span class='ocrx_word' id='word_1_703' title='bbox 2065 4008 2304 4061; x_wconf 89' lang='lat' dir='ltr'><em>omnium</em></span> <span class='ocrx_word' id='word_1_704' title='bbox 2327 4022 2679 4063; x_wconf 83' lang='lat' dir='ltr'><em>exsecramur</em></span> <span class='ocrx_word' id='word_1_705' title='bbox 2702 4008 3083 4067; x_wconf 64' lang='lat' dir='ltr'><em>haereticorum</em></span> <span class='ocrx_word' id='word_1_706' title='bbox 3106 4014 3130 4067; x_wconf 85' lang='lat' dir='ltr'><em>&#39;I</em></span> <span class='ocrx_word' id='word_1_707' title='bbox 3159 4014 3260 4069; x_wconf 91' lang='lat' dir='ltr'><em>nisi</em></span> <span class='ocrx_word' id='word_1_708' title='bbox 3282 4015 3406 4087; x_wconf 87' lang='lat' dir='ltr'><em>quia</em></span> 
     </span>
    </p>
   </div>
   <div class='ocr_carea' id='block_1_84' title="bbox 1807 4102 3408 4182">
    <p class='ocr_par' dir='ltr' id='par_1_84' title="bbox 1807 4102 3408 4182">
     <span class='ocr_line' id='line_1_84' title="bbox 1807 4102 3408 4182; baseline 0.009 -26"><span class='ocrx_word' id='word_1_709' title='bbox 1807 4102 1940 4157; x_wconf 90' lang='lat' dir='ltr'><em>tales</em></span> <span class='ocrx_word' id='word_1_710' title='bbox 1966 4118 2062 4158; x_wconf 88' lang='lat' dir='ltr'><em>vos</em></span> <span class='ocrx_word' id='word_1_711' title='bbox 2090 4102 2515 4173; x_wconf 80' lang='lat' dir='ltr'><em>iudicaverimus</em></span> <span class='ocrx_word' id='word_1_712' title='bbox 2540 4145 2555 4171; x_wconf 94' lang='lat'><em>,</em></span> <span class='ocrx_word' id='word_1_713' title='bbox 2590 4115 2753 4178; x_wconf 88' lang='lat' dir='ltr'><em>atque</em></span> <span class='ocrx_word' id='word_1_714' title='bbox 2776 4107 3109 4177; x_wconf 86' lang='lat' dir='ltr'><em>habeamus,</em></span> <span class='ocrx_word' id='word_1_715' title='bbox 3140 4112 3329 4182; x_wconf 85' lang='lat' dir='ltr'><em>quales</em></span> <span class='ocrx_word' id='word_1_716' title='bbox 3353 4124 3408 4169; x_wconf 92' lang='lat' dir='ltr'><em>ct</em></span> 
     </span>
    </p>
   </div>
   <div class='ocr_carea' id='block_1_85' title="bbox 1806 4197 3408 4263">
    <p class='ocr_par' dir='ltr' id='par_1_85' title="bbox 1806 4197 3408 4263">
     <span class='ocr_line' id='line_1_85' title="bbox 1806 4197 3408 4263; baseline 0.006 -12"><span class='ocrx_word' id='word_1_717' title='bbox 1806 4197 2089 4263; x_wconf 86' lang='lat' dir='ltr'><em>ethnicos,</em></span> <span class='ocrx_word' id='word_1_718' title='bbox 2137 4198 2377 4253; x_wconf 86' lang='lat' dir='ltr'><em>cultores</em></span> <span class='ocrx_word' id='word_1_719' title='bbox 2435 4198 2691 4254; x_wconf 82' lang='lat' dir='ltr'><em>videlicet</em></span> <span class='ocrx_word' id='word_1_720' title='bbox 2740 4202 2980 4256; x_wconf 89' lang='lat' dir='ltr'><em>omnium</em></span> <span class='ocrx_word' id='word_1_721' title='bbox 3054 4203 3408 4260; x_wconf 73' lang='lat' dir='ltr'><em>dtcmonum?</em></span> 
     </span>
    </p>
   </div>
   <div class='ocr_carea' id='block_1_86' title="bbox 1808 4292 3409 4371">
    <p class='ocr_par' dir='ltr' id='par_1_86' title="bbox 1808 4292 3409 4371">
     <span class='ocr_line' id='line_1_86' title="bbox 1808 4292 3409 4371; baseline 0.007 -27"><span class='ocrx_word' id='word_1_722' title='bbox 1808 4292 1910 4345; x_wconf 84' lang='lat' dir='ltr'><em>nisi</em></span> <span class='ocrx_word' id='word_1_723' title='bbox 1944 4294 2065 4362; x_wconf 89' lang='lat' dir='ltr'><em>quia</em></span> <span class='ocrx_word' id='word_1_724' title='bbox 2098 4293 2176 4348; x_wconf 88' lang='lat' dir='ltr'><em>sic</em></span> <span class='ocrx_word' id='word_1_725' title='bbox 2206 4302 2257 4348; x_wconf 88' lang='lat' dir='ltr'><em>te</em></span> <span class='ocrx_word' id='word_1_726' title='bbox 2288 4292 2551 4349; x_wconf 81' lang='lat' dir='ltr'><em>fuerimus</em></span> <span class='ocrx_word' id='word_1_727' title='bbox 2576 4295 2955 4354; x_wconf 90' lang='lat' dir='ltr'><em>abominantes</em></span> <span class='ocrx_word' id='word_1_728' title='bbox 2985 4340 2999 4363; x_wconf 88' lang='lat'><em>,</em></span> <span class='ocrx_word' id='word_1_729' title='bbox 3049 4301 3327 4371; x_wconf 89' lang='lat' dir='ltr'><em>quomodo</em></span> <span class='ocrx_word' id='word_1_730' title='bbox 3354 4310 3409 4358; x_wconf 89' lang='lat' dir='ltr'><em>ct</em></span> 
     </span>
    </p>
   </div>
   <div class='ocr_carea' id='block_1_87' title="bbox 1805 4385 3410 4464">
    <p class='ocr_par' dir='ltr' id='par_1_87' title="bbox 1805 4385 3410 4464">
     <span class='ocr_line' id='line_1_87' title="bbox 1805 4385 3410 4464; baseline 0.007 -24"><span class='ocrx_word' id='word_1_731' title='bbox 1805 4385 2053 4451; x_wconf 68' lang='lat' dir='ltr'><em>JlltltBOS,</em></span> <span class='ocrx_word' id='word_1_732' title='bbox 2082 4387 2171 4455; x_wconf 91' lang='lat' dir='ltr'><em>qui</em></span> <span class='ocrx_word' id='word_1_733' title='bbox 2196 4387 2547 4443; x_wconf 87' lang='lat' dir='ltr'><em>inveniuntur</em></span> <span class='ocrx_word' id='word_1_734' title='bbox 2562 4404 2686 4445; x_wconf 87' lang='lat' dir='ltr'><em>esse</em></span> <span class='ocrx_word' id='word_1_735' title='bbox 2712 4391 2831 4447; x_wconf 80' lang='lat' dir='ltr'><em>sine</em></span> <span class='ocrx_word' id='word_1_736' title='bbox 2867 4392 3020 4461; x_wconf 89' lang='lat' dir='ltr'><em>Deo,</em></span> <span class='ocrx_word' id='word_1_737' title='bbox 3062 4410 3127 4449; x_wconf 77' lang='lat' dir='ltr'><em>ex</em></span> <span class='ocrx_word' id='word_1_738' title='bbox 3157 4412 3267 4464; x_wconf 91' lang='lat' dir='ltr'><em>quo</em></span> <span class='ocrx_word' id='word_1_739' title='bbox 3293 4397 3410 4452; x_wconf 90' lang='lat' dir='ltr'><em>uni-</em></span> 
     </span>
    </p>
   </div>
   <div class='ocr_carea' id='block_1_88' title="bbox 1808 4482 3410 4555">
    <p class='ocr_par' dir='ltr' id='par_1_88' title="bbox 1808 4482 3410 4555">
     <span class='ocr_line' id='line_1_88' title="bbox 1808 4482 3410 4555; baseline 0.006 -20"><span class='ocrx_word' id='word_1_740' title='bbox 1808 4497 1930 4536; x_wconf 90' lang='lat' dir='ltr'><em>cum</em></span> <span class='ocrx_word' id='word_1_741' title='bbox 1958 4483 2278 4551; x_wconf 86' lang='lat' dir='ltr'><em>negaverint</em></span> <span class='ocrx_word' id='word_1_742' title='bbox 2308 4482 2502 4538; x_wconf 86' lang='lat' dir='ltr'><em>Filium</em></span> <span class='ocrx_word' id='word_1_743' title='bbox 2537 4483 2632 4539; x_wconf 88' lang='lat' dir='ltr'><em>Dei</em></span> <span class='ocrx_word' id='word_1_744' title='bbox 2660 4485 2683 4538; x_wconf 84' lang='lat'><strong>?</strong></span> <span class='ocrx_word' id='word_1_745' title='bbox 2712 4483 2869 4555; x_wconf 84' lang='lat' dir='ltr'><em>Apud</em></span> <span class='ocrx_word' id='word_1_746' title='bbox 2890 4484 3108 4542; x_wconf 83' lang='lat' dir='ltr'><em>Hiesum</em></span> <span class='ocrx_word' id='word_1_747' title='bbox 3136 4487 3310 4545; x_wconf 82' lang='lat' dir='ltr'><em>Nave:</em></span> <span class='ocrx_word' id='word_1_748' title='bbox 3344 4491 3410 4545; x_wconf 82' lang='lat' dir='ltr'><em>At</em></span> 
     </span>
    </p>
   </div>
   <div class='ocr_carea' id='block_1_89' title="bbox 1810 4574 3413 4650">
    <p class='ocr_par' dir='ltr' id='par_1_89' title="bbox 1810 4574 3413 4650">
     <span class='ocr_line' id='line_1_89' title="bbox 1810 4574 3413 4650; baseline 0.006 -23"><span class='ocrx_word' id='word_1_749' title='bbox 1810 4577 1894 4627; x_wconf 86' lang='lat' dir='ltr'><em>ubi</em></span> <span class='ocrx_word' id='word_1_750' title='bbox 1940 4574 2169 4640; x_wconf 85' lang='lat' dir='ltr'><em>audivit,</em></span> <span class='ocrx_word' id='word_1_751' title='bbox 2204 4574 2375 4645; x_wconf 88' lang='lat' dir='ltr'><em>inquit</em></span> <span class='ocrx_word' id='word_1_752' title='bbox 2397 4618 2411 4640; x_wconf 86' lang='lat'><em>,</em></span> <span class='ocrx_word' id='word_1_753' title='bbox 2442 4577 2664 4648; x_wconf 81' lang='lat' dir='ltr'><em>papulas</em></span> <span class='ocrx_word' id='word_1_754' title='bbox 2693 4594 2862 4633; x_wconf 73' lang='lat' dir='ltr'><em>vocem</em></span> <span class='ocrx_word' id='word_1_755' title='bbox 2882 4579 3142 4643; x_wconf 87' lang='lat' dir='ltr'><em>tubarum,</em></span> <span class='ocrx_word' id='word_1_756' title='bbox 3164 4582 3413 4650; x_wconf 79' lang='lat' dir='ltr'><em>jubilarit</em></span> 
     </span>
    </p>
   </div>
   <div class='ocr_carea' id='block_1_90' title="bbox 1810 4666 3413 4739">
    <p class='ocr_par' dir='ltr' id='par_1_90' title="bbox 1810 4666 3413 4739">
     <span class='ocr_line' id='line_1_90' title="bbox 1810 4666 3413 4739; baseline 0.005 -20"><span class='ocrx_word' id='word_1_757' title='bbox 1810 4667 2079 4719; x_wconf 77' lang='lat' dir='ltr'><em>universus</em></span> <span class='ocrx_word' id='word_1_758' title='bbox 2108 4666 2330 4735; x_wconf 82' lang='lat' dir='ltr'><em>papulas</em></span> <span class='ocrx_word' id='word_1_759' title='bbox 2346 4666 2519 4736; x_wconf 89' lang='lat' dir='ltr'><em>jubilo</em></span> <span class='ocrx_word' id='word_1_760' title='bbox 2550 4682 2768 4739; x_wconf 86' lang='lat' dir='ltr'><em>magno,</em></span> <span class='ocrx_word' id='word_1_761' title='bbox 2794 4678 2841 4721; x_wconf 84' lang='lat' dir='ltr'><em>et</em></span> <span class='ocrx_word' id='word_1_762' title='bbox 2863 4670 3158 4724; x_wconf 85' lang='lat' dir='ltr'><em>ceciderunt</em></span> <span class='ocrx_word' id='word_1_763' title='bbox 3186 4673 3413 4727; x_wconf 82' lang='lat' dir='ltr'><em>universi</em></span> 
     </span>
    </p>
   </div>
   <div class='ocr_carea' id='block_1_91' title="bbox 36 4759 3409 4851">
    <p class='ocr_par' dir='ltr' id='par_1_91' title="bbox 36 4759 3409 4851">
     <span class='ocr_line' id='line_1_91' title="bbox 36 4759 3409 4851; baseline -0.005 -18"><span class='ocrx_word' id='word_1_764' title='bbox 36 4782 143 4851; x_wconf 90' lang='lat' dir='ltr'><em>qui</em></span> <span class='ocrx_word' id='word_1_765' title='bbox 182 4792 343 4834; x_wconf 89' lang='lat' dir='ltr'><em>cum</em></span> <span class='ocrx_word' id='word_1_766' title='bbox 370 4774 574 4835; x_wconf 81' lang='lat' dir='ltr'><em>Chore,</em></span> <span class='ocrx_word' id='word_1_767' title='bbox 604 4774 810 4827; x_wconf 88' lang='lat' dir='ltr'><em>Dathan</em></span> <span class='ocrx_word' id='word_1_768' title='bbox 836 4782 889 4827; x_wconf 91' lang='lat' dir='ltr'><em>et</em></span> <span class='ocrx_word' id='word_1_769' title='bbox 917 4772 1122 4826; x_wconf 86' lang='lat' dir='ltr'><em>Abiron</em></span> <span class='ocrx_word' id='word_1_770' title='bbox 1151 4771 1363 4825; x_wconf 79' lang='lat' dir='ltr'><em>fuerant</em></span> <span class='ocrx_word' id='word_1_771' title='bbox 1391 4770 1697 4833; x_wconf 87' lang='lat' dir='ltr'><em>coadunati,</em></span> <span class='ocrx_word' id='word_1_772' title='bbox 1730 4774 1783 4835; x_wconf 85' lang='lat'><strong>1)</strong></span> <span class='ocrx_word' id='word_1_773' title='bbox 1809 4763 1943 4814; x_wconf 78' lang='lat' dir='ltr'><em>muri</em></span> <span class='ocrx_word' id='word_1_774' title='bbox 1972 4760 2195 4813; x_wconf 75' lang='grc' dir='ltr'><em>εἱυὶιαιὶε</em></span> <span class='ocrx_word' id='word_1_775' title='bbox 2219 4759 2273 4813; x_wconf 73' lang='lat' dir='ltr'><em>in</em></span> <span class='ocrx_word' id='word_1_776' title='bbox 2302 4760 2554 4823; x_wconf 78' lang='lat' dir='ltr'><em>circuitu.</em></span> <span class='ocrx_word' id='word_1_777' title='bbox 2605 4769 2656 4815; x_wconf 81' lang='lat' dir='ltr'><em>et</em></span> <span class='ocrx_word' id='word_1_778' title='bbox 2690 4762 2924 4817; x_wconf 84' lang='lat' dir='ltr'><em>ascendit</em></span> <span class='ocrx_word' id='word_1_779' title='bbox 2952 4765 3220 4820; x_wconf 75' lang='lat' dir='ltr'><em>universus</em></span> <span class='ocrx_word' id='word_1_780' title='bbox 3242 4784 3409 4838; x_wconf 80' lang='lat' dir='ltr'><em>popu-</em></span> 
     </span>
    </p>
   </div>
   <div class='ocr_carea' id='block_1_92' title="bbox 33 4865 1701 4945">
    <p class='ocr_par' dir='ltr' id='par_1_92' title="bbox 33 4865 1701 4945">
     <span class='ocr_line' id='line_1_92' title="bbox 33 4865 1701 4945; baseline -0.011 -11"><span class='ocrx_word' id='word_1_781' title='bbox 33 4870 441 4945; x_wconf 82' lang='lat' dir='ltr'><em>pereamus?</em></span> <span class='ocrx_word' id='word_1_782' title='bbox 491 4870 599 4924; x_wconf 84' lang='lat' dir='ltr'><em>Aut</em></span> <span class='ocrx_word' id='word_1_783' title='bbox 651 4866 872 4937; x_wconf 77' lang='lat' dir='ltr'><em>negabis</em></span> <span class='ocrx_word' id='word_1_784' title='bbox 925 4876 977 4920; x_wconf 90' lang='lat' dir='ltr'><em>te</em></span> <span class='ocrx_word' id='word_1_785' title='bbox 1026 4865 1484 4935; x_wconf 87' lang='lat' dir='ltr'><em>indisciplinatum</em></span> <span class='ocrx_word' id='word_1_786' title='bbox 1541 4872 1701 4931; x_wconf 89' lang='lat' dir='ltr'><em>atque</em></span> 
     </span>
    </p>
   </div>
   <div class='ocr_carea' id='block_1_93' title="bbox 33 4955 1701 5032">
    <p class='ocr_par' dir='ltr' id='par_1_93' title="bbox 33 4955 1701 5032">
     <span class='ocr_line' id='line_1_93' title="bbox 33 4955 1701 5032; baseline -0.008 -9"><span class='ocrx_word' id='word_1_787' title='bbox 33 4963 521 5023; x_wconf 85' lang='lat' dir='ltr'><em>contumacem?</em></span> <span class='ocrx_word' id='word_1_788' title='bbox 545 4962 758 5032; x_wconf 87' lang='lat' dir='ltr'><em>respice</em></span> <span class='ocrx_word' id='word_1_789' title='bbox 786 4972 938 5015; x_wconf 86' lang='lat' dir='ltr'><em>aetus</em></span> <span class='ocrx_word' id='word_1_790' title='bbox 963 4969 1083 5013; x_wconf 90' lang='lat' dir='ltr'><em>tuos</em></span> <span class='ocrx_word' id='word_1_791' title='bbox 1106 4959 1246 5013; x_wconf 91' lang='lat' dir='ltr'><em>circa</em></span> <span class='ocrx_word' id='word_1_792' title='bbox 1295 4958 1506 5012; x_wconf 85' lang='lat' dir='ltr'><em>Domini</em></span> <span class='ocrx_word' id='word_1_793' title='bbox 1557 4955 1701 5009; x_wconf 81' lang='lat' dir='ltr'><em>exhi-</em></span> 
     </span>
    </p>
   </div>
   <div class='ocr_carea' id='block_1_94' title="bbox 31 5049 1700 5123">
    <p class='ocr_par' dir='ltr' id='par_1_94' title="bbox 31 5049 1700 5123">
     <span class='ocr_line' id='line_1_94' title="bbox 31 5049 1700 5123; baseline -0.01 -6"><span class='ocrx_word' id='word_1_794' title='bbox 31 5062 210 5117; x_wconf 83' lang='lat' dir='ltr'><em>bitos</em></span> <span class='ocrx_word' id='word_1_795' title='bbox 260 5056 602 5122; x_wconf 81' lang='lat' dir='ltr'><em>ecclesiam,</em></span> <span class='ocrx_word' id='word_1_796' title='bbox 633 5065 688 5110; x_wconf 87' lang='lat' dir='ltr'><em>et</em></span> <span class='ocrx_word' id='word_1_797' title='bbox 708 5055 948 5109; x_wconf 86' lang='lat' dir='ltr'><em>invenies</em></span> <span class='ocrx_word' id='word_1_798' title='bbox 976 5068 1140 5123; x_wconf 86' lang='lat' dir='ltr'><em>quam</em></span> <span class='ocrx_word' id='word_1_799' title='bbox 1163 5053 1237 5105; x_wconf 90' lang='lat' dir='ltr'><em>sis</em></span> <span class='ocrx_word' id='word_1_800' title='bbox 1266 5049 1700 5119; x_wconf 84' lang='lat' dir='ltr'><em>indiscipliuatus</em></span> 
     </span>
    </p>
   </div>
   <div class='ocr_carea' id='block_1_95' title="bbox 32 5140 1695 5226">
    <p class='ocr_par' dir='ltr' id='par_1_95' title="bbox 32 5140 1695 5226">
     <span class='ocr_line' id='line_1_95' title="bbox 32 5140 1695 5226; baseline -0.009 -17"><span class='ocrx_word' id='word_1_801' title='bbox 32 5166 233 5226; x_wconf 82' lang='lat' dir='ltr'><em>atque</em></span> <span class='ocrx_word' id='word_1_802' title='bbox 274 5159 608 5207; x_wconf 84' lang='lat' dir='ltr'><em>contumax.</em></span> <span class='ocrx_word' id='word_1_803' title='bbox 643 5147 699 5204; x_wconf 89' lang='lat' dir='ltr'><em>In</em></span> <span class='ocrx_word' id='word_1_804' title='bbox 746 5145 1172 5203; x_wconf 87' lang='lat' dir='ltr'><em>Deuteronomio</em></span> <span class='ocrx_word' id='word_1_805' title='bbox 1215 5144 1344 5199; x_wconf 89' lang='lat' dir='ltr'><em>dicit</em></span> <span class='ocrx_word' id='word_1_806' title='bbox 1397 5140 1695 5214; x_wconf 72' lang='lat' dir='ltr'><em>Moysesd:</em></span> 
     </span>
    </p>
   </div>
   <div class='ocr_carea' id='block_1_96' title="bbox 118 5346 1711 5436">
    <p class='ocr_par' dir='ltr' id='par_1_96' title="bbox 118 5346 1711 5436">
     <span class='ocr_line' id='line_1_96' title="bbox 118 5346 1711 5436; baseline -0.014 -16"><span class='ocrx_word' id='word_1_807' title='bbox 118 5377 152 5404; x_wconf 75' lang='grc' dir='ltr'><em>ι</em></span> <span class='ocrx_word' id='word_1_808' title='bbox 192 5361 612 5436; x_wconf 82' lang='lat' dir='ltr'><em>Speculantes,</em></span> <span class='ocrx_word' id='word_1_809' title='bbox 643 5359 737 5436; x_wconf 84' lang='lat' dir='ltr'><em>_uti</em></span> <span class='ocrx_word' id='word_1_810' title='bbox 780 5358 831 5411; x_wconf 87' lang='lat' dir='ltr'><em>in</em></span> <span class='ocrx_word' id='word_1_811' title='bbox 863 5356 1074 5436; x_wconf 38' lang='lat' dir='ltr'><em>Graccq‘</em></span> <span class='ocrx_word' id='word_1_812' title='bbox 1097 5354 1460 5436; x_wconf 51' lang='lat' dir='ltr'><em>ouozrft&#39;tovraL</em></span> <span class='ocrx_word' id='word_1_813' title='bbox 1507 5346 1711 5403; x_wconf 77' lang='lat' dir='ltr'><em>Subba-</em></span> 
     </span>
    </p>
   </div>
   <div class='ocr_carea' id='block_1_97' title="bbox 30 5425 1299 5504">
    <p class='ocr_par' dir='ltr' id='par_1_97' title="bbox 30 5425 1299 5504">
     <span class='ocr_line' id='line_1_97' title="bbox 30 5425 1299 5504; baseline -0.017 -7"><span class='ocrx_word' id='word_1_814' title='bbox 30 5425 272 5497; x_wconf 71' lang='lat' dir='ltr'><em>ticriué</em></span> <span class='ocrx_word' id='word_1_815' title='bbox 314 5432 749 5504; x_wconf 76' lang='lat' dir='ltr'><em>legitspeculans</em></span> <span class='ocrx_word' id='word_1_816' title='bbox 776 5446 841 5483; x_wconf 81' lang='lat' dir='ltr'><em>ex</em></span> <span class='ocrx_word' id='word_1_817' title='bbox 871 5428 974 5481; x_wconf 90' lang='lat' dir='ltr'><em>edit</em></span> <span class='ocrx_word' id='word_1_818' title='bbox 1037 5425 1173 5504; x_wconf 77' lang='lat' dir='ltr'><em>Bibl.</em></span> <span class='ocrx_word' id='word_1_819' title='bbox 1199 5425 1299 5504; x_wconf 54' lang='grc' dir='ltr'><em>εἰ).</em></span> 
     </span>
    </p>
   </div>
   <div class='ocr_carea' id='block_1_98' title="bbox 118 5492 1710 5581">
    <p class='ocr_par' dir='ltr' id='par_1_98' title="bbox 118 5492 1710 5581">
     <span class='ocr_line' id='line_1_98' title="bbox 118 5492 1710 5581; baseline -0.016 -18"><span class='ocrx_word' id='word_1_820' title='bbox 118 5492 149 5550; x_wconf 64' lang='grc' dir='ltr'><em>ί)</em></span> <span class='ocrx_word' id='word_1_821' title='bbox 191 5511 293 5565; x_wconf 83' lang='lat' dir='ltr'><em>Ita</em></span> <span class='ocrx_word' id='word_1_822' title='bbox 323 5492 509 5561; x_wconf 59' lang='lat' dir='ltr'><em>Graec:</em></span> <span class='ocrx_word' id='word_1_823' title='bbox 534 5505 920 5581; x_wconf 77' lang='grc' dir='ltr'><em>προσεκύνησαν</em></span> <span class='ocrx_word' id='word_1_824' title='bbox 940 5516 952 5559; x_wconf 87' lang='grc'>;</span> <span class='ocrx_word' id='word_1_825' title='bbox 970 5512 1097 5580; x_wconf 41' lang='grc' dir='ltr'>’ςιιιιι</span> <span class='ocrx_word' id='word_1_826' title='bbox 1120 5495 1347 5581; x_wconf 46' lang='lat' dir='ltr'><em>Sali‘bat.</em></span> <span class='ocrx_word' id='word_1_827' title='bbox 1365 5494 1507 5581; x_wconf 64' lang='lat' dir='ltr'><em>legat</em></span> <span class='ocrx_word' id='word_1_828' title='bbox 1528 5492 1710 5573; x_wconf 76' lang='lat' dir='ltr'><em>adora-</em></span> 
     </span>
    </p>
   </div>
   <div class='ocr_carea' id='block_1_99' title="bbox 26 5566 1703 5643">
    <p class='ocr_par' dir='ltr' id='par_1_99' title="bbox 26 5566 1703 5643">
     <span class='ocr_line' id='line_1_99' title="bbox 26 5566 1703 5643; baseline -0.016 -4"><span class='ocrx_word' id='word_1_829' title='bbox 26 5588 109 5639; x_wconf 75' lang='lat' dir='ltr'><em>rit</em></span> <span class='ocrx_word' id='word_1_830' title='bbox 144 5599 233 5638; x_wconf 78' lang='lat' dir='ltr'><em>ex</em></span> <span class='ocrx_word' id='word_1_831' title='bbox 278 5579 445 5633; x_wconf 81' lang='lat' dir='ltr'><em>laud.</em></span> <span class='ocrx_word' id='word_1_832' title='bbox 476 5566 634 5638; x_wconf 74' lang='lat' dir='ltr'><em>edii.,</em></span> <span class='ocrx_word' id='word_1_833' title='bbox 668 5586 719 5628; x_wconf 86' lang='lat' dir='ltr'><em>et</em></span> <span class='ocrx_word' id='word_1_834' title='bbox 755 5574 938 5643; x_wconf 84' lang='lat' dir='ltr'><em>paullo</em></span> <span class='ocrx_word' id='word_1_835' title='bbox 969 5570 1190 5623; x_wconf 48' lang='lat' dir='ltr'><em>inl’erms&#39;</em></span> <span class='ocrx_word' id='word_1_836' title='bbox 1219 5568 1351 5637; x_wconf 77' lang='lat' dir='ltr'><em>facie</em></span> <span class='ocrx_word' id='word_1_837' title='bbox 1381 5568 1448 5619; x_wconf 90' lang='lat' dir='ltr'><em>ad</em></span> <span class='ocrx_word' id='word_1_838' title='bbox 1479 5566 1660 5636; x_wconf 77' lang='lat' dir='ltr'><em>[aciein</em></span> <span class='ocrx_word' id='word_1_839' title='bbox 1689 5603 1703 5629; x_wconf 90' lang='lat'><em>,</em></span> 
     </span>
    </p>
   </div>
   <div class='ocr_carea' id='block_1_100' title="bbox 23 5649 1421 5719">
    <p class='ocr_par' dir='ltr' id='par_1_100' title="bbox 23 5649 1421 5719">
     <span class='ocr_line' id='line_1_100' title="bbox 23 5649 1421 5719; baseline -0.006 -13"><span class='ocrx_word' id='word_1_840' title='bbox 23 5660 135 5713; x_wconf 80' lang='lat' dir='ltr'><em>ubi</em></span> <span class='ocrx_word' id='word_1_841' title='bbox 181 5653 301 5707; x_wconf 85' lang='lat' dir='ltr'><em>hic</em></span> <span class='ocrx_word' id='word_1_842' title='bbox 330 5649 511 5719; x_wconf 82' lang='lat' dir='ltr'><em>palam</em></span> <span class='ocrx_word' id='word_1_843' title='bbox 529 5650 580 5703; x_wconf 89' lang='lat' dir='ltr'><em>in</em></span> <span class='ocrx_word' id='word_1_844' title='bbox 610 5651 805 5716; x_wconf 81' lang='lat' dir='ltr'><em>palam.</em></span> <span class='ocrx_word' id='word_1_845' title='bbox 958 5715 988 5719; x_wconf 83' lang='lat'><em>__</em></span> <span class='ocrx_word' id='word_1_846' title='bbox 1212 5711 1221 5719; x_wconf 87' lang='lat'>_</span> <span class='ocrx_word' id='word_1_847' title='bbox 1390 5709 1421 5719; x_wconf 51' lang='grc' dir='ltr'>η</span> 
     </span>
    </p>
   </div>
   <div class='ocr_carea' id='block_1_101' title="bbox 113 5709 1703 5787">
    <p class='ocr_par' dir='ltr' id='par_1_101' title="bbox 113 5709 1703 5787">
     <span class='ocr_line' id='line_1_101' title="bbox 113 5709 1703 5787; baseline -0.013 -7"><span class='ocrx_word' id='word_1_848' title='bbox 113 5709 139 5768; x_wconf 57' lang='grc' dir='ltr'>ἐ</span> <span class='ocrx_word' id='word_1_849' title='bbox 176 5709 420 5781; x_wconf 61' lang='lat' dir='ltr'><em>Versus</em></span> <span class='ocrx_word' id='word_1_850' title='bbox 453 5709 686 5787; x_wconf 75' lang='lat' dir='ltr'><em>Antiqua</em></span> <span class='ocrx_word' id='word_1_851' title='bbox 715 5738 727 5772; x_wconf 92' lang='lat'>:</span> <span class='ocrx_word' id='word_1_852' title='bbox 763 5715 1039 5772; x_wconf 81' lang='lat' dir='ltr'><em>Abscedite</em></span> <span class='ocrx_word' id='word_1_853' title='bbox 1072 5730 1167 5787; x_wconf 79' lang='lat' dir='ltr'><em>vos</em></span> <span class='ocrx_word' id='word_1_854' title='bbox 1189 5711 1252 5763; x_wconf 86' lang='lat' dir='ltr'><em>de</em></span> <span class='ocrx_word' id='word_1_855' title='bbox 1284 5709 1453 5763; x_wconf 85' lang='lat' dir='ltr'><em>metlio</em></span> <span class='ocrx_word' id='word_1_856' title='bbox 1484 5722 1703 5778; x_wconf 78' lang='lat' dir='ltr'><em>synago-</em></span> 
     </span>
    </p>
   </div>
   <div class='ocr_carea' id='block_1_102' title="bbox 16 5785 1188 5877">
    <p class='ocr_par' dir='ltr' id='par_1_102' title="bbox 16 5785 1188 5877">
     <span class='ocr_line' id='line_1_102' title="bbox 16 5785 1188 5877; baseline -0.013 -26"><span class='ocrx_word' id='word_1_857' title='bbox 16 5819 122 5877; x_wconf 43' lang='grc' dir='ltr'><em>ἔμε</em></span> <span class='ocrx_word' id='word_1_858' title='bbox 150 5797 393 5877; x_wconf 52' lang='lat' dir='ltr'><em>istius,</em></span> <span class='ocrx_word' id='word_1_859' title='bbox 426 5802 473 5877; x_wconf 55' lang='grc' dir='ltr'>ει</span> <span class='ocrx_word' id='word_1_860' title='bbox 501 5785 867 5877; x_wconf 45' lang='lat' dir='ltr'><em>consu&#39;nmta&#39;bo</em></span> <span class='ocrx_word' id='word_1_861' title='bbox 898 5805 983 5843; x_wconf 86' lang='lat' dir='ltr'><em>eos</em></span> <span class='ocrx_word' id='word_1_862' title='bbox 1014 5785 1188 5877; x_wconf 54' lang='lat' dir='ltr'><em>simJul.</em></span> 
     </span>
    </p>
   </div>
   <div class='ocr_carea' id='block_1_103' title="bbox 108 5857 1710 5936">
    <p class='ocr_par' dir='ltr' id='par_1_103' title="bbox 108 5857 1710 5936">
     <span class='ocr_line' id='line_1_103' title="bbox 108 5857 1710 5936; baseline -0.013 -12"><span class='ocrx_word' id='word_1_863' title='bbox 108 5874 141 5911; x_wconf 79' lang='grc' dir='ltr'><em>ιι</em></span> <span class='ocrx_word' id='word_1_864' title='bbox 192 5870 400 5923; x_wconf 74' lang='lat' dir='ltr'><em>Vers.</em></span> <span class='ocrx_word' id='word_1_865' title='bbox 432 5862 563 5917; x_wconf 80' lang='lat' dir='ltr'><em>Ant.</em></span> <span class='ocrx_word' id='word_1_866' title='bbox 621 5863 743 5918; x_wconf 82' lang='lat' dir='ltr'><em>Non</em></span> <span class='ocrx_word' id='word_1_867' title='bbox 774 5863 1017 5929; x_wconf 87' lang='lat' dir='ltr'><em>dispones</em></span> <span class='ocrx_word' id='word_1_868' title='bbox 1057 5857 1124 5911; x_wconf 90' lang='lat' dir='ltr'><em>ad</em></span> <span class='ocrx_word' id='word_1_869' title='bbox 1157 5872 1248 5936; x_wconf 75' lang='lat' dir='ltr'><em>_cos</em></span> <span class='ocrx_word' id='word_1_870' title='bbox 1296 5862 1710 5936; x_wconf 37' lang='lat' dir='ltr'><em>testa-mentum,</em></span> 
     </span>
    </p>
   </div>
   <div class='ocr_carea' id='block_1_104' title="bbox 21 5929 1708 6017">
    <p class='ocr_par' dir='ltr' id='par_1_104' title="bbox 21 5929 1708 6017">
     <span class='ocr_line' id='line_1_104' title="bbox 21 5929 1708 6017; baseline -0.018 -14"><span class='ocrx_word' id='word_1_871' title='bbox 21 5959 229 6017; x_wconf 74' lang='lat' dir='ltr'><em>neque</em></span> <span class='ocrx_word' id='word_1_872' title='bbox 268 5938 610 6017; x_wconf 75' lang='lat' dir='ltr'><em>miserearis.</em></span> <span class='ocrx_word' id='word_1_873' title='bbox 647 5976 659 5988; x_wconf 97' lang='lat'><em>.</em></span> <span class='ocrx_word' id='word_1_874' title='bbox 694 5975 707 5989; x_wconf 93' lang='lat'><em>.</em></span> <span class='ocrx_word' id='word_1_875' title='bbox 746 5974 759 5986; x_wconf 94' lang='lat'><em>.</em></span> <span class='ocrx_word' id='word_1_876' title='bbox 811 5950 981 6017; x_wconf 38' lang='lat' dir='ltr'><em>neque.</em></span> <span class='ocrx_word' id='word_1_877' title='bbox 1013 5929 1355 6017; x_wconf 48' lang='lat' dir='ltr'><em>iirqtrimoniis</em></span> <span class='ocrx_word' id='word_1_878' title='bbox 1410 5929 1708 6017; x_wconf 45' lang='lat' dir='ltr'><em>j‘u&#39;ngamini</em></span> 
     </span>
    </p>
   </div>
   <div class='ocr_carea' id='block_1_105' title="bbox 15 5999 1709 6082">
    <p class='ocr_par' dir='ltr' id='par_1_105' title="bbox 15 5999 1709 6082">
     <span class='ocr_line' id='line_1_105' title="bbox 15 5999 1709 6082; baseline -0.018 -3"><span class='ocrx_word' id='word_1_879' title='bbox 15 5999 313 6082; x_wconf 63' lang='lat' dir='ltr'><em>crinitis.</em></span> <span class='ocrx_word' id='word_1_880' title='bbox 348 6005 547 6061; x_wconf 76' lang='lat' dir='ltr'><em>Filiam</em></span> <span class='ocrx_word' id='word_1_881' title='bbox 575 6018 712 6061; x_wconf 85' lang='lat' dir='ltr'><em>tuam</em></span> <span class='ocrx_word' id='word_1_882' title='bbox 738 6022 838 6059; x_wconf 87' lang='lat' dir='ltr'><em>non</em></span> <span class='ocrx_word' id='word_1_883' title='bbox 862 6005 1010 6059; x_wconf 87' lang='lat' dir='ltr'><em>dabis</em></span> <span class='ocrx_word' id='word_1_884' title='bbox 1043 6004 1153 6073; x_wconf 81' lang='lat' dir='ltr'><em>[ilio</em></span> <span class='ocrx_word' id='word_1_885' title='bbox 1183 6004 1313 6073; x_wconf 84' lang='lat' dir='ltr'><em>ejus,</em></span> <span class='ocrx_word' id='word_1_886' title='bbox 1346 6008 1395 6055; x_wconf 87' lang='lat' dir='ltr'><em>et</em></span> <span class='ocrx_word' id='word_1_887' title='bbox 1418 5999 1580 6065; x_wconf 81' lang='lat' dir='ltr'><em>ﬁliam</em></span> <span class='ocrx_word' id='word_1_888' title='bbox 1600 6000 1709 6067; x_wconf 80' lang='lat' dir='ltr'><em>ejus</em></span> 
     </span>
    </p>
   </div>
   <div class='ocr_carea' id='block_1_106' title="bbox 1801 4854 3412 4928">
    <p class='ocr_par' dir='ltr' id='par_1_106' title="bbox 1801 4854 3412 4928">
     <span class='ocr_line' id='line_1_106' title="bbox 1801 4854 3412 4928; baseline 0.005 -20"><span class='ocrx_word' id='word_1_889' title='bbox 1801 4856 1881 4908; x_wconf 89' lang='lat' dir='ltr'><em>lus</em></span> <span class='ocrx_word' id='word_1_890' title='bbox 1914 4856 1963 4907; x_wconf 90' lang='lat' dir='ltr'><em>in</em></span> <span class='ocrx_word' id='word_1_891' title='bbox 1990 4854 2249 4907; x_wconf 82' lang='lat' dir='ltr'><em>ciuitatem</em></span> <span class='ocrx_word' id='word_1_892' title='bbox 2272 4854 2621 4926; x_wconf 87' lang='lat' dir='ltr'><em>unusquisque</em></span> <span class='ocrx_word' id='word_1_893' title='bbox 2648 4872 2826 4911; x_wconf 82' lang='lat' dir='ltr'><em>coram</em></span> <span class='ocrx_word' id='word_1_894' title='bbox 2854 4857 3165 4915; x_wconf 77' lang='lat' dir='ltr'><em>adversariis</em></span> <span class='ocrx_word' id='word_1_895' title='bbox 3186 4862 3294 4917; x_wconf 87' lang='lat' dir='ltr'><em>suis</em></span> <span class='ocrx_word' id='word_1_896' title='bbox 3318 4902 3332 4928; x_wconf 93' lang='lat'><em>,</em></span> <span class='ocrx_word' id='word_1_897' title='bbox 3366 4872 3412 4916; x_wconf 85' lang='lat' dir='ltr'><em>et</em></span> 
     </span>
    </p>
   </div>
   <div class='ocr_carea' id='block_1_107' title="bbox 1800 4947 3409 5022">
    <p class='ocr_par' dir='ltr' id='par_1_107' title="bbox 1800 4947 3409 5022">
     <span class='ocr_line' id='line_1_107' title="bbox 1800 4947 3409 5022; baseline 0.006 -22"><span class='ocrx_word' id='word_1_898' title='bbox 1800 4949 2095 5002; x_wconf 83' lang='lat' dir='ltr'><em>inraserunt</em></span> <span class='ocrx_word' id='word_1_899' title='bbox 2137 4947 2398 5002; x_wconf 80' lang='lat' dir='ltr'><em>civitatein</em></span> <span class='ocrx_word' id='word_1_900' title='bbox 2453 4958 2503 5004; x_wconf 88' lang='lat' dir='ltr'><em>et</em></span> <span class='ocrx_word' id='word_1_901' title='bbox 2550 4951 3112 5009; x_wconf 79' lang='lat' dir='ltr'><em>anatltematisarerunt</em></span> <span class='ocrx_word' id='word_1_902' title='bbox 3161 4972 3311 5022; x_wconf 89' lang='lat' dir='ltr'><em>eam,</em></span> <span class='ocrx_word' id='word_1_903' title='bbox 3359 4968 3409 5010; x_wconf 89' lang='lat' dir='ltr'><em>et</em></span> 
     </span>
    </p>
   </div>
   <div class='ocr_carea' id='block_1_108' title="bbox 1798 5042 3409 5115">
    <p class='ocr_par' dir='ltr' id='par_1_108' title="bbox 1798 5042 3409 5115">
     <span class='ocr_line' id='line_1_108' title="bbox 1798 5042 3409 5115; baseline 0.005 -21"><span class='ocrx_word' id='word_1_904' title='bbox 1798 5058 2126 5112; x_wconf 77' lang='lat' dir='ltr'><em>quwcumque</em></span> <span class='ocrx_word' id='word_1_905' title='bbox 2156 5042 2369 5097; x_wconf 88' lang='lat' dir='ltr'><em>erantin</em></span> <span class='ocrx_word' id='word_1_906' title='bbox 2391 5043 2622 5110; x_wconf 81' lang='lat' dir='ltr'><em>civitate,</em></span> <span class='ocrx_word' id='word_1_907' title='bbox 2641 5059 2673 5097; x_wconf 91' lang='lat' dir='ltr'><em>a</em></span> <span class='ocrx_word' id='word_1_908' title='bbox 2702 5045 2809 5100; x_wconf 78' lang='lat' dir='ltr'><em>uiro</em></span> <span class='ocrx_word' id='word_1_909' title='bbox 2829 5062 2987 5115; x_wconf 82' lang='lat' dir='ltr'><em>usque</em></span> <span class='ocrx_word' id='word_1_910' title='bbox 3012 5049 3081 5100; x_wconf 86' lang='lat' dir='ltr'><em>ad</em></span> <span class='ocrx_word' id='word_1_911' title='bbox 3107 5048 3409 5113; x_wconf 86' lang='lat' dir='ltr'><em>mulierem,</em></span> 
     </span>
    </p>
   </div>
   <div class='ocr_carea' id='block_1_109' title="bbox 1799 5137 3413 5212">
    <p class='ocr_par' dir='ltr' id='par_1_109' title="bbox 1799 5137 3413 5212">
     <span class='ocr_line' id='line_1_109' title="bbox 1799 5137 3413 5212; baseline 0.004 -20"><span class='ocrx_word' id='word_1_912' title='bbox 1799 5156 1830 5192; x_wconf 94' lang='lat' dir='ltr'><em>a</em></span> <span class='ocrx_word' id='word_1_913' title='bbox 1842 5143 2032 5211; x_wconf 71' lang='lat' dir='ltr'><em>juvene</em></span> <span class='ocrx_word' id='word_1_914' title='bbox 2054 5154 2212 5203; x_wconf 85' lang='lat' dir='ltr'><em>usque</em></span> <span class='ocrx_word' id='word_1_915' title='bbox 2238 5137 2307 5192; x_wconf 85' lang='lat' dir='ltr'><em>ad</em></span> <span class='ocrx_word' id='word_1_916' title='bbox 2328 5153 2517 5202; x_wconf 85' lang='lat' dir='ltr'><em>senem,</em></span> <span class='ocrx_word' id='word_1_917' title='bbox 2532 5147 2579 5193; x_wconf 87' lang='lat' dir='ltr'><em>et</em></span> <span class='ocrx_word' id='word_1_918' title='bbox 2602 5153 2761 5208; x_wconf 87' lang='lat' dir='ltr'><em>usque</em></span> <span class='ocrx_word' id='word_1_919' title='bbox 2783 5140 2853 5192; x_wconf 92' lang='lat' dir='ltr'><em>ad</em></span> <span class='ocrx_word' id='word_1_920' title='bbox 2873 5140 3094 5194; x_wconf 82' lang='lat' dir='ltr'><em>uitulum</em></span> <span class='ocrx_word' id='word_1_921' title='bbox 3112 5149 3157 5196; x_wconf 86' lang='lat' dir='ltr'><em>et</em></span> <span class='ocrx_word' id='word_1_922' title='bbox 3169 5158 3327 5212; x_wconf 87' lang='lat' dir='ltr'><em>usque</em></span> <span class='ocrx_word' id='word_1_923' title='bbox 3344 5144 3413 5197; x_wconf 85' lang='lat' dir='ltr'><em>ad</em></span> 
     </span>
    </p>
   </div>
   <div class='ocr_carea' id='block_1_110' title="bbox 1811 5342 3151 5418">
    <p class='ocr_par' dir='ltr' id='par_1_110' title="bbox 1811 5342 3151 5418">
     <span class='ocr_line' id='line_1_110' title="bbox 1811 5342 3151 5418; baseline 0.003 -21"><span class='ocrx_word' id='word_1_924' title='bbox 1811 5360 1913 5397; x_wconf 92' lang='lat' dir='ltr'><em>non</em></span> <span class='ocrx_word' id='word_1_925' title='bbox 1939 5361 2106 5418; x_wconf 79' lang='lat' dir='ltr'><em>sumes</em></span> <span class='ocrx_word' id='word_1_926' title='bbox 2133 5344 2354 5418; x_wconf 24' lang='lat' dir='ltr'><em>ﬁlio‘tuo</em></span> <span class='ocrx_word' id='word_1_927' title='bbox 2380 5357 2398 5396; x_wconf 87' lang='lat'><strong><em>:</em></strong></span> <span class='ocrx_word' id='word_1_928' title='bbox 2429 5342 2697 5397; x_wconf 85' lang='lat' dir='ltr'><em>discedere</em></span> <span class='ocrx_word' id='word_1_929' title='bbox 2718 5344 2855 5398; x_wconf 89' lang='lat' dir='ltr'><em>enim</em></span> <span class='ocrx_word' id='word_1_930' title='bbox 2882 5346 3053 5418; x_wconf 76' lang='lat' dir='ltr'><em>faciet.</em></span> <span class='ocrx_word' id='word_1_931' title='bbox 3089 5389 3099 5401; x_wconf 92' lang='lat'><em>.</em></span> <span class='ocrx_word' id='word_1_932' title='bbox 3138 5390 3151 5401; x_wconf 91' lang='lat'><em>.</em></span> 
     </span>
    </p>
   </div>
   <div class='ocr_carea' id='block_1_111' title="bbox 1814 5414 2383 5485">
    <p class='ocr_par' dir='ltr' id='par_1_111' title="bbox 1814 5414 2383 5485">
     <span class='ocr_line' id='line_1_111' title="bbox 1814 5414 2383 5485; baseline -0.011 -14"><span class='ocrx_word' id='word_1_933' title='bbox 1814 5455 1829 5470; x_wconf 91' lang='lat'><em>.</em></span> <span class='ocrx_word' id='word_1_934' title='bbox 1863 5459 1875 5471; x_wconf 94' lang='lat'><em>.</em></span> <span class='ocrx_word' id='word_1_935' title='bbox 1910 5456 1925 5469; x_wconf 92' lang='lat'><em>.</em></span> <span class='ocrx_word' id='word_1_936' title='bbox 1963 5458 1976 5469; x_wconf 91' lang='lat'><em>.</em></span> <span class='ocrx_word' id='word_1_937' title='bbox 2006 5414 2383 5485; x_wconf 69' lang='lat' dir='ltr'><em>indignatione.</em></span> 
     </span>
    </p>
   </div>
   <div class='ocr_carea' id='block_1_112' title="bbox 1885 5483 3408 5563">
    <p class='ocr_par' dir='ltr' id='par_1_112' title="bbox 1885 5483 3408 5563">
     <span class='ocr_line' id='line_1_112' title="bbox 1885 5483 3408 5563; baseline 0.005 -22"><span class='ocrx_word' id='word_1_938' title='bbox 1885 5483 2166 5563; x_wconf 49' lang='lat' dir='ltr'><em>(:Pmpins</em></span> <span class='ocrx_word' id='word_1_939' title='bbox 2208 5486 2290 5563; x_wconf 88' lang='lat' dir='ltr'><em>_ad</em></span> <span class='ocrx_word' id='word_1_940' title='bbox 2328 5483 2518 5563; x_wconf 53' lang='grc' dir='ltr'><em>Δ(ξι-τρε.</em></span> <span class='ocrx_word' id='word_1_941' title='bbox 2552 5486 2818 5548; x_wconf 75' lang='grc' dir='ltr'><em>ἐλεήσητε.</em></span> <span class='ocrx_word' id='word_1_942' title='bbox 2864 5488 3071 5545; x_wconf 72' lang='lat' dir='ltr'><em>Caetera</em></span> <span class='ocrx_word' id='word_1_943' title='bbox 3114 5490 3408 5563; x_wconf 78' lang='lat' dir='ltr'><em>singularia</em></span> 
     </span>
    </p>
   </div>
   <div class='ocr_carea' id='block_1_113' title="bbox 1810 5557 2386 5614">
    <p class='ocr_par' dir='ltr' id='par_1_113' title="bbox 1810 5557 2386 5614">
     <span class='ocr_line' id='line_1_113' title="bbox 1810 5557 2386 5614; baseline -0.005 0"><span class='ocrx_word' id='word_1_944' title='bbox 1810 5560 1862 5614; x_wconf 91' lang='lat' dir='ltr'><em>in</em></span> <span class='ocrx_word' id='word_1_945' title='bbox 1896 5559 1995 5613; x_wconf 87' lang='lat' dir='ltr'><em>hac</em></span> <span class='ocrx_word' id='word_1_946' title='bbox 2027 5575 2173 5613; x_wconf 89' lang='lat' dir='ltr'><em>vers.</em></span> <span class='ocrx_word' id='word_1_947' title='bbox 2208 5557 2386 5612; x_wconf 80' lang='lat' dir='ltr'><em>Lucil.</em></span> 
     </span>
    </p>
   </div>
   <div class='ocr_carea' id='block_1_114' title="bbox 1888 5630 2573 5687">
    <p class='ocr_par' dir='ltr' id='par_1_114' title="bbox 1888 5630 2573 5687">
     <span class='ocr_line' id='line_1_114' title="bbox 1888 5630 2573 5687; baseline 0.001 -6"><span class='ocrx_word' id='word_1_948' title='bbox 1888 5632 1903 5669; x_wconf 74' lang='grc' dir='ltr'>ί</span> <span class='ocrx_word' id='word_1_949' title='bbox 1958 5631 2106 5687; x_wconf 67' lang='grc' dir='ltr'>Υρις.</span> <span class='ocrx_word' id='word_1_950' title='bbox 2146 5632 2273 5684; x_wconf 86' lang='lat' dir='ltr'><em>Ant.</em></span> <span class='ocrx_word' id='word_1_951' title='bbox 2309 5630 2573 5682; x_wconf 74' lang='lat' dir='ltr'><em>meretrix.</em></span> 
     </span>
    </p>
   </div>
   <div class='ocr_carea' id='block_1_115' title="bbox 1883 5700 3414 5774">
    <p class='ocr_par' dir='ltr' id='par_1_115' title="bbox 1883 5700 3414 5774">
     <span class='ocr_line' id='line_1_115' title="bbox 1883 5700 3414 5774; baseline 0.007 -18"><span class='ocrx_word' id='word_1_952' title='bbox 1883 5713 1907 5750; x_wconf 78' lang='grc' dir='ltr'>ε</span> <span class='ocrx_word' id='word_1_953' title='bbox 1948 5704 2144 5766; x_wconf 86' lang='lat' dir='ltr'><em>Antea,</em></span> <span class='ocrx_word' id='word_1_954' title='bbox 2179 5711 2475 5756; x_wconf 77' lang='lat' dir='ltr'><em>exsecratur</em></span> <span class='ocrx_word' id='word_1_955' title='bbox 2505 5700 2780 5759; x_wconf 70' lang='lat' dir='ltr'><em>Dominus.</em></span> <span class='ocrx_word' id='word_1_956' title='bbox 2806 5701 3029 5759; x_wconf 72' lang='lat' dir='ltr'><em>Necesse</em></span> <span class='ocrx_word' id='word_1_957' title='bbox 3057 5716 3153 5774; x_wconf 85' lang='lat' dir='ltr'><em>est,</em></span> <span class='ocrx_word' id='word_1_958' title='bbox 3185 5717 3281 5763; x_wconf 84' lang='lat' dir='ltr'><em>etc.</em></span> <span class='ocrx_word' id='word_1_959' title='bbox 3316 5726 3414 5766; x_wconf 86' lang='lat' dir='ltr'><em>nos</em></span> 
     </span>
    </p>
   </div>
   <div class='ocr_carea' id='block_1_116' title="bbox 1807 5773 2631 5836">
    <p class='ocr_par' dir='ltr' id='par_1_116' title="bbox 1807 5773 2631 5836">
     <span class='ocr_line' id='line_1_116' title="bbox 1807 5773 2631 5836; baseline -0.002 -6"><span class='ocrx_word' id='word_1_960' title='bbox 1807 5790 1929 5830; x_wconf 86' lang='lat' dir='ltr'><em>cum</em></span> <span class='ocrx_word' id='word_1_961' title='bbox 1958 5774 2169 5829; x_wconf 87' lang='lat' dir='ltr'><em>Latinio</em></span> <span class='ocrx_word' id='word_1_962' title='bbox 2204 5775 2296 5836; x_wconf 91' lang='lat' dir='ltr'><em>ita,</em></span> <span class='ocrx_word' id='word_1_963' title='bbox 2325 5783 2378 5828; x_wconf 89' lang='lat' dir='ltr'><em>et</em></span> <span class='ocrx_word' id='word_1_964' title='bbox 2406 5773 2631 5828; x_wconf 86' lang='lat' dir='ltr'><em>clarius.</em></span> 
     </span>
    </p>
   </div>
   <div class='ocr_carea' id='block_1_117' title="bbox 1884 5845 3146 5916">
    <p class='ocr_par' dir='ltr' id='par_1_117' title="bbox 1884 5845 3146 5916">
     <span class='ocr_line' id='line_1_117' title="bbox 1884 5845 3146 5916; baseline 0.01 -21"><span class='ocrx_word' id='word_1_965' title='bbox 1884 5846 1908 5884; x_wconf 76' lang='grc' dir='ltr'><em>ιι</em></span> <span class='ocrx_word' id='word_1_966' title='bbox 1951 5846 2172 5903; x_wconf 79' lang='lat' dir='ltr'><em>Sabbat.</em></span> <span class='ocrx_word' id='word_1_967' title='bbox 2202 5846 2353 5916; x_wconf 85' lang='lat' dir='ltr'><em>legit.</em></span> <span class='ocrx_word' id='word_1_968' title='bbox 2389 5856 2445 5898; x_wconf 92' lang='lat' dir='ltr'><em>ut</em></span> <span class='ocrx_word' id='word_1_969' title='bbox 2472 5845 2683 5899; x_wconf 88' lang='lat' dir='ltr'><em>tribuat.</em></span> <span class='ocrx_word' id='word_1_970' title='bbox 2727 5845 2905 5903; x_wconf 72' lang='lat' dir='ltr'><em>Graec.</em></span> <span class='ocrx_word' id='word_1_971' title='bbox 2950 5848 3146 5907; x_wconf 77' lang='grc' dir='ltr'><em>δοῦναι.</em></span> 
     </span>
    </p>
   </div>
   <div class='ocr_carea' id='block_1_118' title="bbox 1892 5918 3403 5994">
    <p class='ocr_par' dir='ltr' id='par_1_118' title="bbox 1892 5918 3403 5994">
     <span class='ocr_line' id='line_1_118' title="bbox 1892 5918 3403 5994; baseline 0.003 -21"><span class='ocrx_word' id='word_1_972' title='bbox 1892 5920 1902 5955; x_wconf 72' lang='grc' dir='ltr'><strong>ί</strong></span> <span class='ocrx_word' id='word_1_973' title='bbox 1954 5918 2107 5974; x_wconf 83' lang='lat' dir='ltr'><em>Vers.</em></span> <span class='ocrx_word' id='word_1_974' title='bbox 2163 5921 2291 5974; x_wconf 83' lang='lat' dir='ltr'><em>Ant.</em></span> <span class='ocrx_word' id='word_1_975' title='bbox 2344 5934 2447 5973; x_wconf 91' lang='lat' dir='ltr'><em>non</em></span> <span class='ocrx_word' id='word_1_976' title='bbox 2501 5918 2785 5987; x_wconf 69' lang='lat' dir='ltr'><em>prateribis</em></span> <span class='ocrx_word' id='word_1_977' title='bbox 2830 5922 2895 5976; x_wconf 87' lang='lat' dir='ltr'><em>ab</em></span> <span class='ocrx_word' id='word_1_978' title='bbox 2929 5924 3163 5981; x_wconf 84' lang='lat' dir='ltr'><em>omnibus</em></span> <span class='ocrx_word' id='word_1_979' title='bbox 3204 5923 3403 5994; x_wconf 78' lang='lat' dir='ltr'><em>verbis,</em></span> 
     </span>
    </p>
   </div>
   <div class='ocr_carea' id='block_1_119' title="bbox 1812 6008 1945 6061">
    <p class='ocr_par' dir='ltr' id='par_1_119' title="bbox 1812 6008 1945 6061">
     <span class='ocr_line' id='line_1_119' title="bbox 1812 6008 1945 6061; baseline 0.008 -19"><span class='ocrx_word' id='word_1_980' title='bbox 1812 6008 1945 6061; x_wconf 67' lang='grc' dir='ltr'><em>(ματ.</em></span> 
     </span>
    </p>
   </div>
   <div class='ocr_carea' id='block_1_120' title="bbox 3227 5349 3413 5405">
    <p class='ocr_par' dir='ltr' id='par_1_120' title="bbox 3227 5349 3413 5405">
     <span class='ocr_line' id='line_1_120' title="bbox 3227 5349 3413 5405; baseline 0.022 -4"><span class='ocrx_word' id='word_1_981' title='bbox 3227 5349 3413 5405; x_wconf 87' lang='lat' dir='ltr'><em>alienis</em></span> 
     </span>
    </p>
   </div>
  </div>
