  <div class='ocr_page' id='page_1' title='image "/cluster/home/n/w/nwhite01/storage/ocr_20150623/12-13/uc1.31175013632818/1049.png"; bbox 0 0 4636 6382; ppageno 0'>
   <div class='ocr_carea' id='block_1_1' title="bbox 1070 408 4023 474">
    <p class='ocr_par' dir='ltr' id='par_1_1' title="bbox 1070 408 4023 474">
     <span class='ocr_line' id='line_1_1' title="bbox 1070 408 4023 474; baseline -0 -3"><span class='ocrx_word' id='word_1_1' title='bbox 1070 422 1169 473; x_wconf 78' lang='grc' dir='ltr'><strong><em>’ΠΙ</em></strong></span> <span class='ocrx_word' id='word_1_2' title='bbox 2153 408 2476 469; x_wconf 78' lang='lat' dir='ltr'><strong><em>LUCIFERI</em></strong></span> <span class='ocrx_word' id='word_1_3' title='bbox 2520 412 2829 472; x_wconf 75' lang='lat' dir='ltr'><strong><em>EPISCOI‘I</em></strong></span> <span class='ocrx_word' id='word_1_4' title='bbox 2871 415 3297 474; x_wconf 71' lang='lat' dir='ltr'><strong><em>CALARITANI</em></strong></span> <span class='ocrx_word' id='word_1_5' title='bbox 3954 411 4023 464; x_wconf 72' lang='lat' dir='ltr'><strong><em>W1</em></strong></span> 
     </span>
    </p>
   </div>
   <div class='ocr_carea' id='block_1_2' title="bbox 1073 526 4023 604">
    <p class='ocr_par' dir='ltr' id='par_1_2' title="bbox 1073 526 4023 604">
     <span class='ocr_line' id='line_1_2' title="bbox 1073 526 4023 604; baseline -0.003 -17"><span class='ocrx_word' id='word_1_6' title='bbox 1073 531 1493 604; x_wconf 84' lang='lat' dir='ltr'><strong><em>subjuuetorium</em></strong></span> <span class='ocrx_word' id='word_1_7' title='bbox 1520 531 1819 585; x_wconf 86' lang='lat' dir='ltr'><strong><em>occiderunt</em></strong></span> <span class='ocrx_word' id='word_1_8' title='bbox 1849 530 1902 583; x_wconf 88' lang='lat' dir='ltr'><strong><em>in</em></strong></span> <span class='ocrx_word' id='word_1_9' title='bbox 1929 543 2015 585; x_wconf 87' lang='lat' dir='ltr'><strong><em>ore</em></strong></span> <span class='ocrx_word' id='word_1_10' title='bbox 2032 528 2195 602; x_wconf 84' lang='lat' dir='ltr'><strong><em>gladii</em></strong></span> <span class='ocrx_word' id='word_1_11' title='bbox 2217 570 2230 595; x_wconf 93' lang='lat'><strong><em>,</em></strong></span> <span class='ocrx_word' id='word_1_12' title='bbox 2252 538 2300 583; x_wconf 88' lang='lat' dir='ltr'><strong><em>et</em></strong></span> <span class='ocrx_word' id='word_1_13' title='bbox 2329 529 2689 603; x_wconf 81' lang='lat' dir='ltr'><strong><em>duobusjure—</em></strong></span> <span class='ocrx_word' id='word_1_14' title='bbox 2719 535 2769 595; x_wconf 86' lang='grc' dir='ltr'><strong>Λ</strong></span> <span class='ocrx_word' id='word_1_15' title='bbox 2798 530 3065 602; x_wconf 81' lang='lat' dir='ltr'><strong><em>Propheta</em></strong></span> <span class='ocrx_word' id='word_1_16' title='bbox 3096 532 3231 586; x_wconf 89' lang='lat' dir='ltr'><strong><em>alius</em></strong></span> <span class='ocrx_word' id='word_1_17' title='bbox 3263 531 3446 586; x_wconf 84' lang='lat' dir='ltr'><strong><em>habitabat</em></strong></span> <span class='ocrx_word' id='word_1_18' title='bbox 3472 530 3507 585; x_wconf 88' lang='lat' dir='ltr'><strong><em>in</em></strong></span> <span class='ocrx_word' id='word_1_19' title='bbox 3527 526 3669 595; x_wconf 82' lang='lat' dir='ltr'><strong><em>Bethel,</em></strong></span> <span class='ocrx_word' id='word_1_20' title='bbox 3707 540 3740 584; x_wconf 87' lang='lat' dir='ltr'><strong><em>et</em></strong></span> <span class='ocrx_word' id='word_1_21' title='bbox 3767 536 3943 583; x_wconf 70' lang='lat' dir='ltr'><strong><em>venierunt</em></strong></span> <span class='ocrx_word' id='word_1_22' title='bbox 3976 528 4023 593; x_wconf 73' lang='lat' dir='ltr'><strong><em>ﬁli</em></strong></span> 
     </span>
    </p>
   </div>
   <div class='ocr_carea' id='block_1_3' title="bbox 1076 620 4022 698">
    <p class='ocr_par' dir='ltr' id='par_1_3' title="bbox 1076 620 4022 698">
     <span class='ocr_line' id='line_1_3' title="bbox 1076 620 4022 698; baseline -0.004 -17"><span class='ocrx_word' id='word_1_23' title='bbox 1076 629 1227 681; x_wconf 81' lang='lat' dir='ltr'><strong><em>nibus</em></strong></span> <span class='ocrx_word' id='word_1_24' title='bbox 1248 627 1334 697; x_wconf 89' lang='lat' dir='ltr'><strong><em>qui</em></strong></span> <span class='ocrx_word' id='word_1_25' title='bbox 1364 628 1761 698; x_wconf 76' lang='lat' dir='ltr'><strong><em>explorarerant</em></strong></span> <span class='ocrx_word' id='word_1_26' title='bbox 1781 665 1796 691; x_wconf 93' lang='lat'><strong><em>,</em></strong></span> <span class='ocrx_word' id='word_1_27' title='bbox 1831 625 1963 678; x_wconf 70' lang='lat' dir='ltr'><strong><em>dixit</em></strong></span> <span class='ocrx_word' id='word_1_28' title='bbox 1991 622 2175 678; x_wconf 82' lang='lat' dir='ltr'><strong><em>Hiesas</em></strong></span> <span class='ocrx_word' id='word_1_29' title='bbox 2207 641 2223 677; x_wconf 89' lang='lat'><strong><em>:</em></strong></span> <span class='ocrx_word' id='word_1_30' title='bbox 2250 622 2472 677; x_wconf 90' lang='lat' dir='ltr'><strong><em>lntroite</em></strong></span> <span class='ocrx_word' id='word_1_31' title='bbox 2498 625 2551 676; x_wconf 90' lang='lat' dir='ltr'><strong><em>iu</em></strong></span> <span class='ocrx_word' id='word_1_32' title='bbox 2596 624 2691 677; x_wconf 92' lang='lat' dir='ltr'><strong><em>do-</em></strong></span> <span class='ocrx_word' id='word_1_33' title='bbox 2793 628 2908 697; x_wconf 89' lang='lat' dir='ltr'><strong><em>ejus</em></strong></span> <span class='ocrx_word' id='word_1_34' title='bbox 2928 666 2941 691; x_wconf 91' lang='lat'><strong><em>,</em></strong></span> <span class='ocrx_word' id='word_1_35' title='bbox 2969 635 3016 678; x_wconf 89' lang='lat' dir='ltr'><strong><em>et</em></strong></span> <span class='ocrx_word' id='word_1_36' title='bbox 3050 625 3374 678; x_wconf 71' lang='lat' dir='ltr'><strong><em>nuntiaverunt</em></strong></span> <span class='ocrx_word' id='word_1_37' title='bbox 3388 625 3419 679; x_wconf 82' lang='lat' dir='ltr'><strong><em>ei</em></strong></span> <span class='ocrx_word' id='word_1_38' title='bbox 3437 624 3555 677; x_wconf 83' lang='lat' dir='ltr'><strong><em>omnia</em></strong></span> <span class='ocrx_word' id='word_1_39' title='bbox 3568 639 3673 691; x_wconf 79' lang='lat' dir='ltr'><strong><em>opera</em></strong></span> <span class='ocrx_word' id='word_1_40' title='bbox 3691 638 3771 690; x_wconf 79' lang='lat' dir='ltr'><strong><em>qua</em></strong></span> <span class='ocrx_word' id='word_1_41' title='bbox 3787 621 3919 691; x_wconf 76' lang='lat' dir='ltr'><strong><em>fuerat</em></strong></span> <span class='ocrx_word' id='word_1_42' title='bbox 3944 620 4022 672; x_wconf 85' lang='lat' dir='ltr'><strong><em>hom</em></strong></span> 
     </span>
    </p>
   </div>
   <div class='ocr_carea' id='block_1_4' title="bbox 1075 712 4006 789">
    <p class='ocr_par' dir='ltr' id='par_1_4' title="bbox 1075 712 4006 789">
     <span class='ocr_line' id='line_1_4' title="bbox 1075 712 4006 789; baseline -0.003 -14"><span class='ocrx_word' id='word_1_43' title='bbox 1075 738 1212 776; x_wconf 84' lang='lat' dir='ltr'><strong><em>mum</em></strong></span> <span class='ocrx_word' id='word_1_44' title='bbox 1240 721 1475 775; x_wconf 80' lang='lat' dir='ltr'><strong><em>mulieris</em></strong></span> <span class='ocrx_word' id='word_1_45' title='bbox 1530 731 1575 775; x_wconf 90' lang='lat' dir='ltr'><strong><em>et</em></strong></span> <span class='ocrx_word' id='word_1_46' title='bbox 1620 720 1888 789; x_wconf 78' lang='lat' dir='ltr'><strong><em>producite</em></strong></span> <span class='ocrx_word' id='word_1_47' title='bbox 1934 735 2068 783; x_wconf 83' lang='lat' dir='ltr'><strong><em>eam,</em></strong></span> <span class='ocrx_word' id='word_1_48' title='bbox 2110 727 2157 772; x_wconf 88' lang='lat' dir='ltr'><strong><em>et</em></strong></span> <span class='ocrx_word' id='word_1_49' title='bbox 2202 733 2538 787; x_wconf 81' lang='lat' dir='ltr'><strong><em>quaecumque</em></strong></span> <span class='ocrx_word' id='word_1_50' title='bbox 2570 726 2692 771; x_wconf 89' lang='lat' dir='ltr'><strong><em>sunt</em></strong></span> <span class='ocrx_word' id='word_1_51' title='bbox 2794 716 2895 772; x_wconf 86' lang='lat' dir='ltr'><strong><em>Dei</em></strong></span> <span class='ocrx_word' id='word_1_52' title='bbox 2926 716 3125 771; x_wconf 79' lang='lat' dir='ltr'><strong><em>dieillo</em></strong></span> <span class='ocrx_word' id='word_1_53' title='bbox 3152 717 3203 770; x_wconf 90' lang='lat' dir='ltr'><strong><em>in</em></strong></span> <span class='ocrx_word' id='word_1_54' title='bbox 3229 712 3375 771; x_wconf 75' lang='lat' dir='ltr'><strong><em>Bel/ul</em></strong></span> <span class='ocrx_word' id='word_1_55' title='bbox 3390 726 3446 781; x_wconf 85' lang='lat' dir='ltr'><strong><em>,et</em></strong></span> <span class='ocrx_word' id='word_1_56' title='bbox 3465 715 3565 771; x_wconf 76' lang='lat' dir='ltr'><strong><em>verba</em></strong></span> <span class='ocrx_word' id='word_1_57' title='bbox 3582 717 3815 786; x_wconf 76' lang='lat' dir='ltr'><strong><em>qualocntlu</em></strong></span> <span class='ocrx_word' id='word_1_58' title='bbox 3837 713 4006 783; x_wconf 76' lang='lat' dir='ltr'><strong><em>rstregi,</em></strong></span> 
     </span>
    </p>
   </div>
   <div class='ocr_carea' id='block_1_5' title="bbox 1072 807 4024 888">
    <p class='ocr_par' dir='ltr' id='par_1_5' title="bbox 1072 807 4024 888">
     <span class='ocr_line' id='line_1_5' title="bbox 1072 807 4024 888; baseline -0.003 -20"><span class='ocrx_word' id='word_1_59' title='bbox 1072 820 1186 888; x_wconf 79' lang='lat' dir='ltr'><strong><em>ejus</em></strong></span> <span class='ocrx_word' id='word_1_60' title='bbox 1207 832 1224 867; x_wconf 90' lang='lat'><em>:</em></span> <span class='ocrx_word' id='word_1_61' title='bbox 1248 825 1293 869; x_wconf 88' lang='lat' dir='ltr'><strong><em>et</em></strong></span> <span class='ocrx_word' id='word_1_62' title='bbox 1317 816 1633 869; x_wconf 88' lang='lat' dir='ltr'><strong><em>introierunt</em></strong></span> <span class='ocrx_word' id='word_1_63' title='bbox 1656 813 1763 866; x_wconf 84' lang='lat' dir='ltr'><strong><em>duo</em></strong></span> <span class='ocrx_word' id='word_1_64' title='bbox 1776 816 1993 886; x_wconf 71' lang='lat' dir='ltr'><strong><em>juvenes</em></strong></span> <span class='ocrx_word' id='word_1_65' title='bbox 2018 813 2104 880; x_wconf 85' lang='lat' dir='ltr'><strong><em>qui</em></strong></span> <span class='ocrx_word' id='word_1_66' title='bbox 2133 811 2520 881; x_wconf 71' lang='lat' dir='ltr'><strong><em>explorauerant</em></strong></span> <span class='ocrx_word' id='word_1_67' title='bbox 2567 809 2693 862; x_wconf 75' lang='lat' dir='ltr'><strong><em>eiri-</em></strong></span> <span class='ocrx_word' id='word_1_68' title='bbox 2793 821 3086 864; x_wconf 75' lang='lat' dir='ltr'><strong><em>averterunt</em></strong></span> <span class='ocrx_word' id='word_1_69' title='bbox 3116 810 3295 879; x_wconf 77' lang='lat' dir='ltr'><strong><em>faciem</em></strong></span> <span class='ocrx_word' id='word_1_70' title='bbox 3314 810 3566 881; x_wconf 81' lang='lat' dir='ltr'><strong><em>patrissui,et</em></strong></span> <span class='ocrx_word' id='word_1_71' title='bbox 3582 810 3722 863; x_wconf 81' lang='lat' dir='ltr'><strong><em>loculus</em></strong></span> <span class='ocrx_word' id='word_1_72' title='bbox 3743 818 3796 862; x_wconf 77' lang='lat' dir='ltr'><strong><em>est</em></strong></span> <span class='ocrx_word' id='word_1_73' title='bbox 3815 807 3864 861; x_wconf 83' lang='lat' dir='ltr'><strong><em>ad</em></strong></span> <span class='ocrx_word' id='word_1_74' title='bbox 3884 822 3947 861; x_wconf 90' lang='lat' dir='ltr'><strong><em>eos</em></strong></span> <span class='ocrx_word' id='word_1_75' title='bbox 3968 816 4024 875; x_wconf 82' lang='grc' dir='ltr'><strong><em>ραι</em></strong></span> 
     </span>
    </p>
   </div>
   <div class='ocr_carea' id='block_1_6' title="bbox 1072 902 4024 973">
    <p class='ocr_par' dir='ltr' id='par_1_6' title="bbox 1072 902 4024 973">
     <span class='ocr_line' id='line_1_6' title="bbox 1072 902 4024 973; baseline -0.002 -12"><span class='ocrx_word' id='word_1_76' title='bbox 1072 918 1228 963; x_wconf 88' lang='lat' dir='ltr'><strong><em>tatem</em></strong></span> <span class='ocrx_word' id='word_1_77' title='bbox 1261 908 1314 962; x_wconf 91' lang='lat' dir='ltr'><strong><em>in</em></strong></span> <span class='ocrx_word' id='word_1_78' title='bbox 1339 908 1546 961; x_wconf 86' lang='lat' dir='ltr'><strong><em>domum</em></strong></span> <span class='ocrx_word' id='word_1_79' title='bbox 1574 907 1827 971; x_wconf 82' lang='lat' dir='ltr'><strong><em>mulieris,</em></strong></span> <span class='ocrx_word' id='word_1_80' title='bbox 1865 914 1914 958; x_wconf 86' lang='lat' dir='ltr'><strong><em>et</em></strong></span> <span class='ocrx_word' id='word_1_81' title='bbox 1937 905 2223 959; x_wconf 71' lang='lat' dir='ltr'><strong><em>eduxerunt</em></strong></span> <span class='ocrx_word' id='word_1_82' title='bbox 2259 902 2436 957; x_wconf 80' lang='lat' dir='ltr'><strong><em>Rahab</em></strong></span> <span class='ocrx_word' id='word_1_83' title='bbox 2460 902 2695 957; x_wconf 83' lang='lat' dir='ltr'><strong><em>meretri-</em></strong></span> <span class='ocrx_word' id='word_1_84' title='bbox 2794 921 2973 959; x_wconf 88' lang='lat' dir='ltr'><strong><em>eorum</em></strong></span> <span class='ocrx_word' id='word_1_85' title='bbox 3014 905 3189 959; x_wconf 77' lang='lat' dir='ltr'><strong><em>dicens</em></strong></span> <span class='ocrx_word' id='word_1_86' title='bbox 3224 922 3241 958; x_wconf 83' lang='lat'><strong><em>.&#39;</em></strong></span> <span class='ocrx_word' id='word_1_87' title='bbox 3290 903 3375 973; x_wconf 80' lang='lat' dir='ltr'><strong><em>Qua</em></strong></span> <span class='ocrx_word' id='word_1_88' title='bbox 3405 906 3461 959; x_wconf 81' lang='lat' dir='ltr'><strong><em>via</em></strong></span> <span class='ocrx_word' id='word_1_89' title='bbox 3495 905 3619 959; x_wconf 81' lang='lat' dir='ltr'><strong><em>abiit?</em></strong></span> <span class='ocrx_word' id='word_1_90' title='bbox 3655 903 3697 957; x_wconf 69' lang='lat' dir='ltr'><strong><em>lit</em></strong></span> <span class='ocrx_word' id='word_1_91' title='bbox 3726 905 4024 959; x_wconf 65' lang='lat' dir='ltr'><strong><em>demonstraret:</em></strong></span> 
     </span>
    </p>
   </div>
   <div class='ocr_carea' id='block_1_7' title="bbox 1068 996 4018 1072">
    <p class='ocr_par' dir='ltr' id='par_1_7' title="bbox 1068 996 4018 1072">
     <span class='ocr_line' id='line_1_7' title="bbox 1068 996 4018 1072; baseline -0.002 -19"><span class='ocrx_word' id='word_1_92' title='bbox 1068 1017 1176 1054; x_wconf 80' lang='lat' dir='ltr'><strong><em>cem</em></strong></span> <span class='ocrx_word' id='word_1_93' title='bbox 1198 1042 1211 1059; x_wconf 85' lang='lat'><strong><em>.</em></strong></span> <span class='ocrx_word' id='word_1_94' title='bbox 1242 1010 1290 1055; x_wconf 88' lang='lat' dir='ltr'><strong><em>et</em></strong></span> <span class='ocrx_word' id='word_1_95' title='bbox 1313 1009 1510 1070; x_wconf 85' lang='lat' dir='ltr'><strong><em>patrem</em></strong></span> <span class='ocrx_word' id='word_1_96' title='bbox 1531 1003 1673 1071; x_wconf 87' lang='lat' dir='ltr'><strong><em>ejus,</em></strong></span> <span class='ocrx_word' id='word_1_97' title='bbox 1699 1009 1747 1053; x_wconf 85' lang='lat' dir='ltr'><strong><em>et</em></strong></span> <span class='ocrx_word' id='word_1_98' title='bbox 1768 1008 1983 1052; x_wconf 86' lang='lat' dir='ltr'><strong><em>matrem</em></strong></span> <span class='ocrx_word' id='word_1_99' title='bbox 2000 1040 2012 1063; x_wconf 90' lang='lat'><strong><em>,</em></strong></span> <span class='ocrx_word' id='word_1_100' title='bbox 2036 1008 2081 1052; x_wconf 89' lang='lat' dir='ltr'><strong><em>et</em></strong></span> <span class='ocrx_word' id='word_1_101' title='bbox 2095 1000 2282 1067; x_wconf 74' lang='lat' dir='ltr'><strong><em>fratres</em></strong></span> <span class='ocrx_word' id='word_1_102' title='bbox 2304 1000 2416 1069; x_wconf 85' lang='lat' dir='ltr'><strong><em>ejus</em></strong></span> <span class='ocrx_word' id='word_1_103' title='bbox 2434 1038 2449 1062; x_wconf 97' lang='lat'><strong><em>,</em></strong></span> <span class='ocrx_word' id='word_1_104' title='bbox 2474 1007 2522 1049; x_wconf 90' lang='lat' dir='ltr'><strong><em>et</em></strong></span> <span class='ocrx_word' id='word_1_105' title='bbox 2546 1011 2692 1066; x_wconf 79' lang='lat' dir='ltr'><strong><em>qutc-</em></strong></span> <span class='ocrx_word' id='word_1_106' title='bbox 2794 997 2895 1067; x_wconf 78' lang='lat' dir='ltr'><strong><em>ﬁlii</em></strong></span> <span class='ocrx_word' id='word_1_107' title='bbox 2926 1002 3041 1072; x_wconf 86' lang='lat' dir='ltr'><strong><em>ejus</em></strong></span> <span class='ocrx_word' id='word_1_108' title='bbox 3072 1000 3205 1052; x_wconf 81' lang='lat' dir='ltr'><strong><em>riam</em></strong></span> <span class='ocrx_word' id='word_1_109' title='bbox 3241 1016 3318 1063; x_wconf 77' lang='lat' dir='ltr'><strong><em>per</em></strong></span> <span class='ocrx_word' id='word_1_110' title='bbox 3334 1016 3443 1069; x_wconf 84' lang='lat' dir='ltr'><strong><em>quam</em></strong></span> <span class='ocrx_word' id='word_1_111' title='bbox 3465 1000 3553 1053; x_wconf 84' lang='lat' dir='ltr'><strong><em>ierat</em></strong></span> <span class='ocrx_word' id='word_1_112' title='bbox 3576 999 3683 1052; x_wconf 82' lang='lat' dir='ltr'><strong><em>homo</em></strong></span> <span class='ocrx_word' id='word_1_113' title='bbox 3709 996 3777 1053; x_wconf 88' lang='lat' dir='ltr'><strong><em>Dei</em></strong></span> <span class='ocrx_word' id='word_1_114' title='bbox 3802 999 3862 1070; x_wconf 83' lang='lat' dir='ltr'><strong><em>qui</em></strong></span> <span class='ocrx_word' id='word_1_115' title='bbox 3883 1014 4018 1052; x_wconf 74' lang='lat' dir='ltr'><strong><em>venero</em></strong></span> 
     </span>
    </p>
   </div>
   <div class='ocr_carea' id='block_1_8' title="bbox 1078 1089 4023 1165">
    <p class='ocr_par' dir='ltr' id='par_1_8' title="bbox 1078 1089 4023 1165">
     <span class='ocr_line' id='line_1_8' title="bbox 1078 1089 4023 1165; baseline -0.002 -16"><span class='ocrx_word' id='word_1_116' title='bbox 1078 1110 1299 1165; x_wconf 78' lang='lat' dir='ltr'><strong><em>cumque</em></strong></span> <span class='ocrx_word' id='word_1_117' title='bbox 1341 1104 1489 1149; x_wconf 85' lang='lat' dir='ltr'><strong><em>erant</em></strong></span> <span class='ocrx_word' id='word_1_118' title='bbox 1530 1095 1713 1157; x_wconf 87' lang='lat' dir='ltr'><strong><em>illius,</em></strong></span> <span class='ocrx_word' id='word_1_119' title='bbox 1752 1102 1800 1147; x_wconf 91' lang='lat' dir='ltr'><strong><em>et</em></strong></span> <span class='ocrx_word' id='word_1_120' title='bbox 1830 1109 2032 1148; x_wconf 88' lang='lat' dir='ltr'><strong><em>omnem</em></strong></span> <span class='ocrx_word' id='word_1_121' title='bbox 2059 1092 2420 1164; x_wconf 73' lang='lat' dir='ltr'><strong><em>cognationem</em></strong></span> <span class='ocrx_word' id='word_1_122' title='bbox 2447 1094 2589 1163; x_wconf 87' lang='lat' dir='ltr'><strong><em>ejus,</em></strong></span> <span class='ocrx_word' id='word_1_123' title='bbox 2642 1100 2693 1144; x_wconf 88' lang='lat' dir='ltr'><strong><em>et</em></strong></span> <span class='ocrx_word' id='word_1_124' title='bbox 2794 1089 2968 1155; x_wconf 86' lang='lat' dir='ltr'><strong><em>Juda,</em></strong></span> <span class='ocrx_word' id='word_1_125' title='bbox 2992 1100 3041 1145; x_wconf 90' lang='lat' dir='ltr'><strong><em>et</em></strong></span> <span class='ocrx_word' id='word_1_126' title='bbox 3066 1090 3199 1145; x_wconf 77' lang='lat' dir='ltr'><strong><em>dixit</em></strong></span> <span class='ocrx_word' id='word_1_127' title='bbox 3228 1090 3932 1160; x_wconf 78' lang='lat' dir='ltr'><strong><em>ﬁliistuis:Sterniteinlliiasinam;</em></strong></span> <span class='ocrx_word' id='word_1_128' title='bbox 3956 1101 4023 1144; x_wconf 84' lang='lat' dir='ltr'><strong><em>ets</em></strong></span> 
     </span>
    </p>
   </div>
   <div class='ocr_carea' id='block_1_9' title="bbox 1077 1184 4023 1259">
    <p class='ocr_par' dir='ltr' id='par_1_9' title="bbox 1077 1184 4023 1259">
     <span class='ocr_line' id='line_1_9' title="bbox 1077 1184 4023 1259; baseline -0.003 -16"><span class='ocrx_word' id='word_1_129' title='bbox 1077 1190 1409 1245; x_wconf 72' lang='lat' dir='ltr'><strong><em>deduxerunt</em></strong></span> <span class='ocrx_word' id='word_1_130' title='bbox 1436 1205 1552 1245; x_wconf 85' lang='lat' dir='ltr'><strong><em>eam</em></strong></span> <span class='ocrx_word' id='word_1_131' title='bbox 1587 1191 1727 1258; x_wconf 78' lang='lat' dir='ltr'><strong><em>foras</em></strong></span> <span class='ocrx_word' id='word_1_132' title='bbox 1778 1198 1927 1242; x_wconf 82' lang='lat' dir='ltr'><strong><em>extra</em></strong></span> <span class='ocrx_word' id='word_1_133' title='bbox 1964 1196 2139 1241; x_wconf 77' lang='lat' dir='ltr'><strong><em>castra</em></strong></span> <span class='ocrx_word' id='word_1_134' title='bbox 2192 1184 2394 1250; x_wconf 77' lang='lat' dir='ltr'><strong><em>Israel,</em></strong></span> <span class='ocrx_word' id='word_1_135' title='bbox 2439 1193 2487 1239; x_wconf 90' lang='lat' dir='ltr'><strong><em>et</em></strong></span> <span class='ocrx_word' id='word_1_136' title='bbox 2515 1185 2693 1237; x_wconf 87' lang='lat' dir='ltr'><strong><em>civitas</em></strong></span> <span class='ocrx_word' id='word_1_137' title='bbox 2797 1195 2978 1239; x_wconf 72' lang='lat' dir='ltr'><strong><em>verunt</em></strong></span> <span class='ocrx_word' id='word_1_138' title='bbox 2998 1186 3048 1241; x_wconf 89' lang='lat' dir='ltr'><strong><em>ei</em></strong></span> <span class='ocrx_word' id='word_1_139' title='bbox 3068 1228 3081 1252; x_wconf 92' lang='lat'><strong><em>,</em></strong></span> <span class='ocrx_word' id='word_1_140' title='bbox 3111 1195 3158 1239; x_wconf 89' lang='lat' dir='ltr'><strong><em>et</em></strong></span> <span class='ocrx_word' id='word_1_141' title='bbox 3189 1186 3390 1240; x_wconf 83' lang='lat' dir='ltr'><strong><em>ascendit</em></strong></span> <span class='ocrx_word' id='word_1_142' title='bbox 3409 1202 3522 1259; x_wconf 83' lang='lat' dir='ltr'><strong><em>super</em></strong></span> <span class='ocrx_word' id='word_1_143' title='bbox 3540 1185 3675 1250; x_wconf 81' lang='lat' dir='ltr'><strong><em>illam,</em></strong></span> <span class='ocrx_word' id='word_1_144' title='bbox 3714 1196 3748 1239; x_wconf 85' lang='lat' dir='ltr'><strong><em>et</em></strong></span> <span class='ocrx_word' id='word_1_145' title='bbox 3770 1186 3969 1254; x_wconf 73' lang='lat' dir='ltr'><strong><em>abiitnost</em></strong></span> <span class='ocrx_word' id='word_1_146' title='bbox 3994 1190 4023 1235; x_wconf 65' lang='lat' dir='ltr'><strong><em>in</em></strong></span> 
     </span>
    </p>
   </div>
   <div class='ocr_carea' id='block_1_10' title="bbox 1076 1275 4022 1357">
    <p class='ocr_par' dir='ltr' id='par_1_10' title="bbox 1076 1275 4022 1357">
     <span class='ocr_line' id='line_1_10' title="bbox 1076 1275 4022 1357; baseline -0.002 -21"><span class='ocrx_word' id='word_1_147' title='bbox 1076 1285 1291 1338; x_wconf 88' lang='lat' dir='ltr'><strong><em>incensa</em></strong></span> <span class='ocrx_word' id='word_1_148' title='bbox 1313 1294 1387 1337; x_wconf 80' lang='lat' dir='ltr'><strong><em>est</em></strong></span> <span class='ocrx_word' id='word_1_149' title='bbox 1415 1284 1523 1357; x_wconf 84' lang='lat' dir='ltr'><strong><em>igni</em></strong></span> <span class='ocrx_word' id='word_1_150' title='bbox 1546 1298 1663 1336; x_wconf 80' lang='lat' dir='ltr'><strong><em>eum</em></strong></span> <span class='ocrx_word' id='word_1_151' title='bbox 1685 1282 1922 1335; x_wconf 87' lang='lat' dir='ltr'><strong><em>omnibus</em></strong></span> <span class='ocrx_word' id='word_1_152' title='bbox 1941 1297 2056 1351; x_wconf 79' lang='lat' dir='ltr'><strong><em>qute</em></strong></span> <span class='ocrx_word' id='word_1_153' title='bbox 2069 1290 2217 1335; x_wconf 84' lang='lat' dir='ltr'><strong><em>erant</em></strong></span> <span class='ocrx_word' id='word_1_154' title='bbox 2244 1282 2295 1333; x_wconf 91' lang='lat' dir='ltr'><strong><em>in</em></strong></span> <span class='ocrx_word' id='word_1_155' title='bbox 2323 1296 2383 1333; x_wconf 91' lang='lat' dir='ltr'><strong><em>ea</em></strong></span> <span class='ocrx_word' id='word_1_156' title='bbox 2423 1277 2571 1351; x_wconf 83' lang='lat' dir='ltr'><strong><em>(Jos.</em></strong></span> <span class='ocrx_word' id='word_1_157' title='bbox 2606 1292 2654 1332; x_wconf 78' lang='lat' dir='ltr'><strong><em>\‘l</em></strong></span> <span class='ocrx_word' id='word_1_158' title='bbox 2676 1320 2690 1342; x_wconf 95' lang='lat'><strong><em>,</em></strong></span> <span class='ocrx_word' id='word_1_159' title='bbox 2797 1290 2913 1331; x_wconf 85' lang='lat' dir='ltr'><strong><em>nem</em></strong></span> <span class='ocrx_word' id='word_1_160' title='bbox 2946 1277 3072 1344; x_wconf 89' lang='lat' dir='ltr'><strong><em>Dei,</em></strong></span> <span class='ocrx_word' id='word_1_161' title='bbox 3098 1287 3144 1333; x_wconf 91' lang='lat' dir='ltr'><strong><em>et</em></strong></span> <span class='ocrx_word' id='word_1_162' title='bbox 3166 1278 3343 1332; x_wconf 84' lang='lat' dir='ltr'><strong><em>invenit</em></strong></span> <span class='ocrx_word' id='word_1_163' title='bbox 3361 1294 3447 1332; x_wconf 87' lang='lat' dir='ltr'><strong><em>eum</em></strong></span> <span class='ocrx_word' id='word_1_164' title='bbox 3471 1278 3660 1334; x_wconf 72' lang='lat' dir='ltr'><strong><em>sedentem</em></strong></span> <span class='ocrx_word' id='word_1_165' title='bbox 3686 1278 3754 1333; x_wconf 86' lang='lat' dir='ltr'><strong><em>sub</em></strong></span> <span class='ocrx_word' id='word_1_166' title='bbox 3776 1275 3920 1333; x_wconf 84' lang='lat' dir='ltr'><strong><em>arbore</em></strong></span> <span class='ocrx_word' id='word_1_167' title='bbox 3942 1279 4022 1332; x_wconf 85' lang='lat' dir='ltr'><strong><em>ilici</em></strong></span> 
     </span>
    </p>
   </div>
   <div class='ocr_carea' id='block_1_11' title="bbox 1070 1369 4023 1445">
    <p class='ocr_par' dir='ltr' id='par_1_11' title="bbox 1070 1369 4023 1445">
     <span class='ocr_line' id='line_1_11' title="bbox 1070 1369 4023 1445; baseline -0.001 -16"><span class='ocrx_word' id='word_1_168' title='bbox 1070 1375 1167 1445; x_wconf 72' lang='lat'><strong><em>‘20)</em></strong></span> <span class='ocrx_word' id='word_1_169' title='bbox 1198 1375 1451 1430; x_wconf 88' lang='lat' dir='ltr'><strong><em>Etini&#39;ra:</em></strong></span> <span class='ocrx_word' id='word_1_170' title='bbox 1476 1375 1621 1430; x_wconf 82' lang='lat' dir='ltr'><strong><em>Raab</em></strong></span> <span class='ocrx_word' id='word_1_171' title='bbox 1637 1375 1957 1429; x_wconf 86' lang='lat' dir='ltr'><strong><em>meretricem</em></strong></span> <span class='ocrx_word' id='word_1_172' title='bbox 1972 1381 2277 1428; x_wconf 73' lang='lat' dir='ltr'><strong><em>et&#39;omnem</em></strong></span> <span class='ocrx_word' id='word_1_173' title='bbox 2298 1374 2508 1426; x_wconf 89' lang='lat' dir='ltr'><strong><em>domum</em></strong></span> <span class='ocrx_word' id='word_1_174' title='bbox 2531 1370 2694 1439; x_wconf 88' lang='lat' dir='ltr'><strong><em>patris</em></strong></span> <span class='ocrx_word' id='word_1_175' title='bbox 2798 1371 2929 1425; x_wconf 74' lang='lat' dir='ltr'><strong><em>dixit</em></strong></span> <span class='ocrx_word' id='word_1_176' title='bbox 2952 1372 2995 1425; x_wconf 91' lang='lat' dir='ltr'><strong><em>ei</em></strong></span> <span class='ocrx_word' id='word_1_177' title='bbox 3030 1388 3046 1426; x_wconf 94' lang='lat'><em>:</em></span> <span class='ocrx_word' id='word_1_178' title='bbox 3073 1372 3133 1426; x_wconf 89' lang='lat' dir='ltr'><strong><em>Si</em></strong></span> <span class='ocrx_word' id='word_1_179' title='bbox 3160 1382 3211 1424; x_wconf 91' lang='lat' dir='ltr'><strong><em>tu</em></strong></span> <span class='ocrx_word' id='word_1_180' title='bbox 3240 1389 3289 1425; x_wconf 93' lang='lat' dir='ltr'><strong><em>es</em></strong></span> <span class='ocrx_word' id='word_1_181' title='bbox 3308 1374 3424 1426; x_wconf 80' lang='lat' dir='ltr'><strong><em>homo</em></strong></span> <span class='ocrx_word' id='word_1_182' title='bbox 3450 1371 3519 1427; x_wconf 91' lang='lat' dir='ltr'><strong><em>Dei</em></strong></span> <span class='ocrx_word' id='word_1_183' title='bbox 3539 1374 3755 1443; x_wconf 78' lang='lat' dir='ltr'><strong><em>quivenisti</em></strong></span> <span class='ocrx_word' id='word_1_184' title='bbox 3778 1389 3829 1427; x_wconf 77' lang='lat' dir='ltr'><strong><em>es</em></strong></span> <span class='ocrx_word' id='word_1_185' title='bbox 3844 1369 3986 1426; x_wconf 81' lang='lat' dir='ltr'><strong><em>luda.’</em></strong></span> <span class='ocrx_word' id='word_1_186' title='bbox 4022 1404 4023 1417; x_wconf 62' lang='grc' dir='ltr'>ι</span> 
     </span>
    </p>
   </div>
   <div class='ocr_carea' id='block_1_12' title="bbox 1070 1463 4019 1539">
    <p class='ocr_par' dir='ltr' id='par_1_12' title="bbox 1070 1463 4019 1539">
     <span class='ocr_line' id='line_1_12' title="bbox 1070 1463 4019 1539; baseline -0.001 -17"><span class='ocrx_word' id='word_1_187' title='bbox 1070 1469 1189 1539; x_wconf 82' lang='lat' dir='ltr'><strong><em>ejus</em></strong></span> <span class='ocrx_word' id='word_1_188' title='bbox 1242 1468 1521 1536; x_wconf 63' lang='lat' dir='ltr'><strong><em>i&#39;iviﬁcavit</em></strong></span> <span class='ocrx_word' id='word_1_189' title='bbox 1570 1468 1795 1534; x_wconf 80' lang='lat' dir='ltr'><strong><em>Hiesus,</em></strong></span> <span class='ocrx_word' id='word_1_190' title='bbox 1844 1478 1891 1523; x_wconf 86' lang='lat' dir='ltr'><strong><em>et</em></strong></span> <span class='ocrx_word' id='word_1_191' title='bbox 1944 1478 2260 1521; x_wconf 85' lang='lat' dir='ltr'><strong><em>commorata</em></strong></span> <span class='ocrx_word' id='word_1_192' title='bbox 2311 1476 2383 1519; x_wconf 90' lang='lat' dir='ltr'><strong><em>est</em></strong></span> <span class='ocrx_word' id='word_1_193' title='bbox 2422 1467 2474 1517; x_wconf 90' lang='lat' dir='ltr'><strong><em>in</em></strong></span> <span class='ocrx_word' id='word_1_194' title='bbox 2526 1463 2696 1517; x_wconf 77' lang='lat' dir='ltr'><strong><em>Israel</em></strong></span> <span class='ocrx_word' id='word_1_195' title='bbox 2796 1467 2913 1519; x_wconf 70' lang='lat' dir='ltr'><strong><em>iit:</em></strong></span> <span class='ocrx_word' id='word_1_196' title='bbox 2947 1463 3058 1537; x_wconf 77' lang='lat' dir='ltr'><strong><em>Ego</em></strong></span> <span class='ocrx_word' id='word_1_197' title='bbox 3084 1474 3219 1520; x_wconf 86' lang='lat' dir='ltr'><strong><em>sunt.</em></strong></span> <span class='ocrx_word' id='word_1_198' title='bbox 3251 1464 3311 1519; x_wconf 81' lang='lat' dir='ltr'><strong><em>Et</em></strong></span> <span class='ocrx_word' id='word_1_199' title='bbox 3335 1466 3432 1520; x_wconf 71' lang='lat' dir='ltr'><strong><em>dixit</em></strong></span> <span class='ocrx_word' id='word_1_200' title='bbox 3454 1468 3515 1520; x_wconf 88' lang='lat' dir='ltr'><strong><em>ei:</em></strong></span> <span class='ocrx_word' id='word_1_201' title='bbox 3544 1464 3844 1531; x_wconf 83' lang='lat' dir='ltr'><strong><em>Venimecnnt,</em></strong></span> <span class='ocrx_word' id='word_1_202' title='bbox 3875 1480 3911 1521; x_wconf 87' lang='lat' dir='ltr'><strong><em>et</em></strong></span> <span class='ocrx_word' id='word_1_203' title='bbox 3952 1483 4019 1518; x_wconf 82' lang='lat' dir='ltr'><strong><em>nia</em></strong></span> 
     </span>
    </p>
   </div>
   <div class='ocr_carea' id='block_1_13' title="bbox 1078 1557 3999 1632">
    <p class='ocr_par' dir='ltr' id='par_1_13' title="bbox 1078 1557 3999 1632">
     <span class='ocr_line' id='line_1_13' title="bbox 1078 1557 3999 1632; baseline -0.001 -18"><span class='ocrx_word' id='word_1_204' title='bbox 1078 1578 1239 1632; x_wconf 79' lang='lat' dir='ltr'><strong><em>usque</em></strong></span> <span class='ocrx_word' id='word_1_205' title='bbox 1281 1562 1338 1615; x_wconf 87' lang='lat' dir='ltr'><strong><em>in</em></strong></span> <span class='ocrx_word' id='word_1_206' title='bbox 1362 1562 1672 1615; x_wconf 86' lang='lat' dir='ltr'><strong><em>hodiernum</em></strong></span> <span class='ocrx_word' id='word_1_207' title='bbox 1694 1563 1833 1615; x_wconf 86' lang='lat' dir='ltr'><strong><em>diem</em></strong></span> <span class='ocrx_word' id='word_1_208' title='bbox 1878 1560 2067 1629; x_wconf 87' lang='lat' dir='ltr'><strong><em>(ibid.,</em></strong></span> <span class='ocrx_word' id='word_1_209' title='bbox 2093 1560 2166 1614; x_wconf 72' lang='grc'><strong><em>25</em></strong></span> <span class='ocrx_word' id='word_1_210' title='bbox 2192 1560 2230 1629; x_wconf 91' lang='grc'><strong><em>).</em></strong></span> <span class='ocrx_word' id='word_1_211' title='bbox 2273 1559 2501 1625; x_wconf 84' lang='lat' dir='ltr'><strong><em>Quando</em></strong></span> <span class='ocrx_word' id='word_1_212' title='bbox 2532 1558 2696 1627; x_wconf 80' lang='lat' dir='ltr'><strong><em>igitur</em></strong></span> <span class='ocrx_word' id='word_1_213' title='bbox 2800 1574 3021 1629; x_wconf 81' lang='lat' dir='ltr'><strong><em>panem;</em></strong></span> <span class='ocrx_word' id='word_1_214' title='bbox 3065 1568 3110 1611; x_wconf 89' lang='lat' dir='ltr'><strong><em>et</em></strong></span> <span class='ocrx_word' id='word_1_215' title='bbox 3147 1558 3315 1612; x_wconf 71' lang='lat' dir='ltr'><strong><em>dixit:</em></strong></span> <span class='ocrx_word' id='word_1_216' title='bbox 3357 1557 3451 1612; x_wconf 84' lang='lat' dir='ltr'><strong><em>Non</em></strong></span> <span class='ocrx_word' id='word_1_217' title='bbox 3477 1575 3639 1628; x_wconf 84' lang='lat' dir='ltr'><strong><em>possum</em></strong></span> <span class='ocrx_word' id='word_1_218' title='bbox 3660 1559 3801 1613; x_wconf 81' lang='lat' dir='ltr'><strong><em>reverti</em></strong></span> <span class='ocrx_word' id='word_1_219' title='bbox 3842 1569 3999 1617; x_wconf 80' lang='lat' dir='ltr'><strong><em>tecum,</em></strong></span> 
     </span>
    </p>
   </div>
   <div class='ocr_carea' id='block_1_14' title="bbox 1076 1650 4013 1720">
    <p class='ocr_par' dir='ltr' id='par_1_14' title="bbox 1076 1650 4013 1720">
     <span class='ocr_line' id='line_1_14' title="bbox 1076 1650 4013 1720; baseline -0 -14"><span class='ocrx_word' id='word_1_220' title='bbox 1076 1654 1270 1708; x_wconf 84' lang='lat' dir='ltr'><strong><em>videas</em></strong></span> <span class='ocrx_word' id='word_1_221' title='bbox 1319 1668 1511 1709; x_wconf 86' lang='lat' dir='ltr'><strong><em>omnes</em></strong></span> <span class='ocrx_word' id='word_1_222' title='bbox 1538 1654 1589 1709; x_wconf 90' lang='lat' dir='ltr'><strong><em>in</em></strong></span> <span class='ocrx_word' id='word_1_223' title='bbox 1621 1654 1844 1709; x_wconf 89' lang='lat' dir='ltr'><strong><em>civitate</em></strong></span> <span class='ocrx_word' id='word_1_224' title='bbox 1876 1654 2136 1708; x_wconf 85' lang='lat' dir='ltr'><strong><em>Hiericho</em></strong></span> <span class='ocrx_word' id='word_1_225' title='bbox 2189 1652 2561 1706; x_wconf 88' lang='lat' dir='ltr'><strong><em>inhabitantes</em></strong></span> <span class='ocrx_word' id='word_1_226' title='bbox 2599 1666 2696 1705; x_wconf 69' lang='lat' dir='ltr'><strong><em>ore</em></strong></span> <span class='ocrx_word' id='word_1_227' title='bbox 2802 1650 3117 1705; x_wconf 79' lang='lat' dir='ltr'><strong><em>manducare</em></strong></span> <span class='ocrx_word' id='word_1_228' title='bbox 3141 1667 3347 1718; x_wconf 85' lang='lat' dir='ltr'><strong><em>panem,</em></strong></span> <span class='ocrx_word' id='word_1_229' title='bbox 3383 1668 3509 1720; x_wconf 83' lang='lat' dir='ltr'><strong><em>neque</em></strong></span> <span class='ocrx_word' id='word_1_230' title='bbox 3527 1652 3659 1705; x_wconf 88' lang='lat' dir='ltr'><strong><em>bibere</em></strong></span> <span class='ocrx_word' id='word_1_231' title='bbox 3681 1668 3834 1719; x_wconf 84' lang='lat' dir='ltr'><strong><em>aquam</em></strong></span> <span class='ocrx_word' id='word_1_232' title='bbox 3866 1651 3908 1704; x_wconf 91' lang='lat' dir='ltr'><strong><em>in</em></strong></span> <span class='ocrx_word' id='word_1_233' title='bbox 3934 1650 4013 1705; x_wconf 85' lang='lat' dir='ltr'><strong><em>hoc</em></strong></span> 
     </span>
    </p>
   </div>
   <div class='ocr_carea' id='block_1_15' title="bbox 1076 1742 4023 1818">
    <p class='ocr_par' dir='ltr' id='par_1_15' title="bbox 1076 1742 4023 1818">
     <span class='ocr_line' id='line_1_15' title="bbox 1076 1742 4023 1818; baseline -0 -16"><span class='ocrx_word' id='word_1_234' title='bbox 1076 1748 1303 1818; x_wconf 81' lang='lat' dir='ltr'><strong><em>punitos</em></strong></span> <span class='ocrx_word' id='word_1_235' title='bbox 1319 1747 1513 1817; x_wconf 76' lang='lat' dir='ltr'><strong><em>gladii,</em></strong></span> <span class='ocrx_word' id='word_1_236' title='bbox 1542 1763 1764 1803; x_wconf 84' lang='lat' dir='ltr'><strong><em>onmem</em></strong></span> <span class='ocrx_word' id='word_1_237' title='bbox 1794 1749 2075 1802; x_wconf 61' lang='lat' dir='ltr'><strong><em>incensam</em></strong></span> <span class='ocrx_word' id='word_1_238' title='bbox 2102 1743 2698 1816; x_wconf 74' lang='lat' dir='ltr'><strong><em>civilalem,quomudo</em></strong></span> <span class='ocrx_word' id='word_1_239' title='bbox 2798 1747 3045 1816; x_wconf 85' lang='lat' dir='ltr'><strong><em>quoniam</em></strong></span> <span class='ocrx_word' id='word_1_240' title='bbox 3070 1747 3143 1800; x_wconf 87' lang='lat' dir='ltr'><strong><em>sic</em></strong></span> <span class='ocrx_word' id='word_1_241' title='bbox 3166 1748 3390 1816; x_wconf 79' lang='lat' dir='ltr'><strong><em>prteccpit</em></strong></span> <span class='ocrx_word' id='word_1_242' title='bbox 3422 1746 3523 1801; x_wconf 87' lang='lat' dir='ltr'><strong><em>mihi</em></strong></span> <span class='ocrx_word' id='word_1_243' title='bbox 3549 1747 3590 1800; x_wconf 89' lang='lat' dir='ltr'><strong><em>in</em></strong></span> <span class='ocrx_word' id='word_1_244' title='bbox 3621 1746 3741 1801; x_wconf 68' lang='lat' dir='ltr'><strong><em>uerbo</em></strong></span> <span class='ocrx_word' id='word_1_245' title='bbox 3770 1742 3983 1802; x_wconf 90' lang='lat' dir='ltr'><strong><em>Dominus</em></strong></span> <span class='ocrx_word' id='word_1_246' title='bbox 4012 1765 4023 1800; x_wconf 84' lang='lat' dir='ltr'><strong><em>t</em></strong></span> 
     </span>
    </p>
   </div>
   <div class='ocr_carea' id='block_1_16' title="bbox 1079 1837 4023 1914">
    <p class='ocr_par' dir='ltr' id='par_1_16' title="bbox 1079 1837 4023 1914">
     <span class='ocr_line' id='line_1_16' title="bbox 1079 1837 4023 1914; baseline -0.002 -15"><span class='ocrx_word' id='word_1_247' title='bbox 1079 1844 1283 1914; x_wconf 63' lang='lat' dir='ltr'><strong><em>putaui</em></strong></span> <span class='ocrx_word' id='word_1_248' title='bbox 1316 1857 1417 1899; x_wconf 88' lang='lat' dir='ltr'><strong><em>nos</em></strong></span> <span class='ocrx_word' id='word_1_249' title='bbox 1447 1844 1695 1913; x_wconf 84' lang='lat' dir='ltr'><strong><em>potuisse</em></strong></span> <span class='ocrx_word' id='word_1_250' title='bbox 1718 1851 1899 1898; x_wconf 81' lang='lat' dir='ltr'><strong><em>tecum</em></strong></span> <span class='ocrx_word' id='word_1_251' title='bbox 1930 1843 2227 1897; x_wconf 71' lang='lat' dir='ltr'><strong><em>convenire</em></strong></span> <span class='ocrx_word' id='word_1_252' title='bbox 2254 1856 2379 1897; x_wconf 90' lang='lat' dir='ltr'><strong><em>cum</em></strong></span> <span class='ocrx_word' id='word_1_253' title='bbox 2413 1840 2691 1905; x_wconf 74' lang='lat' dir='ltr'><strong><em>htcrctico,</em></strong></span> <span class='ocrx_word' id='word_1_254' title='bbox 2804 1837 2926 1893; x_wconf 78' lang='lat' dir='ltr'><strong><em>Non</em></strong></span> <span class='ocrx_word' id='word_1_255' title='bbox 2959 1840 3294 1895; x_wconf 84' lang='lat' dir='ltr'><strong><em>mandueabis</em></strong></span> <span class='ocrx_word' id='word_1_256' title='bbox 3336 1857 3483 1910; x_wconf 86' lang='lat' dir='ltr'><strong><em>panem</em></strong></span> <span class='ocrx_word' id='word_1_257' title='bbox 3516 1840 3597 1905; x_wconf 86' lang='lat' dir='ltr'><strong><em>ibi,</em></strong></span> <span class='ocrx_word' id='word_1_258' title='bbox 3628 1852 3663 1895; x_wconf 81' lang='lat' dir='ltr'><strong><em>et</em></strong></span> <span class='ocrx_word' id='word_1_259' title='bbox 3698 1858 3781 1895; x_wconf 90' lang='lat' dir='ltr'><strong><em>non</em></strong></span> <span class='ocrx_word' id='word_1_260' title='bbox 3805 1840 3917 1895; x_wconf 82' lang='lat' dir='ltr'><strong><em>bibes</em></strong></span> <span class='ocrx_word' id='word_1_261' title='bbox 3941 1858 4023 1908; x_wconf 86' lang='lat' dir='ltr'><strong><em>aqu</em></strong></span> 
     </span>
    </p>
   </div>
   <div class='ocr_carea' id='block_1_17' title="bbox 1078 1933 4009 2010">
    <p class='ocr_par' dir='ltr' id='par_1_17' title="bbox 1078 1933 4009 2010">
     <span class='ocr_line' id='line_1_17' title="bbox 1078 1933 4009 2010; baseline -0.003 -15"><span class='ocrx_word' id='word_1_262' title='bbox 1078 1938 1300 2009; x_wconf 87' lang='lat' dir='ltr'><strong><em>quando</em></strong></span> <span class='ocrx_word' id='word_1_263' title='bbox 1328 1938 1547 2010; x_wconf 84' lang='lat' dir='ltr'><strong><em>quidem</em></strong></span> <span class='ocrx_word' id='word_1_264' title='bbox 1586 1938 1707 2008; x_wconf 89' lang='lat' dir='ltr'><strong><em>plus</em></strong></span> <span class='ocrx_word' id='word_1_265' title='bbox 1733 1947 1783 1992; x_wconf 89' lang='lat' dir='ltr'><strong><em>te</em></strong></span> <span class='ocrx_word' id='word_1_266' title='bbox 1813 1946 1973 2008; x_wconf 81' lang='lat' dir='ltr'><strong><em>atque</em></strong></span> <span class='ocrx_word' id='word_1_267' title='bbox 2008 1946 2131 1993; x_wconf 89' lang='lat' dir='ltr'><strong><em>tuos</em></strong></span> <span class='ocrx_word' id='word_1_268' title='bbox 2159 1936 2355 2007; x_wconf 85' lang='lat' dir='ltr'><strong><em>dignos</em></strong></span> <span class='ocrx_word' id='word_1_269' title='bbox 2382 1933 2543 1991; x_wconf 54' lang='lat' dir='ltr'><strong><em>esse”</em></strong></span> <span class='ocrx_word' id='word_1_270' title='bbox 2564 1945 2694 1988; x_wconf 88' lang='lat' dir='ltr'><strong><em>ana-</em></strong></span> <span class='ocrx_word' id='word_1_271' title='bbox 2726 1936 2773 1997; x_wconf 85' lang='grc' dir='ltr'>Β</span> <span class='ocrx_word' id='word_1_272' title='bbox 2801 1943 2848 1988; x_wconf 87' lang='lat' dir='ltr'><strong><em>et</em></strong></span> <span class='ocrx_word' id='word_1_273' title='bbox 2874 1951 2977 1988; x_wconf 90' lang='lat' dir='ltr'><strong><em>non</em></strong></span> <span class='ocrx_word' id='word_1_274' title='bbox 3018 1936 3283 1989; x_wconf 86' lang='lat' dir='ltr'><strong><em>reverteris</em></strong></span> <span class='ocrx_word' id='word_1_275' title='bbox 3309 1937 3406 1988; x_wconf 85' lang='lat' dir='ltr'><strong><em>inde</em></strong></span> <span class='ocrx_word' id='word_1_276' title='bbox 3429 1954 3503 2006; x_wconf 86' lang='lat' dir='ltr'><strong><em>per</em></strong></span> <span class='ocrx_word' id='word_1_277' title='bbox 3521 1938 3628 1991; x_wconf 84' lang='lat' dir='ltr'><strong><em>viam</em></strong></span> <span class='ocrx_word' id='word_1_278' title='bbox 3646 1950 3769 2004; x_wconf 82' lang='lat' dir='ltr'><strong><em>quam</em></strong></span> <span class='ocrx_word' id='word_1_279' title='bbox 3794 1935 3916 1989; x_wconf 87' lang='lat' dir='ltr'><strong><em>leris.</em></strong></span> <span class='ocrx_word' id='word_1_280' title='bbox 3954 1933 4009 1987; x_wconf 79' lang='lat' dir='ltr'><strong><em>Et</em></strong></span> 
     </span>
    </p>
   </div>
   <div class='ocr_carea' id='block_1_18' title="bbox 1080 2026 4019 2105">
    <p class='ocr_par' dir='ltr' id='par_1_18' title="bbox 1080 2026 4019 2105">
     <span class='ocr_line' id='line_1_18' title="bbox 1080 2026 4019 2105; baseline -0.003 -16"><span class='ocrx_word' id='word_1_281' title='bbox 1080 2035 1264 2091; x_wconf 85' lang='lat' dir='ltr'><strong><em>thema</em></strong></span> <span class='ocrx_word' id='word_1_282' title='bbox 1296 2075 1310 2097; x_wconf 91' lang='lat'><strong><em>,</em></strong></span> <span class='ocrx_word' id='word_1_283' title='bbox 1342 2049 1504 2105; x_wconf 83' lang='lat' dir='ltr'><strong><em>quam</em></strong></span> <span class='ocrx_word' id='word_1_284' title='bbox 1534 2032 1610 2087; x_wconf 88' lang='lat' dir='ltr'><strong><em>illi</em></strong></span> <span class='ocrx_word' id='word_1_285' title='bbox 1643 2035 1854 2087; x_wconf 79' lang='lat' dir='ltr'><strong><em>fuerant</em></strong></span> <span class='ocrx_word' id='word_1_286' title='bbox 1878 2076 1889 2090; x_wconf 87' lang='lat'><strong><em>.</em></strong></span> <span class='ocrx_word' id='word_1_287' title='bbox 1922 2033 2341 2087; x_wconf 79' lang='lat' dir='ltr'><strong><em>adverteremns</em></strong></span> <span class='ocrx_word' id='word_1_288' title='bbox 2363 2031 2385 2084; x_wconf 66' lang='grc' dir='ltr'><em>ἲ</em></span> <span class='ocrx_word' id='word_1_289' title='bbox 2410 2028 2698 2096; x_wconf 90' lang='lat' dir='ltr'><strong><em>Quomodo</em></strong></span> <span class='ocrx_word' id='word_1_290' title='bbox 2804 2044 2919 2081; x_wconf 89' lang='lat' dir='ltr'><strong><em>eam</em></strong></span> <span class='ocrx_word' id='word_1_291' title='bbox 2944 2044 2962 2081; x_wconf 87' lang='lat'><strong><em>:</em></strong></span> <span class='ocrx_word' id='word_1_292' title='bbox 2990 2028 3056 2080; x_wconf 76' lang='lat' dir='ltr'><strong><em>Et</em></strong></span> <span class='ocrx_word' id='word_1_293' title='bbox 3078 2044 3169 2098; x_wconf 83' lang='lat' dir='ltr'><strong><em>ego</em></strong></span> <span class='ocrx_word' id='word_1_294' title='bbox 3200 2026 3454 2099; x_wconf 80' lang='lat' dir='ltr'><strong><em>PrOphetes</em></strong></span> <span class='ocrx_word' id='word_1_295' title='bbox 3476 2046 3570 2084; x_wconf 87' lang='lat' dir='ltr'><strong><em>sum</em></strong></span> <span class='ocrx_word' id='word_1_296' title='bbox 3594 2030 3703 2083; x_wconf 87' lang='lat' dir='ltr'><strong><em>sicut</em></strong></span> <span class='ocrx_word' id='word_1_297' title='bbox 3721 2039 3758 2083; x_wconf 85' lang='lat' dir='ltr'><strong><em>et</em></strong></span> <span class='ocrx_word' id='word_1_298' title='bbox 3776 2037 3820 2080; x_wconf 89' lang='lat' dir='ltr'><strong><em>tu</em></strong></span> <span class='ocrx_word' id='word_1_299' title='bbox 3846 2070 3859 2095; x_wconf 95' lang='lat'><strong><em>,</em></strong></span> <span class='ocrx_word' id='word_1_300' title='bbox 3888 2037 3927 2082; x_wconf 90' lang='lat' dir='ltr'><strong><em>et</em></strong></span> <span class='ocrx_word' id='word_1_301' title='bbox 3954 2026 4019 2081; x_wconf 80' lang='lat' dir='ltr'><strong><em>An</em></strong></span> 
     </span>
    </p>
   </div>
   <div class='ocr_carea' id='block_1_19' title="bbox 1077 2120 4024 2199">
    <p class='ocr_par' dir='ltr' id='par_1_19' title="bbox 1077 2120 4024 2199">
     <span class='ocr_line' id='line_1_19' title="bbox 1077 2120 4024 2199; baseline -0.004 -14"><span class='ocrx_word' id='word_1_302' title='bbox 1077 2139 1430 2199; x_wconf 73' lang='lat' dir='ltr'><strong><em>potueramus</em></strong></span> <span class='ocrx_word' id='word_1_303' title='bbox 1488 2142 1613 2181; x_wconf 89' lang='lat' dir='ltr'><strong><em>cum</em></strong></span> <span class='ocrx_word' id='word_1_304' title='bbox 1649 2125 2135 2195; x_wconf 70' lang='lat' dir='ltr'><strong><em>pseudocpiscoms</em></strong></span> <span class='ocrx_word' id='word_1_305' title='bbox 2164 2134 2331 2179; x_wconf 75' lang='lat' dir='ltr'><strong><em>seette</em></strong></span> <span class='ocrx_word' id='word_1_306' title='bbox 2364 2132 2471 2177; x_wconf 73' lang='lat' dir='ltr'><strong><em>tua:</em></strong></span> <span class='ocrx_word' id='word_1_307' title='bbox 2499 2136 2699 2176; x_wconf 75' lang='lat' dir='ltr'><strong><em>conve-</em></strong></span> <span class='ocrx_word' id='word_1_308' title='bbox 2802 2132 2951 2175; x_wconf 87' lang='lat' dir='ltr'><strong><em>cutus</em></strong></span> <span class='ocrx_word' id='word_1_309' title='bbox 2981 2130 3052 2176; x_wconf 89' lang='lat' dir='ltr'><strong><em>est</em></strong></span> <span class='ocrx_word' id='word_1_310' title='bbox 3080 2121 3149 2175; x_wconf 83' lang='lat' dir='ltr'><strong><em>ad</em></strong></span> <span class='ocrx_word' id='word_1_311' title='bbox 3172 2138 3250 2177; x_wconf 87' lang='lat' dir='ltr'><strong><em>me</em></strong></span> <span class='ocrx_word' id='word_1_312' title='bbox 3268 2124 3313 2175; x_wconf 87' lang='lat' dir='ltr'><strong><em>in</em></strong></span> <span class='ocrx_word' id='word_1_313' title='bbox 3343 2123 3469 2177; x_wconf 80' lang='lat' dir='ltr'><strong><em>rerbo</em></strong></span> <span class='ocrx_word' id='word_1_314' title='bbox 3496 2120 3674 2176; x_wconf 85' lang='lat' dir='ltr'><strong><em>Domini</em></strong></span> <span class='ocrx_word' id='word_1_315' title='bbox 3694 2120 3843 2175; x_wconf 79' lang='lat' dir='ltr'><strong><em>dicens</em></strong></span> <span class='ocrx_word' id='word_1_316' title='bbox 3866 2138 3880 2175; x_wconf 91' lang='lat'><strong><em>:</em></strong></span> <span class='ocrx_word' id='word_1_317' title='bbox 3906 2120 4024 2176; x_wconf 85' lang='lat' dir='ltr'><strong><em>Redu</em></strong></span> 
     </span>
    </p>
   </div>
   <div class='ocr_carea' id='block_1_20' title="bbox 1083 2214 4002 2287">
    <p class='ocr_par' dir='ltr' id='par_1_20' title="bbox 1083 2214 4002 2287">
     <span class='ocr_line' id='line_1_20' title="bbox 1083 2214 4002 2287; baseline -0.002 -11"><span class='ocrx_word' id='word_1_318' title='bbox 1083 2222 1205 2277; x_wconf 89' lang='lat' dir='ltr'><strong><em>nire</em></strong></span> <span class='ocrx_word' id='word_1_319' title='bbox 1230 2221 1448 2275; x_wconf 78' lang='lat' dir='ltr'><strong><em>Arianis</em></strong></span> <span class='ocrx_word' id='word_1_320' title='bbox 1472 2258 1487 2283; x_wconf 88' lang='lat'><strong><em>,</em></strong></span> <span class='ocrx_word' id='word_1_321' title='bbox 1520 2220 1739 2287; x_wconf 77' lang='lat' dir='ltr'><strong><em>quando</em></strong></span> <span class='ocrx_word' id='word_1_322' title='bbox 1766 2217 1953 2272; x_wconf 82' lang='lat' dir='ltr'><strong><em>videas</em></strong></span> <span class='ocrx_word' id='word_1_323' title='bbox 1984 2216 2191 2271; x_wconf 88' lang='lat' dir='ltr'><strong><em>nullum</em></strong></span> <span class='ocrx_word' id='word_1_324' title='bbox 2219 2215 2287 2270; x_wconf 88' lang='lat' dir='ltr'><strong><em>ad</em></strong></span> <span class='ocrx_word' id='word_1_325' title='bbox 2318 2214 2483 2269; x_wconf 83' lang='lat' dir='ltr'><strong><em>vitam</em></strong></span> <span class='ocrx_word' id='word_1_326' title='bbox 2514 2226 2698 2268; x_wconf 76' lang='lat' dir='ltr'><strong><em>reser-</em></strong></span> <span class='ocrx_word' id='word_1_327' title='bbox 2803 2226 2853 2271; x_wconf 88' lang='lat' dir='ltr'><strong><em>te</em></strong></span> <span class='ocrx_word' id='word_1_328' title='bbox 2900 2217 2952 2269; x_wconf 88' lang='lat' dir='ltr'><strong><em>in</em></strong></span> <span class='ocrx_word' id='word_1_329' title='bbox 2999 2217 3209 2271; x_wconf 88' lang='lat' dir='ltr'><strong><em>domum</em></strong></span> <span class='ocrx_word' id='word_1_330' title='bbox 3255 2228 3382 2271; x_wconf 87' lang='lat' dir='ltr'><strong><em>lttant</em></strong></span> <span class='ocrx_word' id='word_1_331' title='bbox 3402 2259 3414 2283; x_wconf 94' lang='lat'><strong><em>,</em></strong></span> <span class='ocrx_word' id='word_1_332' title='bbox 3469 2226 3507 2270; x_wconf 83' lang='lat' dir='ltr'><strong><em>et</em></strong></span> <span class='ocrx_word' id='word_1_333' title='bbox 3548 2216 3785 2271; x_wconf 81' lang='lat' dir='ltr'><strong><em>manducet</em></strong></span> <span class='ocrx_word' id='word_1_334' title='bbox 3835 2234 4002 2287; x_wconf 83' lang='lat' dir='ltr'><strong><em>panem</em></strong></span> 
     </span>
    </p>
   </div>
   <div class='ocr_carea' id='block_1_21' title="bbox 1079 2306 4010 2381">
    <p class='ocr_par' dir='ltr' id='par_1_21' title="bbox 1079 2306 4010 2381">
     <span class='ocr_line' id='line_1_21' title="bbox 1079 2306 4010 2381; baseline -0.002 -9"><span class='ocrx_word' id='word_1_335' title='bbox 1079 2327 1264 2372; x_wconf 80' lang='lat' dir='ltr'><strong><em>vatum</em></strong></span> <span class='ocrx_word' id='word_1_336' title='bbox 1310 2315 1363 2369; x_wconf 91' lang='lat' dir='ltr'><strong><em>in</em></strong></span> <span class='ocrx_word' id='word_1_337' title='bbox 1411 2314 1671 2380; x_wconf 78' lang='lat' dir='ltr'><strong><em>civitate,</em></strong></span> <span class='ocrx_word' id='word_1_338' title='bbox 1707 2314 1757 2367; x_wconf 90' lang='lat' dir='ltr'><strong><em>in</em></strong></span> <span class='ocrx_word' id='word_1_339' title='bbox 1808 2327 1910 2381; x_wconf 80' lang='lat' dir='ltr'><strong><em>qua</em></strong></span> <span class='ocrx_word' id='word_1_340' title='bbox 1967 2310 2275 2365; x_wconf 69' lang='lat' dir='ltr'><strong><em>idololatrre</em></strong></span> <span class='ocrx_word' id='word_1_341' title='bbox 2318 2306 2693 2372; x_wconf 84' lang='lat' dir='ltr'><strong><em>morabantur,</em></strong></span> <span class='ocrx_word' id='word_1_342' title='bbox 2801 2326 3007 2375; x_wconf 86' lang='lat' dir='ltr'><strong><em>aquam.</em></strong></span> <span class='ocrx_word' id='word_1_343' title='bbox 3036 2309 3099 2364; x_wconf 79' lang='lat' dir='ltr'><strong><em>Et</em></strong></span> <span class='ocrx_word' id='word_1_344' title='bbox 3123 2314 3352 2366; x_wconf 87' lang='lat' dir='ltr'><strong><em>mentitus</em></strong></span> <span class='ocrx_word' id='word_1_345' title='bbox 3373 2322 3434 2366; x_wconf 88' lang='lat' dir='ltr'><strong><em>est</em></strong></span> <span class='ocrx_word' id='word_1_346' title='bbox 3458 2312 3547 2379; x_wconf 87' lang='lat' dir='ltr'><strong><em>illi,</em></strong></span> <span class='ocrx_word' id='word_1_347' title='bbox 3567 2313 3797 2366; x_wconf 75' lang='lat' dir='ltr'><strong><em>etreduxit</em></strong></span> <span class='ocrx_word' id='word_1_348' title='bbox 3821 2322 4010 2379; x_wconf 85' lang='lat' dir='ltr'><strong><em>eum,et</em></strong></span> 
     </span>
    </p>
   </div>
   <div class='ocr_carea' id='block_1_22' title="bbox 1082 2399 4005 2478">
    <p class='ocr_par' dir='ltr' id='par_1_22' title="bbox 1082 2399 4005 2478">
     <span class='ocr_line' id='line_1_22' title="bbox 1082 2399 4005 2478; baseline -0.003 -12"><span class='ocrx_word' id='word_1_349' title='bbox 1082 2412 1185 2467; x_wconf 78' lang='lat' dir='ltr'><strong><em>nisi</em></strong></span> <span class='ocrx_word' id='word_1_350' title='bbox 1220 2417 1427 2463; x_wconf 81' lang='lat' dir='ltr'><strong><em>tantum</em></strong></span> <span class='ocrx_word' id='word_1_351' title='bbox 1456 2406 1611 2461; x_wconf 78' lang='lat' dir='ltr'><strong><em>Raab</em></strong></span> <span class='ocrx_word' id='word_1_352' title='bbox 1632 2448 1645 2471; x_wconf 92' lang='lat'><strong><em>,</em></strong></span> <span class='ocrx_word' id='word_1_353' title='bbox 1680 2414 1963 2475; x_wconf 70' lang='lat' dir='ltr'><strong><em>promeres</em></strong></span> <span class='ocrx_word' id='word_1_354' title='bbox 1993 2404 2137 2475; x_wconf 84' lang='lat' dir='ltr'><strong><em>quod</em></strong></span> <span class='ocrx_word' id='word_1_355' title='bbox 2169 2402 2420 2458; x_wconf 84' lang='lat' dir='ltr'><strong><em>crederet</em></strong></span> <span class='ocrx_word' id='word_1_356' title='bbox 2447 2414 2572 2456; x_wconf 88' lang='lat' dir='ltr'><strong><em>esse</em></strong></span> <span class='ocrx_word' id='word_1_357' title='bbox 2600 2399 2703 2455; x_wconf 67' lang='grc' dir='ltr'><strong><em>[ἱσ-</em></strong></span> <span class='ocrx_word' id='word_1_358' title='bbox 2806 2405 2874 2459; x_wconf 75' lang='lat' dir='ltr'><strong><em>ait</em></strong></span> <span class='ocrx_word' id='word_1_359' title='bbox 2896 2419 3084 2475; x_wconf 85' lang='lat' dir='ltr'><strong><em>panem</em></strong></span> <span class='ocrx_word' id='word_1_360' title='bbox 3115 2405 3167 2458; x_wconf 89' lang='lat' dir='ltr'><strong><em>in</em></strong></span> <span class='ocrx_word' id='word_1_361' title='bbox 3191 2406 3337 2459; x_wconf 88' lang='lat' dir='ltr'><strong><em>domo</em></strong></span> <span class='ocrx_word' id='word_1_362' title='bbox 3363 2408 3493 2478; x_wconf 86' lang='lat' dir='ltr'><strong><em>ejus,</em></strong></span> <span class='ocrx_word' id='word_1_363' title='bbox 3529 2414 3568 2458; x_wconf 86' lang='lat' dir='ltr'><strong><em>et</em></strong></span> <span class='ocrx_word' id='word_1_364' title='bbox 3589 2403 3697 2459; x_wconf 89' lang='lat' dir='ltr'><strong><em>bibit</em></strong></span> <span class='ocrx_word' id='word_1_365' title='bbox 3718 2420 3920 2474; x_wconf 87' lang='lat' dir='ltr'><strong><em>aquam,</em></strong></span> <span class='ocrx_word' id='word_1_366' title='bbox 3962 2414 4005 2458; x_wconf 90' lang='lat' dir='ltr'><strong><em>et</em></strong></span> 
     </span>
    </p>
   </div>
   <div class='ocr_carea' id='block_1_23' title="bbox 1083 2494 4023 2568">
    <p class='ocr_par' dir='ltr' id='par_1_23' title="bbox 1083 2494 4023 2568">
     <span class='ocr_line' id='line_1_23' title="bbox 1083 2494 4023 2568; baseline -0.004 -10"><span class='ocrx_word' id='word_1_367' title='bbox 1083 2503 1293 2559; x_wconf 88' lang='lat' dir='ltr'><strong><em>minum</em></strong></span> <span class='ocrx_word' id='word_1_368' title='bbox 1328 2508 1576 2556; x_wconf 90' lang='lat' dir='ltr'><strong><em>nostrum</em></strong></span> <span class='ocrx_word' id='word_1_369' title='bbox 1606 2504 2073 2568; x_wconf 80' lang='lat' dir='ltr'><strong><em>totumpoteutem</em></strong></span> <span class='ocrx_word' id='word_1_370' title='bbox 2101 2513 2115 2561; x_wconf 90' lang='lat'>;</span> <span class='ocrx_word' id='word_1_371' title='bbox 2175 2494 2543 2550; x_wconf 67' lang='lat' dir='ltr'><strong><em>idololatrian!</em></strong></span> <span class='ocrx_word' id='word_1_372' title='bbox 2572 2507 2704 2548; x_wconf 76' lang='lat' dir='ltr'><strong><em>vero</em></strong></span> <span class='ocrx_word' id='word_1_373' title='bbox 2807 2498 3109 2553; x_wconf 78' lang='lat' dir='ltr'><strong><em>sedentibus</em></strong></span> <span class='ocrx_word' id='word_1_374' title='bbox 3135 2498 3241 2552; x_wconf 84' lang='lat' dir='ltr'><strong><em>illis</em></strong></span> <span class='ocrx_word' id='word_1_375' title='bbox 3267 2500 3330 2551; x_wconf 87' lang='lat' dir='ltr'><strong><em>ad</em></strong></span> <span class='ocrx_word' id='word_1_376' title='bbox 3357 2499 3764 2551; x_wconf 78' lang='lat' dir='ltr'><strong><em>mensamverbnm</em></strong></span> <span class='ocrx_word' id='word_1_377' title='bbox 3798 2495 4023 2549; x_wconf 70' lang='lat' dir='ltr'><strong><em>Domini:</em></strong></span> 
     </span>
    </p>
   </div>
   <div class='ocr_carea' id='block_1_24' title="bbox 1087 2588 4017 2666">
    <p class='ocr_par' dir='ltr' id='par_1_24' title="bbox 1087 2588 4017 2666">
     <span class='ocr_line' id='line_1_24' title="bbox 1087 2588 4017 2666; baseline -0.004 -15"><span class='ocrx_word' id='word_1_378' title='bbox 1087 2596 1143 2651; x_wconf 90' lang='lat' dir='ltr'><strong><em>in</em></strong></span> <span class='ocrx_word' id='word_1_379' title='bbox 1175 2610 1279 2666; x_wconf 88' lang='lat' dir='ltr'><strong><em>qua</em></strong></span> <span class='ocrx_word' id='word_1_380' title='bbox 1307 2591 1622 2649; x_wconf 86' lang='lat' dir='ltr'><strong><em>conlidedat</em></strong></span> <span class='ocrx_word' id='word_1_381' title='bbox 1649 2590 1886 2663; x_wconf 82' lang='lat' dir='ltr'><strong><em>papulas</em></strong></span> <span class='ocrx_word' id='word_1_382' title='bbox 1938 2590 1993 2645; x_wconf 91' lang='lat' dir='ltr'><strong><em>in</em></strong></span> <span class='ocrx_word' id='word_1_383' title='bbox 2028 2589 2289 2643; x_wconf 65' lang='lat' dir='ltr'><strong><em>Hiericho</em></strong></span> <span class='ocrx_word' id='word_1_384' title='bbox 2326 2588 2662 2642; x_wconf 85' lang='lat' dir='ltr'><strong><em>constitutus</em></strong></span> <span class='ocrx_word' id='word_1_385' title='bbox 2688 2626 2703 2650; x_wconf 93' lang='lat'><strong><em>,</em></strong></span> <span class='ocrx_word' id='word_1_386' title='bbox 2808 2590 3113 2663; x_wconf 80' lang='lat' dir='ltr'><strong><em>prophetam</em></strong></span> <span class='ocrx_word' id='word_1_387' title='bbox 3141 2593 3233 2661; x_wconf 90' lang='lat' dir='ltr'><strong><em>qui</em></strong></span> <span class='ocrx_word' id='word_1_388' title='bbox 3256 2591 3446 2645; x_wconf 75' lang='lat' dir='ltr'><strong><em>reduxit</em></strong></span> <span class='ocrx_word' id='word_1_389' title='bbox 3470 2607 3603 2650; x_wconf 86' lang='lat' dir='ltr'><strong><em>eum.</em></strong></span> <span class='ocrx_word' id='word_1_390' title='bbox 3634 2598 3677 2644; x_wconf 87' lang='lat' dir='ltr'><strong><em>et</em></strong></span> <span class='ocrx_word' id='word_1_391' title='bbox 3696 2590 3813 2643; x_wconf 77' lang='lat' dir='ltr'><strong><em>dixit</em></strong></span> <span class='ocrx_word' id='word_1_392' title='bbox 3842 2589 3904 2643; x_wconf 81' lang='lat' dir='ltr'><strong><em>ml</em></strong></span> <span class='ocrx_word' id='word_1_393' title='bbox 3940 2588 4017 2642; x_wconf 78' lang='grc' dir='ltr'><strong><em>Ιιοι</em></strong></span> 
     </span>
    </p>
   </div>
   <div class='ocr_carea' id='block_1_25' title="bbox 1082 2679 4023 2763">
    <p class='ocr_par' dir='ltr' id='par_1_25' title="bbox 1082 2679 4023 2763">
     <span class='ocr_line' id='line_1_25' title="bbox 1082 2679 4023 2763; baseline -0.003 -19"><span class='ocrx_word' id='word_1_394' title='bbox 1082 2689 1230 2763; x_wconf 84' lang='lat' dir='ltr'><strong><em>quod</em></strong></span> <span class='ocrx_word' id='word_1_395' title='bbox 1265 2689 1457 2743; x_wconf 77' lang='lat' dir='ltr'><strong><em>luisset</em></strong></span> <span class='ocrx_word' id='word_1_396' title='bbox 1484 2701 1675 2742; x_wconf 88' lang='lat' dir='ltr'><strong><em>errore</em></strong></span> <span class='ocrx_word' id='word_1_397' title='bbox 1706 2687 1924 2740; x_wconf 73' lang='lat' dir='ltr'><strong><em>inventa</em></strong></span> <span class='ocrx_word' id='word_1_398' title='bbox 1971 2683 2255 2738; x_wconf 81' lang='lat' dir='ltr'><strong><em>humano?</em></strong></span> <span class='ocrx_word' id='word_1_399' title='bbox 2291 2680 2577 2750; x_wconf 85' lang='lat' dir='ltr'><strong><em>Quomodo</em></strong></span> <span class='ocrx_word' id='word_1_400' title='bbox 2606 2694 2706 2749; x_wconf 72' lang='grc' dir='ltr'><strong><em>ρο·</em></strong></span> <span class='ocrx_word' id='word_1_401' title='bbox 2804 2685 2893 2754; x_wconf 89' lang='lat' dir='ltr'><strong><em>qui</em></strong></span> <span class='ocrx_word' id='word_1_402' title='bbox 2918 2693 3123 2737; x_wconf 73' lang='lat' dir='ltr'><strong><em>venerat</em></strong></span> <span class='ocrx_word' id='word_1_403' title='bbox 3154 2700 3215 2737; x_wconf 78' lang='lat' dir='ltr'><strong><em>ex</em></strong></span> <span class='ocrx_word' id='word_1_404' title='bbox 3234 2680 3371 2737; x_wconf 74' lang='lat' dir='ltr'><strong><em>Iuda</em></strong></span> <span class='ocrx_word' id='word_1_405' title='bbox 3392 2727 3404 2751; x_wconf 87' lang='lat'><strong><em>,</em></strong></span> <span class='ocrx_word' id='word_1_406' title='bbox 3432 2683 3632 2737; x_wconf 81' lang='lat' dir='ltr'><strong><em>dicens:</em></strong></span> <span class='ocrx_word' id='word_1_407' title='bbox 3658 2679 3775 2735; x_wconf 69' lang='lat' dir='ltr'><strong><em>ila&#39;c</em></strong></span> <span class='ocrx_word' id='word_1_408' title='bbox 3796 2682 3912 2735; x_wconf 84' lang='lat' dir='ltr'><strong><em>dicit</em></strong></span> <span class='ocrx_word' id='word_1_409' title='bbox 3942 2680 4023 2736; x_wconf 55' lang='lat' dir='ltr'><strong><em>Doi</em></strong></span> 
     </span>
    </p>
   </div>
   <div class='ocr_carea' id='block_1_26' title="bbox 1084 2771 4015 2847">
    <p class='ocr_par' dir='ltr' id='par_1_26' title="bbox 1084 2771 4015 2847">
     <span class='ocr_line' id='line_1_26' title="bbox 1084 2771 4015 2847; baseline -0.003 -11"><span class='ocrx_word' id='word_1_410' title='bbox 1084 2788 1367 2836; x_wconf 89' lang='lat' dir='ltr'><strong><em>tueramus</em></strong></span> <span class='ocrx_word' id='word_1_411' title='bbox 1394 2776 1673 2833; x_wconf 81' lang='lat' dir='ltr'><strong><em>vobiscum</em></strong></span> <span class='ocrx_word' id='word_1_412' title='bbox 1725 2775 2050 2840; x_wconf 81' lang='lat' dir='ltr'><strong><em>convenire,</em></strong></span> <span class='ocrx_word' id='word_1_413' title='bbox 2102 2772 2319 2845; x_wconf 83' lang='lat' dir='ltr'><strong><em>quando</em></strong></span> <span class='ocrx_word' id='word_1_414' title='bbox 2348 2772 2402 2827; x_wconf 90' lang='lat' dir='ltr'><strong><em>in</em></strong></span> <span class='ocrx_word' id='word_1_415' title='bbox 2437 2782 2458 2811; x_wconf 77' lang='grc' dir='ltr'><strong><em>ο</em></strong></span> <span class='ocrx_word' id='word_1_416' title='bbox 2489 2771 2707 2842; x_wconf 77' lang='lat' dir='ltr'><strong><em>Regno-</em></strong></span> <span class='ocrx_word' id='word_1_417' title='bbox 2808 2789 2882 2832; x_wconf 85' lang='lat' dir='ltr'><strong><em>ter</em></strong></span> <span class='ocrx_word' id='word_1_418' title='bbox 2908 2778 3046 2847; x_wconf 87' lang='lat' dir='ltr'><strong><em>quod</em></strong></span> <span class='ocrx_word' id='word_1_419' title='bbox 3067 2780 3381 2833; x_wconf 78' lang='lat' dir='ltr'><strong><em>exacerbasti</em></strong></span> <span class='ocrx_word' id='word_1_420' title='bbox 3411 2777 3606 2832; x_wconf 75' lang='lat' dir='ltr'><strong><em>rei-bum</em></strong></span> <span class='ocrx_word' id='word_1_421' title='bbox 3630 2774 3863 2840; x_wconf 86' lang='lat' dir='ltr'><strong><em>Domini,</em></strong></span> <span class='ocrx_word' id='word_1_422' title='bbox 3914 2785 3959 2829; x_wconf 85' lang='lat' dir='ltr'><strong><em>et</em></strong></span> <span class='ocrx_word' id='word_1_423' title='bbox 3992 2794 4015 2828; x_wconf 79' lang='grc' dir='ltr'>η</span> 
     </span>
    </p>
   </div>
   <div class='ocr_carea' id='block_1_27' title="bbox 1083 2868 4024 2944">
    <p class='ocr_par' dir='ltr' id='par_1_27' title="bbox 1083 2868 4024 2944">
     <span class='ocr_line' id='line_1_27' title="bbox 1083 2868 4024 2944; baseline -0.002 -14"><span class='ocrx_word' id='word_1_424' title='bbox 1083 2890 1203 2931; x_wconf 85' lang='lat' dir='ltr'><strong><em>rum</em></strong></span> <span class='ocrx_word' id='word_1_425' title='bbox 1235 2874 1400 2929; x_wconf 89' lang='lat' dir='ltr'><strong><em>tertio</em></strong></span> <span class='ocrx_word' id='word_1_426' title='bbox 1424 2872 1690 2942; x_wconf 78' lang='lat' dir='ltr'><strong><em>scriptum</em></strong></span> <span class='ocrx_word' id='word_1_427' title='bbox 1747 2871 1819 2925; x_wconf 88' lang='lat' dir='ltr'><strong><em>sit</em></strong></span> <span class='ocrx_word' id='word_1_428' title='bbox 1866 2870 2009 2925; x_wconf 88' lang='lat' dir='ltr'><strong><em>libro</em></strong></span> <span class='ocrx_word' id='word_1_429' title='bbox 2034 2910 2048 2934; x_wconf 93' lang='lat'><strong><em>,</em></strong></span> <span class='ocrx_word' id='word_1_430' title='bbox 2103 2882 2204 2924; x_wconf 87' lang='lat' dir='ltr'><strong><em>nec</em></strong></span> <span class='ocrx_word' id='word_1_431' title='bbox 2257 2868 2453 2922; x_wconf 88' lang='lat' dir='ltr'><strong><em>domos</em></strong></span> <span class='ocrx_word' id='word_1_432' title='bbox 2495 2876 2709 2921; x_wconf 76' lang='lat' dir='ltr'><strong><em>vestras</em></strong></span> <span class='ocrx_word' id='word_1_433' title='bbox 2811 2882 3128 2944; x_wconf 68' lang='lat' dir='ltr'><strong><em>prazceplum</em></strong></span> <span class='ocrx_word' id='word_1_434' title='bbox 3154 2872 3292 2944; x_wconf 90' lang='lat' dir='ltr'><strong><em>quod</em></strong></span> <span class='ocrx_word' id='word_1_435' title='bbox 3321 2872 3555 2943; x_wconf 68' lang='lat' dir='ltr'><strong><em>praacepit</em></strong></span> <span class='ocrx_word' id='word_1_436' title='bbox 3584 2870 3667 2924; x_wconf 88' lang='lat' dir='ltr'><strong><em>tibi</em></strong></span> <span class='ocrx_word' id='word_1_437' title='bbox 3698 2871 3945 2926; x_wconf 86' lang='lat' dir='ltr'><strong><em>Dominus</em></strong></span> <span class='ocrx_word' id='word_1_438' title='bbox 3990 2868 4024 2923; x_wconf 87' lang='lat' dir='ltr'><strong><em>D</em></strong></span> 
     </span>
    </p>
   </div>
   <div class='ocr_carea' id='block_1_28' title="bbox 1087 2960 4022 3035">
    <p class='ocr_par' dir='ltr' id='par_1_28' title="bbox 1087 2960 4022 3035">
     <span class='ocr_line' id='line_1_28' title="bbox 1087 2960 4022 3035; baseline -0.002 -12"><span class='ocrx_word' id='word_1_439' title='bbox 1087 2984 1217 3026; x_wconf 82' lang='lat' dir='ltr'><strong><em>esse</em></strong></span> <span class='ocrx_word' id='word_1_440' title='bbox 1241 2965 1571 3032; x_wconf 80' lang='lat' dir='ltr'><strong><em>calcandas,</em></strong></span> <span class='ocrx_word' id='word_1_441' title='bbox 1606 2978 1707 3020; x_wconf 87' lang='lat' dir='ltr'><strong><em>nec</em></strong></span> <span class='ocrx_word' id='word_1_442' title='bbox 1729 2964 1884 3019; x_wconf 81' lang='lat' dir='ltr'><strong><em>cibos</em></strong></span> <span class='ocrx_word' id='word_1_443' title='bbox 1916 2962 2199 3018; x_wconf 83' lang='lat' dir='ltr'><strong><em>vobiscum</em></strong></span> <span class='ocrx_word' id='word_1_444' title='bbox 2226 2960 2527 3016; x_wconf 86' lang='lat' dir='ltr'><strong><em>sumendos</em></strong></span> <span class='ocrx_word' id='word_1_445' title='bbox 2548 3000 2561 3021; x_wconf 85' lang='lat'><strong><em>,</em></strong></span> <span class='ocrx_word' id='word_1_446' title='bbox 2605 2972 2705 3013; x_wconf 89' lang='lat' dir='ltr'><strong><em>nc-</em></strong></span> <span class='ocrx_word' id='word_1_447' title='bbox 2812 2966 2989 3021; x_wconf 82' lang='lat' dir='ltr'><strong><em>redisti</em></strong></span> <span class='ocrx_word' id='word_1_448' title='bbox 3012 2975 3060 3019; x_wconf 85' lang='lat' dir='ltr'><strong><em>et</em></strong></span> <span class='ocrx_word' id='word_1_449' title='bbox 3084 2965 3408 3020; x_wconf 86' lang='lat' dir='ltr'><strong><em>manducasti</em></strong></span> <span class='ocrx_word' id='word_1_450' title='bbox 3433 2980 3643 3035; x_wconf 88' lang='lat' dir='ltr'><strong><em>panem,</em></strong></span> <span class='ocrx_word' id='word_1_451' title='bbox 3689 2970 3733 3018; x_wconf 88' lang='lat' dir='ltr'><strong><em>et</em></strong></span> <span class='ocrx_word' id='word_1_452' title='bbox 3777 2961 3945 3018; x_wconf 86' lang='lat' dir='ltr'><strong><em>bibisti</em></strong></span> <span class='ocrx_word' id='word_1_453' title='bbox 3976 2982 4022 3017; x_wconf 79' lang='lat' dir='ltr'><strong><em>at</em></strong></span> 
     </span>
    </p>
   </div>
   <div class='ocr_carea' id='block_1_29' title="bbox 1082 3053 4024 3133">
    <p class='ocr_par' dir='ltr' id='par_1_29' title="bbox 1082 3053 4024 3133">
     <span class='ocr_line' id='line_1_29' title="bbox 1082 3053 4024 3133; baseline -0.002 -17"><span class='ocrx_word' id='word_1_454' title='bbox 1082 3078 1193 3133; x_wconf 88' lang='lat' dir='ltr'><strong><em>que</em></strong></span> <span class='ocrx_word' id='word_1_455' title='bbox 1220 3076 1419 3132; x_wconf 82' lang='lat' dir='ltr'><strong><em>aquam</em></strong></span> <span class='ocrx_word' id='word_1_456' title='bbox 1451 3059 1824 3130; x_wconf 72' lang='lat' dir='ltr'><strong><em>accipiendam</em></strong></span> <span class='ocrx_word' id='word_1_457' title='bbox 1854 3073 1883 3112; x_wconf 84' lang='lat' dir='ltr'><strong><em>a</em></strong></span> <span class='ocrx_word' id='word_1_458' title='bbox 1916 3058 2068 3113; x_wconf 85' lang='lat' dir='ltr'><strong><em>vobis</em></strong></span> <span class='ocrx_word' id='word_1_459' title='bbox 2088 3057 2113 3111; x_wconf 63' lang='grc' dir='ltr'><em>ἲ</em></span> <span class='ocrx_word' id='word_1_460' title='bbox 2133 3055 2261 3111; x_wconf 66' lang='lat' dir='ltr'><strong><em>llaec</em></strong></span> <span class='ocrx_word' id='word_1_461' title='bbox 2289 3057 2361 3110; x_wconf 88' lang='lat' dir='ltr'><strong><em>ita</em></strong></span> <span class='ocrx_word' id='word_1_462' title='bbox 2387 3070 2507 3111; x_wconf 88' lang='lat' dir='ltr'><strong><em>esse</em></strong></span> <span class='ocrx_word' id='word_1_463' title='bbox 2533 3053 2710 3123; x_wconf 78' lang='lat' dir='ltr'><strong><em>aperit</em></strong></span> <span class='ocrx_word' id='word_1_464' title='bbox 2810 3060 2954 3125; x_wconf 82' lang='lat' dir='ltr'><strong><em>loco,</em></strong></span> <span class='ocrx_word' id='word_1_465' title='bbox 2982 3059 3047 3113; x_wconf 89' lang='lat' dir='ltr'><strong><em>de</em></strong></span> <span class='ocrx_word' id='word_1_466' title='bbox 3070 3074 3173 3130; x_wconf 91' lang='lat' dir='ltr'><strong><em>quo</em></strong></span> <span class='ocrx_word' id='word_1_467' title='bbox 3197 3058 3399 3113; x_wconf 84' lang='lat' dir='ltr'><strong><em>locutus</em></strong></span> <span class='ocrx_word' id='word_1_468' title='bbox 3432 3069 3502 3114; x_wconf 89' lang='lat' dir='ltr'><strong><em>est</em></strong></span> <span class='ocrx_word' id='word_1_469' title='bbox 3526 3059 3593 3112; x_wconf 92' lang='lat' dir='ltr'><strong><em>ad</em></strong></span> <span class='ocrx_word' id='word_1_470' title='bbox 3624 3069 3668 3112; x_wconf 83' lang='lat' dir='ltr'><strong><em>te</em></strong></span> <span class='ocrx_word' id='word_1_471' title='bbox 3691 3059 3901 3114; x_wconf 84' lang='lat' dir='ltr'><strong><em>dicens:</em></strong></span> <span class='ocrx_word' id='word_1_472' title='bbox 3940 3059 4024 3114; x_wconf 79' lang='lat' dir='ltr'><strong><em>No</em></strong></span> 
     </span>
    </p>
   </div>
   <div class='ocr_carea' id='block_1_30' title="bbox 1076 3147 4024 3225">
    <p class='ocr_par' dir='ltr' id='par_1_30' title="bbox 1076 3147 4024 3225">
     <span class='ocr_line' id='line_1_30' title="bbox 1076 3147 4024 3225; baseline -0.002 -14"><span class='ocrx_word' id='word_1_473' title='bbox 1076 3170 1235 3212; x_wconf 84' lang='lat' dir='ltr'><strong><em>sacra</em></strong></span> <span class='ocrx_word' id='word_1_474' title='bbox 1276 3154 1560 3224; x_wconf 82' lang='lat' dir='ltr'><strong><em>Scriptura</em></strong></span> <span class='ocrx_word' id='word_1_475' title='bbox 1595 3171 1608 3207; x_wconf 88' lang='lat'><strong>:</strong></span> <span class='ocrx_word' id='word_1_476' title='bbox 1643 3150 1707 3205; x_wconf 80' lang='lat' dir='ltr'><strong><em>Et</em></strong></span> <span class='ocrx_word' id='word_1_477' title='bbox 1738 3152 1934 3221; x_wconf 81' lang='lat' dir='ltr'><strong><em>factum</em></strong></span> <span class='ocrx_word' id='word_1_478' title='bbox 1962 3159 2067 3217; x_wconf 87' lang='lat' dir='ltr'><strong><em>est,</em></strong></span> <span class='ocrx_word' id='word_1_479' title='bbox 2120 3148 2346 3205; x_wconf 86' lang='lat' dir='ltr'><strong><em>dicitde</em></strong></span> <span class='ocrx_word' id='word_1_480' title='bbox 2385 3147 2480 3202; x_wconf 91' lang='lat' dir='ltr'><strong><em>illo</em></strong></span> <span class='ocrx_word' id='word_1_481' title='bbox 2506 3159 2707 3215; x_wconf 82' lang='lat' dir='ltr'><strong><em>cuapo-</em></strong></span> <span class='ocrx_word' id='word_1_482' title='bbox 2812 3168 2997 3221; x_wconf 83' lang='lat' dir='ltr'><strong><em>panem</em></strong></span> <span class='ocrx_word' id='word_1_483' title='bbox 3027 3168 3189 3225; x_wconf 86' lang='lat' dir='ltr'><strong><em>neque</em></strong></span> <span class='ocrx_word' id='word_1_484' title='bbox 3217 3152 3358 3207; x_wconf 84' lang='lat' dir='ltr'><strong><em>bibes</em></strong></span> <span class='ocrx_word' id='word_1_485' title='bbox 3398 3170 3623 3225; x_wconf 88' lang='lat' dir='ltr'><strong><em>aquam;</em></strong></span> <span class='ocrx_word' id='word_1_486' title='bbox 3666 3153 3785 3207; x_wconf 90' lang='lat' dir='ltr'><strong><em>ideo</em></strong></span> <span class='ocrx_word' id='word_1_487' title='bbox 3830 3170 3937 3209; x_wconf 84' lang='lat' dir='ltr'><strong><em>non</em></strong></span> <span class='ocrx_word' id='word_1_488' title='bbox 3991 3155 4024 3207; x_wconf 77' lang='lat' dir='ltr'><strong><em>ii</em></strong></span> 
     </span>
    </p>
   </div>
   <div class='ocr_carea' id='block_1_31' title="bbox 1081 3238 3968 3317">
    <p class='ocr_par' dir='ltr' id='par_1_31' title="bbox 1081 3238 3968 3317">
     <span class='ocr_line' id='line_1_31' title="bbox 1081 3238 3968 3317; baseline -0.004 -13"><span class='ocrx_word' id='word_1_489' title='bbox 1081 3258 1223 3304; x_wconf 79' lang='lat' dir='ltr'><strong><em>stata</em></strong></span> <span class='ocrx_word' id='word_1_490' title='bbox 1266 3256 1391 3311; x_wconf 85' lang='lat' dir='ltr'><strong><em>tuo,</em></strong></span> <span class='ocrx_word' id='word_1_491' title='bbox 1419 3242 1446 3282; x_wconf 66' lang='grc' dir='ltr'><em>δ</em></span> <span class='ocrx_word' id='word_1_492' title='bbox 1493 3248 1703 3299; x_wconf 76' lang='lat' dir='ltr'><strong><em>verbum</em></strong></span> <span class='ocrx_word' id='word_1_493' title='bbox 1732 3243 1957 3298; x_wconf 89' lang='lat' dir='ltr'><strong><em>hominis</em></strong></span> <span class='ocrx_word' id='word_1_494' title='bbox 1989 3240 2087 3295; x_wconf 69' lang='lat' dir='ltr'><strong><em>Dei</em></strong></span> <span class='ocrx_word' id='word_1_495' title='bbox 2114 3243 2135 3313; x_wconf 86' lang='lat'><strong>(</strong></span> <span class='ocrx_word' id='word_1_496' title='bbox 2163 3239 2231 3295; x_wconf 77' lang='grc' dir='ltr'><strong><em>ΠΙ</em></strong></span> <span class='ocrx_word' id='word_1_497' title='bbox 2261 3239 2392 3313; x_wconf 80' lang='lat' dir='ltr'><strong><em>Reg.</em></strong></span> <span class='ocrx_word' id='word_1_498' title='bbox 2425 3255 2523 3295; x_wconf 70' lang='lat' dir='ltr'><strong><em>XIII</em></strong></span> <span class='ocrx_word' id='word_1_499' title='bbox 2544 3280 2559 3306; x_wconf 86' lang='lat'><strong><em>,</em></strong></span> <span class='ocrx_word' id='word_1_500' title='bbox 2593 3238 2662 3309; x_wconf 68' lang='grc'><strong>4)</strong></span> <span class='ocrx_word' id='word_1_501' title='bbox 2692 3256 2705 3291; x_wconf 73' lang='grc' dir='ltr'><strong><em>Σ</em></strong></span> <span class='ocrx_word' id='word_1_502' title='bbox 2813 3254 2957 3301; x_wconf 77' lang='lat' dir='ltr'><strong><em>tuum</em></strong></span> <span class='ocrx_word' id='word_1_503' title='bbox 2989 3246 3043 3300; x_wconf 75' lang='lat' dir='ltr'><strong><em>in</em></strong></span> <span class='ocrx_word' id='word_1_504' title='bbox 3070 3256 3464 3301; x_wconf 77' lang='lat' dir='ltr'><strong><em>monumentum</em></strong></span> <span class='ocrx_word' id='word_1_505' title='bbox 3490 3254 3705 3317; x_wconf 71' lang='lat' dir='ltr'><strong><em>patrum</em></strong></span> <span class='ocrx_word' id='word_1_506' title='bbox 3731 3255 3968 3300; x_wconf 72' lang='lat' dir='ltr'><strong><em>tuorum.</em></strong></span> 
     </span>
    </p>
   </div>
   <div class='ocr_carea' id='block_1_32' title="bbox 1082 3327 4014 3411">
    <p class='ocr_par' dir='ltr' id='par_1_32' title="bbox 1082 3327 4014 3411">
     <span class='ocr_line' id='line_1_32' title="bbox 1082 3327 4014 3411; baseline -0.004 -13"><span class='ocrx_word' id='word_1_507' title='bbox 1082 3353 1137 3399; x_wconf 86' lang='lat' dir='ltr'><strong><em>et</em></strong></span> <span class='ocrx_word' id='word_1_508' title='bbox 1186 3340 1325 3397; x_wconf 80' lang='lat' dir='ltr'><strong><em>inira</em></strong></span> <span class='ocrx_word' id='word_1_509' title='bbox 1360 3358 1378 3395; x_wconf 92' lang='lat'><em>:</em></span> <span class='ocrx_word' id='word_1_510' title='bbox 1412 3338 1479 3393; x_wconf 84' lang='lat' dir='ltr'><strong><em>Et</em></strong></span> <span class='ocrx_word' id='word_1_511' title='bbox 1508 3338 1738 3393; x_wconf 69' lang='lat' dir='ltr'><strong><em>extendit</em></strong></span> <span class='ocrx_word' id='word_1_512' title='bbox 1770 3354 1985 3391; x_wconf 88' lang='lat' dir='ltr'><strong><em>manum</em></strong></span> <span class='ocrx_word' id='word_1_513' title='bbox 2015 3353 2163 3391; x_wconf 86' lang='lat' dir='ltr'><strong><em>suam</em></strong></span> <span class='ocrx_word' id='word_1_514' title='bbox 2204 3336 2273 3389; x_wconf 87' lang='lat' dir='ltr'><strong><em>ad</em></strong></span> <span class='ocrx_word' id='word_1_515' title='bbox 2303 3352 2451 3389; x_wconf 91' lang='lat' dir='ltr'><strong><em>aram</em></strong></span> <span class='ocrx_word' id='word_1_516' title='bbox 2484 3334 2663 3388; x_wconf 85' lang='lat' dir='ltr'><strong><em>dicens</em></strong></span> <span class='ocrx_word' id='word_1_517' title='bbox 2689 3350 2707 3388; x_wconf 87' lang='lat'><strong><em>:</em></strong></span> <span class='ocrx_word' id='word_1_518' title='bbox 2737 3327 2781 3391; x_wconf 91' lang='lat' dir='ltr'><strong>C</strong></span> <span class='ocrx_word' id='word_1_519' title='bbox 2815 3349 3083 3411; x_wconf 73' lang='lat' dir='ltr'><strong><em>postquam</em></strong></span> <span class='ocrx_word' id='word_1_520' title='bbox 3110 3338 3449 3394; x_wconf 71' lang='lat' dir='ltr'><strong><em>manducavit</em></strong></span> <span class='ocrx_word' id='word_1_521' title='bbox 3475 3356 3668 3410; x_wconf 74' lang='lat' dir='ltr'><strong><em>panem</em></strong></span> <span class='ocrx_word' id='word_1_522' title='bbox 3699 3348 3747 3395; x_wconf 79' lang='lat' dir='ltr'><strong><em>et</em></strong></span> <span class='ocrx_word' id='word_1_523' title='bbox 3780 3338 3913 3394; x_wconf 71' lang='lat' dir='ltr'><strong><em>bibit</em></strong></span> <span class='ocrx_word' id='word_1_524' title='bbox 3946 3357 4014 3410; x_wconf 77' lang='lat' dir='ltr'><strong><em>aq</em></strong></span> 
     </span>
    </p>
   </div>
   <div class='ocr_carea' id='block_1_33' title="bbox 1085 3427 2916 3505">
    <p class='ocr_par' dir='ltr' id='par_1_33' title="bbox 1085 3427 2916 3505">
     <span class='ocr_line' id='line_1_33' title="bbox 1085 3427 2916 3505; baseline -0.005 -18"><span class='ocrx_word' id='word_1_525' title='bbox 1085 3433 1481 3505; x_wconf 73' lang='lat' dir='ltr'><strong><em>.tpprehendite</em></strong></span> <span class='ocrx_word' id='word_1_526' title='bbox 1494 3447 1629 3496; x_wconf 84' lang='lat' dir='ltr'><strong><em>eum,</em></strong></span> <span class='ocrx_word' id='word_1_527' title='bbox 1657 3439 1705 3484; x_wconf 91' lang='lat' dir='ltr'><strong><em>et</em></strong></span> <span class='ocrx_word' id='word_1_528' title='bbox 1719 3429 1871 3483; x_wconf 88' lang='lat' dir='ltr'><strong><em>arida</em></strong></span> <span class='ocrx_word' id='word_1_529' title='bbox 1894 3430 2034 3499; x_wconf 77' lang='lat' dir='ltr'><strong><em>facta</em></strong></span> <span class='ocrx_word' id='word_1_530' title='bbox 2055 3438 2131 3483; x_wconf 90' lang='lat' dir='ltr'><strong><em>est</em></strong></span> <span class='ocrx_word' id='word_1_531' title='bbox 2163 3444 2347 3481; x_wconf 91' lang='lat' dir='ltr'><strong><em>manus</em></strong></span> <span class='ocrx_word' id='word_1_532' title='bbox 2372 3427 2529 3500; x_wconf 87' lang='lat' dir='ltr'><strong><em>regis,</em></strong></span> <span class='ocrx_word' id='word_1_533' title='bbox 2550 3441 2706 3495; x_wconf 86' lang='lat' dir='ltr'><strong><em>quam</em></strong></span> <span class='ocrx_word' id='word_1_534' title='bbox 2809 3450 2916 3488; x_wconf 64' lang='lat' dir='ltr'><strong><em>nm</em></strong></span> 
     </span>
    </p>
   </div>
   <div class='ocr_carea' id='block_1_34' title="bbox 2168 3427 3999 3505">
    <p class='ocr_par' dir='ltr' id='par_1_34' title="bbox 2168 3427 3999 3501">
     <span class='ocr_line' id='line_1_34' title="bbox 2168 3427 3999 3501; baseline 0 -15"><span class='ocrx_word' id='word_1_535' title='bbox 2168 3444 2347 3481; x_wconf 68' lang='lat' dir='ltr'><strong><em>mutuis</em></strong></span> <span class='ocrx_word' id='word_1_536' title='bbox 2372 3427 2529 3500; x_wconf 64' lang='lat' dir='ltr'><strong><em>regit,</em></strong></span> <span class='ocrx_word' id='word_1_537' title='bbox 2550 3441 2706 3495; x_wconf 81' lang='lat' dir='ltr'><strong><em>quam</em></strong></span> <span class='ocrx_word' id='word_1_538' title='bbox 2809 3443 2933 3488; x_wconf 90' lang='lat' dir='ltr'><strong><em>runt</em></strong></span> <span class='ocrx_word' id='word_1_539' title='bbox 2952 3434 2997 3487; x_wconf 89' lang='lat' dir='ltr'><strong><em>ei</em></strong></span> <span class='ocrx_word' id='word_1_540' title='bbox 3018 3434 3221 3488; x_wconf 86' lang='lat' dir='ltr'><strong><em>asinam</em></strong></span> <span class='ocrx_word' id='word_1_541' title='bbox 3242 3479 3255 3501; x_wconf 92' lang='lat'><strong><em>,</em></strong></span> <span class='ocrx_word' id='word_1_542' title='bbox 3285 3443 3337 3487; x_wconf 89' lang='lat' dir='ltr'><strong><em>et</em></strong></span> <span class='ocrx_word' id='word_1_543' title='bbox 3368 3450 3616 3488; x_wconf 79' lang='lat' dir='ltr'><strong><em>reversus</em></strong></span> <span class='ocrx_word' id='word_1_544' title='bbox 3642 3443 3754 3499; x_wconf 90' lang='lat' dir='ltr'><strong><em>est,</em></strong></span> <span class='ocrx_word' id='word_1_545' title='bbox 3784 3444 3836 3488; x_wconf 89' lang='lat' dir='ltr'><strong><em>et</em></strong></span> <span class='ocrx_word' id='word_1_546' title='bbox 3864 3433 3999 3487; x_wconf 88' lang='lat' dir='ltr'><strong><em>abiit</em></strong></span> 
     </span>
    </p>
   </div>
   <div class='ocr_carea' id='block_1_35' title="bbox 1084 3521 4011 3597">
    <p class='ocr_par' dir='ltr' id='par_1_35' title="bbox 1084 3521 4011 3597">
     <span class='ocr_line' id='line_1_35' title="bbox 1084 3521 4011 3597; baseline -0.003 -14"><span class='ocrx_word' id='word_1_547' title='bbox 1084 3527 1320 3583; x_wconf 75' lang='lat' dir='ltr'><strong><em>extendit</em></strong></span> <span class='ocrx_word' id='word_1_548' title='bbox 1360 3525 1416 3579; x_wconf 89' lang='lat' dir='ltr'><strong><em>in</em></strong></span> <span class='ocrx_word' id='word_1_549' title='bbox 1472 3540 1620 3588; x_wconf 85' lang='lat' dir='ltr'><strong><em>eum,</em></strong></span> <span class='ocrx_word' id='word_1_550' title='bbox 1676 3532 1724 3577; x_wconf 86' lang='lat' dir='ltr'><strong><em>et</em></strong></span> <span class='ocrx_word' id='word_1_551' title='bbox 1779 3538 1880 3575; x_wconf 89' lang='lat' dir='ltr'><strong><em>non</em></strong></span> <span class='ocrx_word' id='word_1_552' title='bbox 1911 3522 2079 3591; x_wconf 76' lang='lat' dir='ltr'><strong><em>potuit</em></strong></span> <span class='ocrx_word' id='word_1_553' title='bbox 2106 3521 2361 3575; x_wconf 88' lang='lat' dir='ltr'><strong><em>reducere</em></strong></span> <span class='ocrx_word' id='word_1_554' title='bbox 2386 3536 2499 3573; x_wconf 89' lang='lat' dir='ltr'><strong><em>eam</em></strong></span> <span class='ocrx_word' id='word_1_555' title='bbox 2524 3521 2592 3572; x_wconf 92' lang='lat' dir='ltr'><strong><em>ad</em></strong></span> <span class='ocrx_word' id='word_1_556' title='bbox 2612 3534 2667 3573; x_wconf 71' lang='grc' dir='ltr'><strong><em>ιε</em></strong></span> <span class='ocrx_word' id='word_1_557' title='bbox 2690 3561 2704 3585; x_wconf 84' lang='grc'><em>,</em></span> <span class='ocrx_word' id='word_1_558' title='bbox 2811 3527 2891 3581; x_wconf 76' lang='lat' dir='ltr'><strong><em>(eo</em></strong></span> <span class='ocrx_word' id='word_1_559' title='bbox 2920 3528 2974 3581; x_wconf 75' lang='lat' dir='ltr'><strong><em>in</em></strong></span> <span class='ocrx_word' id='word_1_560' title='bbox 3005 3530 3119 3597; x_wconf 58' lang='lat' dir='ltr'><strong><em>via,</em></strong></span> <span class='ocrx_word' id='word_1_561' title='bbox 3147 3538 3197 3582; x_wconf 80' lang='grc' dir='ltr'><strong><em>ει</em></strong></span> <span class='ocrx_word' id='word_1_562' title='bbox 3226 3527 3428 3582; x_wconf 70' lang='lat' dir='ltr'><strong><em>accidit</em></strong></span> <span class='ocrx_word' id='word_1_563' title='bbox 3460 3545 3582 3583; x_wconf 67' lang='lat' dir='ltr'><strong><em>eunt</em></strong></span> <span class='ocrx_word' id='word_1_564' title='bbox 3603 3568 3620 3595; x_wconf 59' lang='lat'><strong><em>,</em></strong></span> <span class='ocrx_word' id='word_1_565' title='bbox 3675 3537 3731 3582; x_wconf 73' lang='grc' dir='ltr'><strong><em>ει</em></strong></span> <span class='ocrx_word' id='word_1_566' title='bbox 3762 3538 3884 3582; x_wconf 65' lang='lat' dir='ltr'><strong><em>erat</em></strong></span> <span class='ocrx_word' id='word_1_567' title='bbox 3914 3544 4011 3581; x_wconf 76' lang='lat' dir='ltr'><strong><em>cor</em></strong></span> 
     </span>
    </p>
   </div>
   <div class='ocr_carea' id='block_1_36' title="bbox 1086 3614 4011 3688">
    <p class='ocr_par' dir='ltr' id='par_1_36' title="bbox 1086 3614 4011 3688">
     <span class='ocr_line' id='line_1_36' title="bbox 1086 3614 4011 3688; baseline -0.002 -11"><span class='ocrx_word' id='word_1_568' title='bbox 1086 3632 1136 3677; x_wconf 82' lang='lat' dir='ltr'><strong><em>et</em></strong></span> <span class='ocrx_word' id='word_1_569' title='bbox 1169 3634 1191 3658; x_wconf 76' lang='grc' dir='ltr'><strong><em>ι·</em></strong></span> <span class='ocrx_word' id='word_1_570' title='bbox 1224 3620 1519 3676; x_wconf 80' lang='lat' dir='ltr'><strong><em>sacrarium</em></strong></span> <span class='ocrx_word' id='word_1_571' title='bbox 1541 3630 1753 3682; x_wconf 84' lang='lat' dir='ltr'><strong><em>ruptum</em></strong></span> <span class='ocrx_word' id='word_1_572' title='bbox 1790 3628 1895 3679; x_wconf 87' lang='lat' dir='ltr'><strong><em>est,</em></strong></span> <span class='ocrx_word' id='word_1_573' title='bbox 1919 3626 1969 3671; x_wconf 91' lang='lat' dir='ltr'><strong><em>et</em></strong></span> <span class='ocrx_word' id='word_1_574' title='bbox 1991 3615 2157 3683; x_wconf 72' lang='lat' dir='ltr'><strong><em>effusa</em></strong></span> <span class='ocrx_word' id='word_1_575' title='bbox 2188 3626 2262 3670; x_wconf 77' lang='lat' dir='ltr'><strong><em>est</em></strong></span> <span class='ocrx_word' id='word_1_576' title='bbox 2286 3614 2550 3688; x_wconf 80' lang='lat' dir='ltr'><strong><em>pinguedo</em></strong></span> <span class='ocrx_word' id='word_1_577' title='bbox 2596 3617 2709 3686; x_wconf 85' lang='lat' dir='ltr'><strong><em>ejus</em></strong></span> <span class='ocrx_word' id='word_1_578' title='bbox 2810 3629 2920 3671; x_wconf 88' lang='lat' dir='ltr'><strong><em>tam</em></strong></span> <span class='ocrx_word' id='word_1_579' title='bbox 2945 3619 2998 3672; x_wconf 88' lang='lat' dir='ltr'><strong><em>in</em></strong></span> <span class='ocrx_word' id='word_1_580' title='bbox 3027 3619 3138 3685; x_wconf 78' lang='lat' dir='ltr'><strong><em>via,</em></strong></span> <span class='ocrx_word' id='word_1_581' title='bbox 3196 3628 3245 3673; x_wconf 88' lang='lat' dir='ltr'><strong><em>et</em></strong></span> <span class='ocrx_word' id='word_1_582' title='bbox 3300 3620 3467 3673; x_wconf 88' lang='lat' dir='ltr'><strong><em>asina</em></strong></span> <span class='ocrx_word' id='word_1_583' title='bbox 3498 3620 3689 3673; x_wconf 85' lang='lat' dir='ltr'><strong><em>stabat</em></strong></span> <span class='ocrx_word' id='word_1_584' title='bbox 3721 3621 3796 3673; x_wconf 89' lang='lat' dir='ltr'><strong><em>ad</em></strong></span> <span class='ocrx_word' id='word_1_585' title='bbox 3845 3637 3976 3674; x_wconf 86' lang='lat' dir='ltr'><strong><em>eum</em></strong></span> <span class='ocrx_word' id='word_1_586' title='bbox 3998 3663 4011 3685; x_wconf 91' lang='lat'><strong><em>,</em></strong></span> 
     </span>
    </p>
   </div>
   <div class='ocr_carea' id='block_1_37' title="bbox 1090 3705 4021 3781">
    <p class='ocr_par' dir='ltr' id='par_1_37' title="bbox 1090 3705 4021 3781">
     <span class='ocr_line' id='line_1_37' title="bbox 1090 3705 4021 3781; baseline -0.002 -11"><span class='ocrx_word' id='word_1_587' title='bbox 1090 3734 1121 3770; x_wconf 92' lang='lat' dir='ltr'><strong><em>a</em></strong></span> <span class='ocrx_word' id='word_1_588' title='bbox 1145 3714 1384 3770; x_wconf 83' lang='lat' dir='ltr'><strong><em>sacrario</em></strong></span> <span class='ocrx_word' id='word_1_589' title='bbox 1404 3713 1691 3769; x_wconf 84' lang='lat' dir='ltr'><strong><em>secundum</em></strong></span> <span class='ocrx_word' id='word_1_590' title='bbox 1708 3711 1848 3781; x_wconf 85' lang='lat' dir='ltr'><strong><em>quod</em></strong></span> <span class='ocrx_word' id='word_1_591' title='bbox 1873 3709 2007 3763; x_wconf 73' lang='lat' dir='ltr'><strong><em>dixit</em></strong></span> <span class='ocrx_word' id='word_1_592' title='bbox 2031 3708 2187 3762; x_wconf 89' lang='lat' dir='ltr'><strong><em>ltomo</em></strong></span> <span class='ocrx_word' id='word_1_593' title='bbox 2208 3706 2307 3762; x_wconf 87' lang='lat' dir='ltr'><strong><em>Dei</em></strong></span> <span class='ocrx_word' id='word_1_594' title='bbox 2336 3711 2389 3761; x_wconf 88' lang='lat' dir='ltr'><strong><em>in</em></strong></span> <span class='ocrx_word' id='word_1_595' title='bbox 2416 3707 2568 3762; x_wconf 80' lang='lat' dir='ltr'><strong><em>verba</em></strong></span> <span class='ocrx_word' id='word_1_596' title='bbox 2599 3705 2709 3761; x_wconf 89' lang='lat' dir='ltr'><strong><em>Do-</em></strong></span> <span class='ocrx_word' id='word_1_597' title='bbox 2810 3727 3001 3779; x_wconf 82' lang='lat' dir='ltr'><strong><em>eorpus</em></strong></span> <span class='ocrx_word' id='word_1_598' title='bbox 3023 3710 3220 3779; x_wconf 84' lang='lat' dir='ltr'><strong><em>ipsius,</em></strong></span> <span class='ocrx_word' id='word_1_599' title='bbox 3252 3720 3302 3765; x_wconf 90' lang='lat' dir='ltr'><strong><em>et</em></strong></span> <span class='ocrx_word' id='word_1_600' title='bbox 3326 3720 3606 3766; x_wconf 81' lang='lat' dir='ltr'><strong><em>venerunt</em></strong></span> <span class='ocrx_word' id='word_1_601' title='bbox 3628 3710 3740 3766; x_wconf 75' lang='lat' dir='ltr'><strong><em>uiri</em></strong></span> <span class='ocrx_word' id='word_1_602' title='bbox 3770 3712 4021 3766; x_wconf 73' lang='lat' dir='ltr'><strong><em>civitatis</em></strong></span> 
     </span>
    </p>
   </div>
   <div class='ocr_carea' id='block_1_38' title="bbox 1083 3796 4021 3876">
    <p class='ocr_par' dir='ltr' id='par_1_38' title="bbox 1083 3796 4021 3876">
     <span class='ocr_line' id='line_1_38' title="bbox 1083 3796 4021 3876; baseline -0.001 -15"><span class='ocrx_word' id='word_1_603' title='bbox 1083 3810 1231 3861; x_wconf 87' lang='lat' dir='ltr'><strong><em>mini.</em></strong></span> <span class='ocrx_word' id='word_1_604' title='bbox 1268 3804 1335 3860; x_wconf 82' lang='lat' dir='ltr'><strong><em>Et</em></strong></span> <span class='ocrx_word' id='word_1_605' title='bbox 1368 3805 1637 3876; x_wconf 87' lang='lat' dir='ltr'><strong><em>respondit</em></strong></span> <span class='ocrx_word' id='word_1_606' title='bbox 1668 3820 1761 3858; x_wconf 67' lang='lat' dir='ltr'><strong><em>rex</em></strong></span> <span class='ocrx_word' id='word_1_607' title='bbox 1782 3812 1828 3857; x_wconf 88' lang='lat' dir='ltr'><strong><em>et</em></strong></span> <span class='ocrx_word' id='word_1_608' title='bbox 1860 3802 1995 3857; x_wconf 70' lang='lat' dir='ltr'><strong><em>dixit</em></strong></span> <span class='ocrx_word' id='word_1_609' title='bbox 2026 3800 2228 3855; x_wconf 84' lang='lat' dir='ltr'><strong><em>homini</em></strong></span> <span class='ocrx_word' id='word_1_610' title='bbox 2272 3797 2412 3855; x_wconf 89' lang='lat' dir='ltr'><strong><em>Dei:</em></strong></span> <span class='ocrx_word' id='word_1_611' title='bbox 2445 3798 2592 3870; x_wconf 81' lang='lat' dir='ltr'><strong><em>Roga</em></strong></span> <span class='ocrx_word' id='word_1_612' title='bbox 2630 3796 2647 3835; x_wconf 67' lang='grc' dir='ltr'><strong><em>τ</em></strong></span> <span class='ocrx_word' id='word_1_613' title='bbox 2677 3815 2708 3852; x_wconf 92' lang='lat' dir='ltr'><strong><em>a</em></strong></span> <span class='ocrx_word' id='word_1_614' title='bbox 2809 3813 2931 3858; x_wconf 86' lang='lat' dir='ltr'><strong><em>sunt</em></strong></span> <span class='ocrx_word' id='word_1_615' title='bbox 2961 3805 3014 3858; x_wconf 90' lang='lat' dir='ltr'><strong><em>in</em></strong></span> <span class='ocrx_word' id='word_1_616' title='bbox 3045 3805 3250 3859; x_wconf 82' lang='lat' dir='ltr'><strong><em>civitate</em></strong></span> <span class='ocrx_word' id='word_1_617' title='bbox 3274 3805 3369 3859; x_wconf 87' lang='lat' dir='ltr'><strong><em>ubi</em></strong></span> <span class='ocrx_word' id='word_1_618' title='bbox 3408 3806 3730 3875; x_wconf 79' lang='lat' dir='ltr'><strong><em>praplsetes</em></strong></span> <span class='ocrx_word' id='word_1_619' title='bbox 3763 3806 3963 3860; x_wconf 87' lang='lat' dir='ltr'><strong><em>senior</em></strong></span> <span class='ocrx_word' id='word_1_620' title='bbox 4009 3804 4021 3856; x_wconf 87' lang='lat' dir='ltr'><strong><em>i</em></strong></span> 
     </span>
    </p>
   </div>
   <div class='ocr_carea' id='block_1_39' title="bbox 1087 3894 3987 3970">
    <p class='ocr_par' dir='ltr' id='par_1_39' title="bbox 1087 3894 3987 3970">
     <span class='ocr_line' id='line_1_39' title="bbox 1087 3894 3987 3970; baseline -0 -17"><span class='ocrx_word' id='word_1_621' title='bbox 1087 3900 1221 3970; x_wconf 81' lang='lat' dir='ltr'><strong><em>[acie</em></strong></span> <span class='ocrx_word' id='word_1_622' title='bbox 1244 3897 1458 3954; x_wconf 81' lang='lat' dir='ltr'><strong><em>Domini</em></strong></span> <span class='ocrx_word' id='word_1_623' title='bbox 1484 3896 1578 3951; x_wconf 83' lang='lat' dir='ltr'><strong><em>Dei</em></strong></span> <span class='ocrx_word' id='word_1_624' title='bbox 1606 3897 1714 3959; x_wconf 89' lang='lat' dir='ltr'><strong><em>tui,</em></strong></span> <span class='ocrx_word' id='word_1_625' title='bbox 1748 3906 1803 3950; x_wconf 86' lang='lat' dir='ltr'><strong><em>ut</em></strong></span> <span class='ocrx_word' id='word_1_626' title='bbox 1825 3905 2110 3950; x_wconf 79' lang='lat' dir='ltr'><strong><em>revertatur</em></strong></span> <span class='ocrx_word' id='word_1_627' title='bbox 2140 3911 2328 3948; x_wconf 90' lang='lat' dir='ltr'><strong><em>manus</em></strong></span> <span class='ocrx_word' id='word_1_628' title='bbox 2359 3910 2473 3947; x_wconf 90' lang='lat' dir='ltr'><strong><em>mea</em></strong></span> <span class='ocrx_word' id='word_1_629' title='bbox 2504 3894 2573 3946; x_wconf 89' lang='lat' dir='ltr'><strong><em>ad</em></strong></span> <span class='ocrx_word' id='word_1_630' title='bbox 2604 3910 2705 3947; x_wconf 92' lang='lat' dir='ltr'><strong><em>me.</em></strong></span> <span class='ocrx_word' id='word_1_631' title='bbox 2811 3908 2858 3949; x_wconf 85' lang='lat' dir='ltr'><strong><em>et</em></strong></span> <span class='ocrx_word' id='word_1_632' title='bbox 2881 3912 2998 3950; x_wconf 85' lang='lat' dir='ltr'><strong><em>cum</em></strong></span> <span class='ocrx_word' id='word_1_633' title='bbox 3026 3898 3293 3952; x_wconf 87' lang='lat' dir='ltr'><strong><em>audissent</em></strong></span> <span class='ocrx_word' id='word_1_634' title='bbox 3317 3899 3418 3969; x_wconf 89' lang='lat' dir='ltr'><strong><em>qui</em></strong></span> <span class='ocrx_word' id='word_1_635' title='bbox 3452 3898 3827 3954; x_wconf 73' lang='lat' dir='ltr'><strong><em>reduxerant</em></strong></span> <span class='ocrx_word' id='word_1_636' title='bbox 3846 3915 3987 3954; x_wconf 84' lang='lat' dir='ltr'><strong><em>eum</em></strong></span> 
     </span>
    </p>
   </div>
   <div class='ocr_carea' id='block_1_40' title="bbox 1088 3986 2919 4064">
    <p class='ocr_par' dir='ltr' id='par_1_40' title="bbox 1088 3986 2919 4063">
     <span class='ocr_line' id='line_1_40' title="bbox 1088 3986 2919 4063; baseline -0.003 -18"><span class='ocrx_word' id='word_1_637' title='bbox 1088 3990 1159 4045; x_wconf 76' lang='lat' dir='ltr'><strong><em>Et</em></strong></span> <span class='ocrx_word' id='word_1_638' title='bbox 1186 3991 1388 4063; x_wconf 76' lang='lat' dir='ltr'><strong><em>rogarit</em></strong></span> <span class='ocrx_word' id='word_1_639' title='bbox 1413 3992 1566 4045; x_wconf 83' lang='lat' dir='ltr'><strong><em>homo</em></strong></span> <span class='ocrx_word' id='word_1_640' title='bbox 1621 3986 1721 4043; x_wconf 82' lang='lat' dir='ltr'><strong><em>Dei</em></strong></span> <span class='ocrx_word' id='word_1_641' title='bbox 1775 3990 1961 4059; x_wconf 81' lang='lat' dir='ltr'><strong><em>[aciem</em></strong></span> <span class='ocrx_word' id='word_1_642' title='bbox 2006 3986 2251 4053; x_wconf 86' lang='lat' dir='ltr'><strong><em>Domini,</em></strong></span> <span class='ocrx_word' id='word_1_643' title='bbox 2304 3998 2349 4041; x_wconf 91' lang='lat' dir='ltr'><strong><em>et</em></strong></span> <span class='ocrx_word' id='word_1_644' title='bbox 2395 4003 2599 4041; x_wconf 69' lang='lat' dir='ltr'><strong><em>reversa</em></strong></span> <span class='ocrx_word' id='word_1_645' title='bbox 2636 3996 2711 4041; x_wconf 86' lang='lat' dir='ltr'><strong><em>est</em></strong></span> <span class='ocrx_word' id='word_1_646' title='bbox 2812 4004 2919 4047; x_wconf 69' lang='lat' dir='ltr'><strong><em>est.</em></strong></span> 
     </span>
    </p>
   </div>
   <div class='ocr_carea' id='block_1_41' title="bbox 2188 3986 4019 4064">
    <p class='ocr_par' dir='ltr' id='par_1_41' title="bbox 2188 3989 4019 4064">
     <span class='ocr_line' id='line_1_41' title="bbox 2188 3989 4019 4064; baseline 0.002 -20"><span class='ocrx_word' id='word_1_647' title='bbox 2188 3989 2251 4053; x_wconf 78' lang='lat' dir='ltr'><strong><em>ii,</em></strong></span> <span class='ocrx_word' id='word_1_648' title='bbox 2304 3998 2349 4041; x_wconf 83' lang='lat' dir='ltr'><strong><em>et</em></strong></span> <span class='ocrx_word' id='word_1_649' title='bbox 2395 4003 2599 4041; x_wconf 65' lang='lat' dir='ltr'><strong><em>reversa</em></strong></span> <span class='ocrx_word' id='word_1_650' title='bbox 2636 3996 2711 4041; x_wconf 72' lang='grc' dir='ltr'><strong><em>εει</em></strong></span> <span class='ocrx_word' id='word_1_651' title='bbox 2812 4004 2884 4047; x_wconf 88' lang='lat' dir='ltr'><strong><em>est</em></strong></span> <span class='ocrx_word' id='word_1_652' title='bbox 2917 3997 3071 4046; x_wconf 88' lang='lat' dir='ltr'><strong><em>homo</em></strong></span> <span class='ocrx_word' id='word_1_653' title='bbox 3101 3992 3197 4048; x_wconf 89' lang='lat' dir='ltr'><strong><em>Dei</em></strong></span> <span class='ocrx_word' id='word_1_654' title='bbox 3219 3994 3311 4064; x_wconf 88' lang='lat' dir='ltr'><strong><em>qui</em></strong></span> <span class='ocrx_word' id='word_1_655' title='bbox 3348 3995 3739 4050; x_wconf 74' lang='lat' dir='ltr'><strong><em>exacerbavit</em></strong></span> <span class='ocrx_word' id='word_1_656' title='bbox 3773 3999 4019 4050; x_wconf 73' lang='lat' dir='ltr'><strong><em>verbum</em></strong></span> 
     </span>
    </p>
   </div>
   <div class='ocr_carea' id='block_1_42' title="bbox 1091 4081 4020 4163">
    <p class='ocr_par' dir='ltr' id='par_1_42' title="bbox 1091 4081 4020 4163">
     <span class='ocr_line' id='line_1_42' title="bbox 1091 4081 4020 4163; baseline 0.001 -23"><span class='ocrx_word' id='word_1_657' title='bbox 1091 4104 1277 4141; x_wconf 88' lang='lat' dir='ltr'><strong><em>manus</em></strong></span> <span class='ocrx_word' id='word_1_658' title='bbox 1309 4088 1446 4159; x_wconf 78' lang='lat' dir='ltr'><strong><em>regis</em></strong></span> <span class='ocrx_word' id='word_1_659' title='bbox 1475 4086 1546 4139; x_wconf 84' lang='lat' dir='ltr'><strong><em>ad</em></strong></span> <span class='ocrx_word' id='word_1_660' title='bbox 1576 4101 1690 4139; x_wconf 89' lang='lat' dir='ltr'><strong><em>eum</em></strong></span> <span class='ocrx_word' id='word_1_661' title='bbox 1715 4126 1727 4148; x_wconf 92' lang='lat'><strong><em>,</em></strong></span> <span class='ocrx_word' id='word_1_662' title='bbox 1757 4094 1805 4139; x_wconf 87' lang='lat' dir='ltr'><strong><em>et</em></strong></span> <span class='ocrx_word' id='word_1_663' title='bbox 1835 4087 1976 4155; x_wconf 81' lang='lat' dir='ltr'><strong><em>facta</em></strong></span> <span class='ocrx_word' id='word_1_664' title='bbox 2006 4093 2081 4138; x_wconf 87' lang='lat' dir='ltr'><strong><em>est</em></strong></span> <span class='ocrx_word' id='word_1_665' title='bbox 2112 4082 2553 4152; x_wconf 82' lang='lat' dir='ltr'><strong><em>quemadmodum</em></strong></span> <span class='ocrx_word' id='word_1_666' title='bbox 2606 4081 2714 4149; x_wconf 85' lang='lat' dir='ltr'><strong><em>pri-</em></strong></span> <span class='ocrx_word' id='word_1_667' title='bbox 2814 4097 2860 4141; x_wconf 88' lang='lat' dir='ltr'><strong><em>et</em></strong></span> <span class='ocrx_word' id='word_1_668' title='bbox 2887 4088 3078 4142; x_wconf 69' lang='lat' dir='ltr'><strong><em>iurauit</em></strong></span> <span class='ocrx_word' id='word_1_669' title='bbox 3098 4104 3288 4160; x_wconf 86' lang='lat' dir='ltr'><strong><em>corpus</em></strong></span> <span class='ocrx_word' id='word_1_670' title='bbox 3306 4092 3445 4162; x_wconf 83' lang='lat' dir='ltr'><strong><em>ejus</em></strong></span> <span class='ocrx_word' id='word_1_671' title='bbox 3479 4093 3837 4163; x_wconf 81' lang='lat' dir='ltr'><strong><em>projectum</em></strong></span> <span class='ocrx_word' id='word_1_672' title='bbox 3872 4089 3937 4142; x_wconf 85' lang='lat' dir='ltr'><strong><em>in</em></strong></span> <span class='ocrx_word' id='word_1_673' title='bbox 3970 4091 4020 4143; x_wconf 76' lang='lat' dir='ltr'><strong><em>vi</em></strong></span> 
     </span>
    </p>
   </div>
   <div class='ocr_carea' id='block_1_43' title="bbox 1088 4172 4017 4255">
    <p class='ocr_par' dir='ltr' id='par_1_43' title="bbox 1088 4172 4017 4255">
     <span class='ocr_line' id='line_1_43' title="bbox 1088 4172 4017 4255; baseline 0 -20"><span class='ocrx_word' id='word_1_674' title='bbox 1088 4198 1262 4240; x_wconf 84' lang='lat' dir='ltr'><strong><em>mum,</em></strong></span> <span class='ocrx_word' id='word_1_675' title='bbox 1310 4191 1353 4235; x_wconf 88' lang='lat' dir='ltr'><strong><em>et</em></strong></span> <span class='ocrx_word' id='word_1_676' title='bbox 1387 4182 1595 4233; x_wconf 83' lang='lat' dir='ltr'><strong><em>locutus</em></strong></span> <span class='ocrx_word' id='word_1_677' title='bbox 1637 4188 1711 4231; x_wconf 64' lang='lat' dir='ltr'><strong><em>ert</em></strong></span> <span class='ocrx_word' id='word_1_678' title='bbox 1760 4193 1850 4231; x_wconf 68' lang='lat' dir='ltr'><strong><em>res:</em></strong></span> <span class='ocrx_word' id='word_1_679' title='bbox 1893 4178 1962 4230; x_wconf 90' lang='lat' dir='ltr'><strong><em>ad</em></strong></span> <span class='ocrx_word' id='word_1_680' title='bbox 2022 4177 2280 4232; x_wconf 79' lang='lat' dir='ltr'><strong><em>hominem</em></strong></span> <span class='ocrx_word' id='word_1_681' title='bbox 2311 4172 2411 4229; x_wconf 88' lang='lat' dir='ltr'><strong><em>Dei</em></strong></span> <span class='ocrx_word' id='word_1_682' title='bbox 2435 4185 2483 4229; x_wconf 90' lang='lat' dir='ltr'><strong><em>et</em></strong></span> <span class='ocrx_word' id='word_1_683' title='bbox 2526 4174 2659 4227; x_wconf 72' lang='lat' dir='ltr'><strong><em>dixit</em></strong></span> <span class='ocrx_word' id='word_1_684' title='bbox 2692 4188 2711 4228; x_wconf 88' lang='lat'><strong><em>:</em></strong></span> <span class='ocrx_word' id='word_1_685' title='bbox 2811 4182 2976 4236; x_wconf 77' lang='lat' dir='ltr'><strong><em>stabat</em></strong></span> <span class='ocrx_word' id='word_1_686' title='bbox 3009 4198 3166 4250; x_wconf 84' lang='lat' dir='ltr'><strong><em>super</em></strong></span> <span class='ocrx_word' id='word_1_687' title='bbox 3188 4198 3400 4251; x_wconf 83' lang='lat' dir='ltr'><strong><em>corpus</em></strong></span> <span class='ocrx_word' id='word_1_688' title='bbox 3436 4186 3580 4255; x_wconf 84' lang='lat' dir='ltr'><strong><em>ejus</em></strong></span> <span class='ocrx_word' id='word_1_689' title='bbox 3604 4224 3623 4249; x_wconf 85' lang='lat'><strong><em>,</em></strong></span> <span class='ocrx_word' id='word_1_690' title='bbox 3660 4192 3720 4236; x_wconf 88' lang='lat' dir='ltr'><strong><em>et</em></strong></span> <span class='ocrx_word' id='word_1_691' title='bbox 3750 4183 3849 4237; x_wconf 88' lang='lat' dir='ltr'><strong><em>leo</em></strong></span> <span class='ocrx_word' id='word_1_692' title='bbox 3887 4198 4017 4235; x_wconf 81' lang='lat' dir='ltr'><strong><em>non</em></strong></span> 
     </span>
    </p>
   </div>
   <div class='ocr_carea' id='block_1_44' title="bbox 1090 4271 4019 4349">
    <p class='ocr_par' dir='ltr' id='par_1_44' title="bbox 1090 4271 4019 4349">
     <span class='ocr_line' id='line_1_44' title="bbox 1090 4271 4019 4349; baseline 0.001 -20"><span class='ocrx_word' id='word_1_693' title='bbox 1090 4275 1242 4330; x_wconf 86' lang='lat' dir='ltr'><strong><em>Iult&#39;tt</em></strong></span> <span class='ocrx_word' id='word_1_694' title='bbox 1275 4292 1473 4329; x_wconf 81' lang='lat' dir='ltr'><strong><em>merum</em></strong></span> <span class='ocrx_word' id='word_1_695' title='bbox 1501 4276 1554 4328; x_wconf 88' lang='lat' dir='ltr'><strong><em>in</em></strong></span> <span class='ocrx_word' id='word_1_696' title='bbox 1578 4277 1785 4328; x_wconf 89' lang='lat' dir='ltr'><strong><em>domum</em></strong></span> <span class='ocrx_word' id='word_1_697' title='bbox 1815 4284 1860 4325; x_wconf 90' lang='lat' dir='ltr'><strong><em>et</em></strong></span> <span class='ocrx_word' id='word_1_698' title='bbox 1880 4272 2079 4344; x_wconf 85' lang='lat' dir='ltr'><strong><em>prande</em></strong></span> <span class='ocrx_word' id='word_1_699' title='bbox 2101 4314 2114 4337; x_wconf 96' lang='lat'><strong><em>,</em></strong></span> <span class='ocrx_word' id='word_1_700' title='bbox 2135 4283 2179 4325; x_wconf 93' lang='lat' dir='ltr'><strong><em>et</em></strong></span> <span class='ocrx_word' id='word_1_701' title='bbox 2202 4271 2334 4325; x_wconf 87' lang='lat' dir='ltr'><strong><em>dabo</em></strong></span> <span class='ocrx_word' id='word_1_702' title='bbox 2364 4272 2455 4325; x_wconf 88' lang='lat' dir='ltr'><strong><em>tibi</em></strong></span> <span class='ocrx_word' id='word_1_703' title='bbox 2474 4285 2708 4330; x_wconf 85' lang='lat' dir='ltr'><strong><em>munera.</em></strong></span> <span class='ocrx_word' id='word_1_704' title='bbox 2814 4293 2976 4345; x_wconf 73' lang='lat' dir='ltr'><strong><em>neque</em></strong></span> <span class='ocrx_word' id='word_1_705' title='bbox 2997 4278 3212 4330; x_wconf 79' lang='lat' dir='ltr'><strong><em>insilivit</em></strong></span> <span class='ocrx_word' id='word_1_706' title='bbox 3238 4278 3298 4330; x_wconf 86' lang='lat' dir='ltr'><strong><em>in</em></strong></span> <span class='ocrx_word' id='word_1_707' title='bbox 3335 4278 3595 4331; x_wconf 84' lang='lat' dir='ltr'><strong><em>asinam</em></strong></span> <span class='ocrx_word' id='word_1_708' title='bbox 3642 4275 3858 4349; x_wconf 82' lang='lat' dir='ltr'><strong><em>(Ibid.</em></strong></span> <span class='ocrx_word' id='word_1_709' title='bbox 3890 4276 4019 4347; x_wconf 61' lang='lat' dir='ltr'><strong><em>i0)</em></strong></span> 
     </span>
    </p>
   </div>
   <div class='ocr_carea' id='block_1_45' title="bbox 1102 4364 4017 4438">
    <p class='ocr_par' dir='ltr' id='par_1_45' title="bbox 1102 4364 4017 4438">
     <span class='ocr_line' id='line_1_45' title="bbox 1102 4364 4017 4438; baseline -0 -13"><span class='ocrx_word' id='word_1_710' title='bbox 1102 4369 1170 4425; x_wconf 81' lang='lat' dir='ltr'><strong><em>Et</em></strong></span> <span class='ocrx_word' id='word_1_711' title='bbox 1194 4372 1326 4424; x_wconf 76' lang='lat' dir='ltr'><strong><em>dixit</em></strong></span> <span class='ocrx_word' id='word_1_712' title='bbox 1351 4372 1501 4423; x_wconf 88' lang='lat' dir='ltr'><strong><em>Itomo</em></strong></span> <span class='ocrx_word' id='word_1_713' title='bbox 1530 4368 1625 4422; x_wconf 86' lang='lat' dir='ltr'><strong><em>Dei</em></strong></span> <span class='ocrx_word' id='word_1_714' title='bbox 1656 4370 1723 4421; x_wconf 89' lang='lat' dir='ltr'><strong><em>ad</em></strong></span> <span class='ocrx_word' id='word_1_715' title='bbox 1750 4383 1921 4438; x_wconf 80' lang='lat' dir='ltr'><strong><em>regem</em></strong></span> <span class='ocrx_word' id='word_1_716' title='bbox 1955 4383 1973 4421; x_wconf 88' lang='lat'><strong><em>:</em></strong></span> <span class='ocrx_word' id='word_1_717' title='bbox 2024 4366 2135 4422; x_wconf 81' lang='lat' dir='ltr'><strong><em>Nec</em></strong></span> <span class='ocrx_word' id='word_1_718' title='bbox 2176 4368 2221 4420; x_wconf 86' lang='lat' dir='ltr'><strong><em>si</em></strong></span> <span class='ocrx_word' id='word_1_719' title='bbox 2260 4365 2390 4420; x_wconf 86' lang='lat' dir='ltr'><strong><em>mihi</em></strong></span> <span class='ocrx_word' id='word_1_720' title='bbox 2438 4364 2712 4418; x_wconf 85' lang='lat' dir='ltr'><strong><em>dimidiam</em></strong></span> <span class='ocrx_word' id='word_1_721' title='bbox 2812 4376 3088 4424; x_wconf 75' lang='lat' dir='ltr'><strong><em>sentatum</em></strong></span> <span class='ocrx_word' id='word_1_722' title='bbox 3138 4378 3258 4435; x_wconf 89' lang='lat' dir='ltr'><strong><em>est,</em></strong></span> <span class='ocrx_word' id='word_1_723' title='bbox 3310 4366 3341 4404; x_wconf 64' lang='grc' dir='ltr'>λ</span> <span class='ocrx_word' id='word_1_724' title='bbox 3419 4385 3551 4425; x_wconf 84' lang='lat' dir='ltr'><strong><em>cur</em></strong></span> <span class='ocrx_word' id='word_1_725' title='bbox 3587 4369 4017 4426; x_wconf 75' lang='lat' dir='ltr'><strong><em>manducass</em></strong></span> 
     </span>
    </p>
   </div>
   <div class='ocr_carea' id='block_1_46' title="bbox 1097 4444 4010 4535">
    <p class='ocr_par' dir='ltr' id='par_1_46' title="bbox 1097 4444 4010 4535">
     <span class='ocr_line' id='line_1_46' title="bbox 1097 4444 4010 4535; baseline 0.001 -19"><span class='ocrx_word' id='word_1_726' title='bbox 1097 4464 1255 4519; x_wconf 81' lang='lat' dir='ltr'><strong><em>dares</em></strong></span> <span class='ocrx_word' id='word_1_727' title='bbox 1286 4474 1309 4511; x_wconf 73' lang='grc' dir='ltr'><strong>Β</strong></span> <span class='ocrx_word' id='word_1_728' title='bbox 1335 4464 1545 4517; x_wconf 87' lang='lat' dir='ltr'><strong><em>domum</em></strong></span> <span class='ocrx_word' id='word_1_729' title='bbox 1570 4473 1746 4528; x_wconf 88' lang='lat' dir='ltr'><strong><em>tuam,</em></strong></span> <span class='ocrx_word' id='word_1_730' title='bbox 1779 4478 1881 4515; x_wconf 88' lang='lat' dir='ltr'><strong><em>non</em></strong></span> <span class='ocrx_word' id='word_1_731' title='bbox 1906 4461 2108 4514; x_wconf 88' lang='lat' dir='ltr'><strong><em>intrabo</em></strong></span> <span class='ocrx_word' id='word_1_732' title='bbox 2133 4470 2301 4514; x_wconf 84' lang='lat' dir='ltr'><strong><em>tecum</em></strong></span> <span class='ocrx_word' id='word_1_733' title='bbox 2326 4507 2338 4529; x_wconf 78' lang='grc'>,</span> <span class='ocrx_word' id='word_1_734' title='bbox 2375 4475 2469 4512; x_wconf 80' lang='lat' dir='ltr'><strong><em>nec</em></strong></span> <span class='ocrx_word' id='word_1_735' title='bbox 2494 4458 2714 4511; x_wconf 86' lang='lat' dir='ltr'><strong><em>mandu-</em></strong></span> <span class='ocrx_word' id='word_1_736' title='bbox 2814 4464 3142 4532; x_wconf 83' lang='lat' dir='ltr'><strong><em>Sumpsissct</em></strong></span> <span class='ocrx_word' id='word_1_737' title='bbox 3181 4444 3350 4532; x_wconf 69' lang='lat' dir='ltr'><strong><em>aqua:</em></strong></span> <span class='ocrx_word' id='word_1_738' title='bbox 3388 4463 3459 4517; x_wconf 86' lang='lat' dir='ltr'><strong><em>in</em></strong></span> <span class='ocrx_word' id='word_1_739' title='bbox 3495 4464 3663 4519; x_wconf 86' lang='lat' dir='ltr'><strong><em>loco</em></strong></span> <span class='ocrx_word' id='word_1_740' title='bbox 3698 4462 4010 4535; x_wconf 70' lang='lat' dir='ltr'><strong><em>profano</em></strong></span> 
     </span>
    </p>
   </div>
   <div class='ocr_carea' id='block_1_47' title="bbox 1092 4552 4020 4631">
    <p class='ocr_par' dir='ltr' id='par_1_47' title="bbox 1092 4552 4020 4631">
     <span class='ocr_line' id='line_1_47' title="bbox 1092 4552 4020 4631; baseline 0 -20"><span class='ocrx_word' id='word_1_741' title='bbox 1092 4560 1221 4613; x_wconf 81' lang='lat' dir='ltr'><strong><em>rabo</em></strong></span> <span class='ocrx_word' id='word_1_742' title='bbox 1247 4574 1467 4631; x_wconf 86' lang='lat' dir='ltr'><strong><em>panem,</em></strong></span> <span class='ocrx_word' id='word_1_743' title='bbox 1521 4573 1612 4611; x_wconf 86' lang='lat' dir='ltr'><strong><em>nec</em></strong></span> <span class='ocrx_word' id='word_1_744' title='bbox 1644 4554 1815 4609; x_wconf 78' lang='lat' dir='ltr'><strong><em>bibam</em></strong></span> <span class='ocrx_word' id='word_1_745' title='bbox 1846 4569 2031 4625; x_wconf 86' lang='lat' dir='ltr'><strong><em>aquam</em></strong></span> <span class='ocrx_word' id='word_1_746' title='bbox 2065 4556 2117 4608; x_wconf 90' lang='lat' dir='ltr'><strong><em>in</em></strong></span> <span class='ocrx_word' id='word_1_747' title='bbox 2156 4552 2255 4606; x_wconf 87' lang='lat' dir='ltr'><strong><em>hoc</em></strong></span> <span class='ocrx_word' id='word_1_748' title='bbox 2284 4553 2399 4607; x_wconf 91' lang='lat' dir='ltr'><strong><em>loco</em></strong></span> <span class='ocrx_word' id='word_1_749' title='bbox 2425 4595 2437 4616; x_wconf 95' lang='lat'><strong><em>,</em></strong></span> <span class='ocrx_word' id='word_1_750' title='bbox 2471 4555 2715 4623; x_wconf 88' lang='lat' dir='ltr'><strong><em>quoniam</em></strong></span> <span class='ocrx_word' id='word_1_751' title='bbox 2816 4554 3061 4625; x_wconf 81' lang='lat' dir='ltr'><strong><em>nigenas,</em></strong></span> <span class='ocrx_word' id='word_1_752' title='bbox 3091 4554 3220 4625; x_wconf 88' lang='lat' dir='ltr'><strong><em>quid</em></strong></span> <span class='ocrx_word' id='word_1_753' title='bbox 3252 4555 3455 4611; x_wconf 87' lang='lat' dir='ltr'><strong><em>nobis</em></strong></span> <span class='ocrx_word' id='word_1_754' title='bbox 3498 4565 4020 4627; x_wconf 60' lang='lat' dir='ltr'><strong><em>repraesentata</em></strong></span> 
     </span>
    </p>
   </div>
   <div class='ocr_carea' id='block_1_48' title="bbox 1086 4645 4018 4723">
    <p class='ocr_par' dir='ltr' id='par_1_48' title="bbox 1086 4645 4018 4723">
     <span class='ocr_line' id='line_1_48' title="bbox 1086 4645 4018 4723; baseline 0 -16"><span class='ocrx_word' id='word_1_755' title='bbox 1086 4655 1162 4709; x_wconf 85' lang='lat' dir='ltr'><strong><em>sic</em></strong></span> <span class='ocrx_word' id='word_1_756' title='bbox 1191 4654 1436 4723; x_wconf 77' lang='lat' dir='ltr'><strong><em>preecepit</em></strong></span> <span class='ocrx_word' id='word_1_757' title='bbox 1466 4650 1590 4705; x_wconf 88' lang='lat' dir='ltr'><strong><em>mihi</em></strong></span> <span class='ocrx_word' id='word_1_758' title='bbox 1617 4649 1873 4703; x_wconf 85' lang='lat' dir='ltr'><strong><em>Dominus</em></strong></span> <span class='ocrx_word' id='word_1_759' title='bbox 1908 4651 1958 4702; x_wconf 88' lang='lat' dir='ltr'><strong><em>in</em></strong></span> <span class='ocrx_word' id='word_1_760' title='bbox 1982 4648 2131 4703; x_wconf 83' lang='lat' dir='ltr'><strong><em>verba</em></strong></span> <span class='ocrx_word' id='word_1_761' title='bbox 2164 4648 2343 4702; x_wconf 86' lang='lat' dir='ltr'><strong><em>dicens</em></strong></span> <span class='ocrx_word' id='word_1_762' title='bbox 2372 4662 2390 4701; x_wconf 92' lang='lat'><strong><em>:</em></strong></span> <span class='ocrx_word' id='word_1_763' title='bbox 2418 4645 2543 4701; x_wconf 86' lang='lat' dir='ltr'><strong><em>Non</em></strong></span> <span class='ocrx_word' id='word_1_764' title='bbox 2567 4663 2711 4700; x_wconf 87' lang='lat' dir='ltr'><strong><em>man-</em></strong></span> <span class='ocrx_word' id='word_1_765' title='bbox 2816 4664 2962 4714; x_wconf 88' lang='lat' dir='ltr'><strong><em>cum,</em></strong></span> <span class='ocrx_word' id='word_1_766' title='bbox 2998 4666 3159 4721; x_wconf 77' lang='lat' dir='ltr'><strong><em>quem</em></strong></span> <span class='ocrx_word' id='word_1_767' title='bbox 3192 4652 3440 4707; x_wconf 86' lang='lat' dir='ltr'><strong><em>scimus</em></strong></span> <span class='ocrx_word' id='word_1_768' title='bbox 3505 4650 3961 4709; x_wconf 68' lang='lat' dir='ltr'><strong><em>haereticus“</em></strong></span> <span class='ocrx_word' id='word_1_769' title='bbox 4006 4694 4018 4718; x_wconf 77' lang='lat'><strong><em>,</em></strong></span> 
     </span>
    </p>
   </div>
   <div class='ocr_carea' id='block_1_49' title="bbox 1090 4731 4016 4818">
    <p class='ocr_par' dir='ltr' id='par_1_49' title="bbox 1090 4731 4016 4818">
     <span class='ocr_line' id='line_1_49' title="bbox 1090 4731 4016 4818; baseline -0.001 -14"><span class='ocrx_word' id='word_1_770' title='bbox 1090 4751 1303 4804; x_wconf 83' lang='lat' dir='ltr'><strong><em>tlucabis</em></strong></span> <span class='ocrx_word' id='word_1_771' title='bbox 1332 4764 1519 4818; x_wconf 84' lang='lat' dir='ltr'><strong><em>panem</em></strong></span> <span class='ocrx_word' id='word_1_772' title='bbox 1551 4757 1597 4802; x_wconf 91' lang='lat' dir='ltr'><strong><em>et</em></strong></span> <span class='ocrx_word' id='word_1_773' title='bbox 1626 4762 1728 4801; x_wconf 92' lang='lat' dir='ltr'><strong><em>non</em></strong></span> <span class='ocrx_word' id='word_1_774' title='bbox 1766 4746 1899 4800; x_wconf 87' lang='lat' dir='ltr'><strong><em>bibes</em></strong></span> <span class='ocrx_word' id='word_1_775' title='bbox 1930 4760 2148 4817; x_wconf 86' lang='lat' dir='ltr'><strong><em>aquam,</em></strong></span> <span class='ocrx_word' id='word_1_776' title='bbox 2207 4754 2254 4797; x_wconf 92' lang='lat' dir='ltr'><strong><em>et</em></strong></span> <span class='ocrx_word' id='word_1_777' title='bbox 2308 4761 2412 4798; x_wconf 88' lang='lat' dir='ltr'><strong><em>non</em></strong></span> <span class='ocrx_word' id='word_1_778' title='bbox 2439 4744 2704 4798; x_wconf 80' lang='lat' dir='ltr'><strong><em>reverteris</em></strong></span> <span class='ocrx_word' id='word_1_779' title='bbox 2732 4731 2783 4792; x_wconf 82' lang='grc' dir='ltr'><strong><em>Ι)</em></strong></span> <span class='ocrx_word' id='word_1_780' title='bbox 2812 4752 3127 4812; x_wconf 75' lang='lat' dir='ltr'><strong><em>negatorem</em></strong></span> <span class='ocrx_word' id='word_1_781' title='bbox 3154 4744 3308 4798; x_wconf 83' lang='lat' dir='ltr'><strong><em>unici</em></strong></span> <span class='ocrx_word' id='word_1_782' title='bbox 3342 4742 3528 4798; x_wconf 79' lang='lat' dir='ltr'><strong><em>Filii</em></strong></span> <span class='ocrx_word' id='word_1_783' title='bbox 3566 4742 3747 4812; x_wconf 75' lang='lat' dir='ltr'><strong><em>Dei,</em></strong></span> <span class='ocrx_word' id='word_1_784' title='bbox 3784 4753 3874 4799; x_wconf 76' lang='lat' dir='ltr'><strong><em>ut</em></strong></span> <span class='ocrx_word' id='word_1_785' title='bbox 3916 4743 4016 4800; x_wconf 81' lang='lat' dir='ltr'><strong><em>de</em></strong></span> 
     </span>
    </p>
   </div>
   <div class='ocr_carea' id='block_1_50' title="bbox 1090 4837 4019 4914">
    <p class='ocr_par' dir='ltr' id='par_1_50' title="bbox 1090 4837 4019 4914">
     <span class='ocr_line' id='line_1_50' title="bbox 1090 4837 4019 4914; baseline -0.002 -15"><span class='ocrx_word' id='word_1_786' title='bbox 1090 4848 1145 4899; x_wconf 88' lang='lat' dir='ltr'><strong><em>in</em></strong></span> <span class='ocrx_word' id='word_1_787' title='bbox 1187 4846 1269 4898; x_wconf 87' lang='lat' dir='ltr'><strong><em>via</em></strong></span> <span class='ocrx_word' id='word_1_788' title='bbox 1307 4861 1408 4914; x_wconf 86' lang='lat' dir='ltr'><strong><em>qua</em></strong></span> <span class='ocrx_word' id='word_1_789' title='bbox 1455 4844 1553 4897; x_wconf 86' lang='lat' dir='ltr'><strong><em>ibis</em></strong></span> <span class='ocrx_word' id='word_1_790' title='bbox 1601 4846 1655 4896; x_wconf 87' lang='lat' dir='ltr'><strong><em>in</em></strong></span> <span class='ocrx_word' id='word_1_791' title='bbox 1709 4859 1772 4895; x_wconf 91' lang='lat' dir='ltr'><strong><em>ea</em></strong></span> <span class='ocrx_word' id='word_1_792' title='bbox 1803 4840 1990 4912; x_wconf 86' lang='lat' dir='ltr'><strong><em>(Ibid.</em></strong></span> <span class='ocrx_word' id='word_1_793' title='bbox 2019 4841 2059 4911; x_wconf 94' lang='lat'><strong><em>).</em></strong></span> <span class='ocrx_word' id='word_1_794' title='bbox 2087 4838 2375 4909; x_wconf 71' lang='lat' dir='ltr'><strong><em>Quomodo</em></strong></span> <span class='ocrx_word' id='word_1_795' title='bbox 2424 4840 2705 4893; x_wconf 75' lang='lat' dir='ltr'><strong><em>vobiscum</em></strong></span> <span class='ocrx_word' id='word_1_796' title='bbox 2816 4853 2936 4891; x_wconf 82' lang='lat' dir='ltr'><strong>IIIIIS</strong></span> <span class='ocrx_word' id='word_1_797' title='bbox 2966 4837 3280 4893; x_wconf 83' lang='lat' dir='ltr'><strong><em>amicitias?</em></strong></span> <span class='ocrx_word' id='word_1_798' title='bbox 3310 4838 3373 4893; x_wconf 79' lang='lat' dir='ltr'><strong><em>si</em></strong></span> <span class='ocrx_word' id='word_1_799' title='bbox 3421 4838 3844 4893; x_wconf 79' lang='lat' dir='ltr'><strong><em>vobiscum</em></strong></span> <span class='ocrx_word' id='word_1_800' title='bbox 3900 4839 4019 4893; x_wconf 61' lang='lat' dir='ltr'><strong><em>Ar&#39;</em></strong></span> 
     </span>
    </p>
   </div>
   <div class='ocr_carea' id='block_1_51' title="bbox 1094 4930 3996 5013">
    <p class='ocr_par' dir='ltr' id='par_1_51' title="bbox 1094 4930 3996 5013">
     <span class='ocr_line' id='line_1_51' title="bbox 1094 4930 3996 5013; baseline -0.002 -22"><span class='ocrx_word' id='word_1_801' title='bbox 1094 4951 1455 5013; x_wconf 79' lang='lat' dir='ltr'><strong><em>potueramus</em></strong></span> <span class='ocrx_word' id='word_1_802' title='bbox 1476 4937 1777 4994; x_wconf 79' lang='lat' dir='ltr'><strong><em>convenire</em></strong></span> <span class='ocrx_word' id='word_1_803' title='bbox 1816 4935 1881 4990; x_wconf 89' lang='lat' dir='ltr'><strong><em>ad</em></strong></span> <span class='ocrx_word' id='word_1_804' title='bbox 1932 4936 2097 4990; x_wconf 88' lang='lat' dir='ltr'><strong><em>Deum</em></strong></span> <span class='ocrx_word' id='word_1_805' title='bbox 2146 4933 2537 4989; x_wconf 70' lang='lat' dir='ltr'><strong><em>adorandum?</em></strong></span> <span class='ocrx_word' id='word_1_806' title='bbox 2584 4950 2705 4989; x_wconf 88' lang='lat' dir='ltr'><strong><em>cum</em></strong></span> <span class='ocrx_word' id='word_1_807' title='bbox 2812 4933 2970 4987; x_wconf 88' lang='lat' dir='ltr'><strong><em>mus?</em></strong></span> <span class='ocrx_word' id='word_1_808' title='bbox 2996 4932 3038 4985; x_wconf 89' lang='lat' dir='ltr'><strong><em>si</em></strong></span> <span class='ocrx_word' id='word_1_809' title='bbox 3072 4932 3326 5003; x_wconf 81' lang='lat' dir='ltr'><strong><em>denique</em></strong></span> <span class='ocrx_word' id='word_1_810' title='bbox 3367 4947 3653 5003; x_wconf 79' lang='lat' dir='ltr'><strong><em>passos</em></strong></span> <span class='ocrx_word' id='word_1_811' title='bbox 3718 4947 3871 4988; x_wconf 88' lang='lat' dir='ltr'><strong><em>nos</em></strong></span> <span class='ocrx_word' id='word_1_812' title='bbox 3919 4930 3996 4987; x_wconf 78' lang='lat' dir='ltr'><strong><em>fu</em></strong></span> 
     </span>
    </p>
   </div>
   <div class='ocr_carea' id='block_1_52' title="bbox 1094 5026 3977 5103">
    <p class='ocr_par' dir='ltr' id='par_1_52' title="bbox 1094 5026 3977 5103">
     <span class='ocr_line' id='line_1_52' title="bbox 1094 5026 3977 5103; baseline -0.003 -12"><span class='ocrx_word' id='word_1_813' title='bbox 1094 5036 1195 5091; x_wconf 74' lang='lat' dir='ltr'><strong><em>iste</em></strong></span> <span class='ocrx_word' id='word_1_814' title='bbox 1227 5036 1390 5089; x_wconf 90' lang='lat' dir='ltr'><strong><em>homo</em></strong></span> <span class='ocrx_word' id='word_1_815' title='bbox 1423 5033 1515 5088; x_wconf 89' lang='lat' dir='ltr'><strong><em>Dei</em></strong></span> <span class='ocrx_word' id='word_1_816' title='bbox 1547 5030 1643 5103; x_wconf 82' lang='lat' dir='ltr'><strong><em>qui</em></strong></span> <span class='ocrx_word' id='word_1_817' title='bbox 1688 5046 1715 5083; x_wconf 83' lang='lat' dir='ltr'><strong><em>a</em></strong></span> <span class='ocrx_word' id='word_1_818' title='bbox 1766 5030 1875 5085; x_wconf 83' lang='lat' dir='ltr'><strong><em>Deo</em></strong></span> <span class='ocrx_word' id='word_1_819' title='bbox 1921 5027 2321 5100; x_wconf 70' lang='lat' dir='ltr'><strong><em>obiurgandum</em></strong></span> <span class='ocrx_word' id='word_1_820' title='bbox 2381 5026 2705 5083; x_wconf 87' lang='lat' dir='ltr'><strong><em>llieroboam</em></strong></span> <span class='ocrx_word' id='word_1_821' title='bbox 2809 5028 3155 5085; x_wconf 88' lang='lat' dir='ltr'><strong><em>celebramus</em></strong></span> <span class='ocrx_word' id='word_1_822' title='bbox 3182 5026 3454 5083; x_wconf 82' lang='lat' dir='ltr'><strong><em>Domini</em></strong></span> <span class='ocrx_word' id='word_1_823' title='bbox 3503 5026 3977 5083; x_wconf 77' lang='lat' dir='ltr'><strong><em>sacerdotes</em></strong></span> 
     </span>
    </p>
   </div>
   <div class='ocr_carea' id='block_1_53' title="bbox 1094 5122 3964 5199">
    <p class='ocr_par' dir='ltr' id='par_1_53' title="bbox 1094 5122 3964 5199">
     <span class='ocr_line' id='line_1_53' title="bbox 1094 5122 3964 5199; baseline -0.002 -17"><span class='ocrx_word' id='word_1_824' title='bbox 1094 5145 1278 5199; x_wconf 72' lang='lat' dir='ltr'><strong><em>regem</em></strong></span> <span class='ocrx_word' id='word_1_825' title='bbox 1311 5128 1489 5181; x_wconf 78' lang='lat' dir='ltr'><strong><em>fuerat</em></strong></span> <span class='ocrx_word' id='word_1_826' title='bbox 1536 5126 1771 5189; x_wconf 83' lang='lat' dir='ltr'><strong><em>missus,</em></strong></span> <span class='ocrx_word' id='word_1_827' title='bbox 1800 5122 2060 5194; x_wconf 84' lang='lat' dir='ltr'><strong><em>quoniam</em></strong></span> <span class='ocrx_word' id='word_1_828' title='bbox 2106 5138 2203 5193; x_wconf 83' lang='lat' dir='ltr'><strong><em>per</em></strong></span> <span class='ocrx_word' id='word_1_829' title='bbox 2234 5122 2385 5177; x_wconf 88' lang='lat' dir='ltr'><strong><em>illum</em></strong></span> <span class='ocrx_word' id='word_1_830' title='bbox 2410 5122 2499 5193; x_wconf 86' lang='lat' dir='ltr'><strong><em>qui</em></strong></span> <span class='ocrx_word' id='word_1_831' title='bbox 2531 5123 2710 5178; x_wconf 87' lang='lat' dir='ltr'><strong><em>dictus</em></strong></span> <span class='ocrx_word' id='word_1_832' title='bbox 2810 5126 2891 5195; x_wconf 82' lang='lat' dir='ltr'><strong><em>pls</em></strong></span> <span class='ocrx_word' id='word_1_833' title='bbox 2929 5123 3149 5179; x_wconf 74' lang='lat' dir='ltr'><strong><em>Arianis</em></strong></span> <span class='ocrx_word' id='word_1_834' title='bbox 3190 5124 3307 5177; x_wconf 86' lang='lat' dir='ltr'><strong><em>tuis</em></strong></span> <span class='ocrx_word' id='word_1_835' title='bbox 3341 5122 3766 5178; x_wconf 78' lang='lat' dir='ltr'><strong><em>celebrare</em></strong></span> <span class='ocrx_word' id='word_1_836' title='bbox 3792 5122 3828 5175; x_wconf 69' lang='grc' dir='ltr'><em>τ</em></span> <span class='ocrx_word' id='word_1_837' title='bbox 3896 5122 3964 5177; x_wconf 84' lang='lat' dir='ltr'><strong><em>lr</em></strong></span> 
     </span>
    </p>
   </div>
   <div class='ocr_carea' id='block_1_54' title="bbox 1095 5215 3944 5288">
    <p class='ocr_par' dir='ltr' id='par_1_54' title="bbox 1095 5215 3944 5288">
     <span class='ocr_line' id='line_1_54' title="bbox 1095 5215 3944 5288; baseline -0.001 -12"><span class='ocrx_word' id='word_1_838' title='bbox 1095 5230 1181 5276; x_wconf 79' lang='lat' dir='ltr'><strong><em>est</em></strong></span> <span class='ocrx_word' id='word_1_839' title='bbox 1226 5221 1533 5288; x_wconf 70' lang='lat' dir='ltr'><strong><em>Pronltela,</em></strong></span> <span class='ocrx_word' id='word_1_840' title='bbox 1596 5216 2047 5285; x_wconf 85' lang='lat' dir='ltr'><strong><em>circumscriptus</em></strong></span> <span class='ocrx_word' id='word_1_841' title='bbox 2105 5215 2312 5282; x_wconf 80' lang='lat' dir='ltr'><strong><em>fuerit,</em></strong></span> <span class='ocrx_word' id='word_1_842' title='bbox 2363 5226 2469 5271; x_wconf 87' lang='lat' dir='ltr'><strong><em>tam</em></strong></span> <span class='ocrx_word' id='word_1_843' title='bbox 2530 5216 2711 5287; x_wconf 80' lang='lat' dir='ltr'><strong><em>gravis</em></strong></span> <span class='ocrx_word' id='word_1_844' title='bbox 2810 5234 2912 5273; x_wconf 86' lang='lat' dir='ltr'><strong><em>nus</em></strong></span> <span class='ocrx_word' id='word_1_845' title='bbox 2959 5216 3601 5273; x_wconf 86' lang='lat' dir='ltr'><strong><em>circumscribendos</em></strong></span> <span class='ocrx_word' id='word_1_846' title='bbox 3676 5218 3944 5273; x_wconf 83' lang='lat' dir='ltr'><strong><em>immis</em></strong></span> 
     </span>
    </p>
   </div>
   <div class='ocr_carea' id='block_1_55' title="bbox 1093 5308 3921 5383">
    <p class='ocr_par' dir='ltr' id='par_1_55' title="bbox 1093 5308 3921 5383">
     <span class='ocr_line' id='line_1_55' title="bbox 1093 5308 3921 5383; baseline -0.001 -14"><span class='ocrx_word' id='word_1_847' title='bbox 1093 5313 1236 5369; x_wconf 89' lang='lat' dir='ltr'><strong><em>circa</em></strong></span> <span class='ocrx_word' id='word_1_848' title='bbox 1266 5313 1416 5366; x_wconf 88' lang='lat' dir='ltr'><strong><em>illum</em></strong></span> <span class='ocrx_word' id='word_1_849' title='bbox 1448 5310 1685 5365; x_wconf 73' lang='lat' dir='ltr'><strong><em>vindicta</em></strong></span> <span class='ocrx_word' id='word_1_850' title='bbox 1714 5308 2066 5381; x_wconf 80' lang='lat' dir='ltr'><strong><em>processerit.</em></strong></span> <span class='ocrx_word' id='word_1_851' title='bbox 2104 5308 2169 5363; x_wconf 86' lang='lat' dir='ltr'><strong><em>Et</em></strong></span> <span class='ocrx_word' id='word_1_852' title='bbox 2200 5310 2323 5362; x_wconf 83' lang='lat' dir='ltr'><strong><em>abiit</em></strong></span> <span class='ocrx_word' id='word_1_853' title='bbox 2351 5352 2364 5373; x_wconf 89' lang='lat'><strong><em>,</em></strong></span> <span class='ocrx_word' id='word_1_854' title='bbox 2394 5310 2566 5381; x_wconf 84' lang='lat' dir='ltr'><strong><em>inquit</em></strong></span> <span class='ocrx_word' id='word_1_855' title='bbox 2591 5319 2715 5381; x_wconf 81' lang='lat' dir='ltr'><strong><em>post</em></strong></span> <span class='ocrx_word' id='word_1_856' title='bbox 2812 5312 3092 5369; x_wconf 85' lang='lat' dir='ltr'><strong><em>hominem</em></strong></span> <span class='ocrx_word' id='word_1_857' title='bbox 3125 5310 3302 5365; x_wconf 75' lang='lat' dir='ltr'><strong><em>fuerit</em></strong></span> <span class='ocrx_word' id='word_1_858' title='bbox 3332 5311 3463 5365; x_wconf 72' lang='lat' dir='ltr'><strong><em>ille</em></strong></span> <span class='ocrx_word' id='word_1_859' title='bbox 3510 5310 3921 5383; x_wconf 83' lang='lat' dir='ltr'><strong><em>pseudopr</em></strong></span> 
     </span>
    </p>
   </div>
   <div class='ocr_carea' id='block_1_56' title="bbox 1099 5403 3907 5476">
    <p class='ocr_par' dir='ltr' id='par_1_56' title="bbox 1099 5403 3907 5476">
     <span class='ocr_line' id='line_1_56' title="bbox 1099 5403 3907 5476; baseline -0 -13"><span class='ocrx_word' id='word_1_860' title='bbox 1099 5409 1215 5463; x_wconf 73' lang='lat' dir='ltr'><strong><em>base</em></strong></span> <span class='ocrx_word' id='word_1_861' title='bbox 1243 5408 1524 5475; x_wconf 84' lang='lat' dir='ltr'><strong><em>Scriptura</em></strong></span> <span class='ocrx_word' id='word_1_862' title='bbox 1557 5406 1623 5459; x_wconf 85' lang='lat' dir='ltr'><strong><em>de</em></strong></span> <span class='ocrx_word' id='word_1_863' title='bbox 1652 5405 1745 5458; x_wconf 85' lang='lat' dir='ltr'><strong><em>illo</em></strong></span> <span class='ocrx_word' id='word_1_864' title='bbox 1773 5403 1995 5459; x_wconf 87' lang='lat' dir='ltr'><strong><em>homine</em></strong></span> <span class='ocrx_word' id='word_1_865' title='bbox 2018 5403 2151 5469; x_wconf 83' lang='lat' dir='ltr'><strong><em>Dei,</em></strong></span> <span class='ocrx_word' id='word_1_866' title='bbox 2175 5419 2267 5473; x_wconf 86' lang='lat' dir='ltr'><strong><em>per</em></strong></span> <span class='ocrx_word' id='word_1_867' title='bbox 2293 5404 2451 5457; x_wconf 88' lang='lat' dir='ltr'><strong><em>aliam</em></strong></span> <span class='ocrx_word' id='word_1_868' title='bbox 2478 5406 2611 5459; x_wconf 84' lang='lat' dir='ltr'><strong><em>viam</em></strong></span> <span class='ocrx_word' id='word_1_869' title='bbox 2631 5448 2643 5472; x_wconf 90' lang='lat'><strong><em>,</em></strong></span> <span class='ocrx_word' id='word_1_870' title='bbox 2666 5415 2712 5460; x_wconf 91' lang='lat' dir='ltr'><strong><em>et</em></strong></span> <span class='ocrx_word' id='word_1_871' title='bbox 2809 5420 2962 5462; x_wconf 84' lang='lat' dir='ltr'><strong><em>actus</em></strong></span> <span class='ocrx_word' id='word_1_872' title='bbox 3007 5415 3128 5460; x_wconf 89' lang='lat' dir='ltr'><strong><em>tuos</em></strong></span> <span class='ocrx_word' id='word_1_873' title='bbox 3178 5421 3621 5476; x_wconf 82' lang='lat' dir='ltr'><strong><em>cognoscere</em></strong></span> <span class='ocrx_word' id='word_1_874' title='bbox 3690 5422 3907 5462; x_wconf 79' lang='lat' dir='ltr'><strong><em>amat</em></strong></span> 
     </span>
    </p>
   </div>
   <div class='ocr_carea' id='block_1_57' title="bbox 1098 5498 3879 5572">
    <p class='ocr_par' dir='ltr' id='par_1_57' title="bbox 1098 5498 3879 5572">
     <span class='ocr_line' id='line_1_57' title="bbox 1098 5498 3879 5572; baseline -0.001 -12"><span class='ocrx_word' id='word_1_875' title='bbox 1098 5524 1199 5560; x_wconf 90' lang='lat' dir='ltr'><strong><em>non</em></strong></span> <span class='ocrx_word' id='word_1_876' title='bbox 1250 5513 1325 5558; x_wconf 88' lang='lat' dir='ltr'><strong><em>est</em></strong></span> <span class='ocrx_word' id='word_1_877' title='bbox 1366 5518 1604 5555; x_wconf 69' lang='lat' dir='ltr'><strong><em>reversus</em></strong></span> <span class='ocrx_word' id='word_1_878' title='bbox 1635 5518 1725 5571; x_wconf 80' lang='lat' dir='ltr'><strong><em>per</em></strong></span> <span class='ocrx_word' id='word_1_879' title='bbox 1754 5503 1886 5554; x_wconf 83' lang='lat' dir='ltr'><strong><em>viam</em></strong></span> <span class='ocrx_word' id='word_1_880' title='bbox 1910 5518 2010 5571; x_wconf 85' lang='lat' dir='ltr'><strong><em>qua</em></strong></span> <span class='ocrx_word' id='word_1_881' title='bbox 2041 5509 2247 5555; x_wconf 72' lang='lat' dir='ltr'><strong><em>venerat</em></strong></span> <span class='ocrx_word' id='word_1_882' title='bbox 2291 5504 2343 5553; x_wconf 88' lang='lat' dir='ltr'><strong><em>in</em></strong></span> <span class='ocrx_word' id='word_1_883' title='bbox 2392 5498 2610 5567; x_wconf 87' lang='lat' dir='ltr'><strong><em>Bethel,</em></strong></span> <span class='ocrx_word' id='word_1_884' title='bbox 2663 5512 2713 5557; x_wconf 86' lang='lat' dir='ltr'><strong><em>et</em></strong></span> <span class='ocrx_word' id='word_1_885' title='bbox 2814 5516 2938 5558; x_wconf 89' lang='lat' dir='ltr'><strong><em>cum</em></strong></span> <span class='ocrx_word' id='word_1_886' title='bbox 2988 5498 3184 5555; x_wconf 70' lang='lat' dir='ltr'><strong><em>fuisset</em></strong></span> <span class='ocrx_word' id='word_1_887' title='bbox 3236 5500 3879 5572; x_wconf 81' lang='lat' dir='ltr'><strong><em>pseudOprOphet</em></strong></span> 
     </span>
    </p>
   </div>
   <div class='ocr_carea' id='block_1_58' title="bbox 1168 5636 3790 5709">
    <p class='ocr_par' dir='ltr' id='par_1_58' title="bbox 1168 5636 3790 5709">
     <span class='ocr_line' id='line_1_58' title="bbox 1168 5636 3790 5709; baseline -0.001 -16"><span class='ocrx_word' id='word_1_888' title='bbox 1168 5653 1191 5679; x_wconf 73' lang='grc' dir='ltr'><strong><em>ει</em></strong></span> <span class='ocrx_word' id='word_1_889' title='bbox 1220 5643 1374 5696; x_wconf 73' lang='lat' dir='ltr'><strong><em>Vers.</em></strong></span> <span class='ocrx_word' id='word_1_890' title='bbox 1412 5644 1538 5695; x_wconf 78' lang='lat' dir='ltr'><strong><em>Ant.</em></strong></span> <span class='ocrx_word' id='word_1_891' title='bbox 1582 5651 1630 5693; x_wconf 89' lang='lat' dir='ltr'><strong><em>et</em></strong></span> <span class='ocrx_word' id='word_1_892' title='bbox 1697 5637 1923 5709; x_wconf 73' lang='lat' dir='ltr'><strong><em>domum</em></strong></span> <span class='ocrx_word' id='word_1_893' title='bbox 1966 5649 2237 5703; x_wconf 81' lang='lat' dir='ltr'><strong><em>paternam</em></strong></span> <span class='ocrx_word' id='word_1_894' title='bbox 2279 5638 2428 5709; x_wconf 85' lang='lat' dir='ltr'><strong><em>ejus,</em></strong></span> <span class='ocrx_word' id='word_1_895' title='bbox 2485 5636 2706 5693; x_wconf 78' lang='lat' dir='ltr'><strong><em>Lucifer</em></strong></span> <span class='ocrx_word' id='word_1_896' title='bbox 2891 5648 2913 5709; x_wconf 57' lang='grc' dir='ltr'><strong><em>ς</em></strong></span> <span class='ocrx_word' id='word_1_897' title='bbox 2947 5636 3028 5709; x_wconf 76' lang='lat' dir='ltr'><strong><em>ll).</em></strong></span> <span class='ocrx_word' id='word_1_898' title='bbox 3054 5636 3253 5709; x_wconf 76' lang='lat' dir='ltr'><strong><em>legitur</em></strong></span> <span class='ocrx_word' id='word_1_899' title='bbox 3291 5638 3790 5708; x_wconf 80' lang='lat' dir='ltr'><strong><em>sacriﬁcium.</em></strong></span> 
     </span>
    </p>
   </div>
   <div class='ocr_carea' id='block_1_59' title="bbox 1096 5706 2927 5772">
    <p class='ocr_par' dir='ltr' id='par_1_59' title="bbox 1096 5706 2909 5772">
     <span class='ocr_line' id='line_1_59' title="bbox 1096 5706 2909 5772; baseline -0.004 -2"><span class='ocrx_word' id='word_1_900' title='bbox 1096 5731 1219 5772; x_wconf 89' lang='lat' dir='ltr'><strong><em>eum</em></strong></span> <span class='ocrx_word' id='word_1_901' title='bbox 1253 5714 1428 5769; x_wconf 58' lang='lat' dir='ltr'><strong><em>Grmc.</em></strong></span> <span class='ocrx_word' id='word_1_902' title='bbox 1464 5715 1547 5768; x_wconf 77' lang='grc' dir='ltr'><strong><em>καὶ</em></strong></span> <span class='ocrx_word' id='word_1_903' title='bbox 1574 5714 1744 5769; x_wconf 81' lang='grc' dir='ltr'>πάντα</span> <span class='ocrx_word' id='word_1_904' title='bbox 1765 5713 1849 5767; x_wconf 76' lang='grc' dir='ltr'><strong><em>τὸν</em></strong></span> <span class='ocrx_word' id='word_1_905' title='bbox 1878 5706 2025 5765; x_wconf 79' lang='grc' dir='ltr'><strong><em>οἶκον.</em></strong></span> <span class='ocrx_word' id='word_1_906' title='bbox 2299 5706 2312 5709; x_wconf 49' lang='grc'>⁷</span> <span class='ocrx_word' id='word_1_907' title='bbox 2891 5708 2909 5748; x_wconf 71' lang='grc' dir='ltr'>ί</span> 
     </span>
    </p>
   </div>
   <div class='ocr_carea' id='block_1_60' title="bbox 2008 5706 3839 5772">
    <p class='ocr_par' dir='ltr' id='par_1_60' title="bbox 2014 5706 3839 5765">
     <span class='ocr_line' id='line_1_60' title="bbox 2014 5706 3839 5765; baseline -0.001 0"><span class='ocrx_word' id='word_1_908' title='bbox 2014 5752 2025 5765; x_wconf 94' lang='grc'><strong>.</strong></span> <span class='ocrx_word' id='word_1_909' title='bbox 2299 5706 2312 5709; x_wconf 57' lang='grc'>⁷</span> <span class='ocrx_word' id='word_1_910' title='bbox 2891 5708 2909 5748; x_wconf 70' lang='grc' dir='ltr'>ί</span> <span class='ocrx_word' id='word_1_911' title='bbox 2948 5707 3181 5763; x_wconf 80' lang='lat' dir='ltr'><strong><em>Faciem.</em></strong></span> <span class='ocrx_word' id='word_1_912' title='bbox 3210 5706 3435 5765; x_wconf 80' lang='lat' dir='ltr'><strong><em>Latin.</em></strong></span> <span class='ocrx_word' id='word_1_913' title='bbox 3484 5706 3571 5765; x_wconf 74' lang='lat' dir='ltr'><strong><em>tu</em></strong></span> <span class='ocrx_word' id='word_1_914' title='bbox 3604 5709 3683 5763; x_wconf 84' lang='lat' dir='ltr'><strong><em>in</em></strong></span> <span class='ocrx_word' id='word_1_915' title='bbox 3726 5706 3839 5763; x_wconf 85' lang='lat' dir='ltr'><strong><em>lib</em></strong></span> 
     </span>
    </p>
   </div>
   <div class='ocr_carea' id='block_1_61' title="bbox 1169 5782 3000 5865">
    <p class='ocr_par' dir='ltr' id='par_1_61' title="bbox 1169 5782 3000 5865">
     <span class='ocr_line' id='line_1_61' title="bbox 1169 5782 3000 5865; baseline -0.003 -25"><span class='ocrx_word' id='word_1_916' title='bbox 1169 5787 1193 5825; x_wconf 71' lang='grc' dir='ltr'>δ</span> <span class='ocrx_word' id='word_1_917' title='bbox 1225 5787 1329 5865; x_wconf 67' lang='lat' dir='ltr'><strong><em>[’ro</em></strong></span> <span class='ocrx_word' id='word_1_918' title='bbox 1359 5789 1708 5865; x_wconf 66' lang='lat' dir='ltr'><strong><em>anathemate.</em></strong></span> <span class='ocrx_word' id='word_1_919' title='bbox 1739 5782 1936 5865; x_wconf 56' lang='lat' dir='ltr'><strong><em>Tillus.</em></strong></span> <span class='ocrx_word' id='word_1_920' title='bbox 1973 5855 1984 5865; x_wconf 81' lang='lat'>_</span> <span class='ocrx_word' id='word_1_921' title='bbox 2053 5856 2067 5865; x_wconf 80' lang='lat'><em>_</em></span> <span class='ocrx_word' id='word_1_922' title='bbox 2095 5856 2108 5865; x_wconf 80' lang='lat'><em>_</em></span> <span class='ocrx_word' id='word_1_923' title='bbox 2350 5854 2381 5865; x_wconf 48' lang='lat' dir='ltr'><strong>ﬂ</strong></span> <span class='ocrx_word' id='word_1_924' title='bbox 2446 5855 2459 5865; x_wconf 80' lang='lat'>_</span> <span class='ocrx_word' id='word_1_925' title='bbox 2508 5854 2518 5865; x_wconf 44' lang='lat' dir='ltr'><strong>I</strong></span> <span class='ocrx_word' id='word_1_926' title='bbox 2812 5782 3000 5865; x_wconf 53' lang='lat'><strong><em>8:159:95:</em></strong></span> 
     </span>
    </p>
   </div>
   <div class='ocr_carea' id='block_1_62' title="bbox 1714 5782 3545 5865">
    <p class='ocr_par' dir='ltr' id='par_1_62' title="bbox 1739 5782 3545 5865">
     <span class='ocr_line' id='line_1_62' title="bbox 1739 5782 3545 5865; baseline -0.002 -26"><span class='ocrx_word' id='word_1_927' title='bbox 1739 5782 1936 5865; x_wconf 58' lang='lat' dir='ltr'><strong><em>Tilius.</em></strong></span> <span class='ocrx_word' id='word_1_928' title='bbox 1973 5855 1984 5865; x_wconf 78' lang='lat'>_</span> <span class='ocrx_word' id='word_1_929' title='bbox 2053 5856 2067 5865; x_wconf 77' lang='lat'><em>_</em></span> <span class='ocrx_word' id='word_1_930' title='bbox 2095 5856 2108 5865; x_wconf 77' lang='lat'><em>_</em></span> <span class='ocrx_word' id='word_1_931' title='bbox 2350 5854 2381 5865; x_wconf 48' lang='lat' dir='ltr'><strong>ﬂ</strong></span> <span class='ocrx_word' id='word_1_932' title='bbox 2446 5855 2459 5865; x_wconf 76' lang='lat'>_</span> <span class='ocrx_word' id='word_1_933' title='bbox 2508 5854 2518 5865; x_wconf 47' lang='grc' dir='ltr'><strong>Ι</strong></span> <span class='ocrx_word' id='word_1_934' title='bbox 2812 5782 3012 5865; x_wconf 55' lang='grc' dir='ltr'><em>δεήθηέι</em></span> <span class='ocrx_word' id='word_1_935' title='bbox 3036 5788 3125 5865; x_wconf 61' lang='grc' dir='ltr'><strong><em>τορ</em></strong></span> <span class='ocrx_word' id='word_1_936' title='bbox 3154 5784 3545 5865; x_wconf 31' lang='grc' dir='ltr'><strong><em>προσεξιιπου.</em></strong></span> 
     </span>
    </p>
   </div>
   <div class='ocr_carea' id='block_1_63' title="bbox 1172 5851 3816 5929">
    <p class='ocr_par' dir='ltr' id='par_1_63' title="bbox 1172 5851 3816 5929">
     <span class='ocr_line' id='line_1_63' title="bbox 1172 5851 3816 5929; baseline -0.003 -13"><span class='ocrx_word' id='word_1_937' title='bbox 1172 5870 1191 5895; x_wconf 70' lang='grc' dir='ltr'><strong>ο</strong></span> <span class='ocrx_word' id='word_1_938' title='bbox 1230 5858 1284 5916; x_wconf 87' lang='lat' dir='ltr'><strong><em>ld</em></strong></span> <span class='ocrx_word' id='word_1_939' title='bbox 1308 5868 1391 5911; x_wconf 76' lang='lat' dir='ltr'><strong><em>est</em></strong></span> <span class='ocrx_word' id='word_1_940' title='bbox 1426 5858 1653 5929; x_wconf 82' lang='lat' dir='ltr'><strong><em>Regum,</em></strong></span> <span class='ocrx_word' id='word_1_941' title='bbox 1677 5856 1756 5911; x_wconf 86' lang='lat' dir='ltr'><strong><em>uti</em></strong></span> <span class='ocrx_word' id='word_1_942' title='bbox 1779 5856 1945 5913; x_wconf 89' lang='lat' dir='ltr'><strong><em>etiam</em></strong></span> <span class='ocrx_word' id='word_1_943' title='bbox 1971 5855 2024 5912; x_wconf 91' lang='lat' dir='ltr'><strong><em>in</em></strong></span> <span class='ocrx_word' id='word_1_944' title='bbox 2053 5856 2148 5913; x_wconf 82' lang='lat' dir='ltr'><strong><em>lib.</em></strong></span> <span class='ocrx_word' id='word_1_945' title='bbox 2176 5871 2192 5912; x_wconf 86' lang='grc' dir='ltr'>ι</span> <span class='ocrx_word' id='word_1_946' title='bbox 2225 5869 2326 5927; x_wconf 88' lang='lat' dir='ltr'><strong><em>pro</em></strong></span> <span class='ocrx_word' id='word_1_947' title='bbox 2350 5854 2406 5912; x_wconf 90' lang='lat' dir='ltr'><strong><em>S.</em></strong></span> <span class='ocrx_word' id='word_1_948' title='bbox 2434 5854 2697 5911; x_wconf 78' lang='lat' dir='ltr'><strong><em>Athanas.</em></strong></span> <span class='ocrx_word' id='word_1_949' title='bbox 2882 5868 2909 5929; x_wconf 62' lang='grc' dir='ltr'>β</span> <span class='ocrx_word' id='word_1_950' title='bbox 2936 5854 3059 5929; x_wconf 68' lang='lat' dir='ltr'><strong><em>pes.</em></strong></span> <span class='ocrx_word' id='word_1_951' title='bbox 3090 5851 3273 5929; x_wconf 84' lang='lat' dir='ltr'><strong><em>Latin.</em></strong></span> <span class='ocrx_word' id='word_1_952' title='bbox 3311 5851 3552 5908; x_wconf 80' lang='lat' dir='ltr'><strong><em>Dares</em></strong></span> <span class='ocrx_word' id='word_1_953' title='bbox 3582 5896 3604 5920; x_wconf 92' lang='lat'><strong><em>,</em></strong></span> <span class='ocrx_word' id='word_1_954' title='bbox 3659 5853 3816 5929; x_wconf 65' lang='lat' dir='ltr'><strong><em>Yet</em></strong></span> 
     </span>
    </p>
   </div>
   <div class='ocr_carea' id='block_1_64' title="bbox 1100 5926 3795 5998">
    <p class='ocr_par' dir='ltr' id='par_1_64' title="bbox 1100 5926 3795 5998">
     <span class='ocr_line' id='line_1_64' title="bbox 1100 5926 3795 5998; baseline -0.002 -11"><span class='ocrx_word' id='word_1_955' title='bbox 1100 5931 1431 5987; x_wconf 83' lang='lat' dir='ltr'><strong><em>notahimus.</em></strong></span> <span class='ocrx_word' id='word_1_956' title='bbox 1504 5926 1517 5929; x_wconf 37' lang='lat'><em>‘</em></span> <span class='ocrx_word' id='word_1_957' title='bbox 2228 5926 2237 5927; x_wconf 50' lang='grc'><strong>“</strong></span> <span class='ocrx_word' id='word_1_958' title='bbox 2880 5926 2907 5965; x_wconf 72' lang='lat' dir='ltr'><strong><em>h</em></strong></span> <span class='ocrx_word' id='word_1_959' title='bbox 2936 5926 3040 5982; x_wconf 81' lang='lat' dir='ltr'><strong><em>Pro</em></strong></span> <span class='ocrx_word' id='word_1_960' title='bbox 3061 5928 3214 5998; x_wconf 82' lang='lat' dir='ltr'><strong><em>quia,</em></strong></span> <span class='ocrx_word' id='word_1_961' title='bbox 3248 5933 3318 5980; x_wconf 88' lang='lat' dir='ltr'><strong><em>ut</em></strong></span> <span class='ocrx_word' id='word_1_962' title='bbox 3350 5940 3569 5996; x_wconf 65' lang='lat' dir='ltr'><strong><em>saepe</em></strong></span> <span class='ocrx_word' id='word_1_963' title='bbox 3600 5926 3795 5982; x_wconf 84' lang='lat' dir='ltr'><strong><em>alibi</em></strong></span> 
     </span>
    </p>
   </div>
   <div class='ocr_carea' id='block_1_65' title="bbox 1164 5998 2589 6073">
    <p class='ocr_par' dir='ltr' id='par_1_65' title="bbox 1164 5998 2589 6073">
     <span class='ocr_line' id='line_1_65' title="bbox 1164 5998 2589 6073; baseline -0.001 -17"><span class='ocrx_word' id='word_1_964' title='bbox 1164 6002 1189 6039; x_wconf 74' lang='grc' dir='ltr'><strong><em>ιι</em></strong></span> <span class='ocrx_word' id='word_1_965' title='bbox 1234 6003 1290 6058; x_wconf 82' lang='grc' dir='ltr'><strong><em>1η</em></strong></span> <span class='ocrx_word' id='word_1_966' title='bbox 1318 6002 1413 6058; x_wconf 86' lang='lat' dir='ltr'><strong><em>lib.</em></strong></span> <span class='ocrx_word' id='word_1_967' title='bbox 1446 6000 1515 6057; x_wconf 84' lang='lat' dir='ltr'><strong><em>de</em></strong></span> <span class='ocrx_word' id='word_1_968' title='bbox 1541 6001 1673 6073; x_wconf 76' lang='lat' dir='ltr'><strong><em>lteg.</em></strong></span> <span class='ocrx_word' id='word_1_969' title='bbox 1708 6001 1901 6073; x_wconf 74' lang='lat' dir='ltr'><strong><em>Apost.</em></strong></span> <span class='ocrx_word' id='word_1_970' title='bbox 1930 6000 2100 6072; x_wconf 72' lang='lat' dir='ltr'><strong><em>legit,</em></strong></span> <span class='ocrx_word' id='word_1_971' title='bbox 2128 6008 2181 6055; x_wconf 89' lang='lat' dir='ltr'><strong><em>ut</em></strong></span> <span class='ocrx_word' id='word_1_972' title='bbox 2199 5999 2395 6056; x_wconf 85' lang='lat' dir='ltr'><strong><em>audivit</em></strong></span> <span class='ocrx_word' id='word_1_973' title='bbox 2419 5998 2589 6058; x_wconf 82' lang='lat' dir='ltr'><strong><em>verba.</em></strong></span> 
     </span>
    </p>
   </div>
  </div>
