5220 6532
1572 321 1669 374 195

1947 423 2171 481 CODEX
2203 421 2729 481 VERCELLENSIS.

1562 518 1700 573 oculi
1729 531 1912 572 eorum
1940 533 1954 570 :
2373 514 2464 570 36.
2510 514 2708 571 Videtis
2737 523 2910 568 autem

1561 599 1615 642 et
1645 587 1946 642 comtuina—
2376 584 2555 639 turbas
2578 625 2593 650 ,
2621 583 2808 638 miser-

1562 666 1648 711 tus
1669 667 1751 711 est
1777 657 1878 710 illis
1896 654 2050 710 Jesus
2071 695 2087 720 ,
2377 665 2461 707 tus
2488 665 2568 708 est
2602 654 2739 721 quod
2765 667 2866 709 es-

1559 727 1745 781 dicens
1769 745 1782 780 :
1814 725 1998 779 Videte
2376 734 2495 778 sent
2518 724 2722 789 vexati,

1562 812 1628 851 ne
1658 797 1774 863 quis
1801 797 1949 850 sciat.
2376 803 2498 847 et...
2531 794 2714 848 céntes

1557 865 1644 918 51.
1688 865 1764 919 llli
1804 874 1977 916 autem
2005 876 2129 918 exe-
2375 865 2511 916 sicut
2533 876 2661 916 oves
2700 875 2805 916 non

1558 943 1716 988 untes
1738 973 1752 994 ,
1783 931 2021 986 diffama-

1555 1012 1743 1058 verunt
1770 1002 1823 1056 in
1850 1012 1932 1056 to-

1555 1081 1660 1127 tam
1690 1081 1888 1126 terram

1557 1143 1722 1196 illam.

1553 1210 1640 1264 52.
1687 1207 1925 1279 Egressis
1945 1215 2120 1262 autem

1555 1279 1690 1345 illis,
1717 1293 1842 1348 ecce
1870 1288 2019 1348 optu-

1552 1349 1727 1403 lerunt
1748 1347 1798 1401 ei
1820 1345 1875 1402 b.
1907 1345 1954 1402 ζ-

1555 1418 1751 1472 minem
1781 1434 1897 1472 mu-

1554 1496 1663 1541 tum
1690 1498 1746 1542 et
1773 1485 1991 1542 surdum
2012 1523 2029 1548 ,

1554 1558 1887 1612 daemonium

1555 1626 1856 1682 habentem.

1552 1698 1640 1751 55.
1682 1695 1750 1751 Et
1771 1697 1943 1765 eiecto
1968 1693 2093 1750 dae-

1555 1768 1735 1820 monio
1755 1806 1770 1830 ,
1803 1769 1948 1818 locu-

2376 930 2630 988 babentes
2652 946 2778 1000 pas-

2377 1009 2566 1056 torem.

2378 1073 2464 1126 57.
2506 1073 2652 1126 Tunc
2676 1070 2810 1125 dixit
2837 1067 2945 1124 dis-

2377 1142 2567 1210 cipulis
2596 1143 2704 1195 suis
2739 1159 2754 1195 :

2372 1210 2555 1266 Messis
2580 1211 2794 1280 quidem

2371 1282 2533 1334 multa
2562 1322 2578 1347 ,
2617 1294 2806 1349 opera—

2369 1351 2414 1403 ri
2442 1361 2616 1403 autem
2651 1366 2779 1418 pau—

2368 1421 2454 1474 38.
2495 1422 2562 1473 ei.
2589 1418 2758 1474 Petite
2779 1418 2955 1486 itaque

2373 1490 2656 1544 Dominum
2686 1489 2876 1542 messis
2905 1526 2920 1550 ,

2373 1571 2430 1613 ut
2461 1576 2581 1614 m...
2611 1571 2684 1612 tat
2714 1572 2841 1626 cpe-

2372 1644 2504 1683 rar..
2537 1644 2600 1682 05
2624 1642 2751 1682 SUOS

2375 1699 2440 1752 ad
2470 1713 2697 1752 messem
2721 1711 2806 1750 su-

2585 1807 2810 1862 CAPUT
2837 1805 2906 1861 Χ.

2369 1900 2419 1953 1.
2453 1913 2558 1952 am.
2591 1897 2657 1950 Et
2689 1913 2817 1952 con-
2865 1933 2873 1940 -

2364 1967 2569 2023 vocatis
2600 1982 2694 2021 xu.

2364 2038 2600 2106 discip...
2635 2054 2660 2090 s
2689 2053 2776 2090 stt-

2363 2109 2432 2174 is,
2464 2107 2608 2162 dedit
2629 2109 2707 2162 eis
2731 2122 2820 2174 po—

2365 2187 2605 2231 testatem
2637 2177 2914 2244 spirituum

2364 2247 2758 2301 immundorum
2779 2287 2795 2314 ,

2363 2325 2420 2370 ut
2442 2320 2678 2370 eicerent

2361 2400 2478 2448 COS,
2505 2396 2560 2441 et
2587 2392 2836 2441 curarent

2361 2471 2575 2510 onmem
2605 2455 2688 2508 Ian
2703 2485 2719 2494 -

2360 2539 2585 2594 guorem
2614 2566 2626 2586 ,
2648 2533 2703 2579 et
2728 2539 2842 2579 om-

2361 2610 2485 2650 nem
2515 2595 2731 2648 inﬁrmi-

1552 1843 1637 1888 tus
1661 1842 1744 1889 est
1770 1842 1944 1886 mutus
1963 1872 1977 1896 ,

1551 1915 1604 1959 et
1633 1905 1851 1956 miratae

1552 1982 1678 2028 sunt
1703 1971 1887 2026 turbae
1904 2014 1920 2037 ,

1550 2042 1792 2113 dicentes
1823 2058 1835 2093 :
1863 2039 1997 2108 Quia

1551 2127 1836 2180 numquam
1865 2125 1941 2166 Sic

1550 2181 1792 2247 apparuit
1817 2180 1872 2234 ttt

1552 2250 1793 2304 Istrahel.

1548 2320 1636 2374 55.
1680 2320 1747 2374 Ει
1787 2318 2098 2375 circumibat
2134 2316 2290 2374 Jesus

1549 2389 1790 2443 civitates
1813 2405 1932 2443 om-

1549 2474 1646 2513 nes
1673 2468 1726 2513 et
1751 2459 1943 2514 castel-

1550 2528 1598 2581 la
1618 2570 1632 2592 ,
1668 2529 1864 2609 docens
1897 2529 1950 2582 in

1549 2613 1828 2668 synagogis

1548 2681 1730 2736 eorum
1747 2708 1762 2729 ,
1792 2679 1843 2722 et
1873 2681 2024 2736 prae.
2363 2673 2546 2736 tatem.

1549 2734 1733 2802 dicaps
1761 2733 1921 2790 eva-ti-
2362 2734 2417 2787 2.
2460 2733 2745 2789 Duodecim
2773 2748 2869 2786 au-

1548 2806 1744 2885 gelium
1773 2820 1890 2874 reg-
2365 2814 2472 2858 tem
2500 2805 2778 2885 apostolof

2364 2889 2482 2927 rum
2511 2872 2640 2928 haec
2666 2881 2790 2927 sunt

2361 2942 2596 2995 nomina.
2629 2941 2741 2995 Pri-

2361 3026 2510 3072 mus,
2537 3012 2752 3073 Simon,

2362 3079 2451 3148 qui
2477 3080 2669 3134 dicitur
2697 3080 2794 3133 Pe-

2360 3161 2475 3204 trus
2496 3190 2512 3215 ,
2542 3160 2596 3204 et
2625 3151 2828 3204 Andre-

1965 3239 2195 3323 CODEX
2222 3266 2683 3323 CORBEIENSIS.

1549 3359 1688 3412 oculi
1719 3373 1900 3412 eorum
1930 3375 1942 3408 :
1971 3369 2022 3412 et
2049 3359 2403 3412 comminatus
2427 3367 2511 3412 est
2534 3361 2636 3412 illis
2662 3357 2838 3421 Jesus,
2867 3357 3050 3413 dicens
3080 3376 3093 3412 :

1557 3428 1742 3481 Videte
1765 3445 1827 3482 ne
1856 3428 1972 3497 quis
1993 3429 2142 3482 sciat.
2167 3427 2250 3482 Illi
2281 3439 2455 3484 autem
2486 3437 2740 3483 exeuntes
2762 3469 2776 3493 ,
2800 3428 3105 3482 ditlamave-

1556 3507 1676 3550 runt
1695 3512 1812 3551 eum
1858 3497 1911 3551 in
1941 3500 1956 3528 ¹
1998 3506 2102 3551 tota
2134 3506 2273 3553 terra
2305 3500 2413 3551 illa.
2448 3498 2685 3567 Egressis
2737 3505 2913 3551 autem
2961 3500 3063 3552 illis
3087 3541 3100 3563 ,

1553 3581 1678 3620 ecce
1699 3568 1999 3622 obtulerunt
2029 3569 2076 3622 ci
2110 3568 2376 3622 hominem
2409 3581 2615 3622 mutum
2645 3570 2664 3598 ’
2691 3577 2745 3620 et
2768 3568 3104 3622 daemonium

1554 3636 1855 3690 habentem.
1892 3637 1959 3691 Et
1983 3639 2153 3703 eiecto
2173 3638 2452 3692 daemonio
2475 3643 2490 3701 ',
2518 3639 2764 3705 loquutus
2786 3649 2864 3690 cst
2895 3651 3068 3690 mutus
3089 3678 3105 3701 ,

1549 3717 1603 3759 et
1654 3706 1869 3760 miratae
1915 3716 2038 3773 sunt
2077 3709 2296 3769 turbae,
2345 3707 2587 3761 dicentes
2633 3723 2646 3758 :
2693 3705 2983 3773 Numquam
3029 3709 3109 3760 sic

1550 3777 1791 3843 apparuit
1843 3776 1893 3830 in
1918 3770 2121 3829 ‘lsrael.
2156 3776 2422 3829 Pharisaei
2472 3787 2647 3828 autem
2686 3770 2968 3827 dicebant:
3002 3776 3056 3828 lu
3087 3775 3108 3805 ³

1555 3846 1791 3912 principe
1817 3844 2214 3899 daemoniorum
2244 3845 2391 3913 ejicit
2420 3845 2725 3898 daemones.
2761 3843 2826 3897 Et
2851 3845 3110 3898 circuibat

1552 3913 1705 3967 Jesus
1732 3917 1969 3970 civitates
1997 3930 2182 3969 omnes
2221 3927 2272 3968 et
2318 3916 2572 3979 castella,
2619 3913 2816 3968 docens
2857 3915 2906 3966 in
2946 3930 3105 3984 syna-

1556 3984 1701 4048 gogis
1747 4000 1961 4050 eorum,
2015 3992 2070 4038 et
2112 3985 2425 4053 praedicans
2467 3986 2806 4054 evangelium
2837 3987 3015 4054 regni,
3055 3995 3110 4038 et

1555 4065 1746 4124 curans
1765 4067 1972 4108 omnem
2003 4052 2310 4124 languorem
2330 4095 2344 4117 ,
2367 4063 2423 4108 et
2446 4053 2697 4106 omnem"
2726 4052 3105 4107 inﬁrmitatem.

1558 4117 1752 4191 Videtis
1779 4134 1953 4191 autem
1980 4117 2158 4178 turst
2177 4164 2192 4186 ,
2222 4125 2469 4177 misertus
2497 4132 2578 4177 est
2601 4124 2679 4176 eis
2709 4141 2722 4175 :
2761 4125 2880 4191 quia
2907 4124 2928 4154 ⁵
2957 4134 3110 4176 erant

1559 4190 1761 4252 vexati,
1781 4202 1857 4260 _et
1899 4190 2134 4258 jacentes
2187 4195 2321 4247 sicut
2375 4209 2504 4247 oves
2531 4209 2636 4246 non
2684 4190 2938 4247 habentes
2991 4208 3110 4260 pas-

1557 4261 1746 4331 torem.
1780 4257 1927 4311 Tunc
1966 4261 2093 4331 dicit
2137 4262 2411 4328 discipulis
2459 4266 2625 4316 suis:
2667 4264 2851 4317 Messis
2896 4257 3108 4331 quidem

1557 4324 1720 4399 multa
1739 4367 1751 4387 ,
1781 4327 2006 4399 operarii
2039 4341 2216 4380 autem
2245 4324 2415 4399 pauci.
2446 4331 2644 4397 Rogate
2667 4347 2793 4399 ergo
2826 4324 3107 4384 Doi'niuum

1557 4396 1778 4456 messis.
1834 4404 1890 4448 ut
1931 4397 2103 4447 mittat
2145 4397 2416 4461 orici-aries
2467 4396 2777 4450 ininesscin
2827 4414 2996 4453 suam.
3043 4400 3108 4452 Et

1555 4466 1856 4518 convocatis
1885 4463 2162 4519 duodecim
2189 4465 2462 4528 discipulis
2489 4466 2600 4517 suis
2623 4503 2637 4527 ,
2681 4466 2827 4518 dedit
2868 4467 2970 4518 illis
3010 4484 3107 4533 pu-

1558 4542 1804 4588 testatcm
1833 4535 1853 4565 ⁸
1879 4534 2158 4604 spirituum
2190 4533 2579 4587 immundotum
2600 4573 2616 4595 ,
2639 4542 2697 4586 ut
2720 4535 2970 4601 eiicerent
2986 4551 3109 4598 eos,

1553 4613 1608 4657 et
1645 4615 1891 4660 curarent
1930 4618 2143 4659 omnem
2189 4605 2527 4672 languorem,
2561 4610 2617 4655 et
2643 4618 2854 4656 omnem
2892 4605 3112 4658 inlirtni-

1555 4681 1736 4727 tatem.
1786 4674 2072 4729 Duodecim
2115 4683 2290 4728 autem
2334 4673 2712 4741 Apostolorum
2750 4674 2960 4728 uouiiua
2989 4681 3112 4726 sunt

1556 4741 1702 4866 gite:
1729 4743 1934 4866 Erimus
1953 4783 1970 4811 ,
2002 4743 2185 4800 Simon
2203 4784 2220 4812 ,
2251 4743 2340 4814 qui
2362 4743 2766 4812 cognominatus
2789 4752 2871 4797 est
2896 4742 3106 4808 Petrus,

1701 4827 1734 4866 n
1774 4827 1893 4866 reas

1557 4821 1615 4864 et
1653 4821 1893 4868 Andreas

1550 2891 1604 2928 nt
1628 2913 1644 2940 ,
1677 2885 1730 2928 et
1757 2889 1950 2929 curans

1549 2957 1759 2997 omnem
1799 2943 1944 2998 inﬁr-

1549 3013 1787 3067 mitatem
1818 3031 1831 3065 :
1862 3021 1917 3068 et

1551 3083 1702 3136 inulti
1728 3082 1898 3136 secuti
1929 3100 1932 3103 ·

1549 3162 1673 3207 sunt
1693 3167 1833 3206 eum.
1863 3157 1865 3159 ’

2089 310 2349 369 EUSEBII
2386 310 2722 386 VERCELL.
2765 307 3203 369 ΕνΑΝῦΕιιυιι
3241 309 3383 369 CUM
3422 307 3649 368 VARtlS
3687 309 3839 367 COD.
3877 307 4258 368 COLLATL'M.

4681 313 4780 366 19}

3638 421 3865 477 CODEX
3907 421 4347 477 VERONENSIS.

4025 515 4219 580 gelium
4249 515 4395 581 regni
4420 555 4432 576 ,

4026 596 4077 636 et
4107 598 4299 636 curans
4321 598 4532 638 omnem

4028 654 4334 720 languorem
4362 693 4375 714 ,
4398 661 4451 706 et

4028 738 4238 774 omnem
4270 723 4490 775 inﬁrmi-

4028 801 4188 844 tatem
4223 808 4234 841 :
4264 803 4316 843 et
4357 793 4507 848 inulti

4025 862 4187 913 secuti
4220 871 4342 914 sunt
4363 877 4505 916 eum.

4027 932 4112 982 313.
4159 930 4352 983 \‘idens
4381 943 4560 986 autem

4029 1001 4208 1052 turbas
4232 1040 4246 1060 ,
4275 1002 4522 1054 misertus

4028 1079 4107 1121 est
4138 1070 4239 1121 illis
4267 1087 4277 1121 :
4305 1071 4443 1137 quod

4027 1148 4204 1192 essent
4230 1141 4435 1206 vexati,

4025 1219 4076 1260 et
4100 1214 4339 1274 iacentes

4026 1279 4160 1330 sicut
4187 1293 4311 1330 oves
4351 1293 4454 1331 non

4028 1347 4281 1399 lialicntes
4309 1361 4603 1414 pastorem.

4028 1417 4114 1469 '57.
4157 1417 4302 1470 Tunc
4319 1418 4448 1470 dicit
4470 1419 4631 1471 disci-

4031 1488 4164 1553 pulis
4195 1491 4300 1539 suis
4336 1506 4347 1540 :
4381 1487 4570 1541 Messis

4027 1558 4237 1623 quidem
4270 1559 4454 1619 multa,

4027 1628 4248 1690 Operarii
4281 1635 4470 1680 'autem

4030 1696 4196 1760 pauci.
4236 1696 4435 1760 Rogato

4025 1780 4151 1830 ergo
4185 1765 4459 1817 Dominum

4025 1833 4233 1892 missis,
4264 1845 4319 1885 ut
4351 1835 4523 1887 mittat

4024 1907 4294 1966 operarios
4327 1905 4378 1956 in
4410 1918 4647 1960 messem

4024 1988 4173 2025 suam

4233 2040 4455 2096 CAPUT
4487 2043 4553 2098 Χ.

4031 2112 4078 2164 1.
4124 2112 4186 2163 Et
4209 2116 4515 2166 convocatis

4023 2181 4301 2234 duodecim
4331 2183 4604 2252 discipulis

4021 2255 4132 2304 suis
4155 2293 4166 2310 ,
4196 2252 4340 2303 dedit
4373 2255 4474 2305 illis

4025 2333 4340 2388 potestatein
4369 2324 4524 2388 Spiri-

4023 2402 4166 2444 tuum
4200 2393 4593 2446 immundornm
4613 2433 4628 2452 ,

4023 2472 4076 2513 ut
4106 2464 4340 2513 eicerent
4367 2477 4460 2515 eos
4481 2505 4493 2527 ,

4019 2540 4073 2584 ct
4100 2540 4351 2583 curarent
4380 2547 4592 2586 omnem

4021 2601 4352 2668 languorem.
4381 2613 4434 2654 et

4020 2685 4231 2722 Omnem
4261 2670 4626 2725 inllrtnitatem

3205 2736 3291 2807 .35.
3338 2735 3404 2788 Ει
3425 2736 3688 2807 circuibat
4020 2739 4069 2791 in
4098 2741 4267 2807 plebe.

3205 2803 3360 2860 Jesus
3388 2806 3630 2860 civitates
4020 2810 4071 2861 2.
4099 2803 4401 2862 ὐιιυόοςίιῐι
4427 2820 4606 2866 autem

3207 2889 3396 2928 omnes
3427 2884 3478 2929 et
3515 2891 3603 2928 ca-
4024 2879 4400 2943 Apestnlurum

3206 2945 3382 3005 stella,
3410 2944 3613 2998 docens
4020 2965 4229 3000 nomina
4262 2961 4383 3001 sunt
4411 2949 4561 3004 haec.

4021 3017 4228 3071 Primus
4258 3059 4270 3078 ,
4299 3021 4482 3071 Simon
4502 3059 4518 3082 ,

4020 3089 4109 3154 qui
4138 3088 4330 3140 dicitur
4356 3088 4571 3154 Petrus,

4022 3171 4075 3209 et
4107 3157 4346 3211 Andreas

3667 3267 3893 3323 CODEX
3924 3269 4305 3327 BRIXIANL'S.

3220 512 3428 567 illorum
3460 531 3471 565 :

3218 592 3271 637 et
3297 582 3648 637 cnmminatus

3218 662 3299 704 est
3327 652 3427 705 illis
3454 651 3548 706 .leJ

3217 736 3305 772 sus
3321 761 3337 784 ,
3364 721 3546 776 dicens
3577 738 3589 771 :

3220 789 3404 844 Videte
3432 806 3498 845 ne

3217 860 3332 922 quis
3361 861 3510 913 sciat.

3219 929 3306 982 3t.
3351 929 3425 982 Illi
3454 939 3630 983 autem

3218 1010 3471 1052 exeuntes
3495 1042 3509 1064 ,
3541 997 3622 1053 di-

3218 1067 3551 1122 [amaverunt

3219 1153 3336 1190 eum
3369 1139 3419 1190 in
3451 1147 3557 1192 tota

3221 1216 3358 1259 terra
3388 1208 3497 1261 illa.

3220 1277 3306 1328 32.
3350 1277 3589 1344 Egressis

3220 1357 3393 1399 autem
3422 1346 3529 1401 illis
3553 1388 3567 1409 ,

3221 1431 3344 1468 ecce
3372 1418 3577 1483 optule-

3222 1495 3342 1537 runt
3370 1488 3415 1537 ei
3451 1485 3619 1538 humi-

3223 1569 3339 1606 Ileln
3371 1565 3572 1607 lﬂtlltﬂll

3224 1634 3275 1676 et
3305 1623 3519 1675 surdum
3539 1664 3551 1682 .

3219 1702 3272 1744 et
3297 1692 3634 1745 daemonium

3219 1761 3305 1814 33.
3351 1763 3650 1814 habentem.
3686 1761 3750 1815 Et

3221 1833 3390 1896 ejecta
3420 1830 3703 1883 daemonio
3729 1871 3743 1893 ,

3219 1899 3426 1952 locutus
3450 1910 3532 1954 est
3559 1912 3734 1953 mutus
3751 1943 3765 1965 ,

3210 1977 3264 2021 et
3293 1970 3513 2021 miratae
3553 1980 3674 2022 sunt

3210 2039 3417 2098 turbae,
3449 2040 3686 2094 dicentes
3715 2057 3726 2090 :

3209 2106 3501 2176 Numquam

3208 2179 3381 2231 taliter
3405 2181 3650 2246 apparuit

3211 2247 3261 2298 in
3289 2247 3532 2300 Istrahel.

3206 2315 3292 2370 51.
3334 2316 3609 2372 Pharisaei
3647 2328 3821 2374 autem

3207 2387 3457 2439 dicebant
3493 2406 3503 2439 :
3537 2388 3590 2440 In

3208 2456 3459 2509 Belzebul
3488 2474 3610 2524 rege

3206 2528 3608 2581 daemoniorum

3206 2597 3330 2650 eicit
3356 2596 3443 2650 hic
3470 2596 3598 2652 dae-

3206 2681 3416 2719 ﬂlOllCS.

3208 3012 3260 3063 in
3296 3016 3580 3082 synagOgis

3208 3095 3392 3134 eorum
3413 3123 3426 3146 ,
3460 3092 3513 3135 et

3208 3152 3524 3219 praedicans
3549 3167 3711 3206 evan—

3208 3373 3337 3412 εοτιι
3348 3377 3391 3410 lll
3402 3399 3413 3411 .

3281 3431 3340 3482 Et
3389 3431 3736 3482 comminatus
3785 3441 3865 3484 est
3912 3431 4013 3484 illis
4052 3432 4204 3485 Jesns
4246 3433 4449 3487 dicens.
4485 3434 4680 3491 Videte
4715 3455 4788 3492 ne

3209 3501 3325 3566 quis
3354 3501 3502 3552 sciat.
3560 3500 3632 3552 Illi
3674 3512 3866 3553 autem.
3912 3513 4163 3556 exeuntes
4207 3503 4610 3558 diffamat-erunt
4652 3525 4784 3560 cum

3213 3570 3262 3620 iu
3295 3581 3399 3620 tota
3447 3581 3580 3621 terra
3619 3574 3721 3620 illa.
3763 3573 3997 3637 Egressis
4029 3586 4197 3625 autem
4243 3575 4345 3626 illis
4392 3590 4515 3627 ecce
4560 3575 4784 3630 obtule-

3212 3647 3333 3708 riint
3373 3640 3420 3708 ei
3471 3641 3736 3691 liOtnincm
3781 3654 3976 3693 tnntnin
4017 3643 4039 3678 δ
4070 3644 4403 3696 daemonium
4438 3647 4736 3699 habentem
4767 3690 4782 3708 ,

3214 3706 3278 3759 Et
3334 3707 3509 3775 ejecto
3560 3711 3834 3762 daemone.
3892 3715 4091 3764 locutus
4146 3724 4223 3765 est
4294 3725 4489 3766 mutus.
4543 3728 4596 3769 et
4679 3706 4784 3770 ιιιὶὲ

3213 3785 3356 3851 ratae
3384 3781 3719 3851 sunttnrhae
3747 3783 4000 3833 dicentes.
4054 3783 4347 3848 Numquam
4401 3786 4652 3851 apparuit
4702 3805 4783 3840 sic

3215 3848 3268 3922 i_lt
3315 3847 3351 3900 S
3400 3858 3420 3883 ε
3447 3847 3630 3922 _raliel.
3674 3849 3936 3922 l’harisaci
3976 3865 4147 3904 autem
4174 3847 4503 3906 dicebantln
4525 3856 4787 3922 principe

3212 3917 3615 3968 daemoniorum
3647 3920 3767 3970 eicit
3799 3920 4090 3971 daemonia.
4128 3925 4187 3971 iit
4217 3925 4472 3973 curuihat
4501 3917 4668 3976 Iesus
4696 3917 4787 3977 ci-

3217 3985 3404 4037 vitates
3435 4000 3622 4058 omnes
3652 3995 3705 4037 et
3729 3990 3939 4038 caStella
3963 3990 4156 4039 docens
4189 3991 4237 4040 in
4272 3994 4552 4058 synagogis
4579 4009 4788 4046 eorum

3214 4064 3270 4106 et
3308 4056 3619 4120 praedicans
3660 4061 3983 4122 evangelium
4028 4062 4192 4122 rigui.
4239 4067 4292 4109 et
4336 4056 4528 4111 curatis
4554 4078 4790 4116 omnem

3218 4126 3522 4192 languorem
3572 4134 3625 4177 et
3676 4121 3881 4176 omni-zu
3929 4121 4308 4179 inliruiiiatctn.
4363 4128 4558 4181 Videtis
4589 4140 4690 4182 aut
4713 4149 4788 4184 im

3216 4195 3395 4246 turbas
3425 4196 3675 4269 misertus
3704 4205 3786 4247 est
3815 4199 3890 4269 cis
3927 4201 4171 4259 qtttinintn
4216 4205 4368 4248 erant
4413 4200 4591 4253 vexati
4620 4213 4678 4253 et
4706 4203 4796 4269 ja-

3214 4274 3398 4317 tzentes
3426 4266 3563 4317 sicut
3591 4281 3716 4317 oves
3746 4281 3846 4317 nou
3878 4266 4128 4319 habentes
4172 4280 4455 4333 paSioretn.

3284 4333 3434 4387 Tune
3479 4335 3611 4386 dixit
3636 4336 3907 4401 discipulis
3956 4340 4062 4389 suis
4109 4337 4290 4388 Messis
4337 4338 4548 4405 quidem
4602 4342 4790 4394 multa

3214 4405 3443 4480 operarii
3487 4415 3669 4480 'autem
3713 4407 3878 4480 pauci.
3928 4405 4126 4473 Regale
4156 4422 4284 4474 ergo
4321 4407 4601 4460 Dominum
4641 4426 4800 4464 nies-

3218 4477 3312 4521 sis.
3347 4479 3402 4520 ut
3431 4477 3600 4522 mittat
3629 4477 3900 4536 Operarios
3929 4479 3978 4527 in
4010 4493 4231 4528 messem
4262 4492 4432 4528 suam.

3297 4537 3364 4589 Et
3388 4552 3687 4611 Convocatis
3710 4541 3984 4596 duodecim
4010 4547 4296 4611 disi-ipiilos
4323 4562 4464 4599 suos.
4491 4545 4652 4600 dedit
4683 4551 4800 4604 illis

3224 4614 3558 4672 potestatem.
3592 4610 3867 4676 spirituum
3912 4610 4302 4668 immundor-ttn
4333 4628 4383 4669 ut
4416 4618 4662 4671 eicerem
4696 4637 4802 4673 eos

3220 4682 3277 4726 et
3299 4686 3547 4750 curarent
3575 4693 3783 4750 omnem
3807 4681 4109 4750 languorem
4152 4693 4204 4736 et
4233 4700 4445 4739 omnem
4487 4687 4800 4744 inﬁrmitas

3221 4753 3347 4818 tem.
3405 4744 3694 4818 Duodecim
3736 4744 3917 4802 autern
3966 4754 4338 4818 Apostolorum
4382 4759 4600 4809 nomina
4657 4769 4802 4812 sunt

3218 4812 3370 4868 haec.
3411 4813 3618 4870 Primus
3641 4815 3824 4872 Simon
3854 4820 3940 4888 qui
3975 4812 4169 4875 dicitur
4208 4822 4414 4878 Petrus.
4447 4835 4501 4877 et
4528 4827 4802 4884 Andreas

2240 4967 2621 5026 VARIANTES
2643 4966 3022 5060 LECTIQNES
3057 4968 3322 5027 CODICIS
3367 4968 3474 5024 MS.
3506 4969 3563 5026 S.
3604 4970 4103 5029 GERXANENSIS.

1617 5081 1640 5172 ἶ
1669 5079 2580 5204 ξῗίξῗωιδῖῗιὲιξιῗιίιξιῗωὶωω

1616 5202 1638 5272 ξ
1670 5202 1899 5272 Denlzebul
1924 5202 2224 5272 principe...
2239 5203 2485 5272 daemonia
2501 5207 2555 5272 _‘.

1620 5263 1642 5293 ⁸
1674 5262 1997 5314 inﬁrmitatem
2019 5262 2287 5326 in'populo:
2309 5274 2360 5316 et
2381 5266 2516 5317 multi
2536 5269 2692 5318 secuti
2721 5273 2835 5316 sunt
2856 5269 2986 5317 eum.
3012 5267 3101 5318 νι-

1631 5469 1659 5497 ⁸
1699 5456 2108 5531 Βειιῴμὺιηρῃ
2139 5446 2371 5531 Βςιιεῄιιζ
2393 5500 2408 5524 ,
2438 5459 2718 5531 legendum
2757 5470 2938 5531 monet
2976 5461 3102 5519 Hie“-

1565 5542 1814 5599 ronytnus
1957 5524 2608 5610 de.Nornin._Hebrai."lt1x
2633 5531 2892 5610 Iohanne.
2914 5530 2978 5584 In
3002 5533 3106 5610 ﬁne

1565 5598 1682 5665 ergo
1722 5598 1970 5678 nominis,
2022 5598 2219 5666 inquit.
2262 5598 2292 5652 ὁ
2320 5598 2486 5679 littera
2523 5600 2733 5672 legenda
2769 5610 2879 5683 est,
2910 5617 3012 5655 tum
3050 5603 3104 5684 ιε

1570 5679 1738 5721 musca
1763 5682 1895 5723 cium
1913 5665 2066 5724 abab
2086 5674 2313 5723 matur.
2344 5667 2508 5738 Igitur
2530 5676 2772 5740 tempore
2800 5670 3108 5742 Hieronymi

3208 5084 3332 5134 dens
3354 5093 3520 5135 autem
3543 5083 3689 5134 Jesus

3270 5147 3292 5177 ⁸
3328 5155 3494 5195 essent

3253 5207 3292 5269 'F
3327 5207 3552 5269 ejiciendi
3575 5209 3771 5269 spiritus
3791 5208 4081 5267 immundos,
4107 5216 4156 5259 et
4179 5210 4375 5261 curandi
4407 5225 4606 5265 munem
4645 5217 4800 5268 vale-

3210 5268 3445 5331 tudinem,
3474 5277 3524 5319 et
3539 5268 3731 5319 omnm
3755 5269 4070 5321 inﬁrmitatem
4095 5274 4142 5321 in
4167 5272 4358 5336 papulo.

2875 5369 3237 5426 BLANCHINI
3269 5369 3494 5428 NOTE.

3207 5462 3470 5541 Baetae!“
3492 5464 3770 5541 legebatur
3797 5468 3846 5521 in
3873 5472 4260 5541 exemplaribus
4283 5467 4507 5528 latinis.

3283 5530 3309 5570 δ
3360 5530 3575 5616 Extrita'
3606 5547 3690 5590 est
3729 5551 3953 5609 sequens
3998 5530 4096 5596 v'ox
4122 5579 4138 5606 ,
4167 5542 4402 5610 manu,
4430 5558 4576 5616 quae
4599 5551 4804 5610 adh:

3211 5613 3556 5731 “right-ita
3578 5686 3661 5733 est
3684 5678 3738 5730 Α.
