4292 6450
234 460 341 515 Ἰῖδ

933 460 1021 519 DE
1061 459 1196 516 NON
1235 458 1732 517 CONVENlENDO
1770 459 1912 519 CUM
1951 461 2345 523 HJERETICIS
2386 463 2589 524 LIBER
2634 467 2838 526 UNUS.

3430 478 3533 534 774

230 574 452 631 dicebat
480 575 548 632 ad
574 576 1110 633 circumveniendum
1146 580 1492 634 innocentem
1516 619 1531 645 ,
1566 580 1637 633 ita
1678 588 1737 633 et
1780 587 1835 632 tu
1865 587 1913 649 Α
1940 579 2093 648 ejus,
2126 586 2178 635 te
2225 582 2509 639 catholicae
2541 584 2663 638 ﬁdei
2716 592 3124 654 persecutorem
3174 587 3406 643 amicum
3443 591 3536 644 Dei

231 679 354 721 cum
390 684 499 723 non
524 669 598 724 sis
623 668 987 732 Christianus,
1018 670 1112 725 sed
1140 672 1216 725 sis
1246 671 1503 731 Arianus,
1542 671 1746 725 tinxisti
1781 678 1833 724 te

231 759 605 816 Christianum
635 761 700 815 ad
731 778 829 816 nos
856 762 1207 818 irretiendos.
1238 763 1445 819 Deinde
1476 781 1595 817 cum
1642 778 1829 834 pacem

230 870 452 925 semper
484 854 738 911 habuerit
766 855 979 910 Domini
1009 858 1241 912 ecclesia
1266 899 1280 921 ,
1310 869 1362 910 et
1404 872 1502 911 vos
1530 868 1689 925 atque
1716 872 1835 909 orti-

230 952 381 1005 uiutu
432 960 703 1007 sectarum
756 951 1039 1007 ltmretiens
1086 952 1233 1006 foras
1282 953 1572 1021 alrjeccrit.
1616 953 1831 1006 dixisti:

229 1052 257 1080 ι·
295 1043 482 1099 Pacem
511 1044 626 1097 volo
656 1043 856 1113 ﬁrmari
906 1047 958 1097 in
1002 1062 1109 1098 meo
1161 1050 1408 1112 imperio,
1446 1046 1671 1113 cupiens
1719 1044 1834 1097 vio-

227 1138 345 1196 lare
375 1140 427 1195 iu
453 1139 613 1197 nobis
642 1156 831 1211 pacem
861 1144 1210 1207 dominicam,
1241 1142 1488 1195 scindere
1512 1142 1833 1197 desideratis

228 1230 327 1288 Dei
362 1233 646 1303 populum,
678 1248 977 1303 procurans
1024 1237 1217 1289 haeresi
1273 1246 1375 1288 tua:
1424 1234 1488 1288 ad
1521 1250 1682 1303 quam
1736 1249 1836 1289 nos

224 1338 423 1381 clunes
456 1326 633 1382 lacere
662 1326 736 1381 sis
768 1337 961 1397 Optans
1011 1329 1295 1381 transitum
1330 1347 1341 1381 :
1377 1330 1454 1380 sie
1489 1329 1747 1380 mentitus
1775 1342 1835 1382 cs

227 1416 325 1472 Dci
355 1426 409 1476 te
440 1418 608 1476 fuisse
665 1419 965 1485 hominem,
994 1420 1210 1489 quando
1255 1424 1390 1474 lianc
1425 1435 1609 1490 pacem
1656 1422 1833 1475 lacere

224 1519 281 1565 te
302 1511 496 1567 salutis
528 1524 728 1569 nostra:
753 1528 918 1568 causa
942 1514 1129 1568 dixisti
1154 1530 1167 1577 ;
1189 1514 1460 1583 quomodo
1479 1525 1534 1570 et
1558 1516 1647 1571 ille
1669 1530 1833 1586 pseu—

219 1602 619 1674 doprOpbctes,
635 1611 724 1676 qui
749 1608 971 1664 dicebat
993 1626 1004 1660 ε
1026 1608 1159 1662 Redi
1174 1625 1368 1661 mecum
1385 1612 1504 1679 quia
1533 1624 1579 1664 et
1597 1628 1689 1681 ego
1712 1628 1833 1681 pro-

223 1694 403 1765 phetes
428 1713 539 1751 sum
561 1695 796 1764 Domini,
820 1711 865 1753 et
893 1701 1023 1753 dixit
1055 1703 1181 1753 mihi
1204 1701 1531 1772 AngelusUII
1557 1703 1683 1773 Ileg.
1715 1719 1829 1765 χιιι.

225 1788 343 1857 18).
376 1786 489 1852 Sic,
527 1790 777 1860 inquam,
812 1793 1070 1845 tuetuitus
1103 1808 1193 1861 es,
1223 1794 1444 1863 quando
1474 1793 1690 1857 dixisti,
1722 1810 1832 1862 quo

220 1884 500 1952 potuisses
532 1884 645 1940 Deo
695 1885 947 1956 placere,
999 1887 1101 1940 huc
1153 1898 1203 1942 te
1256 1903 1573 1959 aggressum
1620 1887 1827 1951 facere;

1932 676 2244 725 Sacerdotes
2279 673 2637 728 haberemus?
2664 677 2717 729 Si
2767 675 2910 729 illius
2957 693 3178 743 operam
3223 680 3534 750 cool’regit,

1932 778 2029 817 cur
2056 765 2241 834 iniquo
2272 766 2458 819 fuisset
2478 769 2724 835 junctus,
2753 783 2880 823 vero
2914 784 3010 823 nos
3037 770 3139 835 iam
3178 772 3279 839 ipsi
3308 775 3538 828 t'ulmine

1937 855 2245 919 fuissemus,
2272 858 2459 924 credo,
2487 862 2761 929 dissipati,
2794 876 2892 915 cur
2924 863 3017 917 tibi
3051 863 3372 933 blaspheme
3406 882 3541 920 uos-

1936 959 2043 1002 met
2086 949 2490 1019 junxissetuus.
2536 954 2821 1019 Quomodo
2865 965 3218 1024 potueramus
3253 974 3375 1018 nos,
3416 974 3541 1013 tum

1935 1040 2105 1095 simus
2159 1046 2305 1098 servi
2359 1046 2485 1110 Dei,
2518 1060 2613 1098 vus
2658 1061 2790 1102 vero
2832 1049 2977 1102 servi
3023 1048 3254 1116 diaboli,
3290 1050 3343 1104 in
3378 1067 3543 1106 umun

1932 1137 2264 1201 convenire,
2296 1138 2515 1208 quando
2553 1141 2631 1193 sic
2678 1140 2820 1195 inter
2865 1157 2961 1196 nos
2993 1153 3045 1198 et
3093 1158 3187 1198 vos
3228 1155 3539 1215 separatum

1933 1244 2056 1282 esse
2090 1228 2319 1285 Volucrit
2354 1232 2531 1299 Dens,
2563 1235 2836 1302 tptomodo
2883 1235 3023 1291 inter
3055 1238 3238 1291 lumen
3289 1248 3340 1292 et
3392 1249 3545 1294 tene-

1936 1320 2083 1385 bras,
2117 1320 2256 1378 inter
2290 1324 2451 1377 vitam
2482 1334 2537 1378 et
2554 1334 2805 1390 mortem,
2832 1326 2971 1381 inter
3001 1326 3157 1382 dulce
3187 1319 3243 1383 et
3271 1344 3543 1397 amat-mn,

1934 1415 2205 1483 quomodo
2233 1417 2376 1472 inter
2406 1427 2627 1473 sanctos
2658 1418 2883 1490 angelos
2904 1419 2996 1475 Dei
3036 1426 3124 1492 qui
3163 1434 3287 1477 sunt
3318 1440 3538 1495 St'tttpcr

1934 1507 2278 1561 clementiam
2310 1510 2427 1578 ejus
2478 1512 2892 1581 tuaguilicautcs
2920 1555 2932 1576 ,
2962 1524 3015 1568 et
3045 1514 3187 1569 inter
3238 1516 3362 1570 illos
3404 1533 3536 1586 apo-

1932 1607 2105 1653 statas
2136 1615 2275 1669 quos
2302 1603 2351 1655 in
2380 1614 2641 1660 internum
2669 1617 2843 1661 tecum
2890 1609 3105 1663 visurus
3133 1610 3241 1663 eris
3276 1612 3539 1680 lOIqttt‘t'i,

1936 1692 2039 1747 nisi
2070 1703 2235 1749 temet
2261 1695 2528 1766 eripueris
2554 1697 2622 1751 ab
2647 1699 2763 1753 eis?
2802 1698 3117 1766 Quomodo,
3149 1703 3404 1773 inquam,
3438 1719 3535 1758 nos

1936 1786 2215 1841 vobiscum
2244 1805 2367 1843 esse
2398 1797 2748 1857 potueramus
2776 1792 2872 1848 Dei
2900 1794 3046 1848 servi
3072 1811 3192 1849 cum
3224 1800 3397 1850 servis
3426 1796 3535 1850 Ακ-

1939 1878 2173 1931 ticlniSti
2197 1880 2219 1932 ?
2246 1880 2467 1949 quando
2494 1881 2729 1937 Atttasial:
2762 1885 2872 1954 regi
2917 1883 3087 1939 fuerat
3119 1886 3323 1941 dictum
3363 1905 3389 1939 a
3426 1891 3534 1942 beo

219 1976 495 2047 siquidem
530 1987 584 2033 tu
615 1979 857 2050 singulos
898 1981 1209 2035 catholicos
1260 1982 1558 2049 lipiscopos
1588 1996 1833 2035 commur
1867 1984 1912 2044 Β
1942 1972 1991 2024 in
2020 1972 2261 2028 secundo
2305 1974 2738 2031 Suln‘elictorum
2778 1987 2803 2024 ε
2852 1978 2993 2033 libro
3027 1995 3039 2030 :
3078 1977 3200 2033 Non
3250 1981 3340 2034 ibit
3368 1991 3532 2034 terum

220 2070 374 2126 nioni
400 2072 630 2143 jungere
661 2074 829 2131 literis
870 2075 1121 2129 laborans
1146 2075 1170 2113 ι’
1217 2077 1565 2130 Arianorum.
1598 2076 1831 2141 Quomo-

220 2164 295 2219 do
344 2176 523 2221 tecum
570 2182 633 2223 ac
682 2184 804 2224 cum
854 2168 960 2224 tuis
1009 2170 1283 2226 coariauis
1312 2172 1488 2241 potuit
1533 2171 1830 2224 comenire

219 2258 573 2323 Christianis,
608 2261 827 2330 quando
856 2261 922 2317 ad
969 2262 1232 2332 Iosophat
1269 2278 1453 2332 regem
1482 2273 1501 2300 ο
1535 2262 1827 2317 Dominum

219 2348 341 2407 INBC
366 2350 572 2409 dixisse
600 2368 825 2417 cernas,
860 2370 960 2409 cur
994 2356 1177 2410 Achab
1224 2355 1571 2410 idololatram
1606 2356 1659 2409 in
1692 2356 1829 2409 ami-

218 2446 381 2503 citias
406 2448 680 2519 acceperit
700 2491 714 2514 ,
746 2464 843 2506 cur
870 2449 937 2505 ad
972 2449 1174 2506 bellum
1204 2466 1329 2504 cum
1364 2448 1578 2503 Domini
1613 2462 1832 2519 proces-

220 2540 357 2596 serit
387 2540 648 2597 inimico?
676 2553 1028 2613 posteaquam
1055 2542 1255 2598 ctenim
1289 2543 1379 2597 ille
1403 2542 1612 2608 Achab,
1636 2556 1830 2597 consa-

221 2634 463 2706 crilegus
491 2645 636 2702 tuus,
665 2640 967 2693 secundum
1004 2638 1226 2693 verbum
1262 2638 1354 2692 llci
1384 2640 1577 2691 luisset
1604 2637 1656 2691 in
1689 2638 1832 2692 bello

222 2727 374 2784 letali
427 2744 719 2798 percussus
769 2732 922 2800 plaga
952 2772 965 2793 ,
1013 2742 1068 2786 et
1117 2729 1579 2800 Josapbat,quia
1607 2745 1671 2783 ex
1718 2740 1831 2784 toto

220 2820 395 2877 corde
430 2820 497 2877 ad
547 2822 711 2877 Deum
764 2824 1224 2893 proclamavcrat,
1258 2823 1451 2878 luisset
1503 2823 1687 2878 domui
1718 2837 1831 2877 sum

226 2923 676 2983 reprmsentatus,
698 2915 935 2985 loquitur
958 2916 1243 2983 Scriptura
1266 2924 1453 2969 sancta
1485 2914 1685 2969 csiisse
1706 2923 1833 2968 ante

222 3007 419 3061 [aciem
451 3006 571 3077 ejus
620 3006 721 3063 Jeu
777 3009 943 3062 lilium
983 3008 1191 3071 Auani,
1247 3008 1337 3076 qui
1389 3007 1552 3062 fuerit
1600 3007 1830 3069 videns,

220 3109 391 3169 atque
438 3099 641 3155 dixisse
687 3100 853 3156 talia:
906 3100 966 3156 Si
1013 3111 1335 3172 peccatorem
1384 3100 1534 3153 illum
1580 3100 1831 3171 odjurus,

222 3204 515 3261 eteorum,
546 3196 633 3266 qui
676 3194 891 3249 oderunt
948 3194 1251 3255 Dominum.
1281 3197 1481 3247 amicus
1526 3193 1689 3260 es,in
1736 3192 1833 3246 hoc

222 3305 383 3360 super
413 3298 461 3344 te
486 3288 580 3344 ira:
606 3306 639 3343 a
669 3289 803 3360 facie
834 3288 1067 3352 Domini,
1096 3290 1187 3343 sed
1210 3304 1470 3342 sermones
1500 3287 1619 3340 boui
1645 3287 1835 3339 inventi

1933 2067 2186 2122 exercitus
2209 2065 2397 2134 Israel,
2420 2070 2542 2140 quia
2572 2088 2672 2124 non
2698 2070 2838 2126 Deus
2861 2090 2974 2126 cum
3006 2073 3202 2140 Israel,
3233 2090 3408 2129 omnes
3436 2077 3535 2143 [illi

1934 2160 2185 2233 Ephrem,
2216 2166 2336 2235 quia
2367 2166 2410 2219 si
2440 2176 2489 2219 te
2518 2167 2891 2221 existimaveris
2922 2171 3204 2237 primm/ere
3229 2171 3283 2222 in
3312 2171 3445 2236 istis,
3478 2176 3531 2225 in

1933 2260 2112 2329 fugam
2152 2270 2408 2315 convertet
2446 2272 2495 2315 te
2540 2261 2795 2317 Dominus
2825 2273 2944 2316 ante
2984 2264 3259 2329 inimicos,
3314 2267 3433 2334 quia
3463 2275 3538 2319 est

1935 2353 2094 2404 virtus
2119 2368 2151 2403 a
2181 2351 2403 2407 Domino
2433 2352 2629 2427 (Ibid.,
2655 2371 2785 2421 xxv,
2811 2355 2887 2429 7).
2921 2356 3207 2425 Qu0tt;trdo
3250 2362 3537 2415 resistere-

1936 2458 2056 2498 mus
2079 2452 2271 2500 contra
2300 2446 2601 2515 diabolum,
2635 2450 2678 2503 si
2706 2450 2758 2504 iu
2790 2459 2939 2505 tanto
2968 2453 3178 2508 scelere
3205 2466 3385 2508 vesuro
3413 2469 3530 2508 cur-

1935 2552 2183 2594 reremus
2232 2540 2540 2609 vobiscum,
2570 2556 2691 2598 cum
2742 2542 2990 2598 hostibus
3027 2546 3156 2609 Dei,
3200 2562 3322 2601 cum
3358 2548 3534 2601 homi-

1936 2630 2094 2687 nibus
2126 2632 2361 2688 inventis
2393 2635 2512 2690 siue
2544 2637 2735 2691 notitia
2765 2637 2890 2704 Dei,
2925 2652 3047 2692 cum
3078 2639 3249 2694 Deum
3303 2657 3407 2695 non
3442 2641 3537 2695 ba-

1937 2722 2210 2790 bentibus,
2245 2726 2297 2781 in
2323 2743 2461 2798 quos
2488 2737 2766 2784 catervam
2799 2733 3033 2785 sciamus
3050 2748 3169 2788 esse
3193 2732 3538 2788 dtt'muuttnr'.’

1935 2814 2119 2886 Neque
2148 2819 2294 2873 enim
2344 2822 2570 2889 potestis
2622 2839 2717 2878 vos
2763 2840 2884 2877 esse
2930 2834 3220 2893 negatores
3270 2829 3412 2881 unici
3444 2828 3536 2883 lilii

1937 2908 2031 2963 Dei
2073 2910 2192 2965 sine
2234 2911 2555 2979 da-moniis,
2585 2928 2708 2969 cum
2758 2916 3138 2984 blasphemare
3173 2935 3270 2975 vos
3297 2936 3403 2974 non
3459 2922 3537 2976 fa-

1935 3000 2102 3069 ciant,
2134 3004 2234 3059 nisi
2267 3006 2344 3060 illi
2371 3008 2462 3077 qui
2491 3019 2668 3063 vestra
2697 3011 3023 3065 ca‘caverint
3049 3012 3238 3077 corda,
3286 3030 3352 3068 ne
3384 3016 3535 3069 vide-

1937 3098 2061 3153 licet
2092 3102 2263 3169 possit
2292 3116 2321 3156 a
2352 3102 2511 3157 nobis
2538 3102 2560 3139 ⁸³
2591 3104 2788 3159 veritas
2818 3105 3230 3175 comprehendi.
3259 3108 3536 3179 Numquid

1937 3207 2059 3246 nam
2091 3204 2442 3262 potueramus
2468 3198 2519 3250 iu
2554 3206 2730 3251 vestra
2757 3196 3031 3253 demorari
3064 3209 3253 3268 parte,
3301 3218 3535 3256 consen-

1938 3283 2041 3340 tire
2068 3285 2269 3341 vestris
2315 3288 2754 3359 ﬂagitiosissimis
2786 3291 3254 3359 meditationibus,
3285 3310 3405 3351 cum
3443 3312 3538 3365 per

224 3392 348 3437 sant
373 3393 559 3451 tecum,
586 3386 831 3455 quoniam
859 3384 1116 3438 abstulisti
1146 3384 1291 3437 lucos
1320 3383 1384 3438 de
1411 3394 1571 3447 terra,
1602 3393 1648 3435 et
1683 3398 1833 3449 paro-
1861 3374 1903 3437 ι]
1940 3376 2109 3432 David
2145 3377 2440 3449 gloriosum
2486 3380 2634 3437 dicat
2675 3381 2909 3453 Spiritus
2954 3394 3207 3451 sanctus,
3255 3404 3361 3441 nun
3412 3405 3535 3442 esse

224 3479 294 3532 sti
346 3494 434 3532 cor
476 3490 619 3533 tuum
680 3480 748 3533 ad
812 3478 1180 3549 requirendam
1228 3474 1612 3547 Dominumt'll
1646 3474 1827 3528 I’aral.

224 3586 340 3635 xix,
374 3570 451 3645 9).
484 3572 538 3629 Si
573 3573 647 3628 illi
680 3574 795 3628 lure
826 3574 1099 3637 dicuntur,
1131 3588 1252 3643 qua:
1282 3572 1440 3626 nobis
1471 3571 1789 3626 dicerentur
1816 3610 1830 3633 ,

226 3666 274 3721 si
312 3676 490 3721 tecum
515 3662 541 3703 ιι
593 3666 851 3723 bmretico
881 3666 978 3723 Dei
1012 3666 1328 3720 adversario
1355 3664 1512 3719 amici
1558 3678 1680 3719 esse
1721 3678 1833 3717 ma-

226 3758 559 3815 luissemus?
587 3772 679 3814 aut
729 3762 986 3830 numquid
1038 3760 1224 3815 dicere
1268 3758 1533 3814 audebis:
1572 3756 1682 3830 Ego
1730 3774 1833 3810 non

224 3869 345 3907 sum
364 3850 456 3905 Dei
476 3853 739 3916 inimicus,
754 3854 827 3905 ita
851 3864 899 3903 ut
918 3853 1015 3921 fuit
1033 3850 1208 3904 Achab
1232 3866 1321 3903 rex
1336 3850 1531 3902 Israel?
1547 3849 1741 3914 Οιιυιιιι
1763 3848 1834 3903 do

225 3960 344 3999 non
375 3958 433 3999 es
478 3943 763 4009 inimicus,
792 3944 883 4014 qui
932 3943 1123 3999 eadem
1170 3958 1299 4013 agas
1326 3958 1449 4013 qum
1479 3944 1588 4010 egit
1613 3939 1834 3996 Achab?

223 4052 357 4093 cum
405 4037 484 4094 sic
527 4039 603 4095 sis
647 4038 969 4109 impugnans
1019 4038 1339 4107 religionem
1389 4036 1515 4099 Dei,
1558 4039 1703 4090 sicut
1748 4035 1837 4089 ille

226 4132 668 4203 impugnaverit;
715 4134 795 4187 sic
841 4133 1191 4203 persequaris
1238 4129 1461 4185 donmm
1515 4129 1664 4198 ejus,
1697 4130 1841 4184 sicut

225 4226 331 4283 ille
351 4236 671 4297 persecutus
697 4227 788 4283 sit.
823 4226 1110 4295 Quomodo
1152 4236 1327 4281 tecmn
1360 4240 1423 4280 ac
1453 4240 1576 4280 cum
1608 4223 1714 4277 tuis
1745 4240 1840 4294 po-

230 4322 345 4375 tuit
370 4320 526 4376 nobis
559 4321 884 4385 convenire,
916 4335 1043 4374 cum
1075 4320 1163 4374 isti
1192 4319 1303 4374 Deo
1336 4316 1538 4372 devoto
1570 4315 1708 4387 regi,
1743 4332 1839 4371 cur

226 4412 490 4470 Ochosia:
518 4414 630 4485 regi
659 4413 823 4469 Israel
857 4413 1079 4484 junctus
1109 4414 1299 4468 luisset
1334 4414 1385 4465 in
1413 4410 1692 4476 amicitiis,
1725 4407 1842 4466 fue-

227 4508 307 4562 rit
336 4522 433 4576 per
462 4508 791 4577 PrOpbetam
822 4511 1162 4577 increpatum
1195 4523 1223 4561 a
1255 4508 1404 4563 Deo?
1436 4504 1504 4560 Et
1526 4507 1727 4579 jtma‘it,
1758 4506 1841 4560 in-

225 4601 353 4671 quit
375 4642 390 4661 .
420 4602 699 4659 amicitiam
736 4599 992 4669 Iosophat
1016 4616 1105 4655 rea:
1128 4598 1271 4654 Jado
1307 4616 1422 4653 cum
1447 4598 1676 4653 Ochozio
1723 4614 1841 4670 rege

225 4692 425 4762 Israel,
455 4696 569 4767 ipse
594 4696 766 4764 inique
790 4695 940 4762 coepit
963 4694 1152 4763 facere,
1178 4703 1225 4749 ct
1245 4693 1642 4749 communicavit
1666 4707 1840 4745 secum

1939 3472 2147 3536 beatos,
2180 3473 2282 3527 nisi
2315 3488 2442 3541 eos,
2475 3475 2567 3545 qui
2605 3490 2665 3531 se
2702 3475 3069 3533 abstraxerint
3116 3494 3144 3533 a
3189 3479 3341 3535 vobis
3392 3480 3539 3537 unici

1939 3566 2029 3621 lilii
2064 3565 2156 3621 Dei
2190 3569 2575 3638 ncgatoribus,
2609 3584 2725 3634 eos,
2757 3572 2847 3640 qui
2878 3573 3209 3642 serpentinis
3256 3574 3535 3645 Cogitatio-

1936 3662 2094 3715 ribus
2126 3662 2321 3717 veStris
2349 3677 2455 3717 non
2484 3678 2542 3718 se
2573 3665 2909 3730 miscuerint,
2929 3665 3119 3721 beatos
3146 3674 3354 3723 tantum
3385 3684 3536 3724 man-

1934 3753 2125 3807 suros?
2156 3751 2347 3808 Beatus
2386 3756 2474 3825 qui
2504 3772 2606 3809 non
2652 3755 2775 3809 abiit
2803 3757 2853 3810 in
2880 3758 3097 3814 consilio
3141 3760 3421 3830 impiorum
3442 3804 3455 3827 ,
3490 3774 3539 3817 et

1936 3846 1988 3899 in
2020 3847 2100 3899 ria
2121 3857 2446 3917 peccatorum
2475 3866 2575 3902 non
2603 3853 2764 3915 stetit,
2797 3862 2840 3905 et
2875 3852 2926 3905 in
2954 3853 3201 3907 cathedra
3227 3856 3537 3923 pestilentia:

1937 3953 2037 3991 non
2061 3938 2193 3993 sedit
2226 3939 2396 4010 (Psol.
2434 3955 2470 4004 ι,
2509 3940 2579 4009 l).
2612 3941 2895 4009 Quomodo
2922 3952 3070 3998 esset.
3096 3945 3248 3999 vobis
3279 3956 3335 4000 ct
3372 3946 3532 4001 nobis

1939 4031 2098 4086 utrius
2140 4030 2248 4086 loci
2294 4035 2777 4088 conventiculum?
2806 4050 2929 4089 cum
2983 4037 3172 4091 audias
3207 4038 3334 4093 item
3365 4038 3535 4093 David

1940 4123 2124 4180 dicere
2152 4124 2205 4178 in
2240 4124 2456 4181 Psalmo
2479 4136 2634 4181 sexto
2664 4144 2677 4180 :
2716 4125 2976 4182 Discedite
3008 4146 3040 4181 o
3073 4148 3150 4182 me
3174 4172 3187 4195 ,
3219 4133 3308 4200 qui
3352 4148 3542 4200 opera-

1942 4217 2066 4269 mini
2108 4216 2427 4286 iniquitatem
2484 4216 2674 4287 (I’sol.
2726 4233 2815 4283 vr,
2850 4216 2928 4289 9).
2977 4219 3031 4274 Si
3079 4236 3184 4274 non
3236 4226 3537 4291 operamini

1942 4307 2124 4362 Ariani
2157 4307 2517 4378 iniquitatem,
2543 4308 2725 4378 judica
2757 4319 2812 4363 tu
2848 4313 3100 4382 princeps
3149 4314 3199 4367 in
3249 4315 3539 4387 Sacrilegio

1943 4402 2289 4467 Arianorum,
2324 4404 2436 4469 qui,
2467 4417 2591 4457 cum
2616 4402 2859 4458 dicamus
2887 4419 2984 4459 nos
3022 4405 3384 4474 Christianos,
3417 4409 3538 4462 bor-

1942 4496 2085 4550 ribili
2118 4498 2461 4552 animositate
2495 4498 2854 4567 persequeris.
2893 4498 3059 4555 Recte
3089 4501 3250 4569 igitur
3271 4501 3416 4557 scias
3442 4518 3541 4559 nos

1942 4589 2165 4653 iecisse,
2200 4590 2503 4645 recedendo
2542 4604 2572 4642 a
2599 4590 2753 4645 vobis
2775 4590 2886 4646 Deo
2911 4591 3222 4648 odibililms.
3252 4593 3543 4663 Quomodo

1940 4685 2144 4738 etenim
2173 4698 2268 4738 nos
2296 4684 2347 4736 in
2388 4693 2531 4738 casto
2575 4692 2755 4749 vestro
2802 4684 3053 4741 omnibus
3083 4685 3416 4747 facinoribus
3460 4692 3545 4745 iu-

225 4797 293 4842 ut
321 4787 511 4857 faceret
540 4804 713 4854 nares,
742 4788 926 4860 quibus
955 4790 1049 4843 iret
1074 4790 1129 4843 in
1159 4787 1397 4852 Tharsis,
1429 4796 1479 4841 et
1510 4790 1633 4857 fecit
1662 4801 1833 4851 naves,
1862 4774 1915 4835 D
1943 4778 2082 4833 lecto
2097 4785 2402 4841 manere,et
2421 4791 2525 4832 non
2546 4793 2639 4830 vos
2654 4786 2834 4847 pestes
2856 4779 3045 4836 aelues
3062 4780 3245 4853 Ingere
3260 4783 3545 4842 decnerat?

222 4884 288 4937 in
316 4882 475 4936 Asion
503 4881 679 4938 Gabar
702 4892 748 4950 °,
779 4895 827 4938 et
852 4884 1174 4955 prophetavit
1207 4881 1410 4937 Eliezer
1439 4883 1579 4949 ﬁlius
1610 4880 1751 4935 Ozia:
1777 4895 1839 4934 ea:

228 4974 425 5029 Morea
454 4991 610 5045 super
637 4973 897 5047 Josophot
926 4978 1100 5031 dicens
1126 4992 1143 5029 .·
1170 4974 1237 5029 In
1258 4992 1316 5029 eo
1362 4975 1502 5045 quod
1546 4974 1833 5028 commani-

226 5069 367 5125 σαιιί
416 5067 689 5135 Ochosite,
722 5072 978 5141 confregit
1027 5069 1283 5123 Dominus
1328 5084 1540 5138 cperam
1590 5078 1760 5132 tuam,
1791 5077 1836 5120 et

221 5163 472 5220 contrita
519 5172 637 5218 sunt
666 5180 816 5218 novcs
845 5174 965 5230 tuto,
995 5173 1040 5218 et
1073 5180 1173 5217 non
1204 5171 1443 5229 poterunt
1472 5162 1489 5198 τ
1523 5161 1597 5214 ire
1629 5160 1842 5213 Thorsis

224 5259 407 5335 (Ibid.
435 5276 527 5324 xx,
555 5260 670 5330 35).
704 5262 760 5317 Si
793 5260 865 5315 illi
890 5260 979 5314 illa
1005 5260 1261 5314 dicuntur
1286 5272 1315 5311 a
1344 5257 1574 5311 Domino
1604 5254 1743 5325 quod
1774 5252 1839 5307 ad

226 5356 499 5413 fabricam
555 5356 770 5411 navium
821 5356 1029 5411 socium
1081 5353 1360 5408 habuisset
1399 5350 1497 5405 via:
1530 5345 1846 5420 perditionis

226 5450 580 5523 regem,quid
604 5450 760 5506 nobis
779 5450 884 5507 dici
901 5456 1101 5519 posset,
1118 5448 1161 5503 si
1182 5445 1640 5503 tedcstructorem
1654 5442 1848 5497 dotnus

315 5600 339 5627 ο
381 5588 511 5645 Vide
532 5606 654 5659 qua:
683 5589 992 5646 notavimus
1021 5591 1075 5645 in
1105 5587 1200 5643 lib.
1234 5604 1247 5642 ι
1293 5603 1389 5657 pro
1417 5586 1475 5642 S.
1507 5583 1806 5639 Athanasio
1826 5622 1839 5646 ,

225 5675 292 5724 et
314 5678 440 5738 quae
463 5663 693 5738 inferius
716 5664 768 5719 in
799 5664 913 5738 hoc,
929 5661 1088 5738 libro.
1328 5729 1341 5738 _
1499 5729 1508 5738 _

310 5726 347 5776 δ’
370 5735 428 5791 1η
462 5734 848 5791 Mediolancnsi
880 5734 1151 5801 Concilio,
1175 5746 1279 5804 qua
1309 5729 1377 5786 de
1408 5744 1467 5784 re
1499 5727 1637 5782 infra
1666 5726 1845 5798 paullo

228 5810 488 5868 uberius.

314 5894 337 5921 ο
380 5879 585 5951 Regem,
616 5878 781 5933 Dcum
814 5882 941 5945 hare,
974 5890 1079 5951 etc.
1102 5875 1288 5933 Codex
1309 5873 1483 5931 Vatic.

311 5952 337 5992 ἀ
375 5951 417 6004 Τ
420 5949 559 6005 ccum
590 5968 704 6005 cum
728 5952 986 6005 Itwretico.
1019 5949 1096 6004 Id.

316 6039 339 6065 ι’
378 6023 565 6080 Gabar.
597 6022 776 6081 Codex
810 6022 926 6077 Vat.
959 6036 1082 6076 cum
1108 6019 1301 6077 (ἐι-ειτεο
1331 6018 1383 6075 in
1412 6015 1731 6089 quibusdam
1755 6028 1845 6070 co-

1944 4887 2067 4927 cum
2094 4871 2241 4926 dicat
2259 4885 2324 4927 ex
2349 4886 2577 4939 persona
2601 4872 2784 4943 populi
2815 4874 2983 4929 nostri
3010 4873 3066 4930 in
3097 4877 3356 4932 vicesimo
3385 4882 3544 4951 quin-

1949 4974 2001 5020 to
2048 4965 2265 5020 Psaltuo
2301 4982 2314 5018 :
2352 4964 2609 5031 Quoniam
2656 4965 3008 5021 misericordia
3056 4977 3145 5022 tua
3197 4980 3319 5025 ante
3367 4974 3545 5029 oculos

1948 5075 2085 5114 meos
2115 5069 2218 5125 est,
2270 5070 2315 5113 et
2358 5058 2644 5131 complacui
2672 5060 2723 5112 in
2753 5060 2964 5114 raritate
3010 5072 3119 5115 tua.
3163 5060 3284 5117 Non
3325 5064 3439 5120 sedi
3490 5068 3545 5122 in

1946 5154 2168 5209 concilio
2192 5153 2455 5218 uanitatis,
2484 5161 2531 5207 et
2560 5167 2674 5205 cum
2701 5152 2877 5223 iniquo
2905 5154 3197 5224 gerentibus
3237 5174 3337 5211 non
3368 5160 3553 5215 introi-

1948 5246 2033 5313 bo,
2070 5247 2208 5301 odivi
2236 5245 2501 5301 ecclesiam
2547 5243 2940 5314 molignontium
2967 5256 3163 5302 etcum
3216 5250 3390 5321 impiis
3444 5270 3545 5310 non

1950 5341 2135 5397 sedebo
2178 5339 2347 5414 (Psol.
2382 5353 2504 5401 xxv,
2537 5338 2617 5409 ὅ).
2666 5337 2723 5394 Si
2772 5354 2879 5395 non
2932 5350 3018 5397 cst
3047 5340 3061 5379 ί
3094 5346 3381 5401 consilium
3430 5364 3551 5405 vcs-

1954 5448 2098 5495 trum
2127 5434 2408 5497 vanitatis,
2454 5432 2715 5491 convinco
2745 5450 2852 5491 me.
2883 5434 3001 5492 Non
3034 5448 3117 5493 est
3144 5454 3339 5494 vanum
3365 5444 3552 5499 conci-

1950 5578 2161 5635 dicibus
2190 5573 2327 5646 apud
2356 5573 2551 5631 Sabbat
2564 5615 2577 5627 .

2029 5652 2047 5689 τ
2084 5646 2501 5722 Potuerunt._ld.
2530 5646 2685 5722 ut_in
2732 5646 2925 5704 Graeco
2970 5649 3178 5722 Compl.
3210 5651 3545 5715 ἐδυνήθηςαι.

1952 5722 2175 5781 Sabbat.
2210 5720 2358 5790 legit,
2385 5719 2460 5772 ire
2483 5718 2538 5771 in
2569 5716 2803 5774 Tharsis.

2026 5805 2050 5841 ⁸
2078 5795 2134 5850 Id
2164 5802 2245 5875 es}
2266 5788 2763 5860 Ῥηναίδροπιεποηὶ
2792 5808 2909 5864 (ιυευ
2964 5791 3122 5863 h“jus
3156 5796 3305 5852 vocis
3350 5811 3431 5855 est
3468 5802 3546 5856 iu-

1956 5874 2289 5936 terpretatio.
2450 5935 2460 5946 .
2755 5934 2767 5946 ο

2026 5936 2052 6014 1t
2086 5938 2130 6014 ρ
2159 5936 2316 6014 vobis,
2346 5933 2516 6014 Vath.
2550 5944 2853 6014 et_recttu_s_.

2036 6010 2045 6046 ί
2086 6010 2209 6065 lla2c
2240 6008 2401 6064 etiam
2444 6006 2744 6064 Concilium
2794 6006 3196 6068 Mediolauense
3246 6012 3548 6084 respiciunt
