4292 6388
566 407 671 462 775

1637 404 1961 463 LUCIFEHI
2008 402 2323 460 El’lb‘COl'l
2366 399 2785 456 tiALARI'l‘AM
3756 400 3845 459 776

565 520 697 574 lium
730 520 778 571 in
807 533 916 588 quo
944 532 1107 574 omne
1135 519 1422 575 consilium
1455 530 1692 585 nonest,
1726 521 1828 576 nisi
1863 532 1918 575 ut
1955 521 2045 576 Dei
2074 536 2171 576 ne-
2204 527 2250 585 Α
2281 516 2591 582 destructa,
2644 515 2906 571 mdil‘tcala
2959 532 3089 571 vero
3152 516 3344 573 fuisset
3401 518 3597 573 Ariana
3646 516 3846 573 luerosis

565 622 722 682 getnr
753 613 947 675 Filios,
992 625 1050 666 ut
1097 612 1238 667 Dens
1281 622 1437 683 pater
1483 630 1588 667 non
1639 628 1762 669 esse
1809 630 1969 667 verus
2024 624 2174 682 pater

563 706 910 773 defendatur,
945 716 1003 761 ut
1033 707 1270 776 Spiritus
1297 716 1519 762 sanctus
1552 708 1862 777 paraeletus
1908 723 2012 763 ιιοιι
2056 723 2177 761 esse

566 813 728 853 verus
761 798 853 853 Dei
880 800 1104 869 spiritus
1131 809 1497 865 asseveretur,
1528 810 1583 853 ut
1605 801 1903 869 apostolica
1930 809 1984 854 et
2011 816 2179 853 evan-

568 893 741 962 gelica
773 893 995 948 traditio
1039 894 1372 959 deStruatur,
1407 906 1465 948 ιιι
1496 893 1719 949 traditio
1749 896 1864 950 Arii
1892 896 2178 949 tinuetur?

567 986 621 1041 in
652 1002 760 1058 quo
790 988 1026 1042 concilio
1055 988 1187 1041 nihil
1230 987 1375 1041 aliud
1429 989 1675 1041 lirmatur
1696 1030 1710 1053 ,
1742 987 1847 1041 nisi
1877 986 2021 1057 quod
2063 1003 2179 1041 om.

566 1079 728 1135 nibus
761 1080 1039 1135 ltmreticis
1082 1090 1137 1136 et
1169 1080 1403 1137 ethnicis
1434 1089 1600 1150 atque
1646 1080 1850 1136 Jndieis
1884 1081 2056 1149 possit
2090 1080 2182 1133 lte-

571 1175 741 1231 titiam
794 1178 1121 1245 conquirere
1191 1178 1483 1249 magnam?
1533 1178 1790 1234 Gaudent
1854 1179 2035 1234 cuneti
2086 1180 2181 1233 Dei

566 1271 852 1343 religionis
878 1283 1282 1340 exsecratores,
1317 1272 1461 1344 quod
1492 1276 1641 1329 enim
1672 1282 1725 1328 te
1756 1271 1975 1328 videant
2004 1276 2181 1343 impe-

2282 621 2460 664 restra
2485 651 2499 677 ,
2534 610 2637 664 nisi
2671 619 2726 663 ιιι
2757 625 2949 665 omnes
3001 610 3095 666 tibi
3129 627 3234 666 non
3290 612 3693 682 acquiescentes
3733 610 3844 664 fuis-

2279 715 2403 759 sent
2449 705 2753 774 deportati,
2797 706 3117 775 proscripti,
3167 706 3316 761 varie
3362 704 3845 772 cxcarnilicati,ad

2282 799 2530 853 nltinnnn
2566 799 2879 855 interchIi?
2906 812 2960 856 et
2993 801 3198 856 ideirco
3227 802 3462 872 Spiritus
3491 813 3701 858 sanctus
3723 810 3769 855 te
3796 817 3849 855 ac

2283 905 2403 949 tuos
2436 895 2725 965 designans
2755 896 2956 966 pariter
2982 910 3044 950 ac
3076 896 3383 966 percutiens
3410 895 3539 951 dicit
3560 912 3621 950 ex
3647 909 3849 965 persona

2285 989 2467 1059 populi
2501 989 2671 1043 nostri
2708 1010 2718 1043 :
2753 990 2879 1041 Cum
2909 991 3236 1058 operantibus
3265 991 3578 1059 iniquitatem
3602 1008 3662 1045 ne
3688 990 3851 1058 perdas

2287 1098 2384 1145 me,
2403 1098 2517 1139 cum
2538 1081 2615 1135 Itis
2642 1082 2726 1149 qui
2744 1082 3022 1147 loquuntur
3043 1099 3217 1149 parcnt
3236 1099 3349 1136 cum
3370 1083 3599 1151 proximo
3612 1099 3717 1147 suo,
3734 1084 3856 1135 mala

2285 1187 2453 1229 autent
2481 1186 2596 1229 sunt
2628 1178 2679 1230 in
2706 1178 2861 1230 corde
2891 1194 3067 1230 eorum
3113 1176 3278 1249 (lbitl.
3313 1178 3388 1247 5).
3423 1175 3588 1232 Nobis
3625 1177 3853 1231 dicebas;

2289 1269 2485 1324 Pacem
2507 1273 2620 1324 volo
2647 1271 2800 1339 ﬁeri;
2830 1281 2884 1325 et
2933 1272 2984 1324 in
3032 1272 3195 1326 corde
3243 1279 3335 1324 tuo
3367 1286 3592 1325 manens
3627 1270 3852 1325 adversa-

2288 1364 2403 1419 rius
2433 1365 2715 1433 religionis
2762 1374 2963 1419 nostra:
3007 1365 3280 1435 cogitabat
3327 1379 3424 1436 per
3473 1373 3523 1418 te
3557 1365 3728 1419 facere
3772 1378 3859 1416 nos

2289 1457 2612 1512 idololatras
2645 1475 2657 1510 :
2692 1457 2833 1512 unde
2862 1466 2915 1512 et
2943 1472 3073 1512 vere
3100 1468 3414 1526 recepturus
3445 1458 3550 1512 eris
3586 1455 3859 1511 secundum

2290 1567 2513 1622 operam
2551 1563 2717 1618 tuam,
2747 1552 3043 1607 Secundum
3096 1551 3390 1623 nequitiam
3422 1552 3714 1607 studiorum
3754 1566 3861 1605 ves-

2296 1660 2526 1709 trorum,
2556 1648 2657 1701 nisi
2694 1647 2789 1701 tibi
2822 1648 3012 1702 feceris
3040 1662 3158 1702 esse
3187 1655 3548 1717 prospectum.
3587 1645 3863 1699 Vitavimns

567 1376 809 1423 ratorem
859 1367 970 1422 voti
1022 1366 1107 1421 sui
1159 1383 1274 1422 rem
1324 1378 1749 1440 exsequentem,
1779 1372 1922 1441 quod
1953 1371 2097 1423 enim
2134 1379 2185 1423 te

570 1459 852 1514 exstitisse
905 1459 1049 1514 unici
1083 1458 1208 1514 Filii
1238 1459 1334 1515 Dei
1367 1470 1714 1531 negatorem,
1750 1471 1805 1516 et
1850 1461 1968 1530 ejus
1998 1475 2185 1515 servo-

569 1569 691 1609 rmn
725 1553 1017 1609 advertant
1047 1566 1454 1624 persecutorem
1492 1570 1505 1619 ;
1544 1554 1645 1608 hoc
1693 1565 1777 1609 est
1802 1563 1826 1591 α
1856 1554 2183 1620 concilium,

567 1648 714 1719 quod
749 1664 1082 1720 magnopere
1110 1651 1366 1703 omnibus
1399 1648 1606 1703 viribus
1637 1649 1852 1718 imperii
1888 1650 1963 1703 tui
1995 1648 2190 1703 solitus

567 1757 627 1797 es
660 1740 926 1808 adunarc,
956 1741 1021 1797 ad
1056 1742 1159 1797 hoc
1185 1741 1374 1810 utique
1404 1752 1462 1796 ut
1489 1742 1672 1798 omnis
1701 1744 2007 1798 auctoritas
2039 1742 2190 1797 Scri-
2293 1759 2357 1797 ac
2386 1758 2574 1797 sumus
2606 1743 2837 1797 vitantes
2868 1741 3155 1797 consilium
3204 1750 3440 1796 vestrum
3461 1785 3474 1808 ,
3518 1740 3653 1812 quod
3696 1749 3864 1795 contra

573 1844 858 1907 pturarum
890 1851 1171 1891 sacrarum
1201 1836 1277 1890 ttti
1310 1836 1524 1906 imperii
1557 1837 1881 1890 auctoritate
1909 1837 2152 1890 solvatur
2173 1876 2188 1902 ,
2300 1839 2469 1893 Deum
2518 1837 2716 1892 factum
2771 1848 2853 1892 est
2900 1852 2962 1892 ac
3016 1838 3104 1897 tit;
3136 1852 3362 1906 quorum
3395 1845 3519 1890 tunc
3547 1836 3650 1905 jam
3697 1832 3865 1887 videns

570 1940 629 1985 ut
656 1932 839 1986 omnis
887 1932 1111 2001 sepeliri
1168 1932 1342 2001 possit
1370 1931 1597 1995 veritas,
1632 1942 1690 1986 ut
1718 1931 1999 1985 mendacia
2033 1930 2180 1985 dete-
2215 1943 2260 2003 B
2294 1932 2677 1987 meditationes
2725 1932 2957 2002 Spiritus
3010 1940 3229 1985 sanctus
3258 1929 3459 1983 dixerit
3506 1943 3597 1982 ore
3640 1926 3793 1980 David
3820 1926 3865 1979 in

574 2025 785 2080 standte
807 2025 1295 2080 commentationis
1341 2034 1539 2080 vestra:
1592 2033 1765 2093 possnt
1816 2024 1986 2078 videri
2034 2038 2183 2078 vera.
2297 2028 2575 2097 trigesimo
2606 2027 2846 2081 secundo
2878 2026 3092 2080 Psalmo
3129 2046 3138 2079 :
3170 2024 3420 2079 Dominus
3455 2023 3713 2093 dissipavit
3754 2038 3866 2074 cou-

574 2117 704 2174 llwc
733 2127 858 2174 sunt
906 2119 1279 2174 meditationis
1326 2128 1526 2173 vestra“.
1578 2119 1628 2173 itt
1664 2120 1755 2173 illo
1783 2117 2004 2189 egregio
2053 2132 2186 2171 con-
2294 2124 2414 2176 silia
2448 2122 2699 2193 gentium,
2731 2120 2970 2188 reprobat
3001 2130 3171 2173 atttem
3203 2118 3530 2186 cogitationes
3561 2115 3867 2187 papulorum,

575 2212 705 2268 cilio
739 2230 835 2283 per
886 2223 1034 2268 tuam
1084 2213 1324 2268 adunato
1376 2214 1696 2283 potentiam.
1732 2213 2027 2280 Propterea
2069 2211 2188 2266 odis
2295 2227 2339 2269 et
2370 2216 2613 2283 reprobat
2646 2216 2863 2268 consilia
2896 2214 3187 2284 principum
3211 2210 3383 2281 (l’sal.
3413 2226 3576 2275 χχχιι,
3614 2208 3718 2278 10).
3745 2206 3873 2261 Con-

573 2322 675 2362 nos
698 2348 712 2370 ,
747 2309 872 2376 quia
921 2308 1215 2363 concilium
1270 2317 1515 2362 vestrum
1566 2306 1977 2376 malignantitnn
2027 2320 2187 2360 exse-
2296 2310 2415 2365 silia
2450 2324 2585 2364 vero
2615 2319 2795 2363 vestra
2847 2318 3033 2361 contra
3065 2321 3215 2360 suam
3248 2305 3454 2376 prolata
3495 2303 3766 2358 ecclesiam
3795 2318 3871 2355 rc-

574 2414 818 2466 cremur,
849 2409 1139 2470 propterea
1172 2398 1197 2436 b
1233 2400 1288 2453 in
1321 2398 1519 2453 exsilio
1567 2413 1778 2463 sumus,
1811 2408 2101 2468 propterea
2136 2398 2187 2451 in
2297 2405 2491 2475 probat
2524 2405 2669 2459 Deus
2706 2423 2715 2457 :
2750 2419 2848 2458 nec
2877 2403 3020 2457 enim
3050 2411 3227 2471 potest
3257 2400 3409 2455 odire
3438 2400 3683 2470 populum
3707 2413 3873 2457 suum,

573 2508 798 2549 carcere
827 2508 1117 2558 necamur,
1152 2502 1439 2563 prepterea
1487 2493 1643 2548 nobis
1685 2493 1817 2547 solis
1868 2491 2193 2562 prohibetur

2177 2509 2193 2546 ι’
2302 2500 2677 2554 ltzereditatcm
2712 2514 2886 2562 suam,
2921 2506 2973 2552 et
3020 2511 3201 2549 amare
3230 2510 3328 2549 vos
3371 2493 3510 2547 filios
3540 2490 3872 2562 pestilentiw,

568 2597 930 2655 conspectus;
966 2585 1174 2642 idcirco
1226 2587 1429 2641 reclusi
1463 2587 1514 2640 in
1562 2586 1823 2641 tenebras
1852 2586 2193 2639 custodimur
2300 2607 2395 2647 vos
2424 2599 2805 2661 persecutores
2857 2604 3138 2643 servorum
3165 2602 3410 2642 suormn.
3444 2585 3630 2639 Dixisti
3665 2601 3676 2637 :
3712 2582 3877 2636 ("utile

572 2681 781 2753 ίηὲθηίί
814 2682 1087 2737 ουδίοάίθο
1128 2681 1301 2751 "ﬂius
1335 2681 1412 2735 rei
1467 2695 1632 2735 causa
1669 2680 1851 2734 "Ullus
1883 2679 1949 2732 ad
1982 2694 2081 2733 "05
2112 2680 2193 2733 Vi-
2296 2703 2473 2757 pacem
2506 2702 2623 2738 cum
2651 2683 2929 2753 Episwpis
2958 2694 3108 2737 secta:
3136 2699 3259 2736 mete
3289 2682 3495 2735 Arianis
3517 2722 3529 2743 ,
3556 2690 3601 2733 et
3632 2688 3782 2733 estote
3828 2679 3872 2729 in

573 2774 776 2830 scndos
794 2774 1422 2839 admittiturhominum,
1443 2776 1565 2844 quia
1588 2773 2190 2828 videlicetuoluerimtts
2300 2796 2498 2845 unum;
2551 2789 2603 2832 ot
2646 2778 2779 2833 dicit
2808 2779 2903 2833 Dei
2935 2778 3161 2848 spiritus
3190 2792 3283 2847 per
3312 2776 3651 2831 Salomoncm
3684 2775 3733 2828 in
3760 2773 3878 2827 Pro-

572 2867 1061 2938 vobiscum
1088 2866 1368 2936 διιεγίΙιιςίε
1393 2867 1555 2920 ullam
1572 2866 1841 2921 SCBICI‘UIII
1884 2875 2188 2921 VCSU‘OI‘UIII
2297 2874 2498 2929 vcrbiis
2530 2892 2541 2928 ζ
2588 2873 2708 2927 Via;
2741 2875 3018 2943 impiorum
3067 2874 3171 2927 "ali
3195 2914 3207 2935 ,
3266 2872 3373 2925 noli
3421 2870 3615 2939 exsequi
3640 2880 3685 2933 θ,
3736 2884 3880 2937 neque

574 2960 780 3017 habere
798 2961 1213 3029 societatem,de
1227 2961 1420 3032 quibus
1444 2977 1508 3017 cx
1524 2969 1705 3015 nostra
1726 2976 1960 3032 persona
1982 2962 2191 3015 directa
2298 2968 2560 3021 tentulcris
2579 2968 2710 3021 viam
2737 2967 3055 3035 iniquorum,
3082 2967 3135 3018 in
3165 2980 3478 3033 quocumque
3495 2965 3602 3016 loco
3623 2962 3879 3016 exercitum

573 3066 656 3112 est
676 3056 989 3111 obsecratio
1006 3056 1071 3109 ad
1095 3056 1287 3121 Deum,
1308 3072 1376 3110 tte
1400 3056 1614 3110 scilicet
1637 3055 1912 3110 vobiscum
1932 3055 2193 3124 degentes
2299 3061 2691 3125 constituerint,
2720 3078 2781 3113 ne
2807 3060 3135 3129 supervenias
3174 3060 3299 3111 illuc
3330 3073 3350 3112 :
3379 3058 3582 3112 declina
3620 3066 3781 3111 autem
3820 3055 3879 3106 ab

570 3147 735 3202 simul
787 3148 1115 3217 periremus,
1151 3147 1246 3203 sed
1300 3148 1593 3202 fuissemus
1617 3146 1885 3217 segregati
1913 3147 1980 3201 de
2008 3156 2193 3201 vestro

2185 3165 2193 3199 ν
2297 3173 2380 3220 ea,
2415 3167 2459 3208 et
2508 3156 2710 3219 devita;
2738 3171 2837 3208 non
2867 3156 3002 3207 enim
3033 3154 3303 3216 dormient,
3336 3154 3435 3207 nisi
3473 3153 3603 3206 male
3636 3153 3836 3223 fecerint
3866 3166 3880 3202 :

572 3241 782 3296 llefdl‘io
804 3242 1059 3305 οοηείιίος
1091 3240 1157 3295 de
1186 3249 1362 3296 Vestra
1406 3241 1589 3310 iniqua
1635 3241 2064 3308 conspiratione.
2102 3240 2192 3295 Ait
2298 3248 2735 3301 ablatusestcnim
2757 3249 3041 3302 sontnusab
3062 3248 3152 3311 eis,
3170 3258 3331 3301 etnon
3356 3247 3628 3299 dormiunt.
3658 3244 3728 3299 Ili
3752 3247 3879 3298 enim

569 3334 716 3390 enim
752 3335 804 3389 in
836 3334 1100 3389 vicesimo
1129 3335 1364 3405 septimo
1395 3334 1613 3389 Psalmo
1646 3352 1657 3387 :
1693 3333 1924 3399 Exaudi,
1950 3332 2191 3399 Domine,
2224 3349 2264 3408 (ς

2181 3376 2191 3399 ι
2224 3349 2265 3408 t‘,
2301 3344 2543 3397 cibantur
2561 3342 2687 3395 cibis
2711 3342 3014 3410 impietatis:
3035 3342 3150 3395 vino
3178 3350 3350 3394 autem
3368 3341 3538 3409 iniquo
3558 3337 3876 3392 iucbriantur.

569 3444 745 3484 ῑόεεηι
774 3429 1155 3498 άεΡνεεατίοηίδ
1184 3446 1308 3483 mea"
1338 3446 1454 3483 cum
1479 3445 1572 3483 ονο
1619 3429 1686 3483 ad
1721 3441 1766 3482 le
1791 3470 1803 3493 ν
1834 3446 1952 3482 cum
1998 3429 2191 3482 θωιοίίο
2303 3433 2547 3488 Namrite
2567 3432 3536 3507 justorumsimiliterntluxfulgebunt,
3556 3431 3883 3502 procedente!

568 3539 756 3577 manus
778 3539 916 3577 meas
929 3523 998 3574 ad
1026 3522 1273 3590 templum
1298 3531 1537 3576 sanctum
1564 3531 1730 3588 tuum,
1753 3538 1815 3574 ne
1837 3522 1994 3576 simul
2017 3521 2193 3575 trahas
2300 3528 2620 3595 illuminant,
2649 3528 2809 3582 donec.
2834 3528 3058 3600 corrigat
3096 3528 3224 3581 dies.
3264 3526 3376 3581 Vite
3403 3538 3569 3579 autem
3615 3526 3880 3593 impiormu

568 3632 689 3670 cum
719 3616 1073 3685 peccatoribus
1099 3616 1331 3671 animam
1360 3627 1381 3655 ο
1415 3633 1601 3681 meum,
1632 3628 1679 3670 et
1709 3633 1827 3671 cum
1861 3617 2195 3687 aperantibtts
2299 3624 2601 3687 lettebroste,
2627 3622 2859 3676 nesciunt
2888 3622 3148 3689 quomodo
3173 3617 3435 3685 oﬁ'cndunt
3471 3617 3650 3688 (Prov.
3676 3634 3751 3682 tv,
3773 3615 3881 3680 Η).

566 3710 891 3780 iniquitatem
915 3728 977 3764 nc
994 3712 1181 3775 perdas
1213 3711 1458 3766 mc.Cum
1486 3711 1691 3781 Itis,qui
1723 3712 2191 3782 loquunturpacem
2300 3716 2586 3781 Quomodo
2633 3716 2916 3770 vobiscum
2971 3714 3185 3769 Arianis
3232 3714 3543 3768 societatem
3586 3722 3885 3783 poteramus

569 3820 686 3858 cum
716 3805 955 3874 proximo
982 3821 1096 3869 suo,
1122 3805 1258 3858 mula
1280 3814 1455 3858 autem
1484 3814 1605 3858 sunt
1631 3804 1684 3857 in
1715 3804 1959 3858 cordibus
1986 3819 2189 3858 eorum.
2300 3808 2525 3871 habere,
2560 3825 2683 3864 cum
2717 3807 2984 3863 adulteris
3028 3807 3448 3877 spiritualibus?
3492 3806 3581 3876 qui
3630 3806 3882 3874 scriptum

571 3896 657 3953 Da
682 3897 790 3953 illis
819 3900 1099 3954 secundum
1131 3916 1290 3967 Opera
1335 3900 1571 3967 illorum,
1602 3910 1649 3954 ct
1676 3900 1961 3954 secundum
2012 3901 2193 3971 nequi-
2298 3902 2630 3958 retineamus
2661 3919 2672 3953 :
2709 3900 2884 3955 Nolite
2912 3898 2929 3937 ί
2964 3900 3230 3954 intendere
3279 3899 3456 3968 fallaci
3500 3898 3697 3951 mulieri
3727 3912 3746 3951 :
3789 3899 3887 3950 utet

573 3994 700 4047 tiam
728 3995 1023 4048 studiorunt
1047 3996 1280 4065 ipsorum
1306 4035 1320 4059 ,
1350 3995 1631 4048 secundum
1662 3995 2015 4063 operationem
2052 3995 2193 4065 ipso-
2297 3996 2433 4049 enim
2461 3996 2679 4049 distillat
2707 4012 2739 4048 a
2765 3993 2917 4048 labiis
2946 3993 3179 4046 mulieris
3208 3990 3503 4057 meretricis,
3534 4004 3644 4059 qua!
3662 3988 3728 4042 ad
3760 4000 3885 4041 tem-

571 4103 688 4143 rum
720 4105 969 4143 manuum
1015 4088 1181 4142 tribue
1209 4088 1338 4153 illis,
1370 4088 1531 4142 redde
1578 4087 1969 4142 retributionem
2012 4104 2191 4141 eorum
2299 4106 2393 4160 pus
2443 4090 2731 4159 impinguat
2779 4089 2951 4157 {nuces
2983 4096 3117 4150 tuus,
3149 4085 3418 4139 novissime
3458 4094 3624 4137 autem
3660 4082 3885 4135 amorim

571 4183 700 4254 ipsis
753 4181 930 4253 (Psal.
963 4198 1134 4247 XXVII,
1160 4183 1243 4254 2).
1278 4183 1571 4253 Propterea
1607 4181 1825 4237 odimur
1866 4198 1895 4235 a
1930 4191 2012 4248 te,
2041 4183 2186 4237 Con-
2297 4184 2418 4252 felle
2448 4183 2702 4248 invenies,
2732 4192 2781 4237 et
2805 4182 3004 4236 acutius
3033 4179 3197 4252 magis
3241 4194 3392 4248 quant
3419 4177 3616 4246 gladius
3653 4192 3715 4230 ea:
3745 4186 3886 4229 utra-

572 4278 760 4341 stanti,
791 4275 1053 4347 quoniam
1084 4276 1421 4332 uoluerimus
1452 4276 1571 4331 hare
1600 4274 1707 4332 dici
1736 4276 1805 4331 de
1837 4276 1995 4332 nobis
2020 4319 2035 4344 ,
2068 4292 2190 4348 quzc
2295 4293 2393 4346 que
2442 4285 2588 4345 parte
2619 4284 2842 4329 acutus:
2869 4273 3166 4343 insipientes
3191 4280 3214 4318 ε
3243 4278 3412 4323 autem
3442 4269 3589 4338 pedes
3633 4266 3887 4320 deducunt

572 4368 825 4424 dicantur
854 4384 954 4424 ore
984 4367 1274 4439 Propheta:
1304 4369 1372 4425 de
1398 4377 1451 4425 te
1480 4384 1542 4423 ac
1569 4369 1676 4423 tuis
1700 4378 1923 4438 propter
1953 4383 2187 4439 nequam
2298 4380 2497 4425 utentes
2544 4386 2607 4424 ea
2651 4384 2767 4423 cum
2812 4375 2977 4421 morte
3006 4364 3074 4419 ad
3119 4364 3313 4432 inferos
3364 4360 3550 4433 (Ibid,
3586 4374 3634 4425 ν,
3658 4358 3736 4428 2).
3782 4358 3888 4413 Sed

575 4472 815 4518 vestram
849 4477 1076 4532 operam
1100 4505 1113 4528 ,
1148 4477 1269 4533 quae
1318 4462 1571 4518 dicantur
1600 4462 1667 4516 de
1697 4461 1926 4527 Judzeis,
1956 4478 2188 4533 quorum
2295 4464 2427 4536 quid
2470 4463 2610 4518 dicis
2657 4461 2778 4517 haec
2826 4469 3047 4532 propter
3090 4459 3270 4514 carnis
3310 4455 3564 4511 adulteria
3610 4453 3791 4509 dicta?
3828 4451 3888 4506 Si

574 4556 818 4613 imitator
845 4556 1148 4613 exstiteris.
1177 4557 1234 4613 Si
1270 4572 1375 4612 non
1409 4571 1469 4612 es
1502 4567 1556 4611 tu
1609 4556 1967 4613 ConStantius
2014 4556 2191 4627 lmpe-
2298 4569 2525 4629 prapter
2596 4556 2781 4611 carnis
2860 4553 3126 4611 adulteria
3184 4566 3306 4608 esse
3377 4548 3573 4605 astruis
3632 4546 3744 4601 hazc
3808 4544 3891 4597 dio

574 4663 760 4717 rator,
792 4652 885 4724 qui
916 4648 942 4689 ιι
974 4654 1197 4708 tiuxeris
1250 4667 1440 4720 pacem
1494 4660 1547 4708 te
1592 4651 1801 4718 facere,
1856 4661 1913 4707 ut
1968 4652 2190 4707 fuerunt
2297 4662 2380 4708 cta
2416 4694 2430 4719 ,
2485 4659 2691 4722 quanto
2750 4648 2925 4721 magis
2993 4646 3232 4717 fugiendi
3284 4659 3381 4701 vos
3446 4641 3575 4698 estis
3620 4637 3889 4711 spiritales

573 4747 718 4802 mala
746 4747 1145 4817 cogitamenta,
1178 4746 1281 4802 nisi
1317 4757 1373 4802 ιιι
1398 4745 1493 4801 Dei
1549 4755 1776 4815 negatus
1806 4744 1997 4801 fuisset
2021 4745 2183 4814 titius,
2295 4746 2562 4812 adulteri,
2610 4760 2680 4800 ne
2726 4760 2824 4814 per
2848 4743 3102 4798 Arianam
3150 4738 3400 4795 hmresim
3442 4743 3667 4791 vestram
3714 4747 3889 4786 mere-

577 4842 684 4898 nisi
738 4851 797 4897 ut
844 4842 1144 4911 apostolica
1195 4852 1357 4913 atque
1412 4841 1729 4913 evangelica
1796 4840 1933 4897 fides
1996 4834 2268 4898 luissetD
2299 4841 2485 4897 tricem
2537 4839 2844 4910 spiritalem
2894 4837 3015 4893 haec
3055 4851 3220 4908 super
3247 4849 3347 4890 nos
3376 4846 3492 4904 qua:
3518 4829 3769 4885 dicuntur
3797 4842 3889 4880 ve-

2299 4983 2375 5037 tio
2409 4996 2506 5051 pro
2542 4980 2758 5037 Arianis
2794 4981 2955 5048 facto,
2986 4990 3038 5036 et
3087 4974 3674 5051 promulgjtokdequo
3701 4983 3884 5051 postea

2300 5056 2350 5109 in
2388 5047 2489 5109 hoc
2518 5054 2705 5108 libello
2753 5047 3100 5108 mentionem
3138 5049 3287 5115 facit,
3314 5048 3415 5103 Til.
3467 5047 3569 5104 Sed
3617 5047 3884 5116 quodnam

2298 5127 2432 5181 illud
2466 5128 2649 5191 luerit,
2682 5135 2736 5181 et
2762 5141 2923 5195 quam
2978 5124 3048 5179 ob
3080 5137 3297 5195 causam
3337 5118 3620 5195 Catttplieis
3648 5120 3886 5186 proposi-

575 4981 769 5052 inquo
820 4980 871 5036 id
922 4978 1142 5035 Arianis
1190 4981 1525 5051 pr0positum
1578 4991 1732 5045 erat,
1788 4989 1843 5034 ut
1894 4980 2185 5037 damnandi

576 5054 864 5110 Athanasii
896 5052 1080 5123 specie
1111 5052 1323 5107 Nicarna
1356 5053 1487 5109 tides
1519 5062 1860 5107 everteretur
1889 5071 1898 5105 :
1928 5053 2007 5107 uti
2032 5069 2189 5124 aper-

576 5137 629 5181 te
671 5135 899 5181 testatur
928 5125 1266 5180 Sozomenus
1297 5126 1389 5177 lib.
1425 5141 1497 5190 tv,
1524 5141 1643 5195 cap.
1678 5126 1733 5191 9,
1768 5125 1911 5180 haud
1937 5126 2042 5179 alio
2068 5142 2190 5179 con-

573 5199 695 5252 silio
728 5195 1178 5269 Imperatorentet
1209 5196 1429 5251 Arianos
1456 5198 1862 5252 damnationem
1907 5198 2186 5253 Athanasii

577 5270 776 5331 moliri,
806 5267 960 5337 quam
987 5279 1042 5322 ut
1075 5267 1344 5323 Nicwnam
1372 5269 1529 5338 ﬁdem
1552 5269 1861 5323 subvertant.

652 5350 678 5378 ι
711 5340 948 5395 Rursum
976 5340 1041 5394 de
1073 5342 1265 5395 eodem
1300 5342 1576 5405 Concilio;
1619 5341 1794 5411 deque
1837 5343 1940 5397 hoc
1969 5342 2189 5398 uberius

576 5412 963 5469 disserendum
998 5412 1101 5466 fuit
1140 5412 1193 5465 in
1235 5412 1479 5473 Ριειειὶιι..
1515 5415 1603 5469 ubi
1645 5416 1810 5467 etiam
1860 5414 1929 5468 de
1963 5430 2190 5470 numero

577 5486 1000 5555 Episcoporum,
1031 5482 1123 5549 qui
1172 5483 1563 5547 interfuerunt,
1598 5488 1913 5554 opinionem
1949 5498 2190 5541 nostram

576 5559 956 5629 proponimus,
972 5557 1075 5629 hoc
1093 5557 1396 5629 praesertim
1419 5556 1650 5612 Luciferi
1667 5560 1980 5612 testimonio
2001 5559 2189 5613 innixi.

649 5628 677 5669 λ’
709 5630 785 5685 Ex
820 5630 921 5684 hoc
970 5628 1206 5684 Luciferi
1252 5630 1372 5683 loco
1418 5630 1772 5697 conjicitnus,
1808 5632 1953 5685 hunc
1996 5631 2192 5685 librum

576 5702 843 5768 scriptum
895 5700 963 5756 ab
993 5717 1060 5755 eo
1111 5700 1281 5757 fuisse
1331 5717 1452 5757 cum
1493 5702 1851 5758 Germanicia:
1892 5705 2187 5759 exsularet.

576 5772 715 5830 Vide
744 5772 904 5828 Praef.

656 5858 678 5884 ι
714 5844 779 5902 Ut
809 5846 860 5899 in
889 5845 1066 5902 Graec.
1096 5852 1191 5906 τήν
1222 5846 1404 5919 ψυχήν
1434 5871 1554 5922 μου.
1589 5848 1742 5903 Vers.
1769 5850 1899 5905 Ant.
1926 5866 1989 5903 ne
2016 5849 2191 5902 trahas

578 5933 685 5981 me,
718 5929 827 5974 CIC.

651 5988 677 6029 ἀ
708 5990 785 6048 De
814 5988 993 6048 edicto
1021 5990 1116 6048 illo
1165 5992 1535 6065 paciﬁcatorio
1578 5992 1816 6065 loquitur
1854 6011 1884 6050 a
1924 5993 2193 6051 Censtan-

2301 5208 2413 5253 tum
2447 5200 2568 5253 vide
2596 5189 3061 5269 paullo-interius.
3095 5194 3262 5250 Totus
3292 5195 3343 5269 in
3371 5208 3435 5248 eo
3462 5189 3668 5269 Lucifer
3686 5200 3795 5252 est,
3826 5196 3883 5239 ut

2296 5263 2621 5326 Constantio
2669 5281 2947 5325 versutum
2977 5269 3094 5337 ejus
3136 5267 3418 5322 consilium
3451 5263 3764 5338 et_i_niqttnm
3791 5276 3888 5338 es.-

2303 5343 2545 5411 prohret,
2604 5357 2712 5408 quo
2744 5341 2847 5396 sub
2880 5334 3027 5410 pacis
3069 5339 3250 5408 specie
3280 5334 3551 5413 Athanasii
3591 5334 3886 5413 damnatio-

2301 5430 2449 5479 nem,
2494 5428 2547 5469 et
2578 5414 2980 5470 Catholicorum
3030 5428 3149 5483 cum
3200 5411 3413 5483 Arianis
3458 5411 3883 5483 communionem

2297 5486 2425 5539 totis
2456 5487 2665 5541 viribus
2694 5496 3021 5557 extorquere
3058 5482 3415 5557 aCathnlicis
3454 5488 3671 5555 conatus
3696 5484 3779 5528 est
3827 5482 3883 5527 in

2297 5558 2543 5613 Concilio
2588 5551 3002 5620 Mediolanensi;
3055 5556 3178 5609 hinc
3226 5555 3328 5608 illa:
3385 5551 3698 5611 locutiones,
3752 5561 3886 5615 quas

2296 5646 2443 5698 sa:pe
2473 5630 2541 5684 de
2571 5644 2701 5700 pace
2734 5629 2950 5699 ingerit,
2983 5619 3037 5682 et
3065 5627 3352 5700 degquibus
3382 5624 3430 5676 in
3476 5619 3771 5700 Pra‘fLIIuc
3796 5634 3883 5672 re-

2299 5692 2390 5755 fer'
2417 5717 2541 5772 quae
2572 5692 2817 5756 'llilarius
2850 5700 3040 5757 seribit
3063 5700 3115 5755 in
3141 5698 3264 5772 libr.
3292 5704 3579 5751 un.contra
3604 5692 3882 5747 Constant.

2304 5773 2349 5829 U
2356 5771 2567 5828 nitatem
2598 5783 2867 5843 procurat,
2899 5790 2959 5827 ne
2985 5788 3089 5845 pas;
3115 5771 3200 5825 sit.

2376 5858 2397 5883 ι’
2434 5845 2562 5900 Noli
2594 5847 2759 5917 sequi.
2791 5845 2931 5915 apud
2963 5843 3185 5900 Sabbat.

2378 5918 2395 5955 ί
2429 5919 2655 5973 Salibat.
2694 5918 2858 5988 legit;
2884 5918 2990 5969 noli
3016 5924 3221 5988 Ιελεξιι·2

2373 6002 2396 6039 ὃ
2432 5986 2772 6064 Insipientitv.
2802 5989 3067 6046 Latinius.
3093 5987 3148 6043 Ιιι
3178 5986 3275 6045 Gr.
3297 5994 3381 6043 est
3405 5986 3701 6061 ἀφροσύνης.
