4292 6422
170 426 249 477 777

797 423 888 480 DE
930 424 1070 482 NON
1111 425 1605 484 CONVENIENDO
1643 425 1789 486 CUM
1832 427 2223 490 lleRETlClS
2262 432 2466 492 LIBER
2508 436 2711 493 UNUS.

3312 440 3414 497 778

163 530 315 585 niani?
350 530 515 588 Dulce
563 531 766 588 etenim
812 535 1134 605 quibusdam
1183 538 1397 593 videtur
1425 539 1570 610 quod
1617 540 1712 595 tibi
1739 551 1793 611 Α
1817 545 1958 600 sicut
1987 561 2082 602 vos
2111 547 2245 602 estis
2271 550 2476 615 Ariani,
2510 550 2686 617 impos
2708 548 2906 604 mentis
2932 550 3025 619 qui
3075 549 3419 622 derelinquat

161 624 879 698 regiinatuicitiasjungantur
899 632 1247 700 suscipiendo
1271 635 1520 688 haeresim
1545 643 1713 700 tuam,

158 714 237 770 sed
251 717 456 771 amarius
471 716 595 772 felle
609 719 843 786 sensuri,
867 736 989 776 cum
1008 736 1182 778 tecum
1201 727 1438 793 torqueri
1454 729 1506 779 itt
1526 740 1718 795 perpe-

159 808 540 876 tuutncmperint
557 809 611 864 in
635 824 890 880 perpetua
913 814 1155 883 geltenna
1173 818 1396 879 sentire,
1417 818 1505 886 qui
1537 826 1716 870 tecum

156 914 258 957 esse
271 901 586 970 delegerunt,
604 913 728 959 tunc
741 905 934 960 dicturi
953 925 964 960 :
992 907 1082 962 Vir
1097 909 1240 962 nobis
1257 911 1341 976 qui
1364 908 1718 964 Constantium

157 993 469 1064 imperatorem
493 993 604 1050 Deo
635 1001 1086 1067 praeposuerimus.
1138 1001 1445 1056 Convenire
1479 1004 1636 1056 nobis
1665 1011 1720 1056 et

157 1086 284 1142 vobis
308 1102 404 1158 quo
432 1088 596 1145 modo
619 1094 910 1161 potuerat?
937 1109 1060 1148 cum
1095 1095 1231 1148 intra
1261 1094 1406 1148 dicat
1428 1095 1717 1150 adhueSao

154 1179 306 1236 lomon
335 1178 519 1249 :Eiice
539 1183 602 1238 de
623 1187 841 1239 consilio
879 1196 902 1222 λ
934 1189 1276 1255 pestilentem,
1332 1197 1380 1241 et
1425 1191 1555 1242 exiet
1604 1206 1716 1242 cum

153 1273 234 1328 illo
258 1275 494 1330 contentio
523 1275 734 1347 (Prov.,
759 1295 894 1344 χιιι,
930 1281 1054 1350 10);
1079 1291 1160 1335 et:
1199 1281 1281 1334 Ne
1308 1283 1537 1336 imitatus
1560 1283 1719 1350 fueris

154 1365 292 1418 malos
317 1367 461 1432 viros,
488 1384 648 1439 neque
671 1371 933 1425 desideres
963 1391 1069 1426 esse
1108 1391 1223 1426 cum
1250 1374 1390 1438 illis;
1419 1375 1555 1442 falsa
1586 1377 1720 1429 enim

151 1456 393 1510 meditatur
424 1477 514 1512 cor
544 1477 738 1527 eorum,
773 1475 817 1516 et
844 1465 1044 1518 dolores
1072 1466 1208 1518 labia
1239 1483 1416 1519 eorum
1443 1469 1720 1536 loquuntur

145 1545 313 1617 (Ibid,
342 1565 480 1613 xxtv,
516 1552 590 1622 I).
623 1553 784 1619 Tum,
819 1554 948 1608 Noli
979 1559 1247 1623 applicare
1281 1559 1498 1627 intpiunt
1525 1562 1593 1611 ad
1626 1577 1718 1627 pa-

147 1659 260 1697 scua
280 1644 416 1712 justi,
447 1662 606 1716 neque
645 1650 907 1702 seducaris
951 1653 1224 1703 saturitate
1264 1655 1474 1706 ventris.
1519 1654 1718 1722 Septies

147 1739 266 1792 cnim
289 1739 411 1792 cadit
427 1742 606 1811 justus
645 1752 692 1795 et
720 1754 985 1814 resurget,
1014 1745 1160 1810 impii
1183 1758 1353 1800 autem
1374 1748 1717 1813 inﬁrntabunc

147 1843 221 1888 tur
240 1834 284 1885 in
313 1835 450 1887 malis
476 1833 643 1904 (Ibid.
673 1837 795 1906 15').
831 1837 964 1891 Cum
1004 1841 1253 1906 superbis
1296 1851 1349 1894 et
1401 1832 1718 1910 primariu-

1819 639 2040 693 domttm
2068 640 2185 702 Dei,
2216 650 2271 695 et
2301 655 2420 696 eam
2449 642 2542 697 dat
2589 642 2789 698 diaboli
2840 648 3294 700 monumentum?
3337 647 3421 702 ld-

1819 731 1968 786 circo
1989 741 2166 787 autem
2211 734 2353 803 apud
2399 744 2449 788 te
2499 735 2627 790 odio
2656 736 2965 790 laboramus
3004 738 3125 807 quia
3159 739 3420 796 fuerimus

1821 833 2124 879 metuentes
2173 833 2336 896 atque
2376 839 2594 892 sumus,
2641 842 2709 880 ne
2756 826 2843 882 illa
2885 826 3115 882 fuissent
3160 829 3302 883 dicta
3350 830 3418 884 dc

1822 916 1999 982 nobis,
2031 931 2152 986 qua!
2180 926 2305 970 sunt
2335 917 2477 970 dicta
2516 917 2584 972 de
2615 918 2724 972 illis
2750 917 3125 975 desertoribus
3146 962 3161 985 ,
3195 920 3295 975 hoc
3335 931 3419 976 est

1820 1005 2046 1069 Judasis,
2079 1022 2216 1076 quos
2248 1009 2459 1063 incusat
2489 1007 2809 1076 Hieremias,
2829 1009 3028 1066 dicens
3059 1027 3072 1064 :
3102 1011 3292 1065 Audite
3311 1027 3396 1065 ver

1823 1100 1944 1152 bum
1990 1100 2234 1163 Domini,
2276 1101 2457 1154 domus
2497 1098 2681 1162 Iacob.
2708 1113 2754 1154 et
2799 1104 2962 1155 omnis
3006 1101 3190 1155 domus
3230 1103 3421 1156 Israel.

1825 1191 1954 1245 Ηιυε
1993 1196 2119 1248 dicit
2157 1194 2410 1249 Dominus
2453 1212 2470 1248 :
2511 1194 2650 1258 Quid
2681 1195 2988 1249 inuenerunt
3033 1197 3085 1264 in
3133 1212 3213 1249 nte
3257 1206 3425 1265 patres

1823 1289 1972 1341 vestri
2006 1290 2368 1353 contumaciaz,
2414 1289 2552 1358 quod
2607 1300 2922 1342 recesserunt
2963 1291 3114 1360 longe
3157 1307 3188 1341 a
3227 1306 3334 1354 me,
3377 1301 3423 1340 et

1822 1379 2054 1432 abierunt
2081 1393 2190 1446 post
2212 1395 2552 1448 supervacua,
2586 1390 2631 1432 et
2680 1381 2917 1449 frustrati
2960 1391 3099 1444 sunt,
3123 1391 3169 1433 et
3211 1397 3311 1432 non
3340 1381 3413 1432 di-

1823 1483 2010 1526 .t'erunt
2029 1491 2046 1526 :
2075 1473 2169 1526 [ω
2192 1486 2266 1526 est
2292 1473 2454 1536 Deus,
2486 1474 2574 1543 qtti
2601 1474 2834 1526 liberat-it
2867 1490 2959 1525 nos
2985 1473 3049 1526 de
3094 1483 3229 1525 terra
3259 1471 3430 1542 Αἰθυ-

1825 1569 1920 1636 pti,
1942 1569 2028 1636 qui
2054 1567 2233 1621 eduin
2262 1585 2352 1621 nos
2381 1568 2628 1619 ducatum
2660 1567 2891 1636 pru’bens
2913 1568 2965 1619 in
2994 1567 3193 1620 deserto
3219 1569 3270 1619 in
3294 1580 3430 1621 terra

1823 1661 2044 1722 inculta,
2079 1671 2124 1712 et
2152 1663 2350 1733 ignota,
2381 1672 2428 1713 et
2458 1663 2509 1714 in
2542 1674 2678 1714 terra
2705 1663 2814 1716 sine
2834 1679 2990 1730 aqua,
3021 1673 3068 1715 et
3093 1663 3204 1714 sine
3229 1667 3425 1729 fructu,

1824 1753 1876 1804 in
1912 1764 2046 1806 terra
2091 1754 2144 1805 in
2175 1771 2329 1821 quant
2361 1770 2506 1806 nemo
2555 1757 2853 1806 commeauit
2885 1757 2978 1815 rir,
3010 1771 3168 1823 neque
3198 1770 3426 1807 comnio—

1828 1856 1968 1896 ratus
1999 1856 2074 1897 est
2107 1845 2176 1897 ibi
2207 1845 2348 1910 [ilius
2391 1844 2649 1907 hominis,
2683 1855 2730 1897 et
2760 1845 2967 1897 induxit
2997 1861 3085 1897 vos
3135 1847 3184 1897 in
3221 1845 3425 1898 Carme-

144 1927 361 1993 toribus,
391 1943 513 1984 cum
541 1932 621 1986 eis
643 1932 736 2001 qui
786 1933 1070 1988 volueritis
1121 1950 1242 1988 cum
1295 1935 1434 1990 Juda
1469 1939 1719 1991 Scarioth
1753 1938 1800 1998 B
1828 1937 1933 1987 lunt
1963 1945 2015 1987 ut
2045 1935 2424 1988 manducaretis
2457 1936 2686 2000 {ructant
2711 1940 2824 2006 ejus
2853 1947 2899 1988 et
2931 1939 3063 1989 bona
3094 1939 3239 2007 ejus,
3275 1947 3323 1990 et
3351 1937 3429 1989 in-

143 2019 390 2090 inveniri,
415 2040 576 2094 quam
605 2040 729 2080 cum
781 2025 1109 2081 beatissitnis
1159 2029 1437 2098 prophetis
1459 2073 1471 2095 ,
1501 2041 1721 2100 aposto-

144 2113 226 2178 lis,
257 2125 402 2184 atque
425 2118 774 2188 martyribus,
800 2121 1074 2187 quomodo
1098 2138 1216 2176 esse
1248 2124 1574 2191 possumus?
1595 2139 1717 2178 cum

140 2207 340 2262 audiam
369 2208 418 2262 iu
448 2213 751 2265 centesimo
782 2212 998 2266 Psalmo
1025 2231 1038 2266 :
1071 2213 1473 2269 Deambulabam
1499 2218 1550 2269 in
1574 2219 1722 2270 inuo-

139 2302 299 2353 centia
323 2301 489 2354 cordis
523 2303 620 2356 mei
651 2303 703 2356 in
726 2302 751 2339 ι)
784 2306 951 2357 media
998 2308 1149 2358 domo
1199 2318 1305 2359 tua.
1337 2325 1344 2340 ·
1386 2306 1506 2361 Non
1538 2325 1727 2377 propo-

139 2391 312 2446 nebant
365 2403 483 2447 ante
520 2395 696 2448 oculos
724 2411 860 2448 meos
889 2412 995 2448 rem
1025 2398 1212 2448 malum
1237 2399 1503 2464 facientes,
1533 2415 1728 2465 prama-

136 2485 398 2538 ricationes
424 2485 584 2550 odiui,
617 2503 718 2540 non
765 2486 982 2541 adhaesit
1029 2490 1153 2540 mihi
1196 2505 1282 2541 cor
1305 2506 1549 2556 pravum,
1574 2490 1733 2542 decli-

137 2585 310 2630 nantes
343 2593 373 2628 α
419 2593 497 2630 nte
521 2577 775 2647 malignas
823 2595 924 2630 non
951 2579 1286 2648 agnoscebant
1320 2597 1336 2632 :
1382 2581 1731 2632 detrahentent

135 2670 373 2723 adversus
398 2672 659 2741 proximos
679 2688 796 2724 suos
821 2674 1035 2735 occulte,
1058 2689 1172 2725 eum
1187 2674 1540 2741 persequebar,
1556 2690 1733 2739 super-

134 2764 197 2817 bo
219 2765 364 2816 oculo
391 2775 436 2816 et
457 2765 736 2816 insatiabili
758 2765 933 2824 corde,
968 2782 1081 2817 cum
1106 2767 1200 2818 hoc
1226 2768 1377 2818 simul
1403 2783 1502 2819 non
1526 2770 1735 2819 edebam

130 2853 307 2922 (Psal.
335 2870 382 2919 c,
419 2855 500 2921 2).
526 2855 593 2910 Et
622 2857 672 2908 in
700 2856 915 2909 l'salmo
938 2859 1237 2911 ccn.esitno
1265 2867 1458 2912 octavo
1485 2859 1732 2913 decimo:

126 2943 347 3016 Iniquos
377 2949 497 3000 odio
525 2948 704 3011 habui,
728 2962 773 3002 et
803 2949 963 3017 legem
989 2960 1130 3002 tuam
1149 2950 1306 3003 dilexi
1330 2948 1505 3020 (l’sal.
1536 2966 1698 3005 cxvm
1721 2991 1738 3017 ,

126 3039 243 3108 '15).
278 3039 408 3094 Cum
460 3041 582 3094 sitis
631 3041 834 3110 iniqui,
867 3042 1066 3109 quippe
1118 3052 1408 3110 negatores
1451 3042 1593 3095 unici
1645 3041 1738 3094 lilii

123 3132 254 3196 Dei,
286 3148 408 3187 cum
439 3133 578 3188 odiri
612 3149 709 3188 vos
735 3142 990 3202 oporteat
1018 3150 1046 3186 a
1079 3135 1260 3196 nobis,
1292 3145 1576 3203 propterea
1599 3133 1741 3201 quod

120 3223 270 3278 viam
293 3223 536 3280 veritatis
559 3225 927 3295 relinquentes
944 3226 1467 3294 compreltenderitis
1487 3228 1725 3280 omniunt

1827 2030 2022 2090 trastis,
2049 2040 2097 2082 et
2129 2029 2499 2095 coinquinastis
2529 2039 2742 2090 terram,
2777 2037 2823 2080 et
2875 2026 3228 2080 [nereditatem
3265 2045 3429 2081 meam

1829 2122 2067 2187 posuistis
2096 2121 2148 2171 in
2181 2120 2688 2181 exterminationem;
2716 2120 3011 2172 sacerdotes
3042 2137 3142 2172 non
3165 2121 3430 2174 dixerunt:

1832 2211 1930 2265 ιω
1958 2223 2028 2264 est
2065 2212 2337 2275 Dominus,
2367 2222 2412 2263 ct
2442 2211 2667 2262 seniores
2695 2211 2822 2279 legis
2856 2227 2980 2264 mea:
3007 2212 3297 2264 nescierunt
3329 2229 3426 2273 me.

1832 2315 1876 2356 et
1908 2315 2136 2372 pastores
2169 2305 2322 2372 impie
2367 2313 2579 2372 egerunt
2605 2304 2656 2355 in
2685 2319 2762 2355 me
2784 2343 2797 2364 ,
2841 2312 2888 2356 et
2917 2304 3180 2371 propheta:
3209 2305 3428 2370 praphe-

1833 2405 2068 2447 taverunt
2099 2396 2151 2446 iit
2181 2393 2310 2447 lluul
2334 2433 2348 2457 ,
2381 2404 2427 2446 et
2452 2404 2564 2461 post
2594 2394 2801 2446 inutilia
2829 2395 3064 2446 abierunt
3091 2395 3310 2461 (Jerem.
3349 2413 3398 2448 st
3420 2439 3434 2460 ,

1835 2489 1914 2556 4).
1940 2487 2222 2542 Noluiutus
2257 2487 2370 2540 lucc
2400 2487 2588 2540 audire
2615 2487 2946 2557 opprobria;
2980 2488 3120 2541 unde
3148 2499 3202 2541 et
3234 2488 3436 2557 ittgictt-

1835 2578 1962 2632 dum
1986 2578 2222 2631 diximus
2248 2576 2269 2611 ¹¹
2307 2589 2357 2632 te
2404 2592 2466 2631 ac
2519 2587 2660 2631 tuos.
2707 2577 2890 2646 Neque
2939 2581 3088 2633 enim
3139 2582 3437 2636 convenire

1837 2679 2050 2739 poterat
2085 2669 2176 2722 Dei
2224 2668 2544 2721 domesticis
2594 2669 2877 2721 \‘obis‘cttttt
2930 2670 3288 2738 alienigenis,
3319 2689 3441 2727 cutu

1836 2761 2118 2814 videamus
2154 2760 2356 2812 dictum
2386 2775 2415 2813 a
2446 2759 2557 2812 Deo
2584 2774 2706 2812 cunt
2737 2761 2942 2829 perlido
2969 2773 3056 2812 tuo
3095 2763 3187 2815 illo
3241 2765 3442 2832 pepulo

1839 2852 2072 2905 carnali:
2103 2853 2283 2904 Averte
2311 2851 2490 2918 pellent
2538 2861 2588 2903 tu
2603 2869 2680 2902 um
2712 2853 2775 2904 ab
2804 2869 2988 2917 aspera
3012 2854 3092 2905 cia
3115 2895 3127 2916 ,
3161 2865 3208 2906 et
3230 2857 3435 2919 [crucem

1841 2953 1982 2996 tuam
2007 2960 2038 2994 a
2065 2944 2149 2994 siti
2175 2941 2364 3010 (lbid.,
2388 2944 2506 3008 2.)).
2539 2945 2667 3008 Qum
2683 2953 2860 2996 autem
2887 2944 3044 2998 dixit:
3073 2947 3433 3016 Cotq'ortabor,

1843 3037 1961 3104 quia
1991 3036 2169 3088 dilexit
2201 3046 2396 3086 exteros
2426 3044 2469 3086 et
2503 3044 2612 3101 past
2646 3035 2760 3085 illus
2787 3035 2980 3100 abibat,
3011 3049 3134 3104 post
3178 3054 3273 3091 γωδ
3309 3057 3440 3109 ergo

1844 3136 2082 3187 exteros,
2117 3137 2236 3195 post
2280 3142 2374 3179 Vos
2401 3127 2688 3194 allophilus
2722 3142 2828 3180 non
2864 3129 3036 3181 solum
3078 3145 3182 3182 non
3234 3131 3311 3184 ire
3346 3148 3438 3185 νυ-

1847 3219 2043 3272 luimus
2067 3259 2080 3276 ,
2116 3218 2208 3271 sed
2241 3227 2293 3270 et
2344 3217 2630 3270 anathema
2663 3218 2818 3270 vobis
2865 3219 2991 3272 liliis
3026 3222 3350 3287 pestilentiae
3379 3240 3438 3276 ac

123 3331 385 3372 errorum
407 3357 422 3382 ,
455 3327 742 3386 propterea
789 3317 933 3387 quod
986 3319 1357 3386 relinquentes
1390 3319 1610 3381 lumen,
1659 3321 1738 3373 ire
1768 3318 1812 3380 (Σ
1846 3315 2192 3367 tenebrarum
2221 3312 2479 3374 diximus,
2513 3328 2577 3365 ne
2606 3313 2648 3364 si
2681 3313 3095 3366 recessissemus
3125 3314 3194 3367 ab
3225 3327 3439 3385 aposto—

119 3408 445 3478 delegeritis
491 3410 542 3464 itt
593 3411 895 3466 exteriores
949 3411 1244 3475 tenebras,
1301 3413 1576 3480 quomodo
1639 3411 1734 3466 tibi

118 3499 293 3569 Capiti
324 3501 578 3566 nefando,
611 3501 704 3555 tibi
738 3503 827 3556 Dei
858 3503 1054 3556 domus
1092 3503 1418 3557 destructori
1445 3545 1459 3566 ,
1494 3505 1734 3558 omniunt

117 3592 476 3662 iniquitatem
501 3595 840 3664 operantium
871 3594 1440 3663 fomiti,p0tueratuus
1481 3611 1602 3649 esse
1649 3611 1738 3650 ca-

116 3684 668 3754 rissinti2quomodo
695 3684 992 3740 familiares
1013 3689 1198 3749 amici,
1227 3697 1284 3740 ut
1310 3697 1437 3741 sunt
1460 3683 1486 3722 ιι
1518 3687 1737 3754 Valens,

126 3775 441 3844 Ursaceus,
487 3778 772 3844 Epictetus
798 3789 819 3816 ε
845 3821 858 3843 ,
907 3780 1235 3834 Saturninus
1269 3779 1311 3844 ί,
1339 3790 1392 3834 et
1445 3783 1671 3835 caueri?
1711 3797 1741 3836 c

111 3884 239 3940 quo
271 3884 504 3925 numero
535 3878 716 3925 tamen
749 3874 850 3926 etsi
878 3871 1111 3925 viderint
1145 3871 1198 3925 in
1247 3886 1407 3940 quant
1457 3871 1744 3924 inciderint

113 3963 392 4026 foveam,
455 3964 591 4018 certi
651 3973 835 4018 tamen
897 3975 1074 4018 tecum
1145 3964 1437 4031 diligerent
1493 3963 1741 4029 interire,

111 4055 440 4110 dummodo
496 4054 649 4124 regni
699 4055 775 4110 ttti
826 4056 1042 4111 inanem
1085 4056 1547 4125 pulchritudinem
1583 4066 1603 4101 ε
1639 4070 1742 4109 una

111 4147 494 4218 perfruantur
531 4158 728 4202 tecum.
762 4145 872 4202 Nos
901 4147 1174 4218 quomodo
1200 4159 1376 4201 tecum
1409 4162 1530 4202 esse
1559 4157 1744 4214 potue-

108 4254 280 4300 mus.
315 4240 409 4308 qui
443 4239 567 4304 ista,
600 4254 724 4310 qua:
767 4239 844 4294 illi
873 4250 1051 4295 tecum
1087 4239 1189 4294 frui
1221 4241 1502 4309 elegerunt
1549 4238 1750 4293 habea-

108 4346 328 4388 ramus
357 4332 562 4386 exosa?
593 4332 840 4387 homines
885 4331 974 4401 qui
1002 4332 1067 4385 ad
1099 4332 1189 4386 illa
1218 4330 1595 4401 consequeuda
1634 4341 1748 4384 teu-

104 4422 292 4487 dant,
329 4437 454 4493 qua:
480 4433 608 4478 sunt
639 4423 694 4478 in
736 4433 1055 4493 perpetuum
1085 4438 1342 4478 mansura
1376 4441 1389 4477 :
1430 4438 1533 4493 qua
1576 4421 1644 4476 de
1687 4438 1748 4476 re

103 4516 299 4571 nobis
325 4531 392 4569 ac
420 4513 578 4570 vobis
607 4532 714 4571 non
760 4518 1046 4578 convenit,
1085 4531 1280 4585 nempe
1325 4517 1451 4585 quia
1507 4514 1748 4569 nolueri-

103 4622 254 4663 mus
288 4609 576 4678 suscipere
607 4607 860 4664 hzeresim
891 4619 1061 4674 tuam,
1097 4608 1425 4678 netnpequia
1457 4607 1748 4662 Christiani

1841 3407 1940 3460 lica
1966 3417 2127 3475 atquc
2157 3407 2465 3472 evangelica
2505 3405 2631 3465 lide,
2655 3405 3272 3477 derelinquerentusque
3303 3411 3443 3464 viattt

1839 3515 2002 3567 quant
2037 3509 2327 3551 tenuerunt
2351 3497 2646 3561 Abraham,
2673 3497 2818 3550 Isaac
2846 3507 2897 3552 et
2917 3497 3087 3552 .lacob
3111 3503 3401 3556 beatissimi
3427 3543 3441 3565 ,

1845 3590 2002 3653 Abel,
2033 3589 2242 3655 Enoclt,
2272 3589 2404 3652 Noe,
2445 3600 2499 3644 ct
2524 3591 2708 3644 cuncti
2738 3591 3041 3659 prophetat,
3073 3596 3334 3662 apostoli,
3366 3608 3446 3650 at'

1843 3697 1948 3750 que
1979 3694 2262 3753 martyres,
2297 3684 2412 3737 lucc
2461 3686 2624 3738 ctiam
2669 3685 2809 3737 dicta
2862 3683 3094 3739 fuissent
3143 3704 3171 3738 a
3227 3687 3338 3742 Deo
3383 3689 3451 3743 de

1843 3774 2020 3837 nobis,
2047 3791 2164 3842 qua:
2186 3773 2326 3828 dicta
2353 3783 2478 3827 sunt
2503 3774 2569 3827 de
2597 3774 3050 3843 con'tblaspltetnis
3087 3779 3191 3830 tuis
3218 3777 3445 3834 Judtuis.

1850 3867 2292 3932 Quemadmodum
2332 3868 2666 3934 confunditur
2719 3867 2840 3934 fur,
2893 3884 3008 3920 cum
3052 3871 3446 3936 comprehensus

1847 3959 2024 4025 fuerit,
2052 3959 2124 4009 sic
2148 3959 2526 4027 ronfuudentur
2551 3959 2647 4022 lilii
2673 3955 2841 4011 Israel
2862 3959 2981 4026 ipsi,
3005 3972 3052 4011 et
3077 3976 3215 4030 rcges
3247 3974 3448 4029 rerum,

1845 4061 1893 4103 et
1919 4052 2172 4120 principes
2202 4053 2449 4119 ipsorum,
2471 4061 2516 4103 ct
2534 4051 2823 4103 sacerdotes
2840 4053 3092 4118 ipsarum,
3125 4066 3168 4104 et
3189 4054 3451 4122 prop/tear

1849 4140 2010 4203 tlbid.
2039 4144 2451 4212 :26).Noluimus
2473 4159 2596 4199 esse
2623 4146 2762 4198 inter
2790 4159 2906 4208 vos,
2933 4160 3003 4199 ne
3034 4146 3200 4200 etiam
3234 4147 3323 4201 illa
3359 4149 3440 4201 itt-

1847 4234 2088 4300 crepatio
2121 4234 2270 4286 vocis
2299 4233 2498 4287 divina:
2527 4249 2627 4288 nos
2657 4250 2780 4287 cum
2804 4234 3008 4288 Judaeis
3028 4276 3041 4298 ,
3071 4247 3127 4290 et
3170 4238 3445 4291 vobiscum

1850 4328 2117 4381 lta‘reticis
2144 4337 2425 4396 argueret;
2461 4327 2528 4380 (ft
2577 4328 2702 4394 quid
2731 4331 3001 4397 loquimini
3025 4329 3094 4380 ad
3135 4332 3252 4382 me?
3277 4348 3454 4382 omnm

1849 4435 1934 4472 vos
1966 4420 2118 4488 impie
2167 4420 2424 4489 egistis,et
2447 4436 2618 4471 omnes
2637 4436 2721 4472 vos
2751 4420 3036 4488 deliquistis
3080 4421 3133 4473 in
3174 4439 3252 4474 me
3276 4463 3291 4487 ,
3327 4423 3452 4475 dicit

1852 4512 2103 4566 Dominus
2146 4512 2332 4580 (Ibid,
2361 4512 2478 4582 '29).
2510 4512 2796 4580 Quomodo
2828 4512 3104 4566 vobiscum
3141 4515 3296 4568 nobis
3322 4531 3453 4569 con-

1853 4609 2037 4662 venire
2064 4607 2309 4678 poterat?
2335 4622 2456 4661 cum
2486 4606 2684 4676 legeris
2711 4606 2969 4675 scriptum
2999 4606 3051 4660 in
3075 4606 3217 4662 libro
3235 4608 3451 4663 Macha-

104 4701 491 4757 noluerimus
532 4701 676 4756 efl‘tci
704 4702 914 4757 Ariani.
959 4703 1090 4770 Quis
1125 4711 1208 4757 est
1257 4711 1472 4768 autem,
1505 4701 1605 4755 nisi
1657 4700 1748 4769 qui
1774 4691 1827 4751 D
1856 4700 2094 4752 lucorum
2144 4700 2355 4768 primo:
2389 4698 2399 4735 ί
2435 4699 2582 4752 Tunc
2613 4702 2908 4769 congregati
2940 4710 3058 4752 sunt
3103 4700 3172 4751 all
3219 4717 3301 4753 eos
3330 4717 3452 4754 con—

193 4826 224 4852 υ
269 4810 667 4867 Pestilentiam.
693 4811 869 4865 Vatic.
901 4822 960 4866 ut
993 4811 1043 4865 itt
1076 4811 1249 4866 Gra'c.
1281 4811 1469 4882 λοιμὸν.

189 4885 225 4921 ι’
270 4883 442 4951 Apud
473 4883 694 4937 Saltltal.
727 4884 780 4935 in
811 4883 982 4935 medio
1009 4885 1190 4935 domus
1223 4892 1340 4935 (utr.

195 4970 221 4992 υ
268 4955 398 5009 Alia
429 4965 510 5008 εει
543 4953 595 5006 iu
633 4952 788 5006 \'crs.
819 4960 944 5007 Ant.
975 4954 1345 5020 interpunctio
1372 4971 1382 5004 :
1415 4970 1515 5006 non
1557 4970 1749 5022 propa.

91 5027 324 5081 nebmu
356 5035 478 5078 ante
505 5025 679 5076 oculos
711 5040 847 5076 meos
882 5041 987 5077 rem
1020 5029 1205 5077 malam
1238 5041 1253 5076 :
1284 5025 1545 5092 facientes,
1571 5037 1676 5078 etc.

189 5097 220 5133 α
268 5096 505 5154 Vult-ns,
540 5103 593 5148 ct
618 5093 903 5166 VUrsacius,
936 5097 1005 5149 de
1050 5096 1245 5166 quibus
1284 5099 1446 5150 etiam
1499 5097 1548 5148 in
1587 5096 1678 5147 lih.
1711 5110 1748 5160 t,

88 5183 227 5240 pro
263 5166 333 5220 S.
370 5165 698 5240 Athanasio,
729 5165 930 5240 priutas
955 5165 1246 5236 gesserunt
1270 5169 1338 5240 in
1371 5167 1627 5240 Concilio
1645 5166 1750 5219 Me-

85 5235 454 5295 ﬂiulattt-ttst
489 5238 751 5290 :lth'l‘SltS
782 5235 1155 5298 Athanasiuut,
1187 5249 1235 5291 et
1268 5237 1538 5290 Neu-naut
1565 5239 1747 5299 lidt-tn,

85 5321 163 5367 ει
197 5309 372 5372 apud
401 5306 773 5360 Constantium
801 5323 1008 5362 summa
1039 5311 1362 5362 attctOritate
1395 5302 1692 5376 pollebant.

190 5391 219 5416 ο
269 5377 412 5432 Fuit
440 5379 527 5432 hic
559 5379 856 5446 Episcopus
880 5376 1401 5440 (Ξειιιυιιιςνιιεηεὶδ,
1443 5389 1496 5431 et
1522 5380 1750 5433 Ariano-

81 5468 247 5510 rum
309 5451 682 5507 smwssitous;
731 5461 918 5502 contra
947 5451 1304 5504 Athanasium
1349 5450 1669 5512 subseripsu
1697 5452 1745 5502 itt

79 5523 401 5580 Concilio
437 5519 846 5583 Mediolaneosi;
895 5532 950 5573 et
995 5522 1062 5576 de
1112 5524 1201 5574 illo
1257 5521 1372 5574 haec
1423 5520 1747 5574 Athanasius

79 5597 240 5663 ἱιιει·
285 5593 345 5644 in
381 5593 544 5663 epist.
566 5591 632 5644 ad
667 5591 822 5663 Solit.
849 5606 971 5644 cum
1001 5593 1107 5660 agit
1136 5593 1202 5646 de
1233 5591 1749 5658 Episcopisordina-

78 5660 179 5722 tis
217 5679 344 5734 per
373 5660 754 5716 Constantium
780 5662 846 5713 alt
888 5666 1102 5717 Artatus
1133 5680 1147 5716 ε
1180 5663 1470 5728 Epictetum
1520 5663 1747 5732 neophy-

79 5750 228 5792 tum
262 5737 542 5785 Ieoininent
574 5734 841 5800 jroentutc
867 5737 1104 5802 ferocem,
1135 5736 1381 5786 audacem
1405 5735 1456 5785 in
1488 5735 1747 5786 (nitoribus

77 5812 486 5864 Constantius
508 5804 677 5863 habet,
700 5823 759 5858 co
791 5808 924 5875 quod
945 5822 1061 5856 eum
1086 5806 1152 5858 ad
1178 5806 1346 5856 ontuia
1363 5807 1552 5858 scelera
1577 5821 1750 5870 prout-

72 5893 272 5953 ptum
313 5877 655 5953 altioremque
683 5878 934 5953 conspiret
951 5887 1019 5940 et,
1040 5878 1257 5953 ejusque
1281 5892 1435 5944 opera
1453 5878 1748 5953 episcopis,

71 5946 321 6022 'quibns
352 5947 482 6004 velit
506 5985 520 6008 ,
557 5946 770 5999 insidias
804 5949 953 6000 struit
979 5965 994 6001 :
1022 5949 1148 6001 nihil
1177 5949 1313 6002 enim
1343 5958 1437 6012 cst,
1483 5949 1623 6015 quod
1663 5947 1754 6002 ille

441 6041 721 6133 Parnm.
767 6041 851 6101 XI
871 6042 885 6102 l
904 6041 942 6102 l.

1855 4821 2092 4880 qrut'etur
2116 4815 2305 4878 facere,
2336 4811 2488 4863 modo
2532 4808 2841 4878 Imperatori
2870 4813 3090 4880 placeat.

1935 4881 2310 4934 fSaturninus
2375 4881 2675 4948 EpiSCopus
2723 4881 3056 4937 Arelatensis
3104 4883 3157 4938 in
3204 4886 3450 4942 Concilio

1855 4952 2157 5004 Arelatensi
2200 4968 2288 5004 an.
2320 4953 2445 5008 555.
2487 4966 2609 5004 cunt
2661 4952 2874 5005 Artamis
2914 4956 3367 5018 cutntnuttic:tvit,
3395 4970 3449 5013 et

1857 5025 1907 5077 itt
1945 5023 2331 5076 blediolanensi
2362 5039 2481 5075 cum
2503 5023 2723 5076 Valente
2752 5033 2808 5077 et
2839 5024 3063 5080 Ut~acio
3093 5026 3143 5078 in
3171 5029 3449 5083 Athanasii

1855 5093 2147 5167 pl‘l‘ltitfielll
2174 5096 2346 5148 l'trtltts
2371 5095 2546 5167 iunxit
2567 5135 2580 5153 ,
2607 5109 2904 5155 coluntque
2931 5111 3090 5164 opt-ra
3124 5100 3318 5150 Arintta
3351 5115 3446 5167 pe-

1855 5168 1955 5217 stis
1985 5166 2075 5216 Uct
2100 5165 2338 5218 identeut
2381 5166 2485 5218 late.
2522 5167 2777 5229 perrasit.
2805 5166 3011 5220 Auctor
3040 5179 3294 5232 praeterea
3323 5165 3443 5228 ron.

1855 5248 1904 5308 ut
1939 5235 2168 5308 illiut-ius
2193 5236 2493 5308 Epi-copus
2517 5235 2885 5296 l'icravieusis,
2912 5240 3002 5304 qtti
3030 5251 3145 5306 post
3170 5241 3444 5308 Synodttnt

1853 5306 2309 5360 Medutlattettsmi
2339 5308 2407 5361 ab
2435 5307 2550 5374 ejus
2577 5309 2836 5359 societate
2864 5324 2923 5360 se
2964 5324 3023 5362 se
3068 5306 3408 5372 disjuttserat
3430 5354 3444 5376 ,

1854 5379 1968 5443 ipsi.
2003 5377 2205 5429 Ilitario
2237 5388 2382 5431 teste
2413 5379 2464 5430 itt
2496 5378 2587 5430 lilt.
2617 5393 2707 5429 un.
2733 5386 2880 5431 cont.
2906 5375 3218 5446 Constant.,
3251 5383 3304 5434 in
3351 5375 3438 5438 cxé

1846 5447 2024 5500 siltttnt
2055 5449 2344 5514 pelleretur
2365 5464 2392 5500 τι
2422 5449 2738 5501 Constantio
2759 5465 2841 5501 an.
2879 5450 3004 5502 556.

1924 5529 1948 5564 εί
1970 5519 2068 5590 I’ro
2088 5520 2230 5571 inani
2250 5518 3018 5587 pulchritudine.Tilius.Furte
3036 5518 3449 5590 latineloquitttr

1851 5604 1976 5643 cunt
2017 5589 2173 5643 dicit:
2203 5592 2635 5659 dummodoregni
2675 5590 2748 5641 tui
2785 5592 2988 5642 inanem
3012 5589 3379 5656 pulchritudini
3397 5611 3446 5645 nt

1853 5677 1956 5712 una
1998 5665 2328 5728 perfruantur
2350 5671 2513 5715 tecum
2538 5701 2552 5723 ,
2582 5676 2686 5715 non
2710 5700 2726 5722 ,
2753 5661 2894 5713 inani
2940 5662 3340 5729 pulchritudine.
3374 5664 3449 5720 La

1850 5732 2046 5791 Cerdo.
2079 5743 2132 5787 et
2160 5742 2322 5788 recte.

1927 5802 1953 5839 ιι
1987 5801 2262 5857 Πηπὶηιυις.
2297 5805 2472 5858 Latin.

1936 5875 1948 5910 ι
1981 5876 2243 5945 Congrutt
2293 5893 2414 5930 cum
2447 5874 2706 5932 Versione
2746 5874 2912 5931 veteri
2943 5889 3008 5945 ex
3037 5888 3139 5928 ms.
3169 5875 3226 5931 S.
3261 5876 3443 5932 Germ.

1859 5945 2000 6017 apud
2027 5943 2250 6004 Sabbat.
2272 5961 2470 6019 praeter
2493 5949 2629 6013 hate,
2658 5957 2932 6003 conventus
2948 5943 3272 6004 Judteorum.
3294 5947 3448 6002 Vers.

2857 6039 2935 6099 25
