4292 6436
136 416 230 470 781

818 410 909 467 DE
950 409 1086 465 NON
1127 404 1618 465 CONVENIENDO
1655 408 1801 465 CUM
1845 404 2238 466 IUERETICIS
2277 408 2483 465 LIBER
2524 409 2732 476 UNUS.

3322 412 3428 466 789.

133 543 312 587 tueras
343 527 603 585 efﬁceret
632 540 753 583 cum
783 540 882 581 nos
905 534 1095 581 contra
1121 535 1228 589 tua,
1261 533 1424 594 atque
1453 521 1620 590 patris
1655 524 1728 577 lui
1758 537 1811 598 Α
1836 534 1891 582 et
1909 526 2162 582 tenebras
2183 525 2252 581 de
2276 525 2516 593 vipereis
2537 525 2798 580 cordibus
2824 526 3190 582 evomueritis
3213 528 3434 582 vestris.

133 637 340 680 venena
370 619 667 676 armaverit
697 618 891 674 beatus
921 615 1162 681 Paullus,
1189 614 1409 672 dicens:
1434 610 1549 669 Hoc
1568 617 1738 684 itaque

137 715 278 781 dico,
307 724 361 767 ut
407 729 556 768 nemo
603 726 693 764 vos
744 710 968 777 decipiat
1023 709 1074 760 in
1111 707 1427 761 sublimitate
1475 706 1740 760 uerborum

131 804 356 874 (Coloss.
393 820 451 872 tt,
487 803 567 874 li).
599 800 666 857 Et
694 803 920 856 iterum:
961 799 1144 854 Videte
1164 800 1348 869 nequis
1365 796 1686 868 eosdecipiat
1715 806 1739 833 ι

133 913 225 968 per
245 895 630 970 philosophiam
654 902 701 948 et
729 892 1293 948 inanemseductioncm
1324 887 1602 946 secundum
1633 903 1740 943 tra-

132 988 382 1045 ditionem
406 989 693 1054 hominum,
745 987 1023 1042 secundum
1055 986 1303 1040 elementa
1327 985 1526 1051 mundi,
1551 994 1594 1038 et
1639 1001 1744 1039 non

130 1083 415 1138 secundum
438 1078 726 1148 Christum,
756 1081 876 1150 quia
898 1081 950 1134 in
967 1081 1082 1146 ipso
1112 1079 1362 1133 inhabitat
1388 1078 1550 1132 omnis
1581 1077 1746 1146 pleni-

132 1176 261 1230 tudo
283 1173 568 1228 divinitatis
584 1173 926 1241 corporaliter
947 1169 1112 1244 (Ibid.
1140 1171 1218 1241 8).
1241 1171 1522 1240 Quenitnlo
1550 1182 1743 1240 pntue-

133 1280 324 1323 ramus
353 1265 464 1322 illis
496 1267 715 1322 Ariauis
767 1266 874 1320 tuis
924 1265 1206 1335 sacrilegis
1259 1265 1509 1319 sensibus
1566 1264 1747 1317 verbis

129 1359 463 1415 sublimibus
485 1359 835 1424 licetseduci,
863 1374 984 1414 cum
1016 1359 1232 1413 inanem
1268 1367 1317 1413 te
1349 1357 1744 1428 pltiltisppltiattt

131 1451 559 1525 cognoverimus
584 1450 823 1507 habere?
856 1451 997 1506 unde
1026 1453 1188 1506 etiam
1218 1451 1498 1506 dulcestui
1528 1459 1752 1521 possent

131 1558 264 1600 esse
291 1558 599 1609 sermones,
623 1558 780 1612 quem
801 1541 1098 1598 viderimus
1115 1553 1382 1598 tem-utem
1405 1543 1749 1597 traditionem

137 1639 287 1706 Arii,
331 1653 439 1694 uou
490 1641 772 1694 beatorum
820 1637 1250 1707 Aposmlorum?
1295 1637 1512 1705 adquos
1554 1635 1754 1690 dixerit

135 1729 270 1795 iste,
288 1743 449 1799 quem
482 1741 670 1798 negas,
703 1727 846 1799 quod
879 1744 1042 1783 verus
1073 1728 1142 1782 sit
1177 1729 1268 1782 Dei
1301 1727 1506 1782 Filius:
1557 1725 1753 1782 Euntes

139 1821 408 1892 baptizate
437 1817 464 1858 δ
494 1819 756 1875 credentes
782 1821 833 1872 in
853 1820 1060 1874 nomine
1083 1813 1344 1883 I’atris,et
1376 1817 1525 1884 Filii,
1551 1830 1594 1873 ct
1628 1819 1752 1886 Spi-

137 1914 278 1968 ritus
337 1913 506 1968 sancti
583 1909 801 1984 (Jlatth.
858 1927 1046 1975 xxvtu,
1107 1909 1217 1982 19).

131 2007 410 2079 discipulo
483 2007 599 2062 Arii
671 2007 1147 2077 arquieseeremus
1214 2004 1536 2070 Christiani,
1593 2004 1754 2059 dese-

135 2107 334 2155 rentes
360 2098 723 2169 apostolicam
754 2097 1128 2165 traditionem,
1156 2112 1277 2153 cum
1309 2107 1358 2152 te
1412 2097 1755 2150 inveniamus

139 2189 359 2254 dicere,
393 2191 603 2246 Patrem
636 2207 740 2244 non
769 2207 891 2248 esse
919 2207 1106 2246 verum
1143 2203 1374 2261 patrem,
1420 2192 1513 2246 sed
1564 2191 1755 2261 appel-

139 2283 248 2338 lari
275 2281 524 2351 patrem?
556 2299 678 2337 eum
734 2283 910 2346 dicas,
943 2299 1049 2337 nou
1101 2281 1255 2336 illum
1311 2299 1498 2338 verum
1552 2283 1754 2337 habere

139 2377 367 2442 Filium,
393 2377 486 2433 sed
518 2375 718 2433 factum
751 2392 879 2432 esse
907 2392 978 2432 ex
1006 2377 1212 2432 nihilo?
1235 2388 1486 2432 sanctum
1513 2377 1752 2446 pataele-

134 2480 257 2524 tum
283 2470 713 2536 Spiritum,cum
746 2468 900 2524 dicas
926 2469 1153 2524 t0tidem
1181 2478 1435 2524 constare
1456 2484 1518 2521 ex
1543 2467 1758 2522 nihilo?

135 2575 172 2615 c
206 2570 398 2616 contra
437 2571 458 2599 ε
493 2560 777 2616 videamus
819 2561 1116 2631 Apostolos
1144 2559 1443 2615 credidisse
1489 2562 1541 2614 in
1591 2575 1756 2614 unum

140 2652 321 2707 Deum
355 2651 572 2708 l‘atrem
609 2653 1046 2722 omnipotentem
1081 2669 1266 2707 verum
1330 2663 1562 2720 patrem,
1597 2668 1758 2721 prop-

137 2755 302 2800 tcrea
337 2759 525 2800 verum
569 2756 802 2815 patri-tn,
833 2746 978 2814 quod
1013 2761 1162 2809 vere,
1199 2761 1307 2799 unn
1362 2747 1605 2813 putative
1662 2743 1753 2798 ha-

136 2837 274 2892 beat
304 2834 494 2901 lilium,
530 2837 656 2893 etin
690 2838 1094 2892 unicumliliuut
1121 2836 1755 2907 ejusJesumClu-istum,

137 2931 255 2989 hoc
283 2942 368 2987 est
400 2933 452 2986 in
481 2945 670 2988 verum
699 2931 794 2988 Dei
834 2931 1046 2998 Filium,
1079 2941 1132 2984 et
1157 2932 1207 2984 in
1233 2941 1480 2986 sanetum
1531 2931 1761 2999 paracli-

138 3039 262 3084 tum
297 3028 584 3100 Spiritum,
611 3029 665 3084 in
697 3044 885 3084 verum
920 3029 1015 3084 Dei
1045 3029 1330 3097 Spiritum.
1355 3027 1638 3096 Quomodo
1662 3043 1758 3096 po-

137 3131 333 3179 tuerat
361 3123 482 3193 quis
512 3124 587 3178 ita
612 3124 954 3180 credentium
983 3123 1321 3193 supplantari
1349 3122 1630 3178 adiabolo
1659 3138 1759 3192 per

138 3227 203 3272 te
234 3215 350 3271 Arii
385 3215 736 3287 blasphemia:
767 3215 1142 3281 laudatorem,
1173 3231 1297 3271 cum
1356 3215 1490 3270 lides
1541 3226 1759 3284 aposto-

1843 620 2085 688 Sperasti
2120 634 2218 674 nos
2247 617 2542 673 deﬂectere
2572 633 2600 671 a
2625 618 2707 672 via
2739 617 3011 685 veritatis,
3040 627 3312 690 tamquam
3330 633 3442 674 non

1843 717 2110 770 sciremus
2139 713 2532 784 prcemonuisse
2561 714 2823 784 Spiritum
2839 724 3085 768 sanctum
3105 730 3198 782 per
3224 714 3440 769 beatum

1845 806 2091 860 Paullum
2125 806 2400 861 dicentem
2429 825 2440 858 :
2477 803 2647 861 Nemo
2677 821 2763 860 uos
2806 808 3075 860 convincat
3106 807 3284 860 volens
3330 803 3356 842 δ
3389 808 3444 859 in

1845 898 2137 953 humilitate
2158 916 2337 954 sensus
2364 907 2413 953 et
2438 898 2691 968 religione
2719 897 3047 968 angelorum,
3075 913 3189 969 qua:
3243 898 3448 954 videtur

1845 990 2116 1044 ambulans
2140 991 2251 1044 sine
2296 1006 2454 1044 causa
2484 991 2696 1060 inﬂatus
2723 1006 2876 1065 sensu
2904 991 3077 1044 carnis
3109 1006 3236 1053 sure,
3271 1000 3316 1044 et
3340 1007 3445 1044 non

1849 1092 2022 1138 tenens
2051 1095 2205 1150 Cllle
2240 1092 2262 1120 θ
2295 1099 2358 1138 επ
2381 1098 2480 1154 quo
2510 1099 2660 1136 omne
2703 1099 2891 1151 corpus
2925 1099 3014 1152 per
3057 1099 3348 1138 connexum
3401 1093 3449 1136 ει

1848 1177 2260 1247 conjunctionem
2288 1177 2598 1246 productum
2627 1177 2811 1231 crescit
2840 1176 2892 1229 in
2935 1187 3274 1248 augmentum
3322 1177 3448 1246 ﬁdei

1850 1268 2069 1339 (Coloss.
2107 1285 2166 1333 ll,
2206 1266 2315 1341 t8).
2343 1268 2625 1336 Quomodo
2655 1278 2704 1324 te
2721 1267 3088 1324 ambulantem
3119 1269 3237 1324 sine
3259 1283 3449 1333 causa,

1848 1363 2038 1414 alitum
2061 1359 2330 1429 serpentis
2360 1375 2474 1427 ore,
2500 1359 2614 1415 Arii
2641 1360 2886 1415 inﬂatum
2913 1373 3079 1414 seusu
3107 1359 3291 1414 carnis
3345 1369 3452 1414 tuae

1850 1461 2098 1522 apostata
2137 1452 2154 1488 ί
2187 1451 2386 1507 factum
2409 1465 2927 1522 sequerentur,cum
2951 1449 3186 1522 apostoli
3210 1465 3458 1521 prcccep-

1850 1555 1961 1600 llltll
1985 1552 2207 1616 cogeret
2237 1552 2406 1600 temet
2429 1542 2627 1599 vitari?
2659 1542 2855 1599 Dixisti
2879 1584 2894 1610 ,
2928 1541 3076 1613 quod
3102 1542 3253 1599 enim
3300 1541 3451 1612 pacis

1853 1652 2018 1692 causa
2064 1637 2324 1708 conjungi
2377 1635 2703 1694 desiderans
2748 1635 2922 1693 lueris
2952 1633 3454 1706 pseudoepiscopos

1855 1741 2020 1787 secta:
2045 1740 2152 1787 tua:
2175 1731 2365 1787 nobis:
2392 1731 2489 1788 sed
2512 1730 2786 1803 quomodo
2819 1728 2962 1785 istud
2993 1730 3170 1786 facere
3201 1739 3456 1799 potuera-

1857 1839 2002 1891 mus,
2030 1833 2212 1880 utnon
2256 1823 2444 1891 Deum,
2473 1823 2572 1879 sed
2603 1832 2654 1878 te
2672 1823 2793 1893 ejus
2816 1822 3458 1878 andiremusinimicnm?

1303 1910 1589 1978 Quonwdo
1657 1909 1750 1964 tibi
1791 1932 1828 1993 Β
1858 1934 1964 1972 non
1996 1933 2186 1973 sumus
2213 1922 2274 1972 ut
2304 1931 2402 1972 vos
2425 1915 2713 1980 excordes,
2758 1926 2814 1969 ut
2847 1915 2940 1971 Dei
2968 1915 3136 1971 Deum
3194 1930 3459 1986 negemus

1863 2010 2084 2075 Filium,
2115 2009 2256 2065 sicut
2282 2019 2485 2080 negant
2514 2007 2688 2076 Iudici
2719 2008 2982 2064 caecitatis
3013 2017 3214 2064 vestra:
3239 2007 3459 2077 partici-

1862 2121 1977 2174 pes,
2003 2120 2066 2159 ac
2084 2105 2253 2159 duces
2280 2113 2476 2159 vestra:
2527 2100 2956 2156 incredulitatis:
2988 2117 3219 2171 quorum
3265 2116 3459 2172 repro-

1857 2197 2094 2251 bationis
2115 2195 2427 2266 exemplum
2461 2195 2651 2248 beatus
2678 2193 2976 2248 ostendens
2993 2191 3214 2248 Paullus
3238 2194 3374 2248 dicit
3396 2195 3464 2248 ad

1862 2288 2119 2342 llebrteos
2150 2286 2338 2352 (Hebr.
2372 2302 2452 2347 ut.
2483 2285 2577 2355 5):
2611 2283 2675 2338 Et
2706 2284 2913 2356 Moyses
2953 2285 3164 2353 quidem
3207 2285 3378 2354 ﬁdelis
3408 2287 3462 2339 in

1861 2390 1967 2434 tota
1993 2380 2147 2434 domo
2163 2381 2280 2449 ejus
2293 2389 2557 2448 tamquam
2583 2393 2759 2431 servus
2782 2379 2834 2430 in
2858 2379 3152 2432 testimonio
3173 2377 3384 2447 loquens
3412 2389 3458 2436 ιι,

1863 2473 2100 2528 Christus
2159 2483 2327 2526 autem
2381 2481 2644 2538 tamquam
2673 2469 2816 2538 ﬁlius
2846 2471 2899 2523 in
2953 2471 3105 2524 domo
3151 2475 3290 2544 ejus,
3350 2488 3464 2543 qua:

1862 2567 2048 2620 domus
2079 2581 2171 2619 nos
2192 2580 2395 2630 sumus,
2414 2565 2458 2617 si
2487 2572 2655 2617 tamen
2683 2561 3043 2616 liberalitatem
3068 2561 3093 2599 ίι
3112 2574 3156 2617 et
3185 2566 3462 2620 exultatio-

1861 2674 1974 2711 nem
2001 2656 2464 2726 speitenuerintus,
2484 2665 2696 2726 prapter
2709 2654 2847 2724 quod
2861 2651 2888 2696 ιί
2914 2654 3040 2707 dicit
3059 2654 3290 2724 Spiritus
3304 2673 3457 2710 sanc-

1860 2760 1973 2803 tus:
2002 2749 2172 2803 lIodie
2192 2749 2236 2802 si
2261 2764 2432 2802 vocem
2455 2747 2565 2815 ejus
2594 2745 2888 2811 audieritis,
2937 2747 3098 2801 nolite
3151 2749 3454 2818 prtedurare

1863 2843 2020 2895 corda
2045 2851 2232 2905 vestra,
2258 2840 2390 2894 sicut
2412 2838 2466 2890 in
2488 2828 3175 2893 exacerbationesecundant
3198 2841 3330 2894 diem
3353 2852 3464 2895 ten-

1863 2937 2073 2991 tationis
2105 2937 2158 2988 in
2187 2935 2410 2996 deserto,
2446 2930 2534 2984 ubi
2558 2939 2882 2984 tentaverunt
2912 2939 3086 3001 patres
3117 2933 3190 2984 ttti
3221 2933 3272 2986 in
3306 2949 3464 3004 cxpe-

1861 3031 2097 3092 rintento,
2125 3039 2172 3083 et
2192 3030 2425 3082 viderunt
2449 3041 2605 3096 Opera
2625 3040 2737 3078 mea
2764 3025 3109 3096 quadraginta
3132 3028 3301 3091 annis,
3326 3030 3466 3081 ideo-

1860 3140 1958 3194 que
1986 3138 2165 3190 perosa
2194 3121 2319 3174 mihi
2348 3135 2472 3191 gcns
2501 3127 2596 3184 est,
2632 3127 2678 3172 et
2701 3118 2831 3184 dixi,
2855 3135 3057 3188 semper
3080 3131 3253 3174 errant
3284 3122 3470 3177 corde.

1864 3212 1962 3269 Isti
1983 3224 2151 3266 autem
2173 3227 2274 3265 non
2307 3218 2652 3280 cognoverunt
2683 3209 2790 3262 uias
2840 3225 2997 3272 meas,
3030 3209 3164 3263 sicut
3201 3213 3384 3279 jurari
3410 3213 3463 3265 in

139 3312 257 3368 lica
290 3319 348 3368 et
369 3309 696 3368 Trinitatem
727 3312 1058 3367 conﬁteatur
1088 3311 1407 3380 perlectam,
1461 3319 1516 3364 et
1544 3311 1757 3364 unicam
1787 3322 1833 3386 ρ
1864 3306 1944 3359 ira
1975 3321 2085 3358 mea
2106 3304 2150 3357 si
2172 3303 2433 3356 intrabunt
2458 3301 2512 3353 in
2538 3300 2765 3370 requiem
2793 3316 2979 3354 meum.
3019 3299 3218 3369 Videte,
3250 3307 3460 3373 fratres,

135 3405 413 3462 deitatem
437 3403 673 3460 fateatur
696 3404 892 3471 Patris,
929 3403 1151 3470 etFilii,
1181 3411 1237 3458 et
1261 3401 1500 3474 Spiritus
1549 3402 1753 3466 sancti;

140 3509 206 3556 et
227 3499 375 3564 Arii,
409 3499 510 3554 hoc
536 3509 620 3556 est
651 3510 740 3554 tua
774 3499 1117 3569 blasphemia
1153 3514 1258 3552 non
1295 3506 1501 3561 teneat,
1547 3497 1651 3550 nisi
1713 3495 1764 3550 id

136 3591 299 3662 quod
318 3591 581 3661 placuerit
607 3607 736 3647 caro
766 3601 856 3646 tuo
875 3590 1119 3645 diabolo?
1151 3605 1273 3645 cum
1304 3599 1510 3644 tantum
1540 3587 1759 3643 intersit

137 3685 298 3740 inter
330 3684 506 3740 beatae.
538 3681 803 3740 Ecclesia:
832 3683 995 3738 [idem
1019 3692 1072 3737 ct
1099 3683 1240 3737 inter
1269 3682 1520 3736 ltmresim
1585 3691 1754 3744 luant,

137 3787 422 3850 quantum
474 3778 620 3833 inter
668 3777 846 3833 lucem
895 3789 1059 3848 atque
1093 3777 1392 3831 tenebras?
1444 3777 1612 3831 Recte
1661 3789 1758 3830 vos

139 3872 369 3926 interea
398 3869 510 3924 dixi
544 3870 616 3924 ita
639 3877 924 3938 separatos
947 3883 976 3923 a
1007 3868 1184 3935 nobis,
1228 3877 1287 3922 ut
1340 3868 1577 3923 tenebrae
1634 3875 1762 3921 sunt

135 3971 423 4033 separatae
449 3977 480 4017 a
511 3961 737 4030 lumine,
770 3962 895 4032 quia
925 3961 1043 4016 sitis
1075 3961 1420 4017 tenebrarum
1453 3960 1576 4014 lilii:
1611 3957 1756 4013 unde

137 4127 293 4179 intra
316 4122 568 4177 oalatium
583 4135 643 4176 se
660 4135 1021 4191 congregasse
1043 4135 1055 4174 :
1074 4117 1255 4184 Illinc,
1276 4120 1469 4187 inquit,
1486 4119 1752 4191 epistolam

135 4195 250 4251 sub
278 4193 620 4264 Imperatoris
652 4196 856 4247 nomine
875 4190 1113 4246 emittunt
1137 4191 1275 4244 onmi
1305 4193 1554 4264 pravitate
1587 4190 1751 4255 refcr-

139 4277 290 4330 tant,
312 4260 379 4320 eo
397 4267 639 4319 nimirum
660 4266 900 4329 consilio,
926 4263 1044 4315 utsi
1063 4278 1177 4314 eam
1200 4263 1356 4330 aquis
1394 4260 1604 4313 auribus
1658 4277 1754 4330 po-

139 4339 313 4410 pulus
341 4336 642 4410 recepisset,
664 4336 875 4405 publica
910 4335 1216 4410 auctoritate
1229 4336 1409 4410 cupita
1420 4337 1716 4410 proferrent
1733 4347 1750 4396 ;

135 4404 238 4464 sin
297 4404 466 4462 alitch
505 4404 686 4476 fuisset
740 4416 951 4474 excepta
980 4447 992 4468 ,
1055 4407 1218 4457 omnis
1269 4405 1465 4456 inuidia
1512 4413 1652 4476 esset
1701 4404 1752 4454 in

139 4496 278 4554 rege
299 4489 349 4532 et
378 4473 776 4554 ipsa'venialis:
827 4473 950 4554 quia
995 4476 1152 4554 etiam
1201 4487 1311 4529 tum
1361 4473 1752 4554 catechumenus

134 4545 540 4608 sacramentum
573 4547 696 4617 ﬁdei
738 4545 918 4600 merito
971 4547 1224 4599 rideretur
1269 4551 1492 4614 potuisse
1537 4545 1750 4598 nescire.

136 4623 334 4697 Igitur
365 4622 545 4697 lectam
578 4622 630 4697 in
663 4621 882 4697 ecclesia
899 4619 1179 4697 epistolam
1209 4619 1432 4697 populus
1461 4627 1746 4697 apersatur.

137 4690 276 4752 Il'oc
305 4699 486 4748 autem
519 4690 730 4746 facinus
765 4691 974 4745 Lucifer
999 4699 1208 4755 spectat
1264 4690 1364 4743 hoc
1397 4691 1448 4742 in
1499 4691 1639 4748 loco,
1699 4697 1752 4741 et

136 4766 470 4823 Constantii
501 4763 785 4833 epistolam
816 4763 968 4816 edicti
997 4762 1257 4833 vocabulo
1285 4763 1548 4833 nominat.
1575 4760 1648 4813 uti
1697 4760 1748 4812 in

138 4840 260 4892 liii.
290 4853 328 4891 ι.
364 4851 462 4903 pro
489 4832 549 4891 S.
577 4838 862 4890 Athan..et
887 4835 937 4886 iu
982 4833 1073 4885 lib.
1129 4832 1459 4885 Moriendum
1507 4847 1630 4903 esse,
1656 4847 1748 4898 pro

148 4906 310 4962 Filio
334 4902 466 4970 Dei;
495 4907 582 4960 ubi
616 4907 791 4962 eidem
822 4922 881 4960 se
910 4903 1192 4958 obstitisse
1225 4903 1396 4971 palam
1444 4907 1493 4956 in
1553 4902 1749 4970 palatio

137 4988 412 5034 testatur.
440 4976 574 5031 Vide
603 4991 722 5046 qua:
747 4977 858 5031 illic
881 4976 1382 5030 animadvertimus.
1421 4975 1587 5028 Sicuti
1617 4987 1748 5027 vero

137 5047 438 5114 Sulpicius
465 5046 702 5102 edictum
725 5047 847 5109 hoc,
875 5061 970 5101 Seu
991 5047 1271 5114 epistolam
1319 5047 1458 5098 omni
1502 5046 1750 5108 pravitate

133 5126 406 5192 relatam
439 5118 604 5192 fuisse
631 5117 886 5192 allirtuat,
920 5119 989 5171 ita
1009 5117 1222 5192 Lucifer
1251 5120 1438 5192 scribit
1464 5117 1637 5170 omnia
1667 5132 1738 5168 ve-

135 5188 294 5250 nena
317 5191 762 5246 Ariantehcresis
795 5191 846 5244 in
902 5204 961 5243 ea
1013 5190 1286 5244 contineri.
1340 5188 1747 5257 llierouymusa

145 5267 326 5322 Prato
355 5264 573 5317 iunctis
595 5261 918 5330 Sulpiciana:
974 5259 1105 5330 Hist.
1167 5261 1427 5327 subjectis
1471 5259 1749 5312 contendit

134 5336 426 5391 adversus
448 5329 874 5395 Ttllemontium,
903 5329 1004 5383 huc
1053 5329 1313 5384 llilarium
1347 5334 1510 5384 etiam
1563 5345 1748 5396 respe—

137 5407 331 5471 xisse,
366 5421 488 5460 cum
516 5407 566 5456 in
610 5405 704 5458 lib.
735 5404 803 5459 de
830 5401 1062 5474 Synntlis
1091 5416 1239 5454 num.
1275 5401 1342 5455 T8
1375 5401 1491 5455 hiec
1545 5402 1750 5456 scribe-

132 5486 243 5535 ret
270 5493 284 5529 :
318 5474 368 5528 Η
377 5479 568 5529 omines
595 5477 819 5547 perversi
845 5491 904 5527 eo
931 5489 1087 5547 usque
1135 5484 1500 5547 proruperant,
1544 5482 1611 5547 ut
1637 5488 1749 5547 cum

135 5548 281 5611 hoc,
311 5547 365 5601 id
393 5558 476 5601 est
497 5541 754 5600 Arianum
796 5547 1014 5615 dogma,
1045 5541 1140 5615 ipsi
1191 5546 1473 5616 praedicare
1523 5544 1745 5611 publice,

135 5623 208 5677 in
251 5618 492 5673 Ecdesia
522 5614 1340 5681 dieditilatiettsi,nonnullerent,
1376 5614 1750 5683 Imperatorem

136 5703 333 5748 tamen
350 5689 590 5760 fallerent
611 5689 678 5742 ad
709 5690 1029 5744 audendum.
1066 5684 1393 5760 Fefellernnt
1421 5688 1559 5760 enim
1604 5692 1751 5754 igno-

138 5758 361 5821 rantem
390 5775 582 5830 regem,
607 5769 661 5813 ut
689 5761 976 5816 istiusmodi
1006 5761 1236 5832 perﬁdia:
1262 5758 1416 5832 fidem
1439 5759 1584 5832 bellis
1607 5773 1754 5832 occu-

137 5846 316 5909 patus
339 5829 638 5909 exponeret,
669 5843 717 5887 et
746 5829 1216 5909 credendifortttam
1260 5829 1500 5909 Ecclesia:
1528 5831 1753 5909 nondum

137 5898 494 5979 regeneratus
545 5906 846 5979 imponeret.
886 5898 1306 5979 Contradiceptes
1366 5898 1650 5979 Episcopo:
1686 5898 1754 5953 ad

140 5971 410 6038 altilium
439 5981 739 6046 coegerunt.
771 5971 940 6043 ldem,
971 5979 1130 6045 atque
1184 5974 1479 6038 Prsteusis,
1532 5985 1753 6029 sensere

1865 3415 1928 3453 ne
1958 3400 2088 3452 casu'
2111 3398 2174 3452 sit
2202 3397 2258 3450 in
2281 3395 2458 3465 aliquo
2483 3404 2697 3449 vestrum
2728 3409 2816 3446 cor
2848 3394 3132 3464 malignum
3182 3397 3467 3450 increduli-

1861 3495 1979 3548 tatis
2014 3493 2027 3544 i
2067 3490 2376 3546 discedendo
2403 3507 2435 3544 a
2460 3488 2567 3543 Deo
2599 3490 2815 3553 vivente,
2842 3490 2930 3542 sed
2966 3492 3308 3546 consolamini
3350 3510 3462 3548 ros-

1865 3586 2106 3653 metipsos
2132 3582 2361 3650 quotidie
2387 3581 2547 3635 donec
2576 3580 2730 3634 hodie
2756 3590 2967 3634 uocatur
2990 3579 3038 3648 κ,
3055 3597 3117 3636 ne
3134 3584 3464 3653 pratduretur

1861 3679 2048 3746 aliquis
2075 3692 2138 3730 ex
2163 3675 2302 3728 vobis
2331 3676 2382 3726 in
2410 3687 2583 3726 errore
2612 3673 2828 3741 peccati.
2846 3671 3141 3741 Participes
3164 3677 3296 3729 enim
3309 3676 3461 3732 Chri-

1858 3772 1924 3826 sti
1955 3771 2085 3841 facti
2107 3785 2303 3833 sumus,
2330 3767 2375 3820 si
2395 3765 2604 3837 quidem
2635 3766 2948 3835 principium
2963 3765 3268 3823 substantia:
3297 3788 3459 3842 usque

1859 3864 1927 3916 ad
1945 3863 2100 3930 ﬁnem
2126 3860 2335 3930 ﬁrmum
2376 3858 2711 3911 tenuerimus.
2755 3856 2895 3910 Dum
2921 3856 3112 3911 dicitur
3138 3876 3155 3913 :
3192 3859 3365 3917 Hodie
3415 3867 3460 3918 si

1863 3970 2035 4009 vocem
2053 3968 2218 4007 meam
2253 3949 2271 3989 ι
2293 3949 2585 4017 audieritis,
2611 3951 2768 4003 nolite
2789 3949 3090 4019 prcedurare
3103 3953 3262 4008 corda
3277 3966 3457 4024 vestra,

1855 4124 2016 4169 antea
2049 4111 2294 4166 Monachi
2329 4111 2558 4166 Maurini
2589 4110 2640 4165 in
2675 4111 2958 4168 notatione
2980 4111 3107 4169 huic
3132 4115 3329 4174 llilarii'
3350 4130 3458 4176 tes~

1853 4187 2081 4239 tituOuiu
2099 4184 2354 4250 ascripta.

1929 4265 1954 4292 α
1995 4256 2146 4309 Vers.
2181 4255 2306 4307 Aut.
2333 4253 2566 4306 suadeat.

1927 4326 1961 4396 lg
1984 4326 2141 4381 Vers.
2174 4327 2297 4378 Ant.
2327 4335 2502 4378 euntes
2532 4340 2652 4395 ergo
2684 4324 2862 4379 docete
2890 4343 3064 4383 omnes
3087 4341 3284 4401 gentes,
3329 4333 3453 4405 bap-

1857 4400 2068 4452 tizantet
2096 4414 2201 4458 eos,
2231 4407 2326 4450 etc.

1933 4482 1953 4508 ί·
1995 4469 2059 4523 Et
2090 4478 2288 4522 contra.
2321 4468 2494 4521 Latin.

1860 4613 1896 4664 γ
1925 4539 2032 4594 ιι1η
2047 4541 2356 4666 Ᾱιιιὶηὶιῐιαιε
2393 4549 2440 4592 ct
2471 4540 2718 4610 religione
2763 4542 3099 4612 Angelorum,
3131 4560 3248 4614 qua:
3297 4548 3444 4602 ridit.

1904 4630 2013 4666 crs.
2099 4631 2127 4665 n
2164 4653 2176 4665 .

1886 4613 2013 4667 ’ers.
2047 4613 2176 4666 Aut.

1931 4695 1951 4720 υ
1986 4685 2141 4737 Vers.
2177 4686 2306 4738 Ant.
2338 4692 2493 4759 caput
2520 4681 2821 4759 Christum,
2850 4699 2915 4738 ea:
2940 4701 3041 4753 quo
3067 4702 3218 4741 omne
3266 4706 3450 4759 corpus

1855 4771 2165 4818 connexum,
2187 4765 2233 4808 ct
2252 4756 2590 4808 conductione
2601 4754 3062 4818 subministratum,
3087 4768 3136 4808 et
3157 4754 3451 4824 provectum

1781 4800 1830 4861 D
1853 4830 2030 4881 crescit
2056 4827 2110 4880 in
2137 4800 2504 4880 incrementum
2536 4828 2650 4878 Dei.
2688 4826 2813 4880 Iltec
2829 4825 3005 4881 Grtec.
3032 4800 3119 4894 "isti
3157 4800 3228 4883 ὀὗ
3256 4838 3361 4887 πᾶν
3391 4836 3449 4888 τὸ

1858 4907 2011 4971 σῶμα
2031 4897 2116 4954 διὰ
2133 4906 2231 4971 τῶεέ
2413 4900 2493 4951 καὶ
2517 4895 2841 4970 συνδέσμων,
2862 4906 2967 4953 etc.
2986 4915 3106 4969 quia
3120 4903 3454 4958 conveniunt

1855 4968 2037 5042 aptius
2063 4985 2183 5025 cum
2211 4968 2382 5023 Lucil.
2422 4983 2564 5022 vers.

1932 5043 1949 5080 ί
1984 5042 2148 5096 Forte
2177 5049 2493 5111 apostatam.

1929 5124 1952 5160 s
1989 5113 2140 5167 Vers.
2171 5118 2293 5165 Aut.
2316 5111 2712 5182 loquendorum.
2739 5111 2922 5166 Sabat.
2954 5113 3026 5166 ita
3056 5113 3179 5183 legit
3204 5115 3257 5169 in
3275 5113 3446 5171 Lucil.

1853 5184 1908 5237 in
1937 5185 2280 5236 testimonium
2309 5199 2483 5236 eorum
2511 5198 2623 5253 quw
2651 5182 2867 5235 dicenda
2887 5194 3051 5236 erant.

1927 5253 1954 5292 ιι
1986 5253 2298 5323 Legendum
2329 5270 2448 5308 eum
2468 5255 2596 5310 Sab.
2624 5253 2929 5307 libertatem.
2967 5253 3124 5309 Vers.
3144 5261 3270 5314 Ant.
3299 5260 3452 5315 liber-

1853 5335 2027 5390 tatem,
2058 5336 2104 5378 et
2135 5325 2507 5380 exultationem
2562 5326 2672 5395 spei
2700 5340 2858 5394 usque
2887 5327 2953 5378 ad
3009 5327 3164 5395 ﬁnem
3217 5332 3447 5399 firmam.

1854 5408 2133 5596 Ξιῗβὶωε
2163 5468 2309 5535 dicit,
2345 5467 2500 5523 Vcrs.
2529 5469 2654 5521 Ant.
2684 5466 2841 5522 abest
2867 5479 3045 5525 tamen
3070 5473 3200 5525 sicut
3234 5489 3260 5524 a
3288 5473 3443 5528 Vers.

1901 5557 2069 5596 vriac.

1939 5557 2069 5596 rtac.

1900 5558 1943 5662 yi
1987 5614 2115 5668 Cum
2139 5610 2352 5673 Graeco,
2381 5613 2624 5671 ἀπιστίας
2647 5613 2695 5665 ἐν
2723 5619 2800 5682 τῷ
2850 5613 3135 5670 ἀποστῆναι
3193 5615 3293 5670 ἀπὸ
3335 5620 3442 5672 θεοῦ

1855 5688 2062 5748 ζῶντος.
2114 5682 2265 5736 Vers.
2309 5687 2438 5735 Aut.
2486 5683 2794 5753 iniquitatis,
2835 5682 3128 5736 discedendi
3165 5687 3337 5740 cho
3379 5689 3449 5740 vi-

1857 5767 2020 5809 υωιιε.

1930 5826 1955 5865 ιι
1989 5826 2060 5881 Es
2089 5824 2280 5881 Gneco
2313 5823 2555 5880 καλῆται.
2592 5822 2744 5880 Vers.
2779 5823 2900 5878 Ant.
2946 5837 3178 5880 vocatus.

1940 5897 1954 5935 ι
1997 5898 2146 5969 Ejus.
2181 5896 2334 5952 Vers.
2370 5899 2497 5950 Aut.
