4292 6412
148 448 238 509 785
808 456 894 513 DE
932 456 1072 513 NON
1109 454 1597 513 CONVENIENDO
1632 456 1780 515 CUM
1821 458 2217 517 HIERETICIS
2256 460 2459 516 LIBER
2500 460 2706 518 UNUS.

3302 463 3408 521 786

145 567 289 635 patris
317 566 504 634 aliquis
534 568 735 631 habeat,
770 577 815 620 et
844 584 929 620 vos
964 568 1133 634 inﬂati
1156 570 1299 633 estis,
1326 578 1370 619 et
1401 586 1499 620 non
1546 571 1715 639 potius
1747 574 1797 630 Α
1822 570 2135 639 Cujusmodi
2162 573 2241 625 vis
2272 572 2459 643 fugere
2489 589 2588 628 nos
2608 574 2808 631 debere
2831 576 3289 633 fornicationem?
3311 577 3418 645 Qui

146 657 320 709 luctum
349 660 622 717 habuistis,
658 669 711 711 ut
768 662 1080 714 tollereture
1130 661 1300 714 medio
1338 674 1580 725 vestrum,
1630 664 1717 730 qui

144 748 231 801 hoc
268 768 387 821 opus
418 754 539 821 fecit
593 751 657 823 (ll
706 752 825 806 Cor.
866 769 917 805 v.
980 754 1049 821 l).
1114 754 1167 807 Si
1222 755 1383 823 igitur
1429 756 1718 825 Apostolus

145 842 433 913 hujusmodi
468 862 601 913 opus
641 847 1209 915 operantemjusserit
1266 848 1380 902 tolli
1431 864 1461 902 e
1517 849 1717 913 medio,

142 951 204 990 ne
228 936 470 991 videlicet
500 952 599 1007 per
631 940 775 992 illius
796 940 1111 993 societatem
1136 941 1311 992 omnis
1336 955 1719 1006 corrumpere-

143 1036 221 1080 tur
248 1026 496 1092 ecclesia,
524 1039 733 1098 quanto
764 1031 933 1098 magis
960 1030 1181 1099 dignum
1218 1030 1414 1095 fuerat,
1440 1046 1535 1084 vos
1573 1032 1721 1101 fuge-

141 1132 311 1172 remus
326 1118 676 1189 blasphemos
695 1122 717 1173 ?
734 1123 779 1174 si
806 1122 953 1175 illttm
977 1122 1265 1177 tradidisse
1291 1136 1492 1176 satana:
1513 1132 1717 1190 narrat,

139 1222 330 1281 quanto
359 1216 530 1283 magis
557 1224 686 1270 tunc
713 1216 937 1285 vosjam
971 1216 1195 1269 traditos
1223 1232 1343 1271 esse
1375 1219 1513 1271 scire
1556 1218 1720 1272 debe-

139 1305 439 1373 tis,quando
471 1306 561 1360 Dei
592 1310 871 1375 eceperitis
902 1323 1099 1377 negare
1116 1307 1349 1361 Filium?
1381 1306 1491 1378 Ego
1514 1309 1720 1377 quidem

133 1401 261 1453 sicut
289 1400 465 1453 absens
497 1416 971 1471 corpore,prtrsens
993 1412 1015 1437 α
1046 1415 1217 1456 autem
1248 1402 1719 1472 spiritujamjudi-

134 1498 241 1549 cari
270 1506 322 1549 ut
360 1512 584 1566 presens
616 1513 729 1549 eum
747 1497 833 1562 qui
858 1498 928 1550 sic
944 1509 1181 1568 operatus
1210 1511 1279 1550 est
1311 1499 1363 1550 in
1384 1498 1584 1550 nomine
1619 1494 1721 1547 Do-

134 1589 257 1640 mini
293 1586 452 1655 Iesu,
500 1590 829 1659 congregatis
868 1590 1005 1642 vobis
1062 1600 1110 1642 et
1169 1592 1353 1659 spiritu
1403 1606 1549 1652 meo,
1605 1604 1721 1641 cum

131 1679 311 1734 virtute
340 1679 730 1735 Domininostri
780 1680 905 1735 Iesu
924 1682 1127 1736 tradere
1146 1682 1445 1755 ltujusmodi
1463 1683 1718 1735 hominem

132 1769 160 1809 δ
184 1783 375 1827 solante
400 1774 453 1827 in
476 1774 739 1828 interitum
770 1778 961 1838 carnis,
993 1786 1045 1827 ut
1092 1777 1306 1845 spiritus
1359 1776 1529 1827 salvus
1553 1776 1616 1827 sit
1662 1776 1722 1827 in

129 1866 212 1920 die
236 1864 445 1920 Domini
476 1869 641 1920 nostri
684 1866 809 1921 Iesu
834 1869 1044 1923 Christi.
1080 1868 1225 1921 Bona
1257 1880 1276 1906 ε
1307 1870 1552 1939 gloriatio
1606 1885 1720 1923 ves-

1822 665 1965 719 euim
1998 675 2197 730 pru'ter
2224 682 2472 731 uxorem,
2502 669 2665 721 aliam
2688 681 2869 737 putere
2895 671 3151 735 voluerit,
3177 671 3420 727 fornica-

1822 758 1935 810 rius
1962 758 2177 812 dicitur.
2211 759 2339 812 Item
2363 760 2452 825 qui
2482 760 2643 814 idolis
2678 763 2951 827 servierit,
2983 760 3283 818 fornicatus
3329 764 3421 818 di-

1820 849 2289 919 citurzquOuiam
2322 852 2542 921 quidem
2601 854 2772 908 Deum
2832 855 3221 926 derelinquens
3272 856 3422 911 idola

1824 938 2129 994 adoiavcrit
2157 960 2167 993 :
2198 941 2452 997 similiter
2477 946 2565 1013 qui
2597 943 2888 1000 hwreticus
2933 958 3038 1013 est,
3092 946 3425 1002 fornicatius

1822 1043 2061 1087 vocatur.
2087 1036 2329 1101 Quodvis
2358 1036 2425 1089 de
2453 1037 2538 1089 Itis
2568 1042 3081 1109 cognoscegravius
3141 1055 3268 1095 esse
3306 1041 3416 1094 cri-

1823 1140 1969 1187 men,
2004 1126 2315 1181 hmretieum
2349 1129 2491 1189 fieri,
2522 1128 2687 1184 idolis
2708 1132 2942 1194 servire,
2975 1147 3044 1184 an
3072 1132 3428 1186 committere

1821 1222 2115 1274 secundum
2156 1238 2373 1275 carnem
2407 1222 2778 1277 adulterium?
2806 1224 2943 1291 Quia
2970 1240 3105 1295 ergo
3128 1224 3244 1280 sive
3286 1239 3421 1293 gen-

1824 1316 1969 1379 tiles,
2002 1316 2115 1369 sive
2137 1330 2232 1369 vos
2259 1316 2495 1370 haeretici
2526 1317 2850 1371 idololatres
2886 1317 2904 1355 ί
2957 1318 3225 1381 dicimiui,
3274 1329 3427 1372 utra-

1822 1426 1927 1478 que
1968 1424 2090 1478 pars
2108 1409 2470 1463 idololatriam
2500 1412 2569 1463 sit
2595 1426 2817 1480 gerens,
2838 1426 3064 1465 necesse
3092 1423 3205 1466 est:
3232 1421 3288 1467 et
3348 1424 3428 1466 Ia-

1824 1517 1946 1555 men
1979 1502 2104 1571 quia
2134 1516 2163 1553 a
2196 1511 2219 1547 ε
2244 1501 2450 1555 carnali
2480 1504 2865 1565 fornicatione,
2893 1514 3154 1571 quantum
3183 1502 3289 1557 dici
3319 1517 3431 1556 non

1825 1605 2023 1663 potest,
2054 1594 2196 1663 quod
2229 1592 2255 1630 ιι
2286 1596 2521 1649 vastiora
2548 1595 2657 1649 sint
2690 1596 2778 1648 illa
2810 1595 2918 1649 duo
2945 1597 3173 1650 crimina
3222 1596 3425 1650 intelli-

1824 1701 1940 1756 ges.
1964 1685 2233 1753 Conspice
2262 1688 2457 1756 quibus
2485 1697 2539 1742 te
2578 1682 2917 1757 jugulaveris
2977 1690 3154 1742 malis.
3211 1688 3431 1742 Clamat.

1825 1778 2001 1833 adhuc
2026 1781 2214 1833 dicens
2243 1782 2629 1834 sanctissimus
2683 1781 3013 1849 Apostolus:
3040 1780 3205 1833 Omne
3245 1796 3431 1847 pecca-

1828 1882 1933 1924 tum
1961 1871 2098 1941 quod
2128 1874 2306 1941 fecerit
2336 1872 2489 1924 ltonto
2518 1884 2661 1925 extra
2677 1888 2866 1941 corpus
2881 1882 2976 1932 est,
3000 1874 3089 1941 qui
3116 1880 3287 1925 autem
3316 1873 3430 1942 for-

126 1970 225 2025 tra,
252 1962 452 2015 nescitis
480 1963 602 2031 quia
633 1963 893 2016 modicum
942 1965 1249 2033 fermentum
1282 1974 1440 2016 totam
1494 1980 1716 2016 massam
1750 1958 1795 2019 Β
1824 1964 2044 2029 nicatur,
2076 1964 2129 2015 in
2158 1980 2350 2031 corpus
2379 1980 2525 2016 suum
2554 1973 2731 2033 peccat
2763 1962 2926 2032 (Ibid.
2958 1964 3067 2033 18).
3098 1964 3182 2016 Et:
3204 1963 3325 2017 Non
3348 1980 3429 2017 es—

126 2054 429 2123 corrumpit.
484 2052 783 2126 Expurgale
836 2066 971 2107 t'etus
1028 2057 1330 2121 fermentum
1360 2066 1411 2107 ut
1458 2057 1719 2108 sitisnora

125 2145 441 2214 conspersio,
478 2155 531 2199 ut
562 2148 684 2200 estis
713 2150 883 2217 azymi
911 2147 1071 2217 (Ibid.
1106 2150 1182 2217 5).
1218 2148 1344 2203 Haec
1371 2164 1491 2203 cum
1521 2151 1593 2203 sit
1637 2148 1718 2201 in-

120 2238 369 2302 crepatio
417 2238 689 2306 Apostoli,
740 2248 996 2307 paterant
1046 2241 1344 2293 Christiani
1394 2240 1719 2293 Antichristi

120 2330 377 2400 conjungi
420 2331 637 2385 servis?
667 2330 952 2397 Quomodo
1006 2332 1149 2387 enim
1196 2346 1303 2385 non
1362 2331 1555 2386 fuisset
1598 2346 1719 2385 cor-

119 2430 498 2491 ruptustantte
529 2422 884 2491 blasphemia:
918 2434 1112 2477 vestrm
1170 2426 1417 2488 venenis,
1475 2423 1719 2495 quando-

116 2516 344 2584 quidem
375 2515 489 2571 sive
520 2517 573 2570 in
613 2516 911 2588 hypocrisi,
942 2518 1054 2571 sive
1078 2532 1143 2571 ex
1166 2532 1296 2571 vero
1320 2518 1443 2585 quis
1472 2532 1720 2571 commus

120 2607 274 2662 nicet
295 2609 469 2671 vobis,
505 2608 575 2661 sit
600 2607 879 2677 iningenti
906 2609 1169 2677 peticulo,
1200 2625 1321 2661 cum
1356 2621 1579 2677 propter
1605 2609 1716 2663 ha:-

120 2700 289 2755 resitn
324 2711 559 2757 vestram
584 2717 1004 2756 secerneremur
1033 2718 1060 2754 a
1091 2702 1276 2756 vobis?
1302 2702 1589 2769 Quomodo
1621 2702 1721 2757 ite-

119 2808 247 2847 rum
268 2793 554 2848 adhmrere
580 2795 962 2863 potueramus?
980 2808 1101 2847 cum
1128 2810 1225 2847 vox
1249 2794 1315 2847 sit
1341 2794 1720 2863 dicentisApo-

113 2886 248 2941 stoli
276 2905 289 2937 :
325 2885 527 2953 Scripsi
548 2887 686 2940 vobis
716 2888 767 2939 in
809 2888 1026 2958 epistola
1049 2905 1149 2940 non
1169 2889 1371 2939 misceri
1399 2888 1715 2959 fornicariis,

114 2994 223 3032 non
248 2979 422 3047 utique
446 2981 740 3049 fornicariis
762 2979 919 3051 hujus
948 2982 1244 3045 mundi,aut
1271 2982 1560 3041 araris,aut
1590 2998 1716 3049 rap-

113 3072 437 3138 toribus,aut
451 3074 1001 3143 idololatrisnlioquin
1025 3077 1311 3128 debueralis
1340 3078 1401 3128 de
1415 3076 1510 3128 hoc
1527 3076 1719 3128 mundo

112 3164 493 3219 exiisseNunc
510 3176 680 3219 autem
706 3168 890 3236 scripsi
914 3168 1051 3220 vobis
1074 3185 1175 3220 non
1205 3168 1720 3232 COtttttti.sCt’t‘l,siquis

110 3262 287 3328 frater
331 3260 631 3312 nominatur
661 3256 686 3294 ἀ
719 3260 1005 3329 fornicator
1035 3270 1057 3297 θ
1090 3270 1179 3313 aut
1210 3278 1414 3321 at'arus,
1436 3274 1527 3316 aut
1551 3262 1719 3314 idolo-

1829 2058 1891 2111 tis
1922 2058 2093 2110 vestri.
2126 2054 2307 2125 Empti
2334 2057 2469 2111 enim
2495 2058 2617 2110 estis
2635 2058 2817 2125 pretio.
2858 2056 3162 2123 Gloriﬁcate
3183 2067 3230 2110 et
3259 2056 3273 2092 ί
3307 2074 3429 2126 por-

1826 2157 1926 2201 tate
1956 2148 2237 2201 Dominum
2266 2151 2316 2201 in
2346 2166 2563 2218 corpore
2585 2160 2750 2201 vestro
2781 2148 2945 2217 (Ibid.
2972 2149 3085 2221 19).
3139 2150 3432 2217 Quomodo

1827 2241 2030 2308 poteris
2055 2252 2276 2308 portare
2302 2242 2491 2303 Deum,
2534 2241 2849 2306 Constanti,
2912 2242 2964 2295 in
3017 2257 3251 2311 corpore
3307 2251 3431 2309 tuo,

1826 2346 1948 2386 cum
1980 2332 2337 2400 apostolicam
2396 2334 2556 2386 Iidem
2613 2333 2934 2402 rejieiendo,
2998 2334 3429 2402 bmreticamque

1827 2424 2198 2493 suscipiendo,
2242 2440 2346 2478 non
2374 2435 2425 2479 te
2452 2425 2596 2478 illius
2624 2440 2746 2478 esse
2775 2425 3007 2491 dixeris,
3050 2425 3207 2495 cujus
3256 2439 3316 2480 se
3345 2424 3435 2480 di-

1828 2528 2022 2573 xerunt
2048 2527 2229 2586 patres
2266 2519 2461 2585 nostri,
2493 2518 2792 2582 Abraham,
2824 2518 2996 2583 Isaac,
3024 2526 3079 2573 et
3099 2518 3290 2583 Iacob,
3325 2518 3426 2573 sed

1826 2609 2084 2666 etcuncti
2117 2609 2416 2679 prophetm,
2450 2611 2708 2679 apostoli,
2768 2624 2831 2664 ac
2882 2610 3191 2679 martyres?
3223 2609 3432 2664 Deinde

1826 2703 1871 2756 si
1898 2702 1987 2771 qui
2011 2701 2308 2755 fornicator
2340 2701 2394 2754 in
2420 2716 2620 2769 corpus
2648 2715 2807 2754 suum
2834 2709 2919 2754 est
2948 2715 3202 2769 peccans.
3222 2710 3429 2769 quanto

1829 2792 1999 2859 magis
2028 2800 2083 2846 tu
2108 2792 2197 2859 qui
2229 2792 2303 2844 sis
2335 2806 2441 2843 non
2473 2806 2567 2859 per
2592 2806 2813 2844 carnem
2847 2799 3054 2844 tantum
3079 2790 3210 2844 illud
3265 2790 3435 2861 perfi-

1828 2886 1982 2941 ciens
2012 2886 2283 2955 serpentis
2310 2899 2468 2954 opus,
2500 2884 2595 2939 sed
2624 2892 2679 2938 t-t
2702 2899 2795 2953 per
2826 2885 2994 2953 ipsam
3016 2885 3283 2938 animam?
3297 2884 3435 2938 Nes-

1826 2980 1937 3031 citis
1960 2979 2081 3047 quia
2102 2979 2190 3047 qui
2211 2994 2264 3030 se
2288 2978 2467 3047 jungit
2490 2976 2747 3030 meretrici
2774 2993 2934 3029 unum
2978 2992 3167 3045 corpus
3194 2986 3289 3040 est,
3340 2979 3433 3047 qui

1825 3084 1993 3125 autem
2010 3075 2194 3143 jungit
2220 3069 2513 3124 seDomino
2537 3087 2669 3123 unus
2714 3071 2929 3138 spiritus
2970 3080 3044 3123 est
3092 3068 3267 3137 (Ibid.
3316 3071 3434 3140 16).

1825 3166 1959 3221 Cum
1991 3168 2267 3236 sacrilegis
2298 3182 2363 3221 ue
2386 3177 2441 3220 et
2465 3167 2565 3235 ipsi
2594 3166 2716 3220 facti
2748 3167 2801 3220 in
2829 3182 3063 3234 corpore
3082 3166 3411 3234 meretricis,

1828 3276 1934 3313 non
1964 3275 2299 3313 ntereremur
2328 3274 2450 3312 esse
2478 3257 2688 3311 Domini
2716 3258 2925 3324 famuli,
2956 3258 3053 3312 sed
3080 3259 3190 3325 jam
3216 3268 3275 3311 ut
3326 3273 3425 3312 vos

105 3369 233 3406 rum
263 3353 559 3417 cultor,aut
582 3355 985 3419 ntaledicus,aut
1006 3356 1260 3416 ebriosus,
1284 3364 1374 3408 aut
1402 3372 1586 3422 rapax,
1606 3373 1719 3408 cunt
1748 3348 1791 3408 C
1826 3354 1972 3407 servi
2001 3352 2230 3414 diaboli,
2252 3352 2567 3406 censuimus
2589 3350 2955 3406 recedendum
2987 3350 3151 3405 fuisse
3180 3366 3210 3403 a
3254 3350 3432 3405 vobis.

107 3445 384 3517 ejusmodi
401 3462 491 3498 nec
516 3446 685 3499 cibum
707 3446 1220 3515 sumere(lbid.9).Si
1241 3447 1421 3500 cibum
1442 3448 1720 3501 vobiscum

99 3536 374 3605 jttbemur
402 3550 507 3589 non
540 3550 782 3601 sumere,
835 3538 1150 3591 credideras
1185 3540 1433 3606 potuisse
1484 3538 1721 3591 Catholi-

103 3642 213 3681 cos
252 3629 554 3682 Convenire
580 3644 704 3683 cum
733 3629 1005 3682 hatretieis
1028 3630 1093 3682 ad
1126 3630 1385 3682 solemnia
1410 3641 1603 3683 cuncta
1632 3644 1723 3683 ce-

105 3721 427 3776 lebranda?
457 3722 734 3776 vobiscum
764 3722 1037 3784 erraticis,
1088 3722 1369 3773 vobiscum
1398 3737 1495 3787 per
1524 3720 1725 3773 diaboli

99 3828 392 3867 venenum
420 3812 486 3866 ad
517 3827 737 3866 omnem
763 3811 1010 3865 deductis
1036 3812 1356 3866 ebrietatem
1380 3826 1501 3865 esse
1534 3822 1722 3881 potue-

102 3920 310 3960 ramus
343 3905 434 3959 Dei
464 3904 730 3959 cultores?
758 3903 1046 3971 Quomodo
1079 3904 1195 3958 ﬁeri
1229 3904 1367 3958 istud
1390 3912 1724 3972 potuerat,ut

98 4000 259 4053 inter
294 4006 541 4053 mortuos
572 3998 677 4051 vivi
709 4008 979 4053 staremus
1000 3998 1023 4050 ?
1044 4014 1165 4051 cum
1192 3998 1414 4067 dignum
1434 4005 1582 4051 esset
1606 4012 1723 4051 ma-

96 4092 194 4161 gis
250 4105 352 4143 vos
382 4090 474 4145 ﬁlii
506 4090 808 4146 adversnrii
866 4092 1039 4145 nostri
1077 4101 1441 4159 congregatos
1473 4093 1523 4143 in
1556 4106 1719 4143 unum

97 4185 522 4248 videri,ettios
566 4195 752 4239 contra
793 4184 995 4239 Christi
1034 4185 1236 4237 milites
1285 4185 1335 4236 in
1383 4198 1571 4247 unum,
1615 4197 1723 4251 thO

95 4279 356 4350 pOSsclis
382 4279 502 4333 sine
536 4278 638 4332 ulla
665 4278 1008 4332 dubitatione
1042 4280 1107 4331 ab
1129 4278 1381 4331 omnibus
1414 4276 1722 4329 Deumdili-

90 4370 379 4443 gentibus
434 4369 680 4424 membra
733 4385 796 4423 ac
849 4385 1049 4438 corpus
1094 4369 1402 4423 meretricis
1455 4370 1720 4431 vocitari;

90 4478 221 4533 quo
258 4462 481 4517 nomine
512 4462 679 4515 etiam
708 4476 808 4515 nos
831 4477 1116 4531 possemus
1142 4462 1468 4531 nuncupari,
1499 4465 1544 4514 si
1593 4477 1726 4515 nos-

90 4566 219 4611 met
252 4554 597 4609 traderemus
622 4554 802 4608 vobis:
838 4552 1067 4607 Nescitis
1106 4554 1228 4622 quia
1281 4568 1501 4619 corpora
1556 4564 1722 4605 vestra

88 4651 349 4706 metnbra
370 4648 562 4703 Christi
591 4648 750 4702 sunt?
778 4646 992 4701 Tollens
1025 4664 1147 4719 ergo
1174 4648 1402 4699 membra
1427 4645 1619 4700 Christi
1648 4650 1729 4715 fa-

1828 3446 1923 3500 Vre
1949 3445 2043 3500 tibi
2073 3445 2163 3514 qui
2196 3445 2439 3499 nolueris
2473 3443 2705 3497 Domino
2730 3444 3011 3513 conjungi,
3061 3442 3157 3497 sed
3191 3442 3432 3496 volueris

1825 3537 2061 3592 diabolo.
2090 3536 2193 3591 Sed
2228 3545 2282 3589 et
2312 3552 2434 3589 cum
2463 3536 2595 3590 dicit
2618 3536 2833 3589 :Nolite
2862 3536 3064 3600 seduci;
3087 3545 3430 3603 corrumpunt

1824 3632 1959 3685 enim
1984 3646 2150 3682 mores
2173 3630 2331 3681 bonos
2363 3629 2623 3695 colloquia
2651 3644 2813 3698 prava
2837 3626 3003 3697 (Ibid.
3029 3644 3118 3692 xv,
3137 3628 3228 3697 35)
3250 3643 3264 3691 ;
3298 3628 3431 3696 quid

1827 3738 1913 3776 me
1939 3723 2095 3791 jubet
2126 3723 2307 3776 facere
2342 3722 2447 3775 nisi
2479 3730 2535 3775 ut
2562 3720 2760 3790 fugiam
2792 3731 2993 3776 caelum
3026 3731 3179 3776 tuum
3208 3722 3433 3776 sacrile-

1822 3816 1914 3885 gio
1944 3815 2293 3877 maculatum,
2324 3828 2390 3867 ne
2418 3813 2545 3867 dum
2578 3814 2761 3866 haereo
2810 3812 2933 3877 tibi,
2963 3820 3020 3866 et
3070 3812 3187 3881 ipse
3247 3821 3429 3866 tecum

1827 3907 2087 3977 peream?
2116 3904 2399 3974 Quomodo
2428 3907 2478 3959 in
2502 3914 2593 3957 ttto
2619 3903 2857 3958 concilio
2886 3904 3124 3973 maligno
3156 3918 3281 3958 esse
3339 3919 3433 3977 po-

1828 4001 2145 4056 tueramus?
2173 4014 2295 4053 cum
2330 3999 2647 4067 Apostolum
2676 3996 2895 4051 beatum
2946 3995 3234 4060 Timotheo
3279 3998 3432 4051 inve-

1828 4096 2041 4147 niamus
2064 4092 2305 4145 dixisse:
2336 4090 2531 4143 Manus
2551 4090 2650 4142 cito
2673 4089 2870 4142 nemini
2900 4089 3239 4157 imposueris,
3269 4104 3435 4157 neque

1827 4185 2284 4241 communicaveris
2301 4185 2528 4251 peccatis
2565 4182 2771 4235 alienis.
2789 4179 2864 4233 Te
2879 4182 3047 4249 ipsum
3072 4191 3274 4235 castum
3295 4197 3438 4235 serva

1828 4276 1898 4347 (ll
1946 4276 2078 4329 Tim.
2138 4290 2191 4339 v,
2225 4275 2340 4345 22).
2382 4274 2489 4329 Sed
2535 4272 2813 4343 quomodo
2842 4288 3086 4327 essemus
3134 4272 3292 4337 casti,
3331 4276 3427 4343 qui

1828 4368 1981 4421 vobis
2011 4365 2290 4430 haerendo,
2338 4375 2395 4419 ut
2422 4380 2518 4418 vos
2549 4363 2781 4431 disrupti
2825 4363 3116 4417 fuissemus
3145 4378 3246 4433 per
3305 4364 3432 4419 illos

1827 4460 2140 4515 carissimos
2169 4466 2397 4521 vestros,
2430 4454 2736 4509 immundos
2750 4454 3002 4508 videlicet
3014 4453 3244 4522 Spiritus
3260 4470 3289 4509 a
3307 4470 3434 4509 cas-

1832 4554 1982 4607 titate
2010 4550 2176 4605 fidei?
2201 4549 2473 4620 quomodo
2507 4564 2613 4602 non
2640 4547 3205 4603 communicassemus
3233 4548 3436 4603 alienis

1833 4642 2105 4715 peccatis?
2152 4641 2307 4710 Quod
2348 4643 2393 4695 si
2422 4641 2702 4695 vobiscum
2746 4639 3076 4694 manendum
3122 4640 3436 4696 censuisse-

84 4743 248 4797 ciam
277 4742 502 4795 membra
534 4740 860 4795 meretricis?
894 4740 1059 4794 Absit.
1086 4740 1186 4792 Ant
1213 4740 1442 4803 nescitis,
1482 4740 1602 4807 quia
1631 4738 1718 4806 qui
1748 4729 1801 4787 D
1827 4753 1971 4803 mus,
2004 4735 2107 4791 hoc
2135 4750 2383 4791 essemus
2412 4733 2603 4795 futttri,
2633 4732 2777 4801 quod
2834 4734 2967 4787 estis
3021 4747 3138 4798 vos,
3194 4733 3299 4786 hoc
3347 4743 3437 4787 est

80 4853 152 4891 se
173 4836 369 4907 jungit
392 4835 646 4887 meretrici
678 4850 835 4887 unum
859 4850 1045 4901 corpus
1068 4843 1159 4885 est.
1219 4830 1388 4884 Erunt
1431 4832 1592 4893 enim,
1642 4830 1721 4883 in-
1831 4830 2069 4886 membra
2123 4828 2449 4883 meretricis.
2495 4825 2779 4893 Quomodo
2818 4840 2917 4879 nos
2966 4823 3262 4879 ChriStiani
3304 4839 3432 4881 esse

78 4928 249 4998 quit,
276 4926 449 4980 duoin
473 4942 629 4979 carne
649 4943 773 4983 una.
812 4927 914 4993 Qui
945 4936 1113 4979 autem
1144 4926 1325 4997 jungit
1365 4940 1419 4978 se
1470 4923 1720 4985 Domino,
1834 4934 2182 4993 potueramus
2205 4920 2488 4974 vobiscum
2515 4916 2827 4972 haereticis?
2857 4918 2943 4971 cui
2977 4916 2990 4966 i
3020 4916 3152 4971 item
3179 4915 3435 4986 scripsis-

80 5037 247 5075 unus
292 5022 507 5091 spiritus
540 5028 647 5085 est;
672 5019 835 5091 fugite
858 5019 1254 5091 fornicationem
1284 5018 1447 5088 (Ibid.
1488 5034 1560 5083 vt,
1611 5017 1720 5089 15).
1835 5030 1895 5071 se
1918 5013 2236 5085 Apostolum
2264 5011 2559 5066 Timotheo
2581 5011 2871 5077 sciremus,
2903 5018 2961 5064 ut
2990 5008 3433 5065 nosmetabstrao

1912 5206 1933 5278 ξ
1962 5194 2063 5278 éut
2094 5193 2403 5278 fornicator.
2428 5192 2610 5278 Latii}:
2634 5205 2700 5243 ex
2723 5188 2901 5270 Orare.
2934 5189 2987 5249 ἦ.

1910 5264 1931 5303 ί
1963 5266 2067 5319 Pro
2089 5260 2417 5318 idololatria:
2440 5263 2514 5317 ita
2539 5262 2714 5317 aliena
2743 5261 2968 5315 nomina
2982 5260 3172 5333 vulgus
3185 5276 3437 5320 corrum-

1834 5339 1933 5408 pit.
1963 5335 2065 5408 Tit.
2099 5346 2145 5389 et
2173 5334 2347 5408 Latin.

1906 5418 1932 5455 κ
1957 5407 2000 5462 Α
2031 5406 2169 5462 forte
2201 5405 2491 5461 demenda.
2518 5403 2695 5459 Latin.
2729 5414 2899 5459 recte.

1904 5476 1930 5515 ιι
1964 5480 2117 5543 Quod
2142 5479 2367 5531 vastiora
2390 5476 2939 5545 sint,etc.,intetligis.
2966 5476 3208 5542 conspice
3226 5484 3335 5532 etc.
3357 5477 3439 5534 ld.

1828 5550 2043 5607 Clarior
2065 5555 2135 5603 ita
2159 5564 2373 5607 sensus,
2396 5558 2612 5602 retento
2634 5547 2798 5601 etiam
2830 5545 3085 5612 intelliges
3113 5551 3191 5600 sic
3233 5566 3245 5600 :
3272 5559 3318 5601 ct
3360 5562 3442 5603 ta-

1829 5639 1944 5676 mm
1972 5623 2091 5690 quia
2112 5620 2310 5672 carnali
2341 5619 2773 5688 fornicafione....
2800 5617 2938 5686 quod
2962 5620 3188 5671 vastiora
3215 5620 3321 5672 sint
3348 5622 3443 5675 illa

1824 5695 1929 5747 duo
1952 5693 2166 5744 crimina
2187 5691 2468 5761 intelliges,
2491 5692 2744 5759 conspice,
2766 5701 2872 5743 etc.

1907 5766 1921 5801 ί
1963 5762 2095 5818 Cum
2118 5760 2314 5816 Gratco
2364 5765 2420 5817 itt
2453 5762 3085 5832 quihusdamJnssrmi
3129 5760 3431 5832 βαστάσατι

1829 5843 1919 5891 τὸν
1943 5836 2080 5890 Θεὸν.
2115 5832 2271 5888 Vers.
2306 5837 2434 5887 Aut.
2465 5830 2750 5903 gloriﬁcate
2776 5827 2946 5886 Deum
2969 5830 3023 5883 in
3064 5827 3280 5901 corpore
3317 5847 3431 5887 res-

1835 5917 1936 5961 tro.

1958 5978 2106 6032 Cum.
2138 5972 2315 6029 Latin.
2347 5982 2405 6028 et
2435 5972 2605 6028 Valie,

173 5217 202 5244 ⁸
229 5204 377 5261 Cum
402 5204 615 5271 Graeco,
646 5207 825 5277 παρὼν
852 5200 905 5256 δὲ
931 5210 1003 5269 τῷ
1058 5202 1334 5271 πνεύματι.
1394 5198 1547 5252 Vers.
1595 5196 1724 5251 Ant.

76 5289 379 5402 “rem.
411 5346 643 5421 Tertull.
677 5346 729 5421 in
758 5344 852 5421 lib_.
879 5342 947 5397 de
982 5341 1170 5396 Pudic.
1231 5339 1416 5421 Abest.
1447 5338 1563 5421 luce
1616 5352 1722 5421 vox

72 5421 377 5475 hominem
406 5435 433 5471 a
468 5419 624 5474 Vors.
662 5420 787 5471 Ant.
832 5415 885 5468 in
940 5429 1044 5483 qua
1092 5422 1353 5477 praeterea
1404 5410 1622 5481 legitur,
1669 5410 1723 5483 in

72 5495 244 5547 diem
283 5489 493 5545 Domini
514 5489 664 5544 Iesu.
696 5487 910 5543 Lucifer
938 5480 1059 5538 cum
1084 5485 1276 5539 Grmco
1304 5484 1356 5536 in
1389 5480 1520 5536 mss.
1554 5480 1721 5551 pluri-

72 5563 329 5637 bus.__s'v
353 5571 419 5621 τῆ
445 5564 611 5637 ἡμέρᾳ
632 5568 724 5616 τοῦ
757 5561 943 5637 μυρίον
965 5560 1131 5637 Δὴμῶν.
1165 5556 1306 5637 apud
1334 5555 1464 5637 1551b,

173 5625 408 5687 cVVers.
442 5625 699 5685 A'ut'fnnn
750 5625 901 5684 bona.
953 5625 1181 5691 Aiigust.
1227 5628 1281 5680 in
1334 5625 1429 5677 lib.
1457 5626 1510 5678 3.
1567 5632 1714 5676 cont.

71 5705 275 5777 epist.
310 5704 569 5777 Parttttgu.
606 5701 708 5755 Per
750 5699 1197 5777 exprobra_‘iottent
1250 5695 1708 5777 pronuntiationis.

70 5766 257 5835 Bima
295 5774 553 5845 gloriatio
582 5784 792 5827 ve~traz
820 5766 894 5825 sic
932 5771 1069 5822 enim
1120 5768 1382 5831 nonnulli,
1407 5780 1453 5821 et
1498 5766 1718 5819 maxime

70 5850 258 5908 latini
294 5849 497 5919 codiges
518 5843 729 5919 habent.
960 5915 969 5919 Α
1166 5912 1180 5919 _
1193 5911 1208 5919 _
1372 5912 1381 5919 ,
1622 5908 1633 5919 ,

162 5921 195 5961 ιι
230 5920 375 5977 Cum
405 5917 505 5973 Gr.
533 5917 622 5969 ἐὰν
648 5935 727 5974 τις
757 5911 1326 5986 ὀνομαζόμενος-,ναι
1358 5911 1727 5965 Ant.nomine-

73 6008 179 6047 (ω’
