4292 6374
650 397 750 453 787

1728 397 2056 456 LUCIFERI
2099 397 2406 456 EPISCOPI
2449 397 2871 454 CALARlTANI

3841 396 3938 452 788

646 515 902 569 heremus
930 528 960 568 a
985 513 1141 570 vobis
1173 513 1479 569 haereticis:
1506 512 1636 568 Hice
1667 512 1793 566 doce
1849 523 1897 567 et
1952 513 2246 580 exhortaris,
2278 514 2331 574 Α
2354 530 2452 585 que
2480 529 2593 566 cum
2615 511 2740 582 feris
2771 512 2930 566 vitam
2959 510 3007 563 in
3040 510 3294 564 montibus
3326 525 3440 562 cum
3465 511 3566 564 suis
3603 509 3798 579 agebat,
3840 512 3938 580 feni

644 608 686 659 si
744 606 856 676 quis
909 607 1063 660 aliter
1116 605 1283 672 docet,
1341 615 1389 660 et
1461 622 1565 660 non
1629 605 1909 677 acquiescit
1956 604 2095 658 sanis
2147 619 2254 657 ser-

646 695 883 750 monibus
930 693 1141 750 Domini
1193 697 1355 750 nostri
1396 695 1524 750 Iesu
1579 694 1794 761 Christi,
1819 706 1866 748 et
1911 695 1960 750 ei
2001 711 2120 767 qua:
2170 712 2254 750 se-

648 790 878 844 cundum
942 790 1180 860 pietatem
1221 800 1297 844 est
1347 790 1619 854 doctrinae,
1672 790 1885 860 inﬂatus
1941 799 2016 844 est
2082 799 2258 843 autent

648 882 782 934 nihil
866 882 1057 948 sciens,
1137 882 1227 936 sed
1303 891 1520 952 aegrotat
1603 881 1742 935 circa
1830 882 2141 952 qumstiones
2208 891 2259 935 et

647 977 921 1030 verborum
1000 977 1166 1041 rixas,
1253 992 1319 1029 ea:
1399 977 1585 1045 quibus
1672 985 1954 1030 nascuntur
2028 977 2256 1042 incidite,

614 1109 616 1112 μ
646 1072 1021 1138 contentiones,
1053 1068 1412 1140 blasphemiae,
1432 1072 1755 1143 sitspicioues
1781 1080 1827 1138 α,
1851 1073 2261 1142 conﬂictationes

654 1165 808 1216 malae
835 1163 1102 1216 hominum
1129 1173 1298 1218 mente
1320 1173 1705 1234 corruptorum,
1732 1173 1781 1216 et
1810 1180 1840 1217 a
1868 1165 2076 1218 veritate
2106 1166 2262 1218 desti-

655 1265 882 1309 tutorum
907 1254 972 1328 (ll
1003 1253 1330 1325 Tim.vt,2).
1367 1259 1408 1310 A
1444 1264 1493 1310 te
1523 1256 1707 1327 itaque
1752 1272 1858 1312 non
1894 1257 1962 1310 ita
1989 1256 2258 1325 credenti,

656 1359 714 1404 ut
743 1350 918 1405 credit
961 1352 1192 1421 populus
1223 1350 1341 1415 Dei,
1375 1366 1404 1404 a
1457 1362 1509 1405 te
1541 1367 1647 1405 non
1695 1351 1763 1404 ita
1797 1350 2038 1416 docenti,
2081 1363 2137 1406 ιιι
2166 1351 2263 1407 do-

655 1449 890 1495 cucrnnt
915 1440 1118 1495 Christi
1149 1440 1290 1495 unici
1323 1440 1418 1494 ﬁlii
1446 1440 1542 1494 Dei
1572 1441 1833 1511 apostoli,
1865 1456 1896 1496 a
1938 1452 1988 1497 te
2020 1458 2127 1497 non
2171 1457 2262 1498 ac-

657 1533 972 1601 quiescentc
1026 1531 1174 1586 sanis
1243 1531 1592 1588 sermonibus
1642 1532 1856 1589 Domini
1905 1535 2078 1590 nostri
2134 1534 2264 1591 Jesn

654 1624 859 1680 Christi
884 1625 1152 1680 voluimus
1195 1626 1378 1681 vivere
1411 1626 1702 1696 segregati,
1734 1641 1762 1680 a
1803 1637 1854 1681 te
1893 1636 2264 1699 expugnatura

653 1719 923 1773 doctrinm
963 1734 1081 1789 qum
1120 1718 1422 1775 secundum
1464 1719 1720 1788 pietatem
1751 1731 1858 1785 est,
1905 1735 1936 1774 a
1977 1728 2029 1776 te
2079 1721 2263 1777 inﬂato

655 1823 844 1868 contra
881 1827 978 1866 nos
1019 1828 1115 1881 per
1155 1812 1438 1867 inimicum
1495 1821 1765 1880 nostrum,
1818 1828 1845 1867 a
1889 1823 1940 1869 te
1972 1813 2106 1868 nihil
2148 1814 2264 1870 veri

2362 606 2472 661 cibo
2523 617 2775 658 vescentes
2807 602 3163 669 morabantur,
3195 618 3257 656 ne
3293 611 3456 655 essent
3500 602 3766 671 participes
3809 602 3943 654 coin-

2361 700 2680 770 quinationis
2723 698 2792 771 (ll
2845 696 3023 750 Much.
3057 713 3110 763 v,
3143 695 3258 769 27).
3301 696 3601 766 Cognoscis
3632 697 3732 751 hoc
3761 697 3810 750 in
3841 711 3944 751 uno

2363 793 2674 850 testimonio
2717 807 2816 848 nos
2863 791 3127 848 recedere
3177 791 3481 861 oportuisse
3524 805 3552 843 a
3587 790 3753 852 vobis,
3801 803 3867 844 ne
3893 798 3947 844 et

2362 903 2464 943 nos
2514 887 2807 957 participes
2848 884 3144 940 fuissemus
3166 880 3642 952 coinquinationis.
3671 880 3946 949 Quomodo

2362 981 2517 1037 vobis
2533 978 2923 1052 iungeremur?
2948 993 3071 1034 cum
3089 978 3216 1031 item
3250 976 3391 1030 dicat
3422 974 3678 1029 Dominus
3705 974 3768 1028 ad
3795 989 3946 1043 apos-

2365 1079 2523 1131 tolos:
2558 1075 2814 1130 Attendite
2836 1073 2975 1127 vobis
2999 1090 3029 1127 a
3052 1076 3312 1143 fermento
3343 1067 3722 1125 Pharisaeorum
3744 1076 3788 1122 et
3817 1065 3944 1121 Sad-

2365 1166 2896 1237 duca'orumUllalth.
2929 1180 3039 1230 xw,
3057 1163 3135 1236 6);
3155 1171 3211 1219 et
3229 1172 3285 1218 ιιι
3307 1161 3624 1218 fermentum
3646 1160 3804 1213 luisse
3825 1156 3948 1212 doc-

2367 1270 2562 1324 trinam
2589 1284 2694 1324 non
2724 1283 2930 1332 sanam,
2953 1281 3112 1337 quam
3132 1263 3496 1320 videlicetaut
3519 1270 3640 1314 tunc
3669 1256 3745 1311 illi
3769 1255 3949 1310 Phari-

2366 1366 2484 1430 saei,
2501 1363 2909 1429 autSaddncmi,
2932 1371 3026 1416 aut
3043 1374 3184 1416 nunc
3198 1373 3294 1414 vos
3307 1355 3545 1412 omnium
3558 1360 3819 1408 sectarum
3835 1364 3954 1420 pro-

2366 1455 2834 1524 leretisltmretici,
2857 1455 3010 1510 nobis
3026 1451 3418 1515 maniicstaret,
3434 1445 3676 1517 sequitur
3691 1444 3952 1514 scriptura

2367 1548 2556 1604 dicens
2583 1565 2596 1602 :
2630 1547 2777 1603 Tunc
2802 1546 3101 1622 cogitabant
3122 1545 3252 1597 inter
3276 1558 3329 1596 se
3358 1541 3604 1605 dicentes,
3633 1537 3749 1608 quia
3777 1550 3953 1607 panem

2369 1658 2469 1696 non
2503 1641 2746 1696 habemus
2796 1651 2820 1688 s
2871 1680 2884 1694 .
2944 1637 3129 1706 quibus
3165 1631 3506 1706 cogitantibus
3551 1630 3679 1685 dixit
3719 1626 3868 1683 Iesus
3896 1624 3949 1678 δε

2373 1738 2511 1802 Quid
2536 1735 2773 1808 cogitatis
2801 1733 2935 1788 inter
2954 1748 3060 1795 vos,
3102 1729 3315 1784 modica:
3337 1727 3480 1797 ﬁdei,
3505 1724 3619 1794 quia
3640 1735 3819 1793 panem
3859 1735 3953 1771 non

2374 1833 2572 1887 habetis
2591 1833 2616 1885 ?
2639 1835 2868 1884 nondum
2894 1825 3185 1897 intelligitis
3225 1837 3385 1894 neque
3412 1816 3707 1873 meministis
3740 1813 3954 1883 quinque

657 1905 849 1960 scienti
876 1905 971 1960 sed
1000 1905 1286 1975 aegrotanti
1312 1905 1456 1959 circa
1481 1906 1837 1976 quaestiones,
1862 1920 1890 1959 a
1917 1915 1969 1960 te
1997 1921 2091 1977 per
2111 1906 2270 1978 cujus
2302 1915 2348 1975 Β

2258 1923 2270 1962 ⁵
2302 1915 2348 1975 Β
2376 1940 2590 1995 panum,
2623 1934 2671 1976 et
2693 1921 2915 1991 quinque
2931 1918 3156 1973 millium
3191 1914 3477 1975 hominum,
3501 1918 3546 1964 et
3571 1916 3688 1978 quot
3715 1904 3953 1976 cophinos

662 1999 930 2056 nefandos
952 2012 1179 2055 conatus
1200 2010 1343 2054 nata:
1366 2016 1487 2056 esse
1508 2000 1823 2070 specialiter
1852 2001 2055 2058 nostris
2077 2002 2269 2058 diebus

662 2094 1012 2149 inveniantur
1043 2097 1174 2148 rixa:
1199 2097 1508 2163 verborum,
1547 2097 1844 2153 mortifera:
1861 2099 2266 2163 contentiones,

664 2188 916 2258 malignae
953 2187 1412 2255 conﬂictationes,
1457 2204 1556 2260 per
1597 2199 1649 2245 te
1695 2189 1951 2245 videlicet
1989 2189 2267 2246 hominem

664 2290 847 2335 mente
894 2290 1232 2351 corruptum,
1280 2281 1522 2338 veritatis
1571 2280 2042 2353 interpolatorem.
2098 2282 2271 2338 Rece-

666 2374 905 2430 dendum
955 2376 1270 2431 censuimus
1311 2393 1340 2432 a
1377 2385 1428 2433 te
1457 2387 1620 2448 atque
1667 2394 1697 2433 a
1734 2379 2110 2450 conviperinis
2141 2380 2270 2444 tuis,

662 2468 961 2522 secundum
1016 2468 1268 2539 Apostoli
1320 2483 1672 2541 prasceptmn.
1719 2470 1862 2526 Dicit
1891 2471 2040 2527 enim
2083 2471 2219 2527 infra
2256 2490 2270 2527 :

670 2556 957 2615 Hominum
974 2571 1143 2616 mente
1163 2572 1528 2634 corruptorum
1542 2572 1632 2617 eta
1653 2562 1864 2622 veritate
1882 2562 2270 2632 destitutorum,

663 2653 1070 2710 existimantium
1119 2664 1381 2725 qsmsttsm
1408 2672 1518 2713 esse
1553 2655 1798 2729 pietatem
1825 2671 1845 2711 :
1891 2656 2098 2713 discede
2139 2654 2168 2696 ι’
2209 2657 2275 2712 ab

663 2744 967 2818 huiusmodi
998 2746 1164 2820 (ibid.
1195 2746 1273 2818 5).
1308 2746 1464 2805 Unde
1502 2759 1679 2806 tecum
1724 2765 1845 2806 esse
1878 2751 2276 2821 potueramus?

665 2856 790 2894 cum
819 2841 984 2895 etiam
1018 2839 1071 2895 in
1099 2840 1342 2895 clausula
1373 2841 1534 2911 hujus
1559 2841 1808 2912 epistola:
1839 2841 2090 2899 hortetur
2117 2853 2169 2900 te
2193 2843 2275 2899 lu-

665 2930 922 3000 giendum
952 2946 1096 2997 esse,
1131 2943 1183 2987 te
1223 2935 1313 3003 qui
1359 2933 1634 2989 excideris
1664 2950 1697 2987 a
1723 2933 1827 2989 lide
1871 2951 1883 2988 :
1921 2934 1967 2988 0
2008 2934 2277 2991 Timothee

666 3023 956 3096 depositum
985 3026 1208 3093 custodi,
1257 3028 1488 3083 devitans
1521 3031 1772 3099 profanas
1812 3046 1989 3086 vocum
2028 3032 2278 3087 novitates

667 3132 712 3172 et
761 3122 1106 3192 oppositiones
1151 3122 1379 3176 scientia:
1413 3124 1536 3193 [nisi
1576 3123 1817 3189 nominis,
1870 3141 2022 3194 quant
2065 3125 2280 3194 quidam

669 3217 1020 3284 promittentes
1044 3218 1181 3271 circa
1224 3221 1378 3286 fidem
1422 3220 1725 3274 exciderunt
1755 3217 1916 3290 (Ibid.
1947 3220 2064 3291 20).
2100 3220 2276 3291 Opor-

2375 2017 2717 2086 sumpseritis,
2742 2029 2902 2083 neque
2928 2020 3120 2082 septem
3147 2023 3364 2079 panum,
3397 2013 3444 2059 et
3470 2010 3664 2072 septem
3694 1998 3854 2053 millia
3875 1997 3956 2050 lto-

2374 2115 2594 2176 minum,
2627 2119 2672 2162 et
2697 2116 2820 2178 quot
2847 2114 3051 2174 sportas
3094 2098 3421 2172 sumpsistisl
3453 2096 3619 2165 Quare
3649 2109 3746 2147 non
3776 2089 3959 2144 intelli-

2375 2203 2516 2276 gitis,
2549 2203 2670 2270 quia
2707 2215 2809 2255 non
2853 2199 2916 2253 de
2940 2212 3075 2268 pane
3105 2192 3230 2258 dixi,
3278 2188 3532 2246 Attendite
3571 2187 3633 2240 de
3668 2183 3682 2221 ί
3723 2187 3958 2252 fermento

2380 2293 2766 2348 Pharisaeorum
2807 2300 2855 2344 et
2913 2287 3341 2345 Sadducreorum.
3401 2279 3546 2334 Tunc
3595 2277 3958 2335 intellexerunt,

2377 2387 2500 2458 quia
2530 2403 2632 2441 non
2663 2384 2795 2438 dixit
2822 2401 2854 2436 a
2884 2384 3134 2452 fermento
3169 2375 3213 2444 i,
3242 2375 3332 2431 sed
3357 2392 3387 2428 ιι
3418 2370 3649 2427 doctrina
3679 2367 3962 2422 Phariseo-

2379 2500 2492 2536 rum
2531 2480 2556 2518 ιι
2610 2479 2926 2533 intenderent
2956 2475 3074 2528 sibi.
3108 2472 3240 2528 ltem
3271 2469 3336 2524 ad
3369 2464 3678 2523 Corinthios
3724 2460 3961 2516 scribens

2378 2589 2501 2628 cum
2546 2570 2804 2643 dignetur
2857 2564 3157 2637 Apostolus
3195 2563 3489 2625 instruere,
3542 2551 3892 2613 recedendum
3934 2565 3961 2605 ιι

2381 2666 2535 2723 vobis
2580 2663 2875 2727 hmreticis,
2930 2669 2987 2716 et
3031 2656 3287 2714 omnibus
3339 2649 3674 2721 alienigenis,
3704 2643 3964 2718 quomodo

2384 2764 2809 2831 prassumpserat
2846 2770 2941 2810 cur
2974 2763 3123 2808 tuum
3156 2751 3207 2806 in
3230 2747 3482 2804 omnibus
3508 2744 3711 2799 varimn
3759 2749 3813 2794 et
3846 2754 3959 2831 mu-

2385 2830 2572 2916 tabile,
2616 2848 2711 2904 sed
2744 2847 2798 2901 in
2847 2846 2947 2900 hac
2979 2841 3320 2914 malignitate
3360 2837 3504 2894 malo
3532 2835 3715 2889 salutis
3751 2846 3858 2886 sua:
3887 2830 3961 2882 in-

2380 2947 2529 3018 genti
2578 2943 2881 2998 stabilitum
2915 2938 3135 3002 robore,
3183 2948 3281 2990 nos
3309 2930 3547 3001 potuisse
3580 2939 3750 2982 tecum
3781 2936 3959 3018 paceni

2382 3015 2470 3095 vel
2500 3052 2625 3092 cum
2659 3036 2764 3090 tuis
2794 3030 3031 3088 habere?
3077 3028 3252 3084 Nolite
3275 3028 3462 3098 jttgttnt
3493 3024 3672 3076 ducere
3703 3034 3813 3072 cum
3843 3015 3962 3083 inﬁ-

2384 3133 2582 3187 delibus
2608 3146 2626 3184 :
2657 3143 2772 3198 qua:
2801 3128 2934 3181 enim
2957 3122 3283 3195 participatio
3296 3120 3512 3192 justitiaz
3533 3132 3644 3169 cum
3670 3110 3963 3178 iniquitate?

2389 3237 2478 3281 aut
2499 3240 2615 3294 quae
2638 3223 2853 3277 societas
2873 3221 3008 3274 lucis
3038 3218 3106 3271 ad
3134 3216 3401 3270 tenebras?
3427 3211 3551 3279 Qua
3569 3219 3731 3264 autem
3756 3221 3963 3260 conven-

667 3319 846 3364 tuerat
897 3325 994 3366 nos
1032 3313 1202 3366 vitare
1232 3320 1283 3366 te
1323 3311 1575 3377 prolanas
1605 3329 1795 3367 vocum
1841 3315 2113 3368 novitates
2147 3327 2274 3384 pro-
2306 3304 2351 3369 C
2383 3321 2453 3372 tio
2475 3316 2666 3372 Christi
2693 3315 2760 3367 ad
2785 3311 2952 3367 Belial
2975 3309 3026 3366 1?
3046 3321 3136 3366 aut
3160 3323 3273 3379 qua:
3291 3317 3409 3378 pars
3430 3303 3569 3375 ﬁdeli
3595 3317 3707 3356 cum
3735 3296 3963 3366 inﬁde“?

667 3407 956 3472 l'm-entem,
988 3405 1258 3476 siquidem
1293 3420 1754 3476 cognosceremus
1798 3416 1848 3461 te
1879 3408 2023 3461 illam
2055 3408 2281 3463 sacrile-

665 3514 788 3566 gum
866 3514 1057 3554 vocem
1126 3501 1390 3554 instinctu
1444 3501 1738 3566 protulisse
1787 3501 2030 3567 diaboli,
2095 3503 2275 3568 illam,

666 3592 910 3663 inquam,
947 3610 1156 3661 vocem,
1190 3610 1287 3664 per
1330 3609 1492 3664 quam
1526 3597 1864 3664 expresseris
1898 3612 2101 3651 venena
2146 3596 2283 3668 dog-

668 3688 827 3739 matis
857 3687 929 3738 tui
955 3687 1177 3740 dicens:
1215 3685 1340 3742 Erat
1368 3696 1389 3724 ε
1412 3687 1622 3752 quando
1654 3705 1753 3742 non
1785 3699 1915 3754 erat,
1941 3699 1989 3743 et
2011 3691 2183 3759 {actus
2205 3701 2278 3745 est

666 3796 730 3832 ωε
761 3779 944 3845 nihilo,
977 3792 1023 3832 et
1064 3796 1170 3833 non
1198 3791 1269 3833 est
1307 3797 1407 3832 una
1451 3783 1680 3850 potentia
1725 3783 1887 3852 patris
1915 3791 1962 3836 et
2001 3782 2118 3852 ﬁlii.
2154 3784 2280 3839 ιιωο

667 3887 777 3925 non
809 3873 1048 3942 Spiritus
1091 3885 1316 3928 sanetus
1347 3889 1442 3943 per
1476 3884 1526 3928 te
1556 3875 1805 3944 protulit,
1836 3875 1932 3932 sed
1966 3877 2280 3933 immundus

665 3965 1103 4020 illedinbolicus.
1145 3964 1436 4032 Quomodo
1478 3967 1660 4038 itaque
1686 3968 1986 4024 secundum
2033 3972 2279 4040 Apostoli

664 4057 977 4111 IllalldalUlll
1001 4057 1280 4113 custodire
1307 4059 1620 4128 depositum
1647 4070 2024 4130 potueramus,
2041 4062 2083 4116 si
2101 4072 2275 4118 tecum

2388 3411 2489 3478 Qui
2535 3419 2704 3463 autem
2764 3421 3039 3461 consensus
3087 3401 3274 3473 templo
3318 3395 3415 3452 Dei
3451 3411 3565 3450 cum
3619 3391 3807 3446 idolis?
3867 3385 3961 3440 Vos

2384 3513 2422 3540 η·
2444 3503 2578 3556 enim
2605 3501 2724 3554 estis
2747 3499 2993 3566 templum
3011 3494 3213 3549 Deivtvi
3236 3509 3252 3547 :
3273 3491 3519 3557 scriptum
3543 3494 3614 3539 est
3637 3484 3763 3537 enim
3797 3479 3961 3547 :Quo-

2385 3599 2524 3651 niam
2547 3591 2845 3648 inhabitabo
2885 3589 2939 3641 in
2965 3587 3094 3651 illis,
3126 3596 3172 3638 ct
3191 3585 3323 3637 inter
3353 3581 3468 3634 illos
3503 3575 3786 3637 ambulabo,
3815 3582 3859 3624 et
3882 3586 3964 3624 ero

2382 3691 2592 3744 illorum
2618 3684 2781 3748 Deus,
2815 3693 2859 3736 et
2887 3680 2988 3751 ipsi
3017 3687 3164 3733 erunt
3189 3675 3314 3730 mihi
3336 3673 3571 3746 papulas,
3605 3677 3810 3737 propter
3831 3665 3962 3734 quod

2384 3784 2515 3839 exite
2543 3784 2607 3835 de
2630 3780 2798 3833 medio
2821 3791 3018 3840 eorum,
3043 3777 3090 3828 el
3119 3769 3450 3841 separamini,
3481 3765 3604 3819 dicit
3630 3761 3891 3821 Dominus,
3921 3768 3964 3811 et

2383 3875 2709 3932 immundunt
2749 3888 2810 3927 ne
2839 3868 3124 3942 tetigeritis,
3167 3877 3212 3921 et
3257 3880 3349 3936 ego
3396 3860 3638 3929 recipiam
3667 3873 3772 3919 vos,
3806 3865 3851 3909 et
3877 3868 3962 3906 ero

2383 3973 2521 4026 vobis
2548 3970 2600 4022 in
2626 3977 2842 4037 patrem,
2869 3973 2917 4019 et
2942 3977 3030 4016 vos
3057 3959 3184 4014 mihi
3206 3957 3346 4012 eritis
3372 3955 3424 4008 in
3447 3953 3577 4020 filios
3601 3961 3644 4003 et
3665 3949 3818 4017 ﬁlias,
3842 3947 3962 3998 dicit

2382 4061 2638 4119 Dominus
2665 4059 2986 4129 omnipotens
3023 4051 3087 4126 (ll
3116 4049 3236 4107 Cor.
3270 4064 3346 4114 vs,
3381 4045 3489 4118 ii).
3521 4043 3793 4112 Quomodo
3843 4053 3958 4093 cum

2383 4167 2471 4210 tua
2501 4159 2770 4226 praecepta
2797 4160 2913 4204 orta
2943 4145 3230 4202 videantur
3260 4155 3381 4197 esse
3415 4150 3598 4193 contra
3632 4135 3724 4188 has
3753 4129 3956 4186 Domini

2383 4247 2795 4320 promissiones,
2820 4238 3095 4298 demorari
3111 4233 3386 4290 vobiscum
3415 4229 3601 4285 lideles
3628 4234 3958 4298 potueramus

2385 4318 2508 4398 cum
2552 4336 2900 4398 inﬁdelibus?
2948 4340 3234 4390 currentes
3283 4330 3335 4383 in
3383 4325 3463 4380 via
3511 4324 3643 4379 lucis
3687 4318 3954 4373 vobiscum

2386 4449 2671 4508 possemus
2701 4440 2848 4487 stare
2894 4424 3202 4482 hominibus
3231 4422 3337 4477 iter
3363 4413 3766 4508 conlidentibus
3801 4411 3850 4461 in
3879 4406 3954 4459 vis

658 4150 715 4204 in
764 4147 791 4186 ἀ
829 4151 1066 4205 concilio
1114 4149 1406 4206 maledicto
1448 4161 1634 4208 vestro
1684 4155 2112 4210 mansissentns?
2153 4172 2275 4213 cum

663 4258 770 4298 nos
806 4243 1255 4313 [imposuerimus
1285 4259 1459 4314 usque
1500 4244 1566 4299 ad
1601 4246 1792 4301 mortis
1826 4248 2030 4302 exitum
2058 4259 2279 4317 aposto-

660 4335 821 4391 licam
875 4345 1057 4391 tenere
1113 4337 1296 4403 fidem,
1343 4337 1504 4392 istam
1539 4338 1748 4394 scilicet
1793 4353 1955 4408 quam
1987 4341 2130 4410 apud
2181 4342 2277 4397 Ni-

665 4444 831 4484 cteam
858 4431 1158 4486 retinemus
1181 4433 1444 4501 scriptam
1469 4441 1657 4486 contra
1688 4445 1832 4487 tuam
1857 4433 2276 4504 blasphemiam,

661 4530 717 4575 et
744 4531 934 4576 contra
978 4522 1221 4577 omnium
1252 4521 1634 4577 haereticorum
1666 4532 1881 4579 tuorum
1911 4502 2279 4582 exsecrabiles
2386 4502 2624 4584 ienebris
2659 4538 2908 4581 errorum
2961 4519 3169 4588 repleta
3213 4509 3488 4570 omnium?
3527 4507 3654 4575 Quis
3684 4502 3820 4559 enim
3853 4511 3950 4552 tam

663 4624 914 4669 conatus.
956 4613 1244 4680 Quomodo
1290 4616 1340 4669 in
1373 4615 1607 4669 concilio
1650 4624 1834 4670 vestro
1876 4617 2060 4674 Ariani
2095 4626 2118 4654 ο
2155 4633 2279 4674 esse
2383 4621 2588 4676 stultus
2613 4628 2719 4681 est.
2745 4625 2806 4670 ut
2835 4630 2956 4669 cum
2998 4610 3230 4667 audierit
3264 4607 3430 4662 Deum
3462 4603 3680 4656 dicere:
3712 4595 3951 4662 Quonim

663 4722 764 4762 nos
800 4719 1155 4779 potueramus
1186 4707 1523 4764 Christiani?
1552 4709 1644 4778 qui
1678 4709 1730 4762 in
1767 4709 1905 4763 libro
1937 4709 2275 4768 Machabmo-
2306 4695 2359 4758 Ῑ)
2383 4712 2683 4769 inhabitabo
2709 4711 2763 4764 in
2783 4709 2911 4775 illis,
2937 4719 2981 4763 et
3010 4707 3141 4760 inter
3161 4720 3244 4759 eos
3269 4695 3560 4759 antbulabo,
3590 4704 3636 4748 et
3662 4689 3949 4746 eroillorm

661 4817 783 4857 rum
848 4800 1288 4872 prmdecessores
1335 4816 1640 4856 conservos
1692 4811 1910 4857 nostros
1959 4813 2276 4875 segregatos
2386 4806 2552 4870 Deus,
2584 4813 2630 4860 et
2658 4804 2760 4869 ipsi
2787 4811 2937 4857 erunt
2984 4798 3109 4853 mihi
3150 4793 3402 4884 populus,
3440 4796 3648 4884 propter
3665 4782 3794 4855 quod
3827 4782 3950 4884 ειεξιτ

663 4897 832 4952 fuisse
887 4895 906 4933 τ
963 4898 1030 4950 ah
1071 4897 1182 4952 illis
1228 4897 1319 4967 qui
1347 4895 1501 4967 juxta
1537 4895 1777 4951 edictum
1828 4896 2152 4968 contyranni
2201 4898 2277 4954 tui
2387 4901 2450 4955 de
2481 4897 2650 4952 medio
2689 4912 2888 4962 eorum,
2913 4902 2960 4948 et
2988 4885 3324 4964 separamini,
3353 4882 3476 4937 dicit
3503 4879 3763 4941 Dominus,
3791 4879 3949 4973 et

665 4991 920 5048 Antiochi
953 4990 1111 5046 idolis
1139 4965 1585 5063 supplicaverunt
1620 5009 1632 5044 :
1668 4990 1839 5045 ludas
1866 4965 2040 5045 autem
2061 4988 2278 5047 Macha-
2385 4991 2636 5048 mundum
2660 5005 2721 5044 ne
2750 4986 3038 5060 tetigeritis,
3071 4991 3120 5037 et
3142 4995 3234 5052 ego
3248 4977 3492 5049 recipiam
3515 4988 3619 5069 vos,
3643 4982 3687 5024 et
3714 4965 3946 5069 erat?“

664 5088 802 5141 bteus
824 5088 913 5156 qui
941 5085 1168 5140 decimus
1194 5053 1384 5156 fuerat,
1408 5097 1456 5139 et
1483 5096 1761 5140 secesserat
1790 5087 1842 5139 in
1869 5086 2149 5150 desertum,
2181 5088 2277 5141 ibi-
2384 5087 2439 5140 in
2469 5093 2688 5154 patrem,
2714 5091 2764 5136 et
2793 5095 2881 5135 vos
2906 5075 3031 5131 ntihi
3061 5074 3200 5128 eritis
3233 5072 3286 5126 in
3314 5069 3449 5140 filios
3469 5075 3518 5120 et
3542 5063 3692 5134 ﬁlias,
3716 5058 3828 5113 dicit
3852 5053 3946 5107 Do-

2381 5243 2552 5299 sciens
2575 5251 2742 5296 tamen
2768 5237 2952 5302 Iesus,
2982 5234 3135 5289 dixit.

2461 5285 2556 5367 ἶ
2575 5285 3134 5383 ’ᾖεὶὶὶῖιὲιᾶὀίξῖεἲι“δῖιίάζ
3164 5315 3290 5359 cum
3312 5296 3464 5354 Vers.
3494 5293 3615 5347 Ant.
3645 5288 3737 5344 Ms.
3764 5285 3945 5343 Canta.

2381 5387 2522 5456 hrig.
2557 5381 2612 5440 et
2642 5394 2832 5440 nostro
2867 5381 2986 5434 Vat.

2457 5431 2827 5512 ι⁰ιῗένὲἱιὲἷιιό⁷
2855 5431 3069 5523 panum.
3106 5446 3270 5523 _Vers.
3323 5433 3690 5523 Ant.mPanttnt
3734 5431 3873 5487 abest
3919 5445 3942 5480 ιι

2379 5508 2553 5586 σοιιιιῖ
2584 5508 2750 5584 Cori).
2785 5508 3178 5588 et'Cantahrig.
3213 5526 3318 5576 uta
3343 5508 3519 5588 Lucil.

2453 5579 2492 5639 ί
2505 5579 2894 5654 ῘίΙιῖιιῖἱιιξιέοιίιιιιι
2915 5607 2964 5651 et
2990 5579 3421 5649 VSadd'uca-orum.
3449 5581 3600 5636 Vers.
3627 5579 3662 5631 Α
3675 5586 3746 5630 ιιι.

2457 5671 2470 5711 ¹
2506 5674 2637 5728 Cum
2667 5671 2882 5728 Grmco.
2915 5668 3074 5722 Vers.
3111 5664 3238 5716 Ant.
3270 5655 3468 5712 Beliab.

2449 5754 2488 5781 ἠ
3140 5733 3259 5814 νεὸς
3287 5733 3414 5786 Θεοῦ
3444 5727 3783 5814 ἐστ-ξγί

2372 5817 2503 5872 Ant.
2522 5792 2832 5871 "5'0;
2855 5792 3123 5881 ⁷ἶξιιῖρῖιιῖιι
3154 5792 3250 5859 Dei
3290 5815 3466 5857 sumus
3494 5795 3621 5860 viui;
3665 5792 3784 5844 dicit
3824 5792 3941 5842 enim

2375 5888 2542 5946 Deus.

740 5255 765 5281 "
804 5245 956 5300 Vers.
993 5244 1119 5298 Ant.
1153 5243 1470 5314 suspiciones
1498 5243 1665 5306 mulce,
1701 5240 2137 5311 conflictationes,
2169 5251 2275 5299 elc.

741 5315 766 5352 δ
798 5315 934 5375 Cum
985 5315 1200 5378 Grtcco,
1254 5318 1509 5389 ἀφίστασο
1566 5315 1668 5369 ἀπὸ
1711 5322 1809 5370 τῶν
1837 5315 2100 5381 τοιούτῶν,
2157 5331 2276 5386 qua:

669 5387 825 5441 V'ers.
863 5393 988 5441 Ant.
1022 5389 1223 5440 omittit
1247 5387 1448 5443 etSab.

741 5471 759 5497 ε
793 5459 885 5514 lla:
917 5459 1170 5514 formulae
1217 5460 1267 5511 in
1311 5457 1564 5527 epistola,
1600 5471 1695 5514 seu
1745 5457 1925 5515 edicto
1972 5457 2276 5514 Constantii

666 5544 971 5598 expressmz
1001 5532 1070 5589 de
1097 5546 1205 5598 qtto
1235 5530 1411 5596 paullo
1439 5527 1711 5597 superius.

734 5602 760 5640 ά
807 5602 864 5656 ld
908 5614 1012 5669 est,
1047 5602 1452 5668 Mediolanensi,
1489 5602 1568 5656 uti
1599 5602 1728 5659 alibi
1759 5599 2268 5659 animadvertimus.

738 5679 761 5707 °
793 5675 1124 5727 Arianorum.
1159 5673 1334 5728 Vatic.

739 5742 756 5819 ἴ
795 5746 957 5819 ῡυρςι
1005 5746 1567 5819 verbumlegeramus,
1610 5746 1694 5801 vel
1743 5748 1922 5803 simile
1969 5743 2264 5819 quidpiam.

663 5814 851 5888 Tilins.
887 5817 1204 5888 Legerimus.
1239 5814 1416 5872 Latin.

738 5899 757 5933 ιι
793 5887 973 5944 Panes,
996 5905 1097 5941 non
1126 5890 1442 5957 accepimus.
1473 5889 1628 5946 Vers.
1664 5892 1789 5944 Ant.

751 5957 772 5995 ιι
804 5963 934 6015 tium
995 5962 1236 6030 pluribus
1291 5975 1421 6017 mss.
1489 5963 1630 6036 apud
1685 5964 1872 6020 Sabat.
1929 5963 2083 6022 Vers.
2135 5965 2262 6020 Ant.
