4292 6378
154 403 252 458 789

832 405 923 460 DE
963 405 1101 462 NON
1139 406 1636 466 CONVENIENDO
1673 411 1818 468 CUM
1862 413 2257 473 IIIERETICIS
2297 417 2505 473 LIBER
2549 419 2752 475 UNUS.

3343 424 3448 478 790

153 517 317 570 minus
341 516 662 589 omnipotens
695 514 760 585 (ll
786 514 907 570 Cor.
935 533 1004 580 vx,
1033 518 1146 583 16);
1180 519 1325 587 quis,
1353 517 1606 582 diximus,
1637 529 1746 574 tam
1775 526 1824 583 Α
1854 539 1907 588 x,
1934 523 2050 591 50).
2081 524 2238 593 Saepe
2263 525 2498 579 diximus
2531 568 2544 591 ,
2575 529 2699 595 quia
2725 542 2844 582 cum
2889 529 3000 582 sint
3027 531 3152 584 duas
3198 545 3450 600 personae

149 611 351 664 stultus
377 619 484 674 est,
514 619 568 664 ιιι
595 610 728 664 nolit
760 611 812 662 ιιι
844 625 902 664 se
931 609 1100 664 Deum
1134 609 1471 665 inhabitare?
1497 613 1588 680 qui
1615 612 1750 667 nolit

149 716 208 757 se
236 711 516 771 receptum
545 717 574 755 a
607 700 719 757 Deo
763 704 998 771 reputari
1034 702 1177 755 inter
1204 718 1299 757 eos
1323 719 1460 772 quos
1487 705 1625 757 filios
1654 721 1743 774 ap-

148 792 359 862 pellare
388 793 642 862 dignatus
681 793 798 847 θειῖ
839 804 898 846 ut
940 808 1045 848 non
1095 792 1262 864 fugiat
1311 805 1360 848 te
1405 794 1745 849 immundum

147 899 246 954 per
273 885 525 939 hzercsim
560 893 705 938 tuam
731 883 1022 940 effectum?
1068 884 1184 938 Non
1234 901 1448 954 :equum
1485 886 1640 939 nobis
1671 888 1745 940 vi-

144 991 268 1031 sum
291 984 398 1041 est,
425 984 483 1030 ut
513 975 790 1031 vobiscum
823 992 921 1031 nos
948 977 999 1030 in
1024 992 1131 1029 uno
1160 976 1476 1043 fuissemus,
1503 977 1742 1046 quando-

143 1065 367 1137 quidem
419 1081 520 1122 nec
563 1068 635 1122 sit
675 1083 887 1138 {equum
937 1068 1183 1121 homines
1233 1069 1430 1122 morari
1463 1083 1584 1122 eum
1629 1083 1745 1123 ser-

144 1159 417 1228 pentibus.
467 1159 577 1214 Aut
631 1159 850 1230 negabis
919 1155 1058 1213 unici
1116 1157 1240 1213 Filii
1297 1157 1394 1214 Dei
1460 1170 1744 1227 negaturos

143 1251 318 1306 dictos
376 1252 428 1306 in
483 1254 655 1308 sar-ris
723 1253 1008 1323 scripturis
1064 1253 1388 1322 serpentes?
1439 1253 1492 1310 Si
1546 1270 1745 1324 negare

140 1361 252 1402 non
301 1355 483 1418 potes,
557 1346 780 1402 adverte
835 1360 982 1403 recte
1032 1363 1131 1402 nus
1185 1349 1364 1418 egisse
1414 1347 1599 1415 fugere
1649 1364 1745 1403 vos

139 1450 444 1510 serpentes.
495 1439 699 1512 Legisti
747 1443 1063 1511 Apostolum
1107 1443 1395 1498 Timotheo
1423 1442 1742 1498 dicentem:

141 1529 408 1600 Profanas
439 1534 688 1588 novitates
715 1549 896 1587 vocum
927 1535 1092 1587 devita
1117 1551 1134 1588 :
1161 1535 1379 1588 multum
1413 1536 1547 1590 enim
1576 1535 1742 1606 proﬁ-

139 1623 272 1676 cient
299 1627 367 1677 ad
404 1625 740 1696 impietatem,
775 1636 823 1678 et
855 1642 1022 1679 sermo
1049 1642 1224 1679 eorum
1268 1635 1320 1678 ut
1371 1643 1556 1680 cancer
1584 1627 1744 1694 serpit

141 1714 206 1783 (ll
239 1715 373 1771 Tim.
415 1733 495 1783 XI,
550 1717 663 1784 16).
718 1718 1053 1771 Existimasti
1098 1728 1309 1781 tecum,
1362 1718 1516 1785 cujus
1562 1731 1743 1771 sermo

138 1820 194 1865 ut
237 1826 438 1866 cancer
497 1822 612 1874 est.
672 1826 794 1867 esse
845 1812 936 1868 Dei
1003 1812 1252 1866 homines
1304 1811 1563 1881 potuisse.
1611 1809 1742 1864 Item

1851 612 2014 666 l’ater
2040 623 2094 666 et
2124 611 2317 678 Filius,
2349 625 2402 667 et
2439 625 2618 670 tamen
2661 616 2806 670 dicat
2841 639 2853 671 :
2888 617 2998 690 Ego
3029 633 3076 672 et
3113 620 3268 674 Pater
3296 639 3453 676 unum

1847 721 2024 758 sumus
2047 703 2235 775 (Ibid)
2270 724 2282 759 :
2316 715 2390 768 et,
2425 706 2521 772 Qui
2544 724 2620 760 me
2651 710 2793 771 vir'it,
2817 711 2940 762 vidit
2966 723 3010 763 et
3039 711 3249 766 Patrem
3280 711 3449 782 (Ibid.

1849 815 1958 864 XIV,
1993 798 2048 869 9)
2073 809 2146 860 et,
2175 798 2284 872 Ego
2301 801 2356 852 in
2389 798 2570 861 Patre,
2622 812 2666 854 et
2718 801 2875 854 Pater
2926 804 2980 855 in
3011 819 3091 857 me
3141 802 3402 873 (lbidJO)
3431 822 3447 869 ;

1849 891 1983 943 nihil
2042 889 2184 944 aliud
2244 906 2342 944 nos
2392 891 2544 944 illum
2593 893 2824 946 \oluisse
2871 896 3112 962 assequi,
3166 895 3270 950 nisi
3321 897 3448 964 quia

1849 998 1952 1037 una
1983 981 2356 1036 sitteternitas
2409 981 2584 1036 l’ntris
2635 994 2688 1037 et
2734 984 2877 1055 Filii,
2928 1000 3030 1038 uua
3077 985 3150 1039 sit
3199 985 3448 1052 claritas,

1848 1088 1951 1128 una
2012 1073 2254 1142 potentia
2297 1071 2531 1127 unaved
2577 1074 2912 1143 magnitudo.
2973 1074 3178 1129 ldcircu
3239 1079 3443 1131 ctenim

1846 1167 2010 1222 etiam
2043 1168 2331 1235 Apostolus
2373 1168 2426 1220 in
2459 1167 2559 1221 hac
2587 1166 2720 1221 dicit
2747 1167 2985 1222 secunda
3012 1170 3242 1236 epistola
3277 1187 3288 1222 :
3325 1169 3447 1222 0m-

1847 1259 1926 1310 nis
1975 1258 2062 1326 qui
2120 1258 2310 1310 recedit
2357 1268 2404 1310 et
2451 1274 2552 1311 non
2605 1269 2773 1313 manet
2821 1260 2877 1312 in
2923 1258 3164 1314 doctrina
3216 1260 3447 1324 Christi,

1847 1347 2011 1401 Deum
2043 1364 2143 1402 non
2168 1347 2314 1402 habet
2340 1365 2358 1400 :
2389 1349 2475 1416 qui
2513 1359 2682 1402 autem
2727 1359 2894 1403 manet
2935 1353 2989 1403 in
3041 1350 3276 1404 doctrina
3309 1353 3445 1422 ejus,

1845 1443 1931 1495 ille
1959 1452 2007 1496 et
2037 1441 2250 1497 Patrem
2278 1452 2323 1495 et
2351 1439 2551 1494 Filium
2598 1441 2747 1494 habet
2794 1442 2862 1511 (ιι
2899 1440 3063 1498 Joan.
3115 1444 3172 1511 9)
3205 1461 3218 1496 :
3263 1453 3322 1496 nt
3352 1458 3447 1511 per

1845 1532 2146 1588 doctrinam
2176 1533 2495 1603 colligentes
2540 1548 2822 1587 sacrorum
2875 1532 3296 1603 Evangeliormn
3350 1533 3448 1588 Dei

1846 1623 2019 1678 Patris
2059 1634 2114 1680 et
2167 1625 2309 1680 unici
2340 1624 2458 1679 Filii
2491 1626 2609 1695 ejus
2657 1641 2820 1680 unam
2870 1627 3221 1682 crederemus
3276 1627 3450 1682 deita-

1846 1725 1952 1771 tem
1985 1735 1997 1770 :
2028 1719 2170 1770 hunc
2201 1717 2403 1772 habere
2427 1717 2618 1781 Deum,
2652 1719 2746 1788 qui
2779 1720 2852 1772 ita
2881 1719 3105 1783 credat;
3139 1722 3230 1788 qui
3253 1731 3440 1774 autem

1846 1810 2138 1866 recesserit
2183 1810 2252 1863 ab
2294 1809 2398 1865 hac
2431 1810 2678 1864 doctrina
2719 1810 2849 1882 (hoc
2877 1822 2980 1874 εει,
3015 1822 3062 1864 et
3091 1829 3185 1883 ego
3210 1822 3257 1865 et
3288 1811 3448 1866 Pater

136 1901 330 1958 beatus
361 1919 482 1958 cum
513 1903 790 1972 prmcipiat
813 1902 1050 1957 Joannes
1085 1919 1177 1956 vos
1206 1901 1492 1971 fugiendos
1520 1900 1739 1956 dicens:
1777 1908 1820 1968 Β
1848 1920 2005 1957 unum
2027 1919 2203 1957 sumus
2231 1901 2412 1973 (Joan.
2462 1920 2516 1969 ι,
2563 1901 2679 1972 30),
2711 1903 2896 1970 utique
2943 1919 3064 1957 cum
3097 1903 3168 1957 sit
3215 1902 3447 1972 plurale,

137 1995 360 2051 Gavisus
387 2013 500 2051 sum
525 1997 674 2050 valde
700 1997 838 2061 quod
885 1997 1054 2050 inveni
1096 1997 1156 2049 de
1183 1996 1307 2064 ﬁliis
1335 1997 1433 2048 tuis
1461 1996 1735 2048 ambulan-

135 2097 206 2142 tes
245 2089 302 2142 in
344 2089 557 2143 veritate
606 2091 757 2143 sicuti
803 2091 1102 2142 mandatum
1141 2089 1433 2158 accepimus
1476 2103 1506 2140 a
1555 2085 1733 2141 Patre.

137 2177 244 2234 Oro
279 2189 326 2233 te
353 2181 564 2233 domina
604 2198 705 2234 non
745 2182 873 2234 sicut
923 2182 1224 2234 mandatum
1272 2197 1457 2234 novum
1509 2179 1737 2234 scribens

134 2270 264 2335 tibi,
296 2270 389 2324 sed
417 2271 554 2339 quod
586 2271 858 2326 habuimus
909 2272 970 2324 ob
1017 2272 1190 2336 initio,
1237 2282 1290 2322 ut
1336 2271 1613 2342 diligamus
1643 2286 1736 2325 nos

134 2367 490 2420 alterutrum:
521 2376 568 2420 et
600 2366 709 2420 lttBC
741 2375 813 2420 est
850 2367 1038 2418 caritas
1093 2374 1148 2418 ut
1192 2363 1511 2417 ambulemus
1551 2379 1732 2417 secun-

135 2458 257 2510 dant
288 2459 541 2512 mandata
565 2462 698 2527 ejus.
735 2456 853 2511 Hoc
881 2469 952 2511 est
996 2458 1300 2511 mandatum
1346 2458 1476 2510 sicut
1520 2457 1738 2510 audistis

134 2549 197 2602 ab
243 2551 400 2604 initio
430 2559 487 2604 ut
532 2551 590 2604 in
617 2565 675 2603 eo
704 2550 996 2613 ambuletis,
1053 2549 1293 2619 quoniam
1340 2549 1487 2600 multi
1523 2547 1738 2617 fallaces

134 2642 397 2712 progressi
428 2642 627 2697 suntin
665 2644 880 2706 sa‘culo,
923 2643 1009 2709 qui
1059 2658 1160 2695 non
1201 2641 1508 2710 conﬁtentur
1555 2637 1737 2694 Jesum

136 2733 402 2788 Christum
431 2735 626 2789 venisse
647 2736 699 2788 in
731 2735 757 2764 ⁸
782 2751 987 2788 carnem
1020 2751 1038 2789 :
1065 2736 1148 2787 isti
1172 2747 1290 2788 sunt
1327 2736 1541 2804 fallaces
1558 2745 1606 2789 et
1632 2736 1738 2788 An-

136 2827 381 2881 tichristi.
422 2823 600 2882 Videte
627 2843 710 2881 eos
733 2867 748 2893 ,
784 2844 845 2880 ne
895 2825 1125 2896 perdatis
1179 2825 1318 2894 quod
1366 2827 1562 2895 aperati
1593 2827 1736 2890 estis,

135 2922 221 2974 sed
244 2933 299 2976 ut
329 2921 610 2974 mercedem
635 2921 841 2991 plenam
871 2920 1149 2987 recipiatis.
1181 2918 1362 2972 Omnis
1392 2919 1481 2988 qui
1507 2920 1694 2972 recedit
1722 2961 1734 2982 ,

137 3023 180 3064 et
207 3027 308 3064 non
335 3021 504 3064 manet
527 3012 578 3064 in
607 3011 844 3066 doctrina
872 3011 1082 3073 Christi,
1110 3008 1275 3064 Deum
1300 3027 1398 3064 non
1422 3011 1572 3062 habet
1605 3027 1623 3063 :
1651 3013 1737 3080 qui

137 3116 308 3160 autem
337 3114 507 3159 manet
540 3105 592 3158 in
637 3105 873 3158 doctrina
897 3107 1031 3176 ejus,
1081 3103 1172 3156 ille
1219 3113 1264 3156 et
1315 3101 1523 3156 Putrem
1564 3111 1610 3154 et
1647 3102 1735 3156 Fi-

139 3199 262 3250 lium
304 3196 470 3251 habet.
501 3196 563 3252 Si
604 3199 717 3267 quis
766 3197 956 3252 venerit
1012 3197 1077 3247 ad
1117 3211 1224 3258 vos,
1273 3205 1320 3247 et
1362 3196 1495 3247 hanc
1547 3197 1737 3251 doctri-

1840 2005 1895 2052 et
1927 1996 2062 2051 duas
2089 1993 2330 2050 ostendit
2355 2009 2618 2064 personas
2647 2003 2702 2050 et
2727 2011 2886 2049 unam
2921 1998 3218 2066 potentiam
3253 1996 3445 2050 harum

1836 2089 2066 2144 duarum
2102 2103 2455 2157 personarum
2483 2130 2497 2152 ,
2534 2087 2637 2142 ltoc
2663 2098 2745 2142 est
2788 2088 2962 2142 Patris
3007 2097 3062 2143 et
3101 2087 3278 2156 Filii),
3315 2104 3446 2160 ergo

1839 2182 1970 2236 dicit
1998 2182 2292 2251 Apostolus
2327 2198 2342 2236 :
2377 2180 2479 2247 Qui
2518 2180 2751 2247 recedit,
2786 2190 2833 2235 et
2874 2197 2976 2234 non
3026 2190 3195 2235 manet
3225 2182 3278 2234 in
3301 2182 3440 2235 doc—

1840 2275 1976 2328 trina
2009 2272 2222 2337 Christi,
2257 2274 2421 2328 Deum
2467 2291 2572 2329 non
2617 2275 2809 2330 habet:
2840 2277 2927 2342 qui
2968 2285 3141 2330 autem
3168 2285 3338 2329 manet
3390 2279 3443 2328 iu

1841 2366 2076 2419 doctrina
2107 2369 2240 2436 ejus,
2272 2366 2362 2418 ille
2385 2377 2431 2420 et
2466 2365 2684 2421 Patrem
2712 2377 2759 2420 et
2787 2366 2986 2421 Filium
3018 2367 3166 2420 habet
3192 2367 3256 2435 (ll
3285 2365 3445 2422 Joan.

1840 2459 1896 2534 9)
1929 2479 1939 2513 :
1966 2471 2022 2516 ut
2066 2461 2416 2514 crederemus
2461 2459 2597 2515 Filio
2623 2460 2829 2515 dicenti
2860 2460 2956 2515 Dei
2989 2479 3000 2515 :
3043 2459 3154 2530 Ego
3182 2470 3231 2513 et
3281 2457 3443 2513 Pater

1841 2571 2002 2608 unum
2050 2571 2228 2608 sumus
2277 2553 2463 2623 (Joun.
2505 2569 2560 2618 ι,
2617 2555 2749 2621 50);
2799 2553 2945 2624 quod
2991 2555 3177 2624 utique
3239 2569 3343 2608 una
3376 2553 3446 2606 sit

1838 2649 2012 2704 dcitas
2041 2647 2218 2703 Patris
2244 2656 2299 2703 et
2329 2647 2472 2702 Filii.
2513 2645 2744 2702 Constat
2768 2648 2956 2716 itaque
2999 2658 3050 2702 te
3079 2648 3169 2717 qui
3203 2647 3279 2700 ita
3329 2663 3437 2700 nntt

1839 2752 2027 2797 teneas
2079 2741 2352 2810 quomodo
2392 2739 2676 2794 tradiderit
2723 2740 2990 2810 apostolis
3045 2738 3337 2803 Dominus,
3385 2747 3438 2791 et

1840 2833 2074 2903 apostoli
2107 2832 2405 2900 episcopis,
2440 2842 2491 2884 te
2544 2847 2650 2884 non
2717 2830 2925 2884 habere
2955 2829 3175 2884 Deum:
3219 2829 3346 2898 quia
3393 2838 3448 2882 et

1839 2924 2134 2994 Apostolus
2171 2925 2358 2978 volens
2387 2931 2441 2977 et
2466 2921 2640 2977 l’atris
2679 2930 2735 2976 et
2777 2921 2898 2976 Filii
2941 2921 3156 2975 unicam
3187 2918 3441 2974 divinita-

1841 3028 1946 3072 tem
1979 3016 2364 3080 manifestare,
2413 3016 2673 3070 dicebat:
2732 3013 2834 3080 Qui
2882 3015 3073 3067 recedit
3118 3031 3150 3066 a
3203 3014 3440 3066 doctrina

1837 3112 1971 3181 ejus,
2006 3107 2171 3161 Deum
2193 3124 2295 3161 non
2325 3108 2515 3161 habet:
2544 3108 2633 3175 qui
2657 3110 2829 3160 autem
2875 3115 3046 3159 manet
3090 3106 3144 3158 in
3190 3107 3434 3159 doctrina

1838 3206 1984 3274 ejus,
2010 3202 2099 3254 ille
2132 3200 2342 3254 Patrem
2374 3210 2418 3253 et
2446 3196 2646 3252 Filium
2676 3198 2825 3252 habet
2856 3196 2926 3267 (ιι
2952 3195 3112 3251 Joan.
3140 3196 3220 3266 9).
3248 3196 3327 3252 Te
3355 3197 3439 3251 in-

138 3307 254 3343 nam
301 3306 403 3344 non
432 3289 583 3357 a/Iert
605 3332 618 3354 ,
648 3291 801 3344 nolite
830 3289 1064 3355 occipere
1095 3305 1208 3342 eum
1235 3290 1284 3340 in
1305 3288 1534 3350 domum,
1569 3300 1614 3342 et
1641 3295 1739 3343 Ave
1768 3286 1813 3349 C
1847 3309 2007 3362 quam
2039 3294 2386 3348 constitutum
2423 3293 2540 3345 sine
2562 3291 2696 3355 Deo,
2729 3300 2782 3345 te
2806 3303 2980 3359 neque
3012 3288 3208 3343 Filium
3235 3287 3440 3343 haben-

139 3385 297 3438 nolite
330 3385 498 3438 dicere
545 3385 592 3438 ei
622 3400 639 3437 :
671 3384 758 3453 qui
808 3385 944 3438 enim
990 3384 1112 3435 dicit
1141 3386 1185 3435 ei
1232 3385 1364 3448 Ave,
1395 3385 1740 3436 communicat

140 3477 382 3544 aperibus
407 3477 518 3546 ejus
564 3476 804 3547 malignis
855 3474 918 3547 (ll
960 3474 1119 3527 Joan.
1161 3474 1240 3529 Η.
1293 3474 1578 3542 Quomodo
1626 3477 1737 3530 fieri

140 3578 387 3636 potuerat
414 3609 427 3633 ,
456 3576 510 3621 ut
541 3581 642 3621 nos
671 3577 851 3622 tecum
885 3577 1043 3636 atque
1073 3581 1192 3622 cum
1223 3569 1328 3620 tuis
1369 3582 1614 3622 essemus
1643 3567 1737 3622 Dei

141 3660 340 3713 milites
395 3674 519 3713 cum
573 3658 835 3712 militibus
892 3659 1250 3712 AttticltriSti?
1302 3659 1737 3727 qttaudoijttidcm

142 3766 240 3806 uec
271 3751 497 3806 salutari
529 3768 623 3806 vos
665 3751 974 3820 permiserit
1021 3749 1253 3817 Spiritus
1303 3761 1552 3812 sanctus,
1604 3752 1738 3804 dans

142 3843 258 3899 lucc
285 3853 556 3915 prazcepta
588 3859 684 3911 per
726 3845 939 3898 beatum
973 3844 1312 3913 Ap0slulum.
1362 3841 1466 3897 Sed
1497 3841 1738 3896 fortassis

140 3939 323 3994 dicere
349 3938 611 3994 audebis:
661 3938 928 4007 Numquid
969 3954 1061 4008 ego
1091 3941 1142 3990 in
1189 3953 1342 3991 carne
1387 3939 1577 3991 venisse
1615 3951 1740 4005 nego

141 4028 238 4084 Dei
281 4028 502 4097 Filium,
539 4039 595 4084 ut
638 4047 768 4084 unus
820 4046 1084 4099 nuncuper
1113 4046 1174 4084 ea:
1219 4028 1550 4082 Antio/tristis
1582 4027 1738 4082 ?Non

141 4124 361 4194 quidem
413 4135 488 4189 tu,
523 4123 804 4180 Constanti
857 4125 1175 4192 Imperator,
1226 4126 1442 4178 venisse
1491 4125 1540 4177 in
1575 4138 1739 4178 carne

144 4231 308 4286 negas
339 4215 435 4271 Dei
465 4214 686 4281 Filium,
719 4216 814 4270 sed
842 4215 978 4270 dicis
1005 4216 1174 4281 illum,
1200 4231 1360 4286 quem
1388 4230 1487 4269 nos
1517 4214 1740 4268 confite-

143 4325 264 4363 tnur
295 4309 346 4362 in
373 4323 535 4364 carne
565 4307 800 4372 venisse,
837 4323 957 4364 esse
987 4320 1292 4363 creaturam
1320 4325 1332 4361 :
1381 4307 1518 4362 dicis
1543 4308 1738 4362 factum

144 4400 295 4454 illum
326 4416 395 4455 ex
432 4401 625 4466 nihilo,
657 4416 765 4455 nou
801 4401 952 4454 illum
1004 4417 1124 4455 esse
1159 4418 1343 4456 verum
1396 4400 1490 4455 Dei
1546 4399 1739 4454 Filium

143 4497 445 4551 affirmans.
491 4497 600 4550 Nos
639 4505 833 4552 contra
866 4498 954 4565 qui
1004 4498 1157 4551 istius
1212 4497 1352 4551 beati
1385 4496 1629 4566 Apostoli
1666 4509 1740 4549 te-

147 4605 340 4647 nemus
387 4589 756 4656 traditionem,
800 4591 1073 4645 crcdiinns
1118 4607 1303 4646 verum
1360 4591 1451 4644 Dei
1502 4590 1736 4653 Filium,

1844 3395 1949 3442 tem
1977 3401 2151 3456 neque
2185 3384 2396 3439 Patrem
2424 3383 2724 3437 rectissime
2752 3381 2959 3451 fugisse
2981 3381 3366 3452 cognoscimus
3394 3392 3439 3437 θ.

1841 3479 2108 3548 siquidem
2159 3493 2265 3532 non
2325 3476 2516 3538 fuisset
2544 3475 2765 3545 dignum
2808 3474 3074 3530 habentes
3111 3475 3280 3529 Deum
3311 3490 3434 3529 cum

1845 3574 2076 3628 inimicis
2105 3573 2222 3640 ejus
2264 3572 2555 3626 demorare
2590 3568 2605 3606 ί
2640 3570 2840 3623 divinae
2888 3567 3300 3635 magnitudinis.
3334 3565 3441 3622 Sed

1841 3683 2000 3736 quam
2029 3667 2102 3719 sis
2131 3665 2241 3718 Deo
2272 3663 2493 3718 odihilis
2523 3675 2824 3732 cognosce,
2872 3671 2929 3714 ut
2958 3674 3057 3713 nec
3091 3662 3205 3713 Ave
3235 3659 3330 3712 tibi
3364 3658 3446 3710 di—

1841 3775 1966 3814 cere
1990 3758 2250 3813 fuerimus
2282 3756 2553 3826 permissi.
2583 3752 2869 3822 Quomodo
2900 3753 3184 3807 vobiscum
3219 3750 3442 3808 Arionis

1840 3850 2136 3907 Christiani
2166 3867 2286 3905 esse
2333 3848 2722 3919 potueramus?
2771 3862 2892 3901 cum
2945 3845 3093 3900 dicat
3140 3844 3442 3914 Apostolus

1843 3944 2068 4000 Paullus
2103 3962 2114 3997 :
2153 3943 2358 3998 Stultos
2405 3946 2714 4010 quastiones
2746 3983 2761 4006 ,
2788 3949 2833 3994 et
2861 3939 3211 4009 genealogias,
3245 3946 3292 3994 et
3323 3952 3417 3989 con

1845 4040 2089 4091 tentiones
2112 4079 2125 4100 ,
2156 4047 2201 4089 et
2233 4037 2347 4090 lites
2382 4035 2508 4106 legis
2543 4034 2709 4086 devita
2745 4050 2757 4085 :
2793 4042 2912 4085 sunt
2963 4031 3096 4083 enim
3148 4029 3358 4082 inutiles
3401 4039 3446 4080 et

1842 4147 2004 4184 came.
2061 4129 2372 4184 ereticum
2419 4126 2674 4181 hominem
2721 4135 2829 4194 post
2875 4140 3031 4177 unam
3075 4121 3448 4191 correptionem

1847 4229 1870 4266 8
1897 4221 2085 4283 devita,
2119 4220 2282 4273 sciens
2308 4219 2547 4286 quoniam
2579 4232 2848 4285 perversits
2879 4225 2951 4270 est
2979 4212 3006 4249 ιι
3033 4224 3080 4268 et
3106 4223 3304 4282 peccat,
3331 4229 3443 4264 cum

1843 4314 1909 4366 sit
1930 4330 1961 4366 a
1987 4313 2253 4381 semetipso
2285 4313 2558 4364 damnatus
2591 4310 2720 4379 (Tit.
2765 4325 2844 4374 ιιι,
2875 4310 2956 4380 9).
3002 4307 3140 4362 Cum
3172 4307 3448 4364 bmreticis

1841 4421 1871 4460 a
1911 4406 2220 4470 semetipsis
2247 4405 2516 4458 damnatis
2549 4419 2656 4458 non
2690 4415 3042 4472 potueramus
3072 4400 3398 4468 congregari
3432 4443 3445 4462 ,

1847 4512 1915 4552 ne
1946 4506 2001 4552 et
2039 4511 2136 4552 nos
2167 4496 2261 4550 illa
2305 4511 2407 4551 vox
2441 4505 2790 4565 percuteret,
2843 4495 2982 4548 sicut
3031 4491 3257 4547 Galatas
3307 4491 3450 4544 beati

1848 4590 2018 4645 Paulli
2051 4592 2282 4660 percutit
2307 4609 2319 4643 :
2348 4588 2645 4646 Currcbatis
2659 4589 2782 4644 bene
2815 4604 2832 4643 .'
2861 4588 2974 4652 quis
3004 4587 3143 4640 vobis
3183 4584 3199 4621 ί
3231 4586 3453 4655 impedi-

143 4684 422 4740 credimus
439 4699 599 4738 unam
626 4682 825 4740 habere
852 4685 1111 4738 deitatem
1135 4682 1350 4738 Patrem
1375 4691 1430 4738 et
1456 4681 1598 4736 hunc
1627 4684 1744 4734 uui-
1773 4662 1826 4722 D
1853 4685 1920 4737 vit
1948 4685 2145 4738 veritati
2174 4701 2278 4738 non
2307 4683 2511 4738 obedire
2541 4681 2687 4753 (Gal.
2721 4697 2774 4747 v,
2809 4679 2904 4749 7)?
2925 4677 3335 4750 Cognoscentes
3361 4694 3384 4728 ι·
3397 4691 3459 4732 os

148 4789 266 4830 cum
295 4775 416 4846 ejus
442 4774 682 4841 Filium;
713 4776 852 4846 quod
904 4778 975 4831 ita
1017 4791 1139 4830 esse
1174 4777 1429 4830 Dominus
1477 4777 1529 4828 in
1576 4776 1744 4828 sacris

147 4866 260 4924 suis
294 4867 608 4937 Evangeliis
639 4868 973 4929 manifestat,
1007 4867 1194 4922 dicens
1229 4885 1240 4919 :
1273 4866 1372 4931 Qui
1401 4883 1482 4919 me
1505 4867 1648 4932 vidit,
1675 4866 1749 4919 vi-

1850 4791 1973 4832 esse
2007 4777 2148 4831 unici
2182 4776 2274 4831 Dei
2307 4775 2428 4830 Filii
2460 4777 2674 4839 hostes,
2707 4771 2944 4843 fugimus
2985 4770 3192 4825 nefaria
3225 4768 3454 4823 consilia

1853 4877 2445 4938 vestra,temperautes
2484 4867 2497 4914 i
2536 4865 2657 4919 voci
2702 4863 2950 4932 Apostoli
2984 4878 2999 4917 :
3036 4861 3136 4926 Qui
3169 4858 3192 4896 κ
3238 4860 3456 4920 nemini,

147 4960 222 5017 dit
238 4969 290 5016 et
322 4954 537 5014 Patrem
562 4959 587 4998 δ
623 4958 806 5032 (Joan.
851 4977 964 5024 XIV,
988 4962 1043 5026 9,
1084 4961 1170 5030 10)
1199 4979 1210 5012 :
1259 4969 1333 5024 et,
1365 4958 1480 5031 Ego
1519 4961 1572 5013 in
1602 4957 1757 5013 Patre
1855 4962 2060 5032 inquit,
2091 4961 2450 5014 consenseritis
2473 5000 2487 5024 ,
2517 4958 2709 5020 suasio,
2747 4954 2762 4994 ¹
2795 4965 2963 5009 vestra
2992 4970 3054 5008 ea:
3094 4952 3200 5006 Deo
3241 4959 3338 5017 est,
3369 4953 3456 5018 qui

147 5067 191 5112 et
215 5053 374 5110 Pater
401 5056 453 5109 in
476 5069 555 5108 me
590 5063 648 5107 ξε
679 5062 754 5119 et,
786 5052 894 5125 Ego
918 5065 965 5106 et
998 5052 1151 5107 Pater
1181 5069 1338 5107 unum
1363 5069 1541 5106 sumus
1565 5051 1754 5120 (ibid.,

223 5275 249 5302 ι
281 5262 352 5319 In
391 5278 547 5319 cerne
570 5303 584 5328 ,
619 5261 760 5332 apud
787 5260 972 5318 Sabat.

222 5333 248 5372 δ
288 5335 426 5389 Cum
456 5332 669 5401 Graeco,
705 5349 735 5388 a
787 5347 894 5404 qun
948 5333 1101 5404 abest
1156 5348 1358 5398 meum,
1421 5333 1561 5403 quod
1614 5336 1752 5387 inest

156 5421 299 5462 vers.
333 5405 464 5460 Ant.
812 5403 819 5404 “
898 5413 936 5455 ι.
961 5403 1009 5454 ιι·

225 5488 246 5514 ε
293 5473 361 5528 In
383 5492 464 5529 me
490 5485 586 5531 est.
621 5475 774 5531 Vers.
812 5477 890 5530 Αιι

157 5551 232 5604 nit
260 5561 384 5602 cum
415 5547 587 5601 l.ucif.

227 5617 252 5656 δ
300 5617 542 5687 Unaque.
570 5617 748 5674 Latin.

229 5700 253 5728 ο
299 5689 694 5759 Cognoscimur.
728 5689 906 5746 Latin.

234 5760 251 5798 τ
307 5760 603 5815 Demorari.
637 5759 715 5816 Id.

240 5844 263 5878 κ
309 5832 439 5889 Post
465 5847 620 5903 uuam
659 5835 1032 5903 correptionem
1059 5844 1108 5888 et
1135 5832 1260 5887 duo.
1293 5829 1462 5903 _Vers.
1495 5830 1621 5903 Aut.
1653 5830 1761 5903 Iin-

171 5905 305 5965 cifer
328 5901 590 5962 convenit
611 5917 734 5960 cum
776 5899 920 5964 lien.
951 5906 1047 5964 lib.
1081 5919 1170 5974 ιιι,
1199 5912 1255 5962 et
1278 5901 1440 5977 Cypr.
1477 5902 1638 5974 epist.
1672 5899 1759 5957 55.

1015 5489 1198 5530 enaeus
1231 5477 1283 5530 in
1313 5473 1405 5529 lib.
1442 5490 1529 5541 ιιι,
1553 5460 1752 5531 conve-

1865 5065 2010 5120 t'ocat
2040 5069 2145 5108 vos.
2171 5051 2395 5107 Nescitis
2425 5060 2463 5087 ω
2495 5051 2615 5120 quia
2656 5049 2916 5102 modicum
2962 5050 3269 5118 fermentum
3301 5055 3459 5098 totam

1929 5260 1957 5335 ιξ
1999 5260 2282 5335 Perversus
2305 5271 2386 5335 est,
2409 5260 2728 5335 hujusmodi.
2755 5258 2917 5335 Vers.
2946 5258 3072 5311 Ant.

1939 5332 1953 5369 ί
2006 5333 2111 5388 Vos
2139 5335 2269 5403 legit
2301 5333 2430 5389 Sub.
2471 5324 2595 5388 cum
2627 5331 2778 5386 Vers.
2829 5332 2952 5383 Ant.
2989 5343 3108 5398 qua:
3162 5327 3323 5380 etiam
3375 5324 3459 5380 hic

1859 5403 2044 5465 habet.
2087 5405 2350 5459 obnudire.

1939 5475 1952 5560 ξ
1996 5477 2106 5560 Pro
2133 5477 2559 5560 obtemperantes,
2593 5473 2760 5560 e_t.ita.
2789 5486 2954 5560 smpe.

1936 5546 1959 5584 κ
1989 5547 2089 5615 Qui
2118 5536 2310 5618 nemini
2337 5536 2718 5618 consenseritjs.
2749 5536 3136 5618 baeclleguntur
3157 5536 3457 5618 solummo-

1862 5618 1934 5673 do
1963 5610 2028 5673 ili
2047 5615 2168 5672 cod.
2198 5617 2423 5671 Borner.
2466 5616 2606 5682 apud
2633 5614 2820 5671 Sabat.
2865 5612 3213 5682 desuutvero
3237 5610 3455 5682 ubique.

1943 5689 1960 5726 ι
2006 5689 2198 5742 Suasio
2223 5705 2286 5742 ex
2316 5704 2375 5742 eo
2413 5677 2528 5740 est?
2558 5687 2714 5742 Vers.
2759 5684 2888 5738 Ant.
2933 5690 2989 5736 et
3019 5681 3108 5736 ubi
3147 5677 3278 5744 Vos,
3330 5677 3455 5734 Sab.

1868 5763 1921 5816 in
1950 5759 2200 5830 Lucifero
2229 5760 2378 5830 legit,
2405 5758 2514 5830 Nos
2537 5758 2562 5811 .9

1943 5842 1979 5868 ω
2013 5828 2234 5884 Nescitis
2264 5824 2384 5900 q'uia
2412 5829 2568 5885 abest
2599 5844 2625 5882 a
2650 5824 2808 5882 Vers.
2840 5827 2965 5878 Ant.
