4292 6374
650 380 744 438 791

1732 384 2057 442 LUCIFERI
2099 384 2412 443 EPISCOPI
2450 388 2873 448 CALAHITANI

3834 395 3935 455 ’192

652 515 879 553 massam
905 505 1189 572 corrumpit
1216 500 1362 573 (Gal.
1398 518 1450 570 v,
1477 504 1557 575 9).
1589 502 1879 559 Noluimus
1909 520 2008 561 vos
2034 519 2248 561 vermes
2277 506 2330 565 Λ
2355 514 2562 562 certum
2597 524 2879 565 numerum
2924 509 3290 568 lsraelitarum
3311 554 3326 579 ,
3359 528 3453 569 ore
3490 513 3652 585 gladii
3682 514 3935 584 perdidis-

653 593 767 647 Arii
816 596 1065 665 recipere
1094 612 1196 651 nos
1225 598 1370 652 servi
1418 598 1624 654 Christi
1676 600 1727 653 in
1777 600 2136 666 societatem,
2188 614 2257 653 ne

651 686 948 743 fuissemus
1010 704 1076 744 eo
1132 705 1353 747 veneno
1397 691 1600 747 diaboli
1640 707 1749 764 quo
1792 707 1890 747 vos
1939 694 2073 749 estis
2121 708 2255 748 con-

650 780 876 847 sumpti.
907 778 1190 836 Noluimus
1221 781 1501 837 vobiscum
1531 783 1633 850 ire,
1667 798 1792 838 eum
1832 783 2148 839 hominibus
2180 785 2258 839 vi-

649 870 868 937 delicet,
912 874 1001 942 qui
1034 873 1212 929 adhuc
1259 875 1554 930 videamini
1606 892 1728 932 esse
1770 888 1927 932 extra
1970 879 2063 934 Dei
2112 879 2257 933 noti-

647 964 801 1027 tiam,
828 966 919 1035 qui
947 966 1126 1021 adhuc
1154 968 1255 1021 sub
1292 968 1497 1023 diaboli
1538 970 1657 1024 sitis
1685 972 1973 1025 constituti
2021 982 2261 1041 potesta—

650 1067 701 1113 te
730 1077 743 1113 :
779 1061 1056 1115 noluimus
1080 1062 1311 1117 mortuis
1334 1064 1589 1134 conjungi
1632 1065 1781 1131 vivi,
1832 1067 1959 1136 quia
1993 1067 2126 1121 tales
2162 1082 2260 1122 vos

648 1167 772 1207 esse
815 1155 1252 1223 cognoscamiui,
1284 1157 1474 1226 quales
1521 1156 1790 1213 fuerimus
1832 1159 1934 1230 ipsi
1966 1170 2258 1229 antequam

648 1244 1075 1300 credidissemns
1105 1247 1157 1300 in
1193 1248 1411 1302 unicum
1440 1248 1532 1303 Dei
1564 1248 1788 1304 Filium.
1820 1250 1946 1305 Haec
1973 1252 2044 1304 ita
2076 1265 2135 1307 se
2164 1251 2262 1306 ha-

655 1336 782 1391 bere
827 1336 1144 1392 manifestat
1184 1340 1502 1409 Apostolus
1550 1342 1803 1411 Ephesiis
1855 1343 2149 1400 scribens:
2196 1345 2263 1399 Et

650 1448 737 1485 vos
766 1449 885 1485 cum
935 1433 1111 1487 e‘ssetis
1141 1436 1331 1487 mortui
1372 1435 1569 1490 delictis
1616 1445 1663 1490 et
1693 1438 1920 1506 peccatis
1966 1439 2177 1505 t'estris,
2209 1442 2262 1493 in

653 1526 841 1595 quibus
869 1527 1157 1596 aliquando
1182 1528 1485 1582 ambulastis
1510 1530 1791 1583 secundum
1815 1540 1840 1567 ⁸
1863 1532 2148 1602 principem
2170 1550 2264 1603 po-

654 1620 853 1670 testatis
883 1619 1017 1671 aeris
1059 1619 1239 1688 hujus,
1264 1620 1508 1689 spiritus,
1537 1623 1626 1691 qui
1666 1639 1806 1676 nunc
1843 1632 2089 1693 aporatur
2118 1626 2171 1678 in
2199 1626 2263 1693 ﬁ-

662 1709 745 1761 liis
788 1710 1108 1779 diﬁidentiw,
1140 1713 1192 1764 in
1221 1712 1405 1780 quibus
1432 1722 1480 1765 e't
1521 1729 1615 1768 nos
1646 1730 1820 1768 omnes
1841 1717 2128 1769 conrersati
2176 1734 2264 1771 su-

657 1819 771 1856 mus
804 1804 1089 1871 aliquando
1124 1805 1177 1857 in
1201 1806 1617 1874 concupiscentia
1635 1807 1807 1861 carnis
1830 1816 2037 1873 nostrce,
2069 1810 2264 1879 facien-

2361 611 2443 657 set
2466 604 2701 673 quinque
2750 604 2939 659 Madia:
2970 621 3126 675 reges
3167 614 3221 662 ct
3250 596 3440 672 Moab;
3472 607 3560 678 qui
3588 606 3835 662 destinati
3871 608 3933 662 ad

2364 694 2606 764 praelium
2645 696 2939 751 interfectis
2988 698 3238 752 omnibus
3291 699 3553 765 maribus,
3600 700 3738 769 quod
3784 700 3934 755 sexui

2364 788 2740 856 perpercerint
2776 786 3015 846 femineo
3045 791 3372 855 occurrenti,
3406 791 3644 863 increpat
3669 794 3839 848 Moses
3866 791 3936 847 ls-

2363 879 2475 933 rael
2502 880 2644 935 filios
2671 922 2685 946 ,
2715 896 2814 936 cur
2846 898 2954 937 non
2982 884 3145 938 etiam
3172 900 3367 939 sexum
3396 887 3678 941 femineum
3716 886 3937 941 delevis-

2361 980 2506 1036 sent,
2538 982 2591 1027 et
2614 973 2769 1041 jubet
2796 988 2979 1027 coram
3011 990 3072 1029 se
3095 974 3315 1031 easdem
3359 975 3607 1043 interfici,
3642 977 3933 1042 affirmans,

2364 1064 2508 1134 quod
2540 1066 2684 1119 enim
2713 1066 2778 1119 ad
2809 1065 2947 1120 idola
2980 1068 3253 1124 adoranda
3286 1081 3501 1138 possent
3533 1072 3706 1142 populi
3740 1073 3937 1127 illicere

2364 1170 2595 1216 mentes.
2628 1159 2682 1215 Si
2714 1162 2895 1231 itaque
2944 1172 2996 1216 et
3031 1180 3132 1218 nos
3178 1164 3256 1219 sic
3303 1179 3643 1220 exsecramur
3694 1166 3935 1220 haeresim

2366 1265 2511 1309 tuam
2536 1265 2594 1309 ut
2626 1255 2800 1311 Moses
2828 1257 3206 1324 idololatriam,
3236 1259 3278 1313 si
3300 1261 3378 1314 sic
3400 1269 3454 1315 et
3474 1260 3684 1323 quidem
3710 1260 3795 1314 Dei
3825 1260 3935 1330 gla-

2366 1346 2457 1401 dio
2498 1346 2730 1402 interfici
2778 1350 3061 1418 cupiamus
3113 1351 3347 1405 hasreses
3377 1352 3610 1405 omnium
3648 1361 3935 1407 vestrorum

2367 1439 2665 1493 errantium
2692 1480 2707 1506 ,
2749 1441 3025 1508 quomodo
3052 1452 3104 1496 et
3132 1440 3310 1496 Moses
3344 1442 3461 1497 illas
3494 1442 3647 1497 idolis
3677 1444 3937 1513 mancipa-

2369 1540 2471 1596 tas,
2499 1530 2546 1586 si
2575 1534 2645 1585 ita
2677 1546 2774 1586 vos
2802 1533 3066 1603 fugiamus
3120 1534 3401 1603 religionis
3450 1534 3541 1588 Dei
3586 1534 3934 1599 adversarios,

2370 1633 2428 1677 ut
2456 1623 2545 1678 ille
2576 1622 2712 1694 fugit
2739 1625 3006 1680 idolorum
3030 1626 3290 1689 cultores,
3319 1627 3591 1681 existimas
3618 1642 3707 1681 nos
3737 1641 3835 1680 non
3862 1628 3936 1677 fa-

2369 1732 2495 1773 cere
2540 1728 2689 1774 recte
2716 1718 3082 1773 abstrahendo
3114 1728 3325 1775 nosmet
3376 1734 3403 1772 a
3453 1721 3643 1774 vobis?
3670 1716 3937 1785 Quomodo

2370 1813 2572 1865 etenim
2599 1812 2894 1867 convenire
2924 1811 3081 1867 nobis
3104 1812 3382 1866 vobiscum
3424 1812 3700 1881 potuerat?
3720 1827 3838 1866 cum
3875 1812 3936 1865 ad

656 1909 730 1951 tes
758 1898 1047 1952 voluntates
1074 1897 1101 1936 δ
1130 1900 1300 1953 carnis
1319 1909 1370 1952 et
1391 1901 1732 1954 consiliorum
1752 1919 1770 1956 :
1811 1911 1859 1955 et
1881 1918 2088 1957 eramus
2116 1915 2271 1959 natu-
2301 1896 2352 1956 B
2379 1902 2757 1973 Philippenses
2786 1904 2984 1960 dixerit
3014 1922 3028 1962 :
3066 1904 3245 1960 Videte
3265 1921 3437 1973 canes,
3468 1907 3623 1961 ridete
3653 1908 3806 1961 malos
3821 1922 3935 1975 ape-

658 1996 792 2049 rales
821 1996 920 2063 [itii
939 1998 1051 2063 irte,
1080 1998 1214 2051 sicut
1233 2006 1278 2050 et
1300 1996 1707 2069 cwteri(Ephes.
1735 2015 1795 2065 ιι,
1827 2000 1902 2071 1).
1932 1999 2067 2056 Cum
2092 2004 2269 2059 adhuc

658 2103 755 2143 vos
786 2090 927 2145 tales
948 2089 1067 2143 sitis
1086 2089 1280 2159 quales
1307 2104 1405 2144 nos
1434 2090 1601 2146 fuisse
1632 2102 1923 2163 antequam
1941 2095 2269 2152 credidisse-

668 2194 788 2234 mus
820 2180 1385 2237 refertsanctissimus
1407 2184 1723 2253 Apostolus,
1750 2185 1936 2255 utique
1957 2188 2271 2243 fueratisvi-

663 2275 813 2330 taudi
843 2274 1117 2343 homines,
1135 2277 1401 2346 inquibus
1418 2290 1740 2347 Operentur,
1756 2290 1807 2335 et
1824 2295 1922 2350 per
1933 2296 2071 2351 quos
2083 2292 2274 2352 gerant

667 2370 948 2440 principes
968 2370 1278 2439 potestatis,
1295 2371 1611 2441 aeris'hujus
1624 2373 1869 2441 spiritus,
1885 2388 2047 2428 omne
2060 2375 2277 2430 deside-

662 2464 803 2518 rium
833 2480 995 2518 sunm
1033 2479 1048 2518 :
1079 2464 1246 2518 eratis
1272 2462 1516 2534 fugiendi
1548 2465 1640 2519 lilii
1672 2465 2014 2532 diffidentiae,
2052 2468 2143 2522 filii
2178 2484 2273 2523 na-

663 2556 918 2610 turaliter
975 2557 1092 2621 εγω,
1142 2572 1209 2611 ne
1242 2556 1404 2613 vobis
1447 2556 1708 2613 haerendo
1754 2559 1820 2614 ad
1852 2560 1905 2614 id
1951 2560 2095 2630 quod
2146 2572 2274 2617 ante

662 2647 953 2704 fuissemus
995 2648 1411 2705 reduceremur.
1458 2644 1744 2704 Noluimus
1773 2647 1897 2706 es’se
1944 2651 2271 2721 vobiscum,

666 2740 793 2810 quia
819 2741 997 2796 adhuc
1029 2757 1138 2796 non
1182 2742 1396 2797 fueritis
1438 2743 1869 2799 misericordiam
1916 2745 2011 2800 Dei
2044 2746 2229 2815 adepti
2259 2791 2273 2810 ,

662 2848 826 2903 quam
862 2834 977 2903 jam
1024 2848 1123 2888 nos
1170 2849 1363 2889 sumus
1391 2836 1691 2889 consecuti.
1727 2835 2013 2891 Noluimus
2042 2836 2275 2892 societa-

662 2936 771 2983 tem
803 2928 1005 2984 habere
1036 2928 1340 2992 vobiscum,
1374 2930 1463 2998 qui
1492 2930 1724 2984 consilio
1756 2931 1938 2984 carnis
1962 2931 2277 2987 ducebami-

659 3022 749 3088 ni,
786 3021 930 3076 sicut
976 3020 1283 3077 ducebatur
1318 3023 1422 3078 iste
1460 3022 1808 3078 beatissimus
1853 3023 2076 3078 Paullus
2100 3026 2277 3095 prius-

662 3130 824 3184 quam
853 3114 1201 3180 credidisset,
1230 3129 1397 3184 quem
1441 3116 1795 3170 meminimus
1830 3115 2019 3171 dicere
2057 3134 2069 3171 :
2111 3116 2277 3171 Nemo

661 3225 748 3262 vos
776 3210 988 3262 seducat
1018 3208 1258 3262 inanibus
1282 3208 1467 3275 verbis,
1500 3218 1711 3277 propter
1741 3212 1836 3263 hoc
1862 3220 1883 3248 ο
1916 3212 2053 3264 t'enit
2075 3212 2156 3264 ira
2181 3210 2278 3266 Dei

2376 1996 2541 2049 rarios
2575 1995 2744 2065 (Phil.
2799 2012 2887 2063 tn,
2940 1997 3018 2067 2).
3058 1996 3162 2051 Vos
3210 2013 3410 2061 canes,
3461 1999 3627 2053 malos
3677 1999 3936 2067 operarios

2374 2088 2495 2157 quis
2529 2088 2623 2142 Dei
2654 2103 2936 2143 servorum
2969 2104 3075 2145 non
3107 2089 3335 2161 fugeret,
3368 2090 3469 2146 nisi
3497 2091 3587 2162 qui
3612 2108 3669 2146 se
3705 2107 3803 2146 non
3833 2104 3939 2145 nte-

2375 2181 2629 2235 minisset
2658 2180 3068 2237 Christianum?
3096 2183 3263 2239 Vobis
3291 2184 3581 2240 adversarii
3612 2184 3701 2239 Dei
3730 2183 3937 2254 religio.

2376 2274 2461 2329 nis
2493 2276 2637 2330 servi
2668 2274 2869 2331 Christi
2926 2285 3274 2346 potueramus
3323 2293 3443 2333 esse
3482 2278 3781 2347 conjuncti,
3823 2292 3940 2332 cum

2378 2369 2700 2425 exhortetur
2720 2369 2889 2425 ludas
2915 2371 3185 2440 gloriosus
3226 2370 3513 2442 Aposwlus
3569 2370 3728 2425 frater
3768 2370 3941 2426 Jacobi

2378 2461 2659 2531 Apostoli,
2691 2472 2749 2516 ut
2772 2472 2825 2516 te
2854 2472 3017 2532 atque
3065 2464 3270 2518 similes
3320 2464 3411 2518 tibi
3442 2464 3743 2527 vitaremus,
3800 2474 3850 2517 et
3894 2464 3943 2518 in

2377 2568 2632 2626 suscepta
2675 2555 2783 2611 fide
2812 2571 2984 2627 usque
3012 2556 3077 2611 ad
3119 2557 3307 2611 mortis
3337 2558 3535 2612 exitum
3578 2558 3947 2611 maneremus?

2377 2648 2550 2705 ludas
2586 2648 2713 2705 Jesu
2742 2650 2933 2705 Christi
2964 2667 3138 2705 seruus
3163 2691 3177 2715 ,
3221 2655 3379 2721 frater
3422 2662 3588 2706 autent
3623 2649 3826 2716 Jacobi,
3867 2650 3945 2703 his

2379 2748 2467 2815 qui
2506 2744 2523 2783 ί
2558 2748 2609 2799 in
2642 2745 2753 2799 Deo
2800 2744 2960 2817 Putre
2991 2746 3199 2800 dilectis
3224 2786 3239 2809 ,
3282 2756 3328 2800 et
3370 2746 3420 2798 in
3448 2745 3573 2799 Jesu
3602 2742 3798 2798 Christo
3836 2759 3950 2795 con-

2381 2839 2598 2893 servatis
2647 2839 2859 2903 vocatis,
2891 2838 3245 2892 misericordia
3288 2838 3427 2891 vobis
3454 2847 3499 2891 et
3545 2854 3645 2905 pax
3684 2845 3731 2889 et
3775 2834 3950 2888 caritas

2382 2932 2776 2999 multiplicetur.
2831 2930 3168 2995 Charissimi,
3214 2946 3409 2983 omnem
3451 2928 3836 2983 sollicitudinem
3876 2927 3955 2995 [a-

2382 3026 2520 3079 ciens
2577 3023 2838 3078 scribendi
2866 3024 3005 3078 vobis
3057 3024 3119 3077 de
3146 3024 3403 3077 communi
3441 3035 3615 3076 nostra
3663 3020 3845 3077 salute.
3875 3020 3957 3071 de-

2386 3132 2590 3186 precor,
2625 3126 2676 3168 ut
2714 3116 3051 3185 perlaboretis
3074 3117 3229 3169 semel
3271 3116 3469 3168 tradita:
3492 3113 3734 3168 societati.
3779 3110 3959 3166 Subin-

2384 3220 2645 3264 traverunt
2674 3212 2809 3265 enim
2835 3212 3047 3282 quidam
3080 3211 3332 3274 homines,
3363 3211 3483 3263 olim
3506 3209 3700 3276 quidem
3723 3208 3951 3279 prescri-

662 3305 715 3355 in
728 3303 866 3371 ﬁlios
896 3301 1225 3372 difﬁdentiae.
1248 3300 1427 3354 Nolite
1451 3303 1624 3371 itaque
1649 3302 1764 3369 ﬁeri
1787 3303 2062 3373 participes
2086 3319 2283 3360 eorum.
2313 3280 2356 3344 (ί
2396 3306 2469 3373 pti
2496 3306 2561 3357 ad
2582 3304 2679 3357 hoc
2694 3280 2974 3375 judicium,
3001 3303 3169 3373 impii,
3188 3304 3276 3372 qui
3306 3302 3397 3356 Dei
3413 3302 3627 3374 gratiam
3649 3299 3963 3368 transferunt

663 3394 841 3449 Eratis
867 3396 1005 3449 enim
1036 3393 1319 3464 aliquando
1342 3393 1583 3457 tenebra',
1616 3410 1753 3446 nunc
1776 3403 1947 3447 autem
1973 3396 2066 3448 lux
2092 3396 2143 3447 in
2173 3393 2284 3450 Do-

661 3489 824 3552 mino,
850 3488 980 3540 sicut
1006 3488 1105 3555 filii
1126 3486 1253 3538 lucis
1280 3485 1539 3538 ambulate
1562 3500 1578 3537 :
1605 3486 1803 3554 fructus
1829 3487 1963 3538 enim
1985 3486 2192 3538 luminis
2215 3498 2287 3542 est

655 3585 712 3636 in
756 3583 897 3636 omni
927 3580 1152 3634 bonitate
1176 3590 1223 3633 et
1243 3582 1473 3652 justitia,
1502 3582 1549 3633 et
1589 3581 1815 3647 veritate,
1851 3580 2119 3649 probantes
2160 3582 2285 3650 quid

653 3676 719 3729 sit
745 3674 1119 3744 acceptandum
1149 3668 1199 3737 ἀ,
1243 3682 1290 3725 et
1319 3672 1478 3727 nolite
1504 3673 1885 3726 communicare
1920 3671 2159 3741 operibus
2202 3674 2283 3726 in-

658 3769 941 3839 fructuosis
978 3769 1305 3820 tenebrarum
1331 3768 1533 3836 :magis
1560 3776 1731 3819 autem
1763 3766 2061 3835 redarguite
2085 3764 2277 3836 (Ibid.,

661 3862 716 3928 5,
761 3860 839 3929 6).
888 3859 1197 3922 Noluimus,
1245 3857 1370 3928 quia
1429 3858 1543 3912 haec
1587 3857 1838 3912 mandata
1881 3859 2278 3927 acceperimus,

661 3955 942 4010 vobiscum
973 3952 1248 4009 demorari
1281 3950 1429 4006 ducti
1463 3951 1718 4007 inanibus
1747 3953 1943 4007 vestris
1972 3952 2175 4018 verbis,
2212 3968 2281 4008 ne

658 4048 870 4104 scilicet
901 4052 1117 4103 veniret
1142 4060 1309 4117 super
1339 4060 1440 4101 nos
1482 4046 1583 4112 ira,
1619 4046 1779 4102 sicuti
1806 4050 1974 4102 etiam
2009 4047 2181 4111 venit,
2224 4056 2281 4102 et

657 4156 888 4199 ventura
914 4143 1078 4198 estin
1111 4156 1229 4205 vos,
1256 4141 1309 4195 in
1344 4150 1396 4196 te
1416 4150 1582 4211 atque
1614 4152 1757 4209 tuos,
1783 4142 1838 4197 in
1872 4158 1968 4196 vos
1998 4142 2142 4197 filios
2169 4142 2274 4196 dif-

660 4235 923 4291 fidentius.
984 4234 1267 4289 Noluimus
1323 4234 1466 4288 effici
1536 4235 1829 4305 participes
1882 4235 2272 4301 tenebrarum;

655 4327 925 4398 siquidem
951 4326 1062 4396 jam
1093 4324 1383 4381 credentes
1411 4325 1463 4379 in
1497 4325 1717 4379 unicum
1746 4326 1843 4381 Dei
1886 4326 2085 4381 Filium
2121 4343 2273 4383 man-

656 4421 798 4477 datis
842 4421 960 4492 ejus
994 4421 1297 4491 majestatis
1339 4434 1533 4489 parere
1581 4421 1852 4489 cupiendo
1882 4437 1949 4477 ex
1992 4422 2103 4478 illis
2146 4439 2274 4479 eva-

655 4516 849 4572 dentes
875 4515 1116 4572 tenebris
1148 4514 1241 4569 lux
1268 4514 1394 4569 facti
1435 4513 1700 4570 fuerimus
1730 4516 1785 4570 in
1815 4516 2048 4572 Domino
2080 4535 2094 4571 :
2125 4517 2272 4575 unde

651 4624 754 4664 nec
779 4608 1049 4663 mandatis
1090 4607 1199 4661 tuis
1240 4608 1551 4661 tenebrosis
1582 4610 1948 4676 paruerimus,
1983 4610 2110 4680 quia
2138 4609 2271 4667 fuis-

2392 3401 2459 3452 ad
2493 3399 2891 3467 impudicitiam.
2917 3407 2964 3451 et
2993 3398 3082 3465 qui
3110 3405 3183 3450 est
3211 3396 3496 3449 dominator
3521 3405 3687 3447 noster
3713 3401 3757 3446 et
3796 3390 3964 3444 Domi.

2390 3508 2487 3543 nus
2521 3490 2675 3544 Jesus
2701 3489 2970 3553 Christus,
3002 3505 3116 3541 eum
3157 3496 3400 3557 negantes
3442 3483 3616 3553 (Iuda:
3643 3500 3695 3548 ι,
3728 3482 3803 3553 1).
3834 3483 3961 3536 Cum

2391 3580 2741 3651 negatoribus
2766 3580 2921 3634 vobis
2950 3580 3279 3648 blasphemis
3304 3578 3463 3632 fuerit
3481 3574 3627 3631 nefas
3646 3576 3961 3639 convenire;

2388 3690 2511 3730 cum
2558 3673 2738 3730 adhuc
2783 3688 3003 3740 eorum,
3059 3673 3150 3744 qui
3204 3671 3522 3742 transgressi
3572 3680 3693 3725 sunt
3722 3668 3963 3724 mandata

2390 3769 2626 3835 Domini,
2662 3784 2986 3839 pra‘ponens
3017 3768 3295 3838 exempla,
3348 3774 3534 3836 urgeat
3574 3765 3733 3819 corda
3779 3773 3960 3819 nostra

2386 3878 2610 3918 manere
2641 3862 2693 3916 in
2739 3877 2800 3917 ea
2848 3861 2973 3930 fide,
3005 3862 3057 3916 in
3089 3876 3193 3932 qua
3239 3861 3354 3930 ipse
3384 3860 3624 3916 videatur
3665 3852 3951 3913 mansisse.

2384 3954 2674 4009 Admonere
2698 3955 2866 4023 itaque
2895 3970 2980 4007 vos
3005 3954 3139 4014 volo,
3167 3953 3362 4016 dicens,
3392 3954 3597 4006 scientes
3619 3953 3807 4017 omnia,
3832 3967 3958 4019 quo-

2384 4048 2527 4101 niam
2552 4046 2690 4102 Deus
2713 4047 2963 4119 populum
2987 4062 3140 4100 suum
3180 4044 3244 4098 de
3266 4054 3399 4098 terra
3420 4042 3639 4114 Egypti
3661 4043 3849 4096 saluum
3870 4042 3951 4111 fe.

2382 4142 2450 4196 cit
2478 4157 2496 4194 :
2522 4141 2801 4195 secundum
2825 4150 2849 4186 κ
2886 4148 3057 4193 autem
3089 4154 3191 4192 non
3231 4138 3486 4191 credentes
3516 4135 3771 4202 perdidit:
3807 4152 3958 4204 ange-

2381 4234 2455 4287 los
2482 4249 2681 4303 quoque
2705 4233 2793 4303 qui
2816 4248 2917 4286 non
2942 4238 3266 4286 servaverunt
3292 4229 3520 4283 ordinem
3542 4227 3798 4291 suum,sed
3817 4228 3957 4279 dere-

2376 4326 2633 4397 liquerunt
2666 4325 3019 4378 habitaculum
3056 4340 3205 4377 suum
3247 4323 3300 4376 in
3320 4321 3577 4393 judicium
3619 4318 3785 4388 magni
3821 4316 3953 4381 Dei,

2376 4417 2596 4472 vinculis
2621 4434 2706 4471 eos
2745 4426 3039 4471 sanctorum
3069 4416 3368 4488 angclorum
3399 4413 3491 4467 sub
3530 4411 3740 4467 tenebris
3781 4426 3946 4463 serra-

2376 4515 2462 4569 vit.
2498 4513 2735 4569 Sodoma
2782 4522 2956 4568 autem
3000 4523 3048 4568 et
3091 4511 3416 4575 Gomorrha,
3448 4520 3496 4565 et
3543 4528 3651 4580 qua:
3696 4511 3826 4565 circa
3869 4522 3952 4561 eas

2374 4616 2521 4661 erant
2544 4608 2775 4660 civitates
2797 4606 2880 4660 his
2901 4604 2929 4643 ιι
2960 4605 3121 4661 simili
3150 4605 3303 4659 modo
3336 4620 3453 4658 cum
3488 4602 3792 4658 adulterium
3812 4600 3953 4670 fecis-

655 4712 739 4757 set
772 4701 1099 4757 sceleratutn
1149 4699 1289 4754 filios
1321 4699 1459 4754 lucis
1514 4709 1664 4753 tuum
1702 4701 1881 4755 facere
1926 4717 2064 4770 opus
2118 4713 2269 4760 tene-
2296 4674 2348 4734 D
2374 4711 2563 4767 sent,et
2595 4717 2801 4756 carnem
2835 4700 2850 4738 ί
2900 4710 3092 4756 secutce
3120 4708 3315 4763 essent,
3361 4698 3488 4751 cinis
3532 4696 3802 4767 proposita
3838 4703 3951 4748 sunt

653 4796 803 4852 brosi
838 4814 851 4851 :
888 4806 910 4833 ο
941 4796 1065 4863 quia
1096 4805 1151 4851 et
1180 4793 1390 4850 fructus
1418 4794 1644 4850 luminis
1667 4796 1737 4850 sit
1766 4796 2052 4853 ambulare
2076 4799 2128 4853 in
2147 4798 2267 4870 jus-

654 4890 773 4945 titia
800 4899 854 4946 et
874 4888 1127 4957 veritate,
1157 4899 1212 4945 et
1244 4890 1297 4943 iu
1321 4887 1472 4942 omni
1492 4886 1760 4944 bonitate.
1783 4888 1930 4943 Dicis
1964 4905 2063 4944 nos
2085 4890 2266 4949 facere

653 4981 877 5054 inique,
929 4982 1073 5049 quod
1124 4982 1397 5036 noluimus
1447 4979 1705 5037 hatresim
1752 4982 2038 5052 suscipere
2070 4991 2219 5038 tuam
2250 5025 2265 5050 ,

648 5075 791 5144 quod
824 5088 931 5130 non
962 5082 1142 5130 tecum
1175 5084 1340 5144 atque
1361 5088 1484 5127 cum
1508 5074 1617 5130 tuis
1652 5083 1880 5131 aeternae
1906 5075 2113 5131 fuerint
2144 5078 2264 5134 fixa:

651 5169 929 5224 amicitias.
957 5169 1162 5239 Accipe
1190 5151 1337 5239 quod
1364 5165 1544 5221 Moses
1568 5167 1762 5224 fecerit
1793 5169 1864 5225 de
1906 5171 2256 5242 alienigenis,

656 5270 904 5329 tempore
929 5277 1037 5331 quo
1057 5261 1253 5331 jubere
1278 5259 1333 5317 ei
1354 5259 1608 5332 dignatus
1637 5272 1723 5317 est
1748 5262 1919 5327 Deus,
1951 5271 2011 5318 ut
2043 5265 2265 5324 mittens

722 5438 747 5466 ⁸
790 5428 1087 5485 Secundum
1137 5426 1385 5479 sarculum
1439 5424 1623 5479 mundi
1671 5424 1849 5495 hujus,
1884 5436 1932 5479 et
1978 5427 2265 5482 secundum

656 5501 976 5568 principem,
1010 5508 1115 5561 etc).
1146 5496 1303 5550 Vers.
1338 5499 1467 5552 Ant.

721 5571 749 5609 δ
788 5567 923 5627 Cum
983 5570 1175 5639 Grieco
1212 5570 1491 5641 θελήματα.
1554 5567 1692 5626 Vers
1738 5568 1866 5625 Ant.
1926 5570 2258 5640 voluptates;

652 5640 705 5696 in
733 5658 861 5712 qua,
886 5652 1093 5711 eramus
1114 5652 1320 5706 natura,
1355 5651 1463 5695 etc.

722 5723 743 5750 ο
784 5713 895 5767 Ηοε
918 5716 1069 5767 enim.
1094 5713 1257 5769 \Vers.
1292 5714 1423 5768 Ant.

719 5782 1032 5851 dAcceptum
1058 5783 1184 5847 Deo.
1216 5784 1391 5839 Vatie.
1428 5783 1581 5851 Quod
1614 5787 1815 5855 placeat
1838 5783 2046 5844 Deam.
2080 5798 2250 5844 autem

654 5865 699 5907 et
725 5857 1041 5927 redarguite.
1073 5855 1227 5927 Vera.
1256 5856 1383 5910 Ant.

728 5937 750 5962 ⁸⁵
785 5928 847 6010 ,Ιά
876 5926 981 5995 est,
1006 5926 1229 5984 hominis
1270 5927 1545 5983 tenebrosi.

2375 4793 2688 4863 exemplum,
2718 4793 2852 4862 ignis
2880 4793 3060 4848 interni
3109 4806 3308 4861 poenam
3352 4789 3670 4843 sustinentes.
3712 4784 3949 4841 Similiter

2371 4892 2545 4962 itaque
2576 4899 2623 4944 et
2657 4888 2744 4943 isti
2772 4889 3105 4949 somniantes,
3136 4900 3342 4940 carnent
3388 4884 3589 4950 quidem
3619 4882 3945 4952 coinquinant,

2367 4985 2774 5040 dominationem
2803 4992 2973 5035 autem
3005 4990 3249 5053 spernunt
3294 4976 3484 5051 (Ibid.,
3535 4978 3609 5049 5).
3664 4978 3724 5032 Et
3769 4974 3893 5030 infra
3930 4993 3941 5026 :

2381 5080 2473 5136 Vae
2499 5080 2625 5145 illis,
2656 5078 2899 5149 quoniam
2928 5077 2981 5130 in
3008 5076 3143 5130 viam
3170 5074 3300 5129 Cain
3338 5073 3591 5133 abierunt,
3628 5081 3672 5123 et
3692 5072 3742 5121 in
3776 5067 3944 5122 seduc-

2375 5176 2564 5229 tionem
2598 5168 2731 5225 Baal
2762 5169 2996 5223 mercede
3021 5168 3176 5240 effusi
3207 5176 3348 5231 sunt,
3373 5174 3418 5219 et
3440 5164 3492 5216 in
3516 5160 3943 5216 contradictionem

2372 5266 2570 5323 Choreb
2597 5266 2876 5337 perierunt.
2905 5261 2977 5316 Hi
2998 5270 3119 5317 sunt
3152 5260 3165 5310 i
3200 5264 3254 5315 in
3291 5254 3621 5313 charitanbus
3645 5253 3810 5308 vestris
3837 5266 3940 5305 nta-

2455 5426 2475 5466 f
2522 5426 2627 5494 Qui
2655 5434 2794 5491 sunt,
2825 5432 2895 5489 et,
2923 5419 3234 5477 conservatis
3256 5426 3303 5471 et
3328 5414 3516 5470 uocatis
3537 5414 3663 5486 legit
3688 5410 3809 5469 Sub.

2446 5511 2472 5549 ε
2516 5498 2779 5555 Secundo.
2809 5494 2887 5550 ld.

2443 5570 2471 5609 ιι
2515 5571 2584 5627 Ut
2618 5572 2667 5623 in
2691 5568 2869 5625 Gratc.
2917 5567 3121 5623 τούτοις
3150 5603 3164 5626 ,
3197 5559 3326 5641 Sab.
3362 5559 3489 5631 legit
3512 5559 3610 5612 Itte.
3700 5628 3711 5641 .

2448 5643 2461 5680 ί
2510 5643 2578 5697 Et
2600 5657 2804 5695 carnem
2831 5648 3020 5692 secutte
3055 5644 3218 5688 essent
3252 5633 3484 5697 alteram,
3510 5633 3795 5703 proposita,
3838 5639 3934 5684 etc.

2372 5715 2552 5773 Latin.
2590 5715 2655 5769 ad
2688 5726 2909 5768 sensum
2937 5706 3095 5785 νμιεο
3167 5778 3178 5785 ,
3334 5776 3417 5785 η,
3478 5783 3485 5785 .
3547 5774 3559 5785 .
3634 5773 3663 5785 ,γ
3723 5774 3734 5783 .
3887 5771 3913 5785 ,.

2440 5792 2453 5840 t'
2504 5787 2678 5842 Gra-c.
2696 5787 2744 5839 ἑν
2758 5792 2871 5843 ταῖς
2899 5771 3123 5851 (cr/ursam;
3152 5778 3313 5854 (ipsis.
3333 5776 3513 5833 Sabat.
3547 5773 3690 5854 legit,
3717 5774 3767 5826 in
3787 5771 3933 5843 epulis

2359 5864 2467 5916 suis
2491 5859 2706 5911 macula:
2731 5897 2744 5923 ,
2789 5862 3114 5932 conmeantes
3134 5851 3472 5932 sinetimorc,
3515 5851 3803 5932 semetipsos
3832 5858 3934 5911 pas-

2356 5943 2546 5990 centes.
2580 5918 2831 5986 Graecum
2856 5938 2985 5982 vero
3036 5922 3176 5979 idem
3210 5918 3294 5977 hic
3335 5929 3507 5986 sonat,
3571 5932 3632 5974 ac
3698 5919 3887 5983 mea;
