  <div class='ocr_page' id='page_1' title='image "/cluster/home/n/w/nwhite01/storage/ocr_20150623/12-13/uc1.31175013632818/106.png"; bbox 0 0 5220 6520; ppageno 0'>
   <div class='ocr_carea' id='block_1_1' title="bbox 242 262 336 329">
    <p class='ocr_par' dir='ltr' id='par_1_1' title="bbox 242 262 336 329">
     <span class='ocr_line' id='line_1_1' title="bbox 242 262 336 329; baseline -0.043 1"><span class='ocrx_word' id='word_1_1' title='bbox 242 262 336 329; x_wconf 66' lang='lat' dir='ltr'><strong>tot</strong></span> 
     </span>
    </p>
   </div>
   <div class='ocr_carea' id='block_1_2' title="bbox 616 382 1411 443">
    <p class='ocr_par' dir='ltr' id='par_1_2' title="bbox 616 382 1411 443">
     <span class='ocr_line' id='line_1_2' title="bbox 616 382 1411 443; baseline 0 -1"><span class='ocrx_word' id='word_1_2' title='bbox 616 382 845 442; x_wconf 81' lang='lat' dir='ltr'><strong>CODEX</strong></span> <span class='ocrx_word' id='word_1_3' title='bbox 878 382 1411 443; x_wconf 80' lang='lat' dir='ltr'><strong>VERCELLENSIS.</strong></span> 
     </span>
    </p>
   </div>
   <div class='ocr_carea' id='block_1_3' title="bbox 240 476 1555 547">
    <p class='ocr_par' dir='ltr' id='par_1_3' title="bbox 240 476 1555 547">
     <span class='ocr_line' id='line_1_3' title="bbox 240 476 1555 547; baseline -0.002 -14"><span class='ocrx_word' id='word_1_4' title='bbox 240 492 295 533; x_wconf 93' lang='lat' dir='ltr'><strong>as</strong></span> <span class='ocrx_word' id='word_1_5' title='bbox 321 477 484 533; x_wconf 79' lang='lat' dir='ltr'><strong>frater</strong></span> <span class='ocrx_word' id='word_1_6' title='bbox 507 476 677 547; x_wconf 34' lang='lat' dir='ltr'><strong>ejus;</strong></span> <span class='ocrx_word' id='word_1_7' title='bbox 1048 486 1100 531; x_wconf 91' lang='lat' dir='ltr'><strong>te</strong></span> <span class='ocrx_word' id='word_1_8' title='bbox 1118 519 1133 543; x_wconf 94' lang='lat'><strong>,</strong></span> <span class='ocrx_word' id='word_1_9' title='bbox 1163 486 1408 534; x_wconf 85' lang='lat' dir='ltr'><strong>mortuos</strong></span> <span class='ocrx_word' id='word_1_10' title='bbox 1436 491 1555 533; x_wconf 84' lang='lat' dir='ltr'><strong>sus-</strong></span> 
     </span>
    </p>
   </div>
   <div class='ocr_carea' id='block_1_4' title="bbox 240 543 1458 617">
    <p class='ocr_par' dir='ltr' id='par_1_4' title="bbox 240 543 1458 617">
     <span class='ocr_line' id='line_1_4' title="bbox 240 543 1458 617; baseline -0.001 -14"><span class='ocrx_word' id='word_1_11' title='bbox 240 549 291 603; x_wconf 78' lang='grc'>5.</span> <span class='ocrx_word' id='word_1_12' title='bbox 328 543 555 617; x_wconf 73' lang='lat' dir='ltr'><strong>Jacobus</strong></span> <span class='ocrx_word' id='word_1_13' title='bbox 577 543 749 603; x_wconf 84' lang='lat' dir='ltr'><strong>Zehe—</strong></span> <span class='ocrx_word' id='word_1_14' title='bbox 1045 548 1247 613; x_wconf 91' lang='lat' dir='ltr'><strong>citate,</strong></span> <span class='ocrx_word' id='word_1_15' title='bbox 1280 547 1458 617; x_wconf 83' lang='lat' dir='ltr'><strong>lepro-</strong></span> 
     </span>
    </p>
   </div>
   <div class='ocr_carea' id='block_1_5' title="bbox 239 616 1542 683">
    <p class='ocr_par' dir='ltr' id='par_1_5' title="bbox 239 616 1542 683">
     <span class='ocr_line' id='line_1_5' title="bbox 239 616 1542 683; baseline 0.001 -10"><span class='ocrx_word' id='word_1_16' title='bbox 239 617 341 683; x_wconf 89' lang='lat' dir='ltr'><strong>dei,</strong></span> <span class='ocrx_word' id='word_1_17' title='bbox 370 626 423 672; x_wconf 91' lang='lat' dir='ltr'><strong>et</strong></span> <span class='ocrx_word' id='word_1_18' title='bbox 446 616 645 673; x_wconf 78' lang='lat' dir='ltr'><strong>Johan-</strong></span> <span class='ocrx_word' id='word_1_19' title='bbox 913 630 919 635; x_wconf 87' lang='grc'>·</span> <span class='ocrx_word' id='word_1_20' title='bbox 1048 631 1141 673; x_wconf 87' lang='lat' dir='ltr'><strong>sus</strong></span> <span class='ocrx_word' id='word_1_21' title='bbox 1163 633 1316 675; x_wconf 92' lang='lat' dir='ltr'><strong>mun.</strong></span> <span class='ocrx_word' id='word_1_22' title='bbox 1340 616 1375 670; x_wconf 16' lang='lat'><strong>7.</strong></span> <span class='ocrx_word' id='word_1_23' title='bbox 1419 626 1504 674; x_wconf 90' lang='lat' dir='ltr'><strong>ate</strong></span> <span class='ocrx_word' id='word_1_24' title='bbox 1525 660 1542 683; x_wconf 90' lang='lat'><strong>,</strong></span> 
     </span>
    </p>
   </div>
   <div class='ocr_carea' id='block_1_6' title="bbox 240 686 1479 755">
    <p class='ocr_par' dir='ltr' id='par_1_6' title="bbox 240 686 1479 755">
     <span class='ocr_line' id='line_1_6' title="bbox 240 686 1479 755; baseline 0.001 -13"><span class='ocrx_word' id='word_1_25' title='bbox 240 690 318 742; x_wconf 91' lang='lat' dir='ltr'><strong>nis</strong></span> <span class='ocrx_word' id='word_1_26' title='bbox 342 687 505 742; x_wconf 81' lang='lat' dir='ltr'><strong>frater</strong></span> <span class='ocrx_word' id='word_1_27' title='bbox 529 686 694 755; x_wconf 75' lang='lat' dir='ltr'><strong>ejus,.</strong></span> <span class='ocrx_word' id='word_1_28' title='bbox 1047 687 1297 742; x_wconf 82' lang='lat' dir='ltr'><strong>daemon.</strong></span> <span class='ocrx_word' id='word_1_29' title='bbox 1342 727 1356 742; x_wconf 95' lang='lat'><strong>.</strong></span> <span class='ocrx_word' id='word_1_30' title='bbox 1403 726 1417 742; x_wconf 92' lang='lat'><strong>.</strong></span> <span class='ocrx_word' id='word_1_31' title='bbox 1464 729 1479 743; x_wconf 94' lang='lat'><strong>.</strong></span> 
     </span>
    </p>
   </div>
   <div class='ocr_carea' id='block_1_7' title="bbox 239 755 1437 827">
    <p class='ocr_par' dir='ltr' id='par_1_7' title="bbox 239 755 1437 827">
     <span class='ocr_line' id='line_1_7' title="bbox 239 755 1437 827; baseline 0.002 -18"><span class='ocrx_word' id='word_1_32' title='bbox 239 758 510 827; x_wconf 82' lang='lat' dir='ltr'><strong>Philippus</strong></span> <span class='ocrx_word' id='word_1_33' title='bbox 534 798 547 822; x_wconf 87' lang='lat'><strong>,</strong></span> <span class='ocrx_word' id='word_1_34' title='bbox 571 766 626 812; x_wconf 93' lang='lat' dir='ltr'><strong>et</strong></span> <span class='ocrx_word' id='word_1_35' title='bbox 647 755 779 811; x_wconf 86' lang='lat' dir='ltr'><strong>Bar-</strong></span> <span class='ocrx_word' id='word_1_36' title='bbox 1047 756 1245 827; x_wconf 78' lang='lat' dir='ltr'><strong>eicite,</strong></span> <span class='ocrx_word' id='word_1_37' title='bbox 1272 759 1437 825; x_wconf 89' lang='lat' dir='ltr'><strong>gratis</strong></span> 
     </span>
    </p>
   </div>
   <div class='ocr_carea' id='block_1_8' title="bbox 242 826 1522 897">
    <p class='ocr_par' dir='ltr' id='par_1_8' title="bbox 242 826 1522 897">
     <span class='ocr_line' id='line_1_8' title="bbox 242 826 1522 897; baseline 0.001 -16"><span class='ocrx_word' id='word_1_38' title='bbox 242 826 569 897; x_wconf 77' lang='lat' dir='ltr'><strong>tholoiuaeus</strong></span> <span class='ocrx_word' id='word_1_39' title='bbox 584 868 600 890; x_wconf 89' lang='lat'><strong>,</strong></span> <span class='ocrx_word' id='word_1_40' title='bbox 1047 826 1334 897; x_wconf 77' lang='lat' dir='ltr'><strong>accepistis</strong></span> <span class='ocrx_word' id='word_1_41' title='bbox 1354 868 1370 895; x_wconf 91' lang='lat'><strong>,</strong></span> <span class='ocrx_word' id='word_1_42' title='bbox 1403 841 1522 897; x_wconf 83' lang='lat' dir='ltr'><strong>gra-</strong></span> 
     </span>
    </p>
   </div>
   <div class='ocr_carea' id='block_1_9' title="bbox 240 896 1279 953">
    <p class='ocr_par' dir='ltr' id='par_1_9' title="bbox 240 896 1279 953">
     <span class='ocr_line' id='line_1_9' title="bbox 240 896 1279 953; baseline -0.002 0"><span class='ocrx_word' id='word_1_43' title='bbox 240 906 292 953; x_wconf 93' lang='lat' dir='ltr'><strong>et</strong></span> <span class='ocrx_word' id='word_1_44' title='bbox 315 896 557 953; x_wconf 67' lang='lat' dir='ltr'><strong>Matthe.</strong></span> <span class='ocrx_word' id='word_1_45' title='bbox 587 906 634 952; x_wconf 69' lang='grc' dir='ltr'>ε.</span> <span class='ocrx_word' id='word_1_46' title='bbox 864 914 865 917; x_wconf 48' lang='grc' dir='ltr'><strong>η</strong></span> <span class='ocrx_word' id='word_1_47' title='bbox 1050 897 1118 950; x_wconf 89' lang='lat' dir='ltr'><strong>tis</strong></span> <span class='ocrx_word' id='word_1_48' title='bbox 1139 896 1279 951; x_wconf 88' lang='lat' dir='ltr'><strong>date.</strong></span> 
     </span>
    </p>
   </div>
   <div class='ocr_carea' id='block_1_10' title="bbox 240 967 588 1037">
    <p class='ocr_par' dir='ltr' id='par_1_10' title="bbox 240 967 588 1037">
     <span class='ocr_line' id='line_1_10' title="bbox 240 967 588 1037; baseline -0.003 -15"><span class='ocrx_word' id='word_1_49' title='bbox 240 967 548 1037; x_wconf 83' lang='lat' dir='ltr'><strong>publicanus</strong></span> <span class='ocrx_word' id='word_1_50' title='bbox 570 1006 588 1030; x_wconf 91' lang='lat'><strong>,</strong></span> 
     </span>
    </p>
   </div>
   <div class='ocr_carea' id='block_1_11' title="bbox 242 1032 783 1092">
    <p class='ocr_par' dir='ltr' id='par_1_11' title="bbox 242 1032 783 1092">
     <span class='ocr_line' id='line_1_11' title="bbox 242 1032 783 1092; baseline 0.002 -3"><span class='ocrx_word' id='word_1_51' title='bbox 242 1032 255 1089; x_wconf 74' lang='grc' dir='ltr'>ζ</span> <span class='ocrx_word' id='word_1_52' title='bbox 298 1075 314 1091; x_wconf 95' lang='grc'><strong>.</strong></span> <span class='ocrx_word' id='word_1_53' title='bbox 357 1077 371 1092; x_wconf 94' lang='grc'><strong>.</strong></span> <span class='ocrx_word' id='word_1_54' title='bbox 410 1032 783 1092; x_wconf 75' lang='lat' dir='ltr'><strong>Jacobtts&#39;Al-‘</strong></span> 
     </span>
    </p>
   </div>
   <div class='ocr_carea' id='block_1_12' title="bbox 278 1105 788 1173">
    <p class='ocr_par' dir='ltr' id='par_1_12' title="bbox 278 1105 788 1173">
     <span class='ocr_line' id='line_1_12' title="bbox 278 1105 788 1173; baseline 0.002 -13"><span class='ocrx_word' id='word_1_55' title='bbox 278 1106 382 1173; x_wconf 85' lang='lat' dir='ltr'><strong>hei,</strong></span> <span class='ocrx_word' id='word_1_56' title='bbox 408 1115 464 1162; x_wconf 93' lang='lat' dir='ltr'><strong>et</strong></span> <span class='ocrx_word' id='word_1_57' title='bbox 488 1106 651 1161; x_wconf 87' lang='lat' dir='ltr'><strong>Judas</strong></span> <span class='ocrx_word' id='word_1_58' title='bbox 679 1105 788 1161; x_wconf 79' lang='lat' dir='ltr'><strong>Ze-</strong></span> 
     </span>
    </p>
   </div>
   <div class='ocr_carea' id='block_1_13' title="bbox 261 1172 876 1246">
    <p class='ocr_par' dir='ltr' id='par_1_13' title="bbox 261 1172 876 1246">
     <span class='ocr_line' id='line_1_13' title="bbox 261 1172 876 1246; baseline -0.002 -16"><span class='ocrx_word' id='word_1_59' title='bbox 261 1172 396 1242; x_wconf 87' lang='lat' dir='ltr'><strong>otes,</strong></span> <span class='ocrx_word' id='word_1_60' title='bbox 422 1186 476 1231; x_wconf 90' lang='lat' dir='ltr'><strong>et</strong></span> <span class='ocrx_word' id='word_1_61' title='bbox 498 1175 732 1231; x_wconf 82' lang='lat' dir='ltr'><strong>Thomas</strong></span> <span class='ocrx_word' id='word_1_62' title='bbox 750 1215 765 1241; x_wconf 85' lang='lat'><strong>,</strong></span> <span class='ocrx_word' id='word_1_63' title='bbox 800 1172 876 1246; x_wconf 77' lang='grc' dir='ltr'><strong>(α)</strong></span> 
     </span>
    </p>
   </div>
   <div class='ocr_carea' id='block_1_14' title="bbox 1050 965 1633 1039">
    <p class='ocr_par' dir='ltr' id='par_1_14' title="bbox 1050 965 1633 1039">
     <span class='ocr_line' id='line_1_14' title="bbox 1050 965 1633 1039; baseline -0.002 -18"><span class='ocrx_word' id='word_1_64' title='bbox 1050 966 1103 1021; x_wconf 89' lang='grc'><strong>9.</strong></span> <span class='ocrx_word' id='word_1_65' title='bbox 1146 965 1321 1021; x_wconf 89' lang='lat' dir='ltr'><strong>Nolite</strong></span> <span class='ocrx_word' id='word_1_66' title='bbox 1345 966 1583 1039; x_wconf 54' lang='lat' dir='ltr'><strong>posside:</strong></span> <span class='ocrx_word' id='word_1_67' title='bbox 1630 1006 1633 1009; x_wconf 85' lang='grc'><strong>-</strong></span> 
     </span>
    </p>
   </div>
   <div class='ocr_carea' id='block_1_15' title="bbox 1049 1050 1483 1103">
    <p class='ocr_par' dir='ltr' id='par_1_15' title="bbox 1049 1050 1483 1103">
     <span class='ocr_line' id='line_1_15' title="bbox 1049 1050 1483 1103; baseline 0.002 -13"><span class='ocrx_word' id='word_1_68' title='bbox 1049 1050 1112 1090; x_wconf 87' lang='lat' dir='ltr'><strong>re</strong></span> <span class='ocrx_word' id='word_1_69' title='bbox 1134 1051 1322 1090; x_wconf 89' lang='lat' dir='ltr'><strong>aurum</strong></span> <span class='ocrx_word' id='word_1_70' title='bbox 1342 1078 1357 1103; x_wconf 89' lang='lat'><strong>,</strong></span> <span class='ocrx_word' id='word_1_71' title='bbox 1387 1052 1483 1092; x_wconf 88' lang='lat' dir='ltr'><strong>ne-</strong></span> 
     </span>
    </p>
   </div>
   <div class='ocr_carea' id='block_1_16' title="bbox 1050 1116 1483 1175">
    <p class='ocr_par' dir='ltr' id='par_1_16' title="bbox 1050 1116 1483 1175">
     <span class='ocr_line' id='line_1_16' title="bbox 1050 1116 1483 1175; baseline 0 -15"><span class='ocrx_word' id='word_1_72' title='bbox 1050 1120 1157 1172; x_wconf 88' lang='lat' dir='ltr'><strong>que</strong></span> <span class='ocrx_word' id='word_1_73' title='bbox 1181 1116 1483 1175; x_wconf 76' lang='lat' dir='ltr'><strong>argentum,</strong></span> 
     </span>
    </p>
   </div>
   <div class='ocr_carea' id='block_1_17' title="bbox 1051 1176 1466 1258">
    <p class='ocr_par' dir='ltr' id='par_1_17' title="bbox 1051 1176 1466 1258">
     <span class='ocr_line' id='line_1_17' title="bbox 1051 1176 1466 1258; baseline 0 -28"><span class='ocrx_word' id='word_1_74' title='bbox 1051 1189 1224 1258; x_wconf 78' lang='lat' dir='ltr'><strong>neque</strong></span> <span class='ocrx_word' id='word_1_75' title='bbox 1252 1176 1466 1258; x_wconf 80' lang='lat' dir='ltr'><strong>pecuni-</strong></span> 
     </span>
    </p>
   </div>
   <div class='ocr_carea' id='block_1_18' title="bbox 239 1242 1395 1318">
    <p class='ocr_par' dir='ltr' id='par_1_18' title="bbox 239 1242 1395 1318">
     <span class='ocr_line' id='line_1_18' title="bbox 239 1242 1395 1318; baseline 0 -18"><span class='ocrx_word' id='word_1_76' title='bbox 239 1245 291 1302; x_wconf 77' lang='grc'>4.</span> <span class='ocrx_word' id='word_1_77' title='bbox 328 1258 381 1303; x_wconf 89' lang='lat' dir='ltr'><strong>et</strong></span> <span class='ocrx_word' id='word_1_78' title='bbox 408 1246 450 1318; x_wconf 74' lang='grc' dir='ltr'><strong>ἰ·</strong></span> <span class='ocrx_word' id='word_1_79' title='bbox 476 1248 669 1318; x_wconf 40' lang='grc' dir='ltr'>Βίων</span> <span class='ocrx_word' id='word_1_80' title='bbox 712 1286 727 1300; x_wconf 92' lang='grc'><strong>.</strong></span> <span class='ocrx_word' id='word_1_81' title='bbox 889 1242 986 1300; x_wconf 87' lang='lat' dir='ltr'><strong>ha-</strong></span> <span class='ocrx_word' id='word_1_82' title='bbox 1053 1242 1212 1318; x_wconf 29' lang='lat' dir='ltr'><strong>am‘in</strong></span> <span class='ocrx_word' id='word_1_83' title='bbox 1244 1242 1395 1318; x_wconf 74' lang='lat' dir='ltr'><strong>iouis</strong></span> 
     </span>
    </p>
   </div>
   <div class='ocr_carea' id='block_1_19' title="bbox 241 1314 1563 1384">
    <p class='ocr_par' dir='ltr' id='par_1_19' title="bbox 241 1314 1563 1384">
     <span class='ocr_line' id='line_1_19' title="bbox 241 1314 1563 1384; baseline -0.001 -12"><span class='ocrx_word' id='word_1_84' title='bbox 241 1314 509 1384; x_wconf 85' lang='lat' dir='ltr'><strong>nanaeus,</strong></span> <span class='ocrx_word' id='word_1_85' title='bbox 533 1325 588 1371; x_wconf 91' lang='lat' dir='ltr'><strong>ct</strong></span> <span class='ocrx_word' id='word_1_86' title='bbox 612 1315 705 1372; x_wconf 71' lang='grc' dir='ltr'><strong>ιη-</strong></span> <span class='ocrx_word' id='word_1_87' title='bbox 1058 1314 1145 1371; x_wconf 81' lang='grc'><strong>10.</strong></span> <span class='ocrx_word' id='word_1_88' title='bbox 1186 1314 1381 1371; x_wconf 79' lang='lat' dir='ltr'><strong>vestris</strong></span> <span class='ocrx_word' id='word_1_89' title='bbox 1413 1332 1426 1369; x_wconf 89' lang='lat'><strong>:</strong></span> <span class='ocrx_word' id='word_1_90' title='bbox 1457 1330 1563 1371; x_wconf 93' lang='lat' dir='ltr'><strong>non</strong></span> 
     </span>
    </p>
   </div>
   <div class='ocr_carea' id='block_1_20' title="bbox 240 1385 1521 1454">
    <p class='ocr_par' dir='ltr' id='par_1_20' title="bbox 240 1385 1521 1454">
     <span class='ocr_line' id='line_1_20' title="bbox 240 1385 1521 1454; baseline -0.003 -11"><span class='ocrx_word' id='word_1_91' title='bbox 240 1388 293 1443; x_wconf 88' lang='lat' dir='ltr'><strong>d.</strong></span> <span class='ocrx_word' id='word_1_92' title='bbox 339 1427 353 1442; x_wconf 91' lang='lat'><strong>.</strong></span> <span class='ocrx_word' id='word_1_93' title='bbox 397 1427 411 1442; x_wconf 94' lang='lat'><strong>.</strong></span> <span class='ocrx_word' id='word_1_94' title='bbox 455 1424 469 1440; x_wconf 92' lang='lat'><strong>.</strong></span> <span class='ocrx_word' id='word_1_95' title='bbox 514 1430 525 1443; x_wconf 97' lang='lat'><strong>.</strong></span> <span class='ocrx_word' id='word_1_96' title='bbox 573 1427 585 1440; x_wconf 93' lang='lat'><strong>.</strong></span> <span class='ocrx_word' id='word_1_97' title='bbox 626 1385 802 1454; x_wconf 89' lang='lat' dir='ltr'><strong>rioth,</strong></span> <span class='ocrx_word' id='word_1_98' title='bbox 1054 1399 1233 1454; x_wconf 88' lang='lat' dir='ltr'><strong>peram</strong></span> <span class='ocrx_word' id='word_1_99' title='bbox 1268 1388 1318 1439; x_wconf 93' lang='lat' dir='ltr'><strong>in</strong></span> <span class='ocrx_word' id='word_1_100' title='bbox 1346 1386 1521 1453; x_wconf 84' lang='lat' dir='ltr'><strong>viam,</strong></span> 
     </span>
    </p>
   </div>
   <div class='ocr_carea' id='block_1_21' title="bbox 245 1456 1506 1537">
    <p class='ocr_par' dir='ltr' id='par_1_21' title="bbox 245 1456 1506 1537">
     <span class='ocr_line' id='line_1_21' title="bbox 245 1456 1506 1537; baseline 0 -26"><span class='ocrx_word' id='word_1_101' title='bbox 245 1497 258 1511; x_wconf 96' lang='lat'><strong>.</strong></span> <span class='ocrx_word' id='word_1_102' title='bbox 304 1498 317 1511; x_wconf 93' lang='lat'><strong>.</strong></span> <span class='ocrx_word' id='word_1_103' title='bbox 357 1458 411 1513; x_wconf 88' lang='lat' dir='ltr'><strong>ui</strong></span> <span class='ocrx_word' id='word_1_104' title='bbox 438 1464 493 1513; x_wconf 87' lang='lat' dir='ltr'><strong>et</strong></span> <span class='ocrx_word' id='word_1_105' title='bbox 515 1456 731 1512; x_wconf 89' lang='lat' dir='ltr'><strong>tradidit</strong></span> <span class='ocrx_word' id='word_1_106' title='bbox 837 1474 842 1481; x_wconf 67' lang='grc' dir='ltr'><strong><em>π</em></strong></span> <span class='ocrx_word' id='word_1_107' title='bbox 1056 1470 1233 1537; x_wconf 78' lang='lat' dir='ltr'><strong>neque</strong></span> <span class='ocrx_word' id='word_1_108' title='bbox 1258 1456 1392 1511; x_wconf 87' lang='lat' dir='ltr'><strong>duas</strong></span> <span class='ocrx_word' id='word_1_109' title='bbox 1416 1464 1506 1511; x_wconf 88' lang='lat' dir='ltr'><strong>tu-</strong></span> 
     </span>
    </p>
   </div>
   <div class='ocr_carea' id='block_1_22' title="bbox 240 1540 1432 1595">
    <p class='ocr_par' dir='ltr' id='par_1_22' title="bbox 240 1540 1432 1595">
     <span class='ocr_line' id='line_1_22' title="bbox 240 1540 1432 1595; baseline -0.003 -12"><span class='ocrx_word' id='word_1_110' title='bbox 240 1543 384 1583; x_wconf 90' lang='lat' dir='ltr'><strong>eum.</strong></span> <span class='ocrx_word' id='word_1_111' title='bbox 1056 1540 1203 1581; x_wconf 83' lang='lat' dir='ltr'><strong>nicas</strong></span> <span class='ocrx_word' id='word_1_112' title='bbox 1217 1566 1231 1588; x_wconf 88' lang='lat'><strong>.</strong></span> <span class='ocrx_word' id='word_1_113' title='bbox 1261 1541 1432 1595; x_wconf 84' lang='lat' dir='ltr'><strong>neque</strong></span> 
     </span>
    </p>
   </div>
   <div class='ocr_carea' id='block_1_23' title="bbox 1054 1595 1441 1663">
    <p class='ocr_par' dir='ltr' id='par_1_23' title="bbox 1054 1595 1441 1663">
     <span class='ocr_line' id='line_1_23' title="bbox 1054 1595 1441 1663; baseline -0.005 -12"><span class='ocrx_word' id='word_1_114' title='bbox 1054 1595 1400 1651; x_wconf 82' lang='lat' dir='ltr'><strong>calciamenta</strong></span> <span class='ocrx_word' id='word_1_115' title='bbox 1426 1638 1441 1663; x_wconf 89' lang='lat'><strong>,</strong></span> 
     </span>
    </p>
   </div>
   <div class='ocr_carea' id='block_1_24' title="bbox 1051 1667 1429 1737">
    <p class='ocr_par' dir='ltr' id='par_1_24' title="bbox 1051 1667 1429 1737">
     <span class='ocr_line' id='line_1_24' title="bbox 1051 1667 1429 1737; baseline -0.003 -15"><span class='ocrx_word' id='word_1_116' title='bbox 1051 1681 1224 1737; x_wconf 89' lang='lat' dir='ltr'><strong>neque</strong></span> <span class='ocrx_word' id='word_1_117' title='bbox 1252 1667 1429 1737; x_wconf 85' lang='lat' dir='ltr'><strong>virgas</strong></span> 
     </span>
    </p>
   </div>
   <div class='ocr_carea' id='block_1_25' title="bbox 1051 1736 1386 1791">
    <p class='ocr_par' dir='ltr' id='par_1_25' title="bbox 1051 1736 1386 1791">
     <span class='ocr_line' id='line_1_25' title="bbox 1051 1736 1386 1791; baseline 0 -1"><span class='ocrx_word' id='word_1_118' title='bbox 1051 1736 1105 1790; x_wconf 89' lang='lat' dir='ltr'><strong>in</strong></span> <span class='ocrx_word' id='word_1_119' title='bbox 1140 1736 1386 1791; x_wconf 76' lang='lat' dir='ltr'><strong>inanibus</strong></span> 
     </span>
    </p>
   </div>
   <div class='ocr_carea' id='block_1_26' title="bbox 1052 1800 1511 1876">
    <p class='ocr_par' dir='ltr' id='par_1_26' title="bbox 1052 1800 1511 1876">
     <span class='ocr_line' id='line_1_26' title="bbox 1052 1800 1511 1876; baseline -0.007 -15"><span class='ocrx_word' id='word_1_120' title='bbox 1052 1807 1245 1862; x_wconf 82' lang='lat' dir='ltr'><strong>vestris</strong></span> <span class='ocrx_word' id='word_1_121' title='bbox 1273 1824 1286 1859; x_wconf 91' lang='lat'><strong>:</strong></span> <span class='ocrx_word' id='word_1_122' title='bbox 1316 1800 1511 1876; x_wconf 89' lang='lat' dir='ltr'><strong>dignus</strong></span> 
     </span>
    </p>
   </div>
   <div class='ocr_carea' id='block_1_27' title="bbox 1052 1878 1524 1945">
    <p class='ocr_par' dir='ltr' id='par_1_27' title="bbox 1052 1878 1524 1945">
     <span class='ocr_line' id='line_1_27' title="bbox 1052 1878 1524 1945; baseline -0.008 -12"><span class='ocrx_word' id='word_1_123' title='bbox 1052 1884 1137 1933; x_wconf 87' lang='lat' dir='ltr'><strong>est</strong></span> <span class='ocrx_word' id='word_1_124' title='bbox 1164 1878 1304 1932; x_wconf 91' lang='lat' dir='ltr'><strong>euim</strong></span> <span class='ocrx_word' id='word_1_125' title='bbox 1333 1890 1524 1945; x_wconf 86' lang='lat' dir='ltr'><strong>opera—</strong></span> 
     </span>
    </p>
   </div>
   <div class='ocr_carea' id='block_1_28' title="bbox 1054 1944 1660 2018">
    <p class='ocr_par' dir='ltr' id='par_1_28' title="bbox 1054 1944 1660 2018">
     <span class='ocr_line' id='line_1_28' title="bbox 1054 1944 1660 2018; baseline -0.01 -15"><span class='ocrx_word' id='word_1_126' title='bbox 1054 1949 1168 2003; x_wconf 89' lang='lat' dir='ltr'><strong>rius</strong></span> <span class='ocrx_word' id='word_1_127' title='bbox 1193 1945 1266 2018; x_wconf 79' lang='grc' dir='ltr'><strong>(ο)</strong></span> <span class='ocrx_word' id='word_1_128' title='bbox 1297 1944 1596 2001; x_wconf 82' lang='lat' dir='ltr'><strong>mercedem</strong></span> <span class='ocrx_word' id='word_1_129' title='bbox 1620 1944 1660 2014; x_wconf 73' lang='lat'><strong>1-</strong></span> 
     </span>
    </p>
   </div>
   <div class='ocr_carea' id='block_1_29' title="bbox 1056 2031 1683 2081">
    <p class='ocr_par' dir='ltr' id='par_1_29' title="bbox 1056 2031 1683 2081">
     <span class='ocr_line' id='line_1_29' title="bbox 1056 2031 1683 2081; baseline -0.006 -9"><span class='ocrx_word' id='word_1_130' title='bbox 1056 2031 1228 2072; x_wconf 88' lang='lat' dir='ltr'><strong>suam.</strong></span> <span class='ocrx_word' id='word_1_131' title='bbox 1680 2078 1683 2081; x_wconf 95' lang='lat'><em>_</em></span> 
     </span>
    </p>
   </div>
   <div class='ocr_carea' id='block_1_30' title="bbox 1059 2084 1701 2154">
    <p class='ocr_par' dir='ltr' id='par_1_30' title="bbox 1059 2084 1701 2154">
     <span class='ocr_line' id='line_1_30' title="bbox 1059 2084 1701 2154; baseline -0.006 -12"><span class='ocrx_word' id='word_1_132' title='bbox 1059 2088 1146 2142; x_wconf 77' lang='grc'><strong>11.</strong></span> <span class='ocrx_word' id='word_1_133' title='bbox 1188 2086 1244 2141; x_wconf 85' lang='lat' dir='ltr'><strong>lu</strong></span> <span class='ocrx_word' id='word_1_134' title='bbox 1271 2100 1602 2154; x_wconf 64' lang='lat' dir='ltr'><strong>quacumque</strong></span> <span class='ocrx_word' id='word_1_135' title='bbox 1630 2084 1701 2138; x_wconf 71' lang='grc' dir='ltr'><strong>(εἰ⁴</strong></span> 
     </span>
    </p>
   </div>
   <div class='ocr_carea' id='block_1_31' title="bbox 1056 2157 1473 2210">
    <p class='ocr_par' dir='ltr' id='par_1_31' title="bbox 1056 2157 1473 2210">
     <span class='ocr_line' id='line_1_31' title="bbox 1056 2157 1473 2210; baseline -0.002 -1"><span class='ocrx_word' id='word_1_136' title='bbox 1056 2158 1273 2210; x_wconf 84' lang='lat' dir='ltr'><strong>vitatem</strong></span> <span class='ocrx_word' id='word_1_137' title='bbox 1302 2157 1473 2209; x_wconf 87' lang='lat' dir='ltr'><strong>intra-</strong></span> 
     </span>
    </p>
   </div>
   <div class='ocr_carea' id='block_1_32' title="bbox 1053 2224 1466 2291">
    <p class='ocr_par' dir='ltr' id='par_1_32' title="bbox 1053 2224 1466 2291">
     <span class='ocr_line' id='line_1_32' title="bbox 1053 2224 1466 2291; baseline -0.005 -12"><span class='ocrx_word' id='word_1_138' title='bbox 1053 2226 1260 2291; x_wconf 87' lang='lat' dir='ltr'><strong>veritis,</strong></span> <span class='ocrx_word' id='word_1_139' title='bbox 1292 2224 1466 2278; x_wconf 87' lang='lat' dir='ltr'><strong>inter-</strong></span> 
     </span>
    </p>
   </div>
   <div class='ocr_carea' id='block_1_33' title="bbox 238 1596 732 1653">
    <p class='ocr_par' dir='ltr' id='par_1_33' title="bbox 238 1596 732 1653">
     <span class='ocr_line' id='line_1_33' title="bbox 238 1596 732 1653; baseline -0.004 0"><span class='ocrx_word' id='word_1_140' title='bbox 238 1598 294 1653; x_wconf 78' lang='lat'><strong>5.</strong></span> <span class='ocrx_word' id='word_1_141' title='bbox 335 1597 441 1653; x_wconf 89' lang='lat' dir='ltr'><strong>Hos</strong></span> <span class='ocrx_word' id='word_1_142' title='bbox 469 1612 562 1651; x_wconf 80' lang='lat' dir='ltr'><strong>xu.</strong></span> <span class='ocrx_word' id='word_1_143' title='bbox 588 1596 732 1651; x_wconf 84' lang='lat' dir='ltr'><strong>misit</strong></span> 
     </span>
    </p>
   </div>
   <div class='ocr_carea' id='block_1_34' title="bbox 236 1667 702 1736">
    <p class='ocr_par' dir='ltr' id='par_1_34' title="bbox 236 1667 702 1736">
     <span class='ocr_line' id='line_1_34' title="bbox 236 1667 702 1736; baseline -0.004 -13"><span class='ocrx_word' id='word_1_144' title='bbox 236 1667 420 1733; x_wconf 81' lang='lat' dir='ltr'><strong>Jesus;</strong></span> <span class='ocrx_word' id='word_1_145' title='bbox 443 1667 702 1736; x_wconf 89' lang='lat' dir='ltr'><strong>praecipi-</strong></span> 
     </span>
    </p>
   </div>
   <div class='ocr_carea' id='block_1_35' title="bbox 237 1734 978 1862">
    <p class='ocr_par' dir='ltr' id='par_1_35' title="bbox 237 1734 978 1862">
     <span class='ocr_line' id='line_1_35' title="bbox 237 1734 978 1862; baseline -0.005 -68"><span class='ocrx_word' id='word_1_146' title='bbox 237 1753 334 1794; x_wconf 89' lang='lat' dir='ltr'><strong>ens</strong></span> <span class='ocrx_word' id='word_1_147' title='bbox 360 1734 581 1862; x_wconf 33' lang='grc' dir='ltr'><strong>Ἑώῡ)</strong></span> <span class='ocrx_word' id='word_1_148' title='bbox 610 1734 666 1826; x_wconf 84' lang='lat' dir='ltr'><strong>et</strong></span> <span class='ocrx_word' id='word_1_149' title='bbox 689 1735 731 1807; x_wconf 76' lang='grc' dir='ltr'><strong>-ι-</strong></span> <span class='ocrx_word' id='word_1_150' title='bbox 757 1734 978 1825; x_wconf 87' lang='lat' dir='ltr'><strong>dicens:</strong></span> 
     </span>
    </p>
   </div>
   <div class='ocr_carea' id='block_1_36' title="bbox 400 1823 949 1861">
    <p class='ocr_par' dir='ltr' id='par_1_36' title="bbox 400 1823 949 1861">
     <span class='ocr_line' id='line_1_36' title="bbox 400 1823 949 1861; baseline -0.002 0"><span class='ocrx_word' id='word_1_151' title='bbox 400 1824 535 1861; x_wconf 72' lang='lat' dir='ltr'><strong>HVI-</strong></span> <span class='ocrx_word' id='word_1_152' title='bbox 618 1823 621 1826; x_wconf 81' lang='grc'><em>’</em></span> <span class='ocrx_word' id='word_1_153' title='bbox 946 1824 949 1825; x_wconf 58' lang='grc'><strong><em>⁷</em></strong></span> 
     </span>
    </p>
   </div>
   <div class='ocr_carea' id='block_1_37' title="bbox 235 1878 584 1948">
    <p class='ocr_par' dir='ltr' id='par_1_37' title="bbox 235 1878 584 1948">
     <span class='ocr_line' id='line_1_37' title="bbox 235 1878 584 1948; baseline 0.003 -17"><span class='ocrx_word' id='word_1_154' title='bbox 235 1891 321 1932; x_wconf 90' lang='lat' dir='ltr'><strong>am</strong></span> <span class='ocrx_word' id='word_1_155' title='bbox 350 1878 584 1948; x_wconf 84' lang='lat' dir='ltr'><strong>gentium</strong></span> 
     </span>
    </p>
   </div>
   <div class='ocr_carea' id='block_1_38' title="bbox 236 1948 608 2011">
    <p class='ocr_par' dir='ltr' id='par_1_38' title="bbox 236 1948 608 2011">
     <span class='ocr_line' id='line_1_38' title="bbox 236 1948 608 2011; baseline -0.005 -8"><span class='ocrx_word' id='word_1_156' title='bbox 236 1963 309 2003; x_wconf 85' lang='lat' dir='ltr'><strong>ne</strong></span> <span class='ocrx_word' id='word_1_157' title='bbox 336 1948 574 2003; x_wconf 89' lang='lat' dir='ltr'><strong>abieritis</strong></span> <span class='ocrx_word' id='word_1_158' title='bbox 593 1989 608 2011; x_wconf 85' lang='lat'><strong>,</strong></span> 
     </span>
    </p>
   </div>
   <div class='ocr_carea' id='block_1_39' title="bbox 233 2018 633 2073">
    <p class='ocr_par' dir='ltr' id='par_1_39' title="bbox 233 2018 633 2073">
     <span class='ocr_line' id='line_1_39' title="bbox 233 2018 633 2073; baseline 0 0"><span class='ocrx_word' id='word_1_159' title='bbox 233 2027 291 2073; x_wconf 90' lang='lat' dir='ltr'><strong>et</strong></span> <span class='ocrx_word' id='word_1_160' title='bbox 320 2018 372 2071; x_wconf 87' lang='lat' dir='ltr'><strong>itt</strong></span> <span class='ocrx_word' id='word_1_161' title='bbox 401 2018 633 2073; x_wconf 87' lang='lat' dir='ltr'><strong>civitati-</strong></span> 
     </span>
    </p>
   </div>
   <div class='ocr_carea' id='block_1_40' title="bbox 234 2088 647 2143">
    <p class='ocr_par' dir='ltr' id='par_1_40' title="bbox 234 2088 647 2143">
     <span class='ocr_line' id='line_1_40' title="bbox 234 2088 647 2143; baseline 0 0"><span class='ocrx_word' id='word_1_162' title='bbox 234 2088 337 2143; x_wconf 85' lang='lat' dir='ltr'><strong>bus</strong></span> <span class='ocrx_word' id='word_1_163' title='bbox 367 2089 647 2143; x_wconf 81' lang='lat' dir='ltr'><strong>Samarita-</strong></span> 
     </span>
    </p>
   </div>
   <div class='ocr_carea' id='block_1_41' title="bbox 234 2158 627 2212">
    <p class='ocr_par' dir='ltr' id='par_1_41' title="bbox 234 2158 627 2212">
     <span class='ocr_line' id='line_1_41' title="bbox 234 2158 627 2212; baseline 0.003 -1"><span class='ocrx_word' id='word_1_164' title='bbox 234 2174 427 2212; x_wconf 82' lang='lat' dir='ltr'><strong>norum</strong></span> <span class='ocrx_word' id='word_1_165' title='bbox 451 2175 516 2212; x_wconf 88' lang='lat' dir='ltr'><strong>ne</strong></span> <span class='ocrx_word' id='word_1_166' title='bbox 544 2158 627 2212; x_wconf 85' lang='lat' dir='ltr'><strong>in-</strong></span> 
     </span>
    </p>
   </div>
   <div class='ocr_carea' id='block_1_42' title="bbox 232 2225 767 2283">
    <p class='ocr_par' dir='ltr' id='par_1_42' title="bbox 232 2225 767 2283">
     <span class='ocr_line' id='line_1_42' title="bbox 232 2225 767 2283; baseline -0.004 -1"><span class='ocrx_word' id='word_1_167' title='bbox 232 2227 290 2282; x_wconf 89' lang='lat'><strong>6.</strong></span> <span class='ocrx_word' id='word_1_168' title='bbox 333 2228 597 2283; x_wconf 88' lang='lat' dir='ltr'><strong>traveritis</strong></span> <span class='ocrx_word' id='word_1_169' title='bbox 627 2244 641 2280; x_wconf 87' lang='lat'><strong>:</strong></span> <span class='ocrx_word' id='word_1_170' title='bbox 669 2225 767 2281; x_wconf 90' lang='lat' dir='ltr'><strong>sed</strong></span> 
     </span>
    </p>
   </div>
   <div class='ocr_carea' id='block_1_43' title="bbox 234 2294 1492 2367">
    <p class='ocr_par' dir='ltr' id='par_1_43' title="bbox 234 2294 1492 2367">
     <span class='ocr_line' id='line_1_43' title="bbox 234 2294 1492 2367; baseline -0.003 -16"><span class='ocrx_word' id='word_1_171' title='bbox 234 2299 414 2367; x_wconf 87' lang='lat' dir='ltr'><strong>potius</strong></span> <span class='ocrx_word' id='word_1_172' title='bbox 452 2298 523 2351; x_wconf 88' lang='lat' dir='ltr'><strong>ite</strong></span> <span class='ocrx_word' id='word_1_173' title='bbox 549 2296 615 2350; x_wconf 92' lang='lat' dir='ltr'><strong>ad</strong></span> <span class='ocrx_word' id='word_1_174' title='bbox 646 2310 706 2351; x_wconf 94' lang='lat' dir='ltr'><strong>o—</strong></span> <span class='ocrx_word' id='word_1_175' title='bbox 1056 2306 1262 2363; x_wconf 86' lang='lat' dir='ltr'><strong>rogate,</strong></span> <span class='ocrx_word' id='word_1_176' title='bbox 1295 2294 1413 2363; x_wconf 87' lang='lat' dir='ltr'><strong>quis</strong></span> <span class='ocrx_word' id='word_1_177' title='bbox 1440 2294 1492 2347; x_wconf 89' lang='lat' dir='ltr'><strong>in</strong></span> 
     </span>
    </p>
   </div>
   <div class='ocr_carea' id='block_1_44' title="bbox 231 2367 1619 2437">
    <p class='ocr_par' dir='ltr' id='par_1_44' title="bbox 231 2367 1619 2437">
     <span class='ocr_line' id='line_1_44' title="bbox 231 2367 1619 2437; baseline -0.004 -16"><span class='ocrx_word' id='word_1_178' title='bbox 231 2382 333 2423; x_wconf 85' lang='lat' dir='ltr'><strong>ves</strong></span> <span class='ocrx_word' id='word_1_179' title='bbox 360 2367 592 2437; x_wconf 76' lang='lat' dir='ltr'><strong>perditas</strong></span> <span class='ocrx_word' id='word_1_180' title='bbox 1054 2380 1171 2437; x_wconf 84' lang='lat' dir='ltr'><strong>ea.</strong></span> <span class='ocrx_word' id='word_1_181' title='bbox 1217 2404 1230 2418; x_wconf 95' lang='lat'><strong>.</strong></span> <span class='ocrx_word' id='word_1_182' title='bbox 1278 2405 1289 2419; x_wconf 94' lang='lat'><strong>.</strong></span> <span class='ocrx_word' id='word_1_183' title='bbox 1332 2379 1467 2433; x_wconf 90' lang='lat' dir='ltr'><strong>gnus</strong></span> <span class='ocrx_word' id='word_1_184' title='bbox 1492 2372 1572 2418; x_wconf 91' lang='lat' dir='ltr'><strong>est</strong></span> <span class='ocrx_word' id='word_1_185' title='bbox 1607 2381 1619 2414; x_wconf 92' lang='lat'><strong>:</strong></span> 
     </span>
    </p>
   </div>
   <div class='ocr_carea' id='block_1_45' title="bbox 233 2435 1444 2493">
    <p class='ocr_par' dir='ltr' id='par_1_45' title="bbox 233 2435 1444 2493">
     <span class='ocr_line' id='line_1_45' title="bbox 233 2435 1444 2493; baseline -0.005 0"><span class='ocrx_word' id='word_1_186' title='bbox 233 2435 430 2493; x_wconf 86' lang='lat' dir='ltr'><strong>domus</strong></span> <span class='ocrx_word' id='word_1_187' title='bbox 452 2435 617 2490; x_wconf 86' lang='lat' dir='ltr'><strong>Istra-</strong></span> <span class='ocrx_word' id='word_1_188' title='bbox 1053 2444 1109 2490; x_wconf 91' lang='lat' dir='ltr'><strong>et</strong></span> <span class='ocrx_word' id='word_1_189' title='bbox 1134 2436 1205 2489; x_wconf 87' lang='lat' dir='ltr'><strong>ibi</strong></span> <span class='ocrx_word' id='word_1_190' title='bbox 1234 2442 1444 2488; x_wconf 88' lang='lat' dir='ltr'><strong>manete</strong></span> 
     </span>
    </p>
   </div>
   <div class='ocr_carea' id='block_1_46' title="bbox 236 2504 1477 2563">
    <p class='ocr_par' dir='ltr' id='par_1_46' title="bbox 236 2504 1477 2563">
     <span class='ocr_line' id='line_1_46' title="bbox 236 2504 1477 2563; baseline -0.005 0"><span class='ocrx_word' id='word_1_191' title='bbox 236 2508 293 2563; x_wconf 90' lang='lat'><strong>7.</strong></span> <span class='ocrx_word' id='word_1_192' title='bbox 337 2507 444 2561; x_wconf 85' lang='lat' dir='ltr'><strong>hel.</strong></span> <span class='ocrx_word' id='word_1_193' title='bbox 470 2505 674 2562; x_wconf 86' lang='lat' dir='ltr'><strong>Euntes</strong></span> <span class='ocrx_word' id='word_1_194' title='bbox 701 2518 795 2561; x_wconf 87' lang='lat' dir='ltr'><strong>au-</strong></span> <span class='ocrx_word' id='word_1_195' title='bbox 1053 2505 1227 2560; x_wconf 86' lang='lat' dir='ltr'><strong>donec</strong></span> <span class='ocrx_word' id='word_1_196' title='bbox 1251 2504 1477 2559; x_wconf 77' lang='lat' dir='ltr'><strong>exeatis.</strong></span> 
     </span>
    </p>
   </div>
   <div class='ocr_carea' id='block_1_47' title="bbox 237 2575 1660 2646">
    <p class='ocr_par' dir='ltr' id='par_1_47' title="bbox 237 2575 1660 2646">
     <span class='ocr_line' id='line_1_47' title="bbox 237 2575 1660 2646; baseline -0.004 -12"><span class='ocrx_word' id='word_1_197' title='bbox 237 2589 349 2634; x_wconf 91' lang='lat' dir='ltr'><strong>tem</strong></span> <span class='ocrx_word' id='word_1_198' title='bbox 389 2576 665 2646; x_wconf 88' lang='lat' dir='ltr'><strong>praedica—</strong></span> <span class='ocrx_word' id='word_1_199' title='bbox 1023 2575 1447 2646; x_wconf 9' lang='lat' dir='ltr'><strong>‘12.,lntranles</strong></span> <span class='ocrx_word' id='word_1_200' title='bbox 1487 2582 1660 2629; x_wconf 89' lang='lat' dir='ltr'><strong>autem</strong></span> 
     </span>
    </p>
   </div>
   <div class='ocr_carea' id='block_1_48' title="bbox 236 2645 1498 2715">
    <p class='ocr_par' dir='ltr' id='par_1_48' title="bbox 236 2645 1498 2715">
     <span class='ocr_line' id='line_1_48' title="bbox 236 2645 1498 2715; baseline -0.006 -12"><span class='ocrx_word' id='word_1_201' title='bbox 236 2658 318 2715; x_wconf 88' lang='lat' dir='ltr'><strong>te,</strong></span> <span class='ocrx_word' id='word_1_202' title='bbox 347 2645 585 2703; x_wconf 78' lang='lat' dir='ltr'><strong>dicentes</strong></span> <span class='ocrx_word' id='word_1_203' title='bbox 610 2664 623 2700; x_wconf 87' lang='lat'><strong>:</strong></span> <span class='ocrx_word' id='word_1_204' title='bbox 652 2646 786 2714; x_wconf 86' lang='lat' dir='ltr'><strong>Quia</strong></span> <span class='ocrx_word' id='word_1_205' title='bbox 1057 2646 1110 2700; x_wconf 93' lang='lat' dir='ltr'><strong>in</strong></span> <span class='ocrx_word' id='word_1_206' title='bbox 1134 2645 1351 2700; x_wconf 90' lang='lat' dir='ltr'><strong>domum</strong></span> <span class='ocrx_word' id='word_1_207' title='bbox 1370 2687 1384 2711; x_wconf 90' lang='lat'><strong>,</strong></span> <span class='ocrx_word' id='word_1_208' title='bbox 1412 2659 1498 2715; x_wconf 81' lang='lat' dir='ltr'><strong>sa-</strong></span> 
     </span>
    </p>
   </div>
   <div class='ocr_carea' id='block_1_49' title="bbox 236 2713 1477 2788">
    <p class='ocr_par' dir='ltr' id='par_1_49' title="bbox 236 2713 1477 2788">
     <span class='ocr_line' id='line_1_49' title="bbox 236 2713 1477 2788; baseline -0.013 -4"><span class='ocrx_word' id='word_1_209' title='bbox 236 2713 635 2788; x_wconf 75' lang='lat' dir='ltr'><strong>adpropinqua-</strong></span> <span class='ocrx_word' id='word_1_210' title='bbox 680 2713 692 2714; x_wconf 31' lang='grc' dir='ltr'>ί</span> <span class='ocrx_word' id='word_1_211' title='bbox 1056 2716 1225 2771; x_wconf 84' lang='lat' dir='ltr'><strong>lutale</strong></span> <span class='ocrx_word' id='word_1_212' title='bbox 1251 2731 1370 2788; x_wconf 75' lang='lat' dir='ltr'><strong>eam</strong></span> <span class='ocrx_word' id='word_1_213' title='bbox 1394 2713 1477 2788; x_wconf 41' lang='lat' dir='ltr'><strong>di:-</strong></span> 
     </span>
    </p>
   </div>
   <div class='ocr_carea' id='block_1_50' title="bbox 235 2784 1581 2857">
    <p class='ocr_par' dir='ltr' id='par_1_50' title="bbox 235 2784 1581 2857">
     <span class='ocr_line' id='line_1_50' title="bbox 235 2784 1581 2857; baseline -0.004 -14"><span class='ocrx_word' id='word_1_214' title='bbox 235 2784 562 2857; x_wconf 53' lang='lat' dir='ltr'><strong>vit&#39;reg&#39;num</strong></span> <span class='ocrx_word' id='word_1_215' title='bbox 662 2856 665 2857; x_wconf 17' lang='grc' dir='ltr'><em>ν</em></span> <span class='ocrx_word' id='word_1_216' title='bbox 1059 2796 1241 2842; x_wconf 85' lang='lat' dir='ltr'><strong>centes</strong></span> <span class='ocrx_word' id='word_1_217' title='bbox 1272 2807 1283 2838; x_wconf 89' lang='lat'><strong>:</strong></span> <span class='ocrx_word' id='word_1_218' title='bbox 1316 2784 1581 2857; x_wconf 22' lang='lat' dir='ltr'><strong>Paxihuic</strong></span> 
     </span>
    </p>
   </div>
   <div class='ocr_carea' id='block_1_51' title="bbox 237 2852 1700 2921">
    <p class='ocr_par' dir='ltr' id='par_1_51' title="bbox 237 2852 1700 2921">
     <span class='ocr_line' id='line_1_51' title="bbox 237 2852 1700 2921; baseline -0.005 -6"><span class='ocrx_word' id='word_1_219' title='bbox 237 2860 297 2915; x_wconf 90' lang='lat'><strong>8.</strong></span> <span class='ocrx_word' id='word_1_220' title='bbox 339 2852 629 2913; x_wconf 77' lang='lat' dir='ltr'><strong>caelorum.</strong></span> <span class='ocrx_word' id='word_1_221' title='bbox 658 2856 747 2912; x_wconf 86' lang='lat' dir='ltr'><strong>ln-</strong></span> <span class='ocrx_word' id='word_1_222' title='bbox 1064 2858 1149 2914; x_wconf 76' lang='grc'><strong>15.</strong></span> <span class='ocrx_word' id='word_1_223' title='bbox 1190 2856 1491 2921; x_wconf 72' lang='grc' dir='ltr'><strong>ἀοιηυὶ.Ει</strong></span> <span class='ocrx_word' id='word_1_224' title='bbox 1521 2855 1566 2911; x_wconf 92' lang='lat' dir='ltr'><strong>si</strong></span> <span class='ocrx_word' id='word_1_225' title='bbox 1588 2852 1700 2909; x_wconf 84' lang='lat' dir='ltr'><strong>fue-</strong></span> 
     </span>
    </p>
   </div>
   <div class='ocr_carea' id='block_1_52' title="bbox 240 2924 1471 2985">
    <p class='ocr_par' dir='ltr' id='par_1_52' title="bbox 240 2924 1471 2985">
     <span class='ocr_line' id='line_1_52' title="bbox 240 2924 1471 2985; baseline -0.006 0"><span class='ocrx_word' id='word_1_226' title='bbox 240 2929 431 2985; x_wconf 78' lang='lat' dir='ltr'><strong>ﬁrmos</strong></span> <span class='ocrx_word' id='word_1_227' title='bbox 455 2938 615 2985; x_wconf 63' lang='lat' dir='ltr'><strong>curaa‘</strong></span> <span class='ocrx_word' id='word_1_228' title='bbox 640 2962 647 2969; x_wconf 73' lang='lat'><strong><em>~</em></strong></span> <span class='ocrx_word' id='word_1_229' title='bbox 1062 2930 1134 2981; x_wconf 88' lang='lat' dir='ltr'><strong>rit</strong></span> <span class='ocrx_word' id='word_1_230' title='bbox 1160 2926 1354 2982; x_wconf 89' lang='lat' dir='ltr'><strong>domus</strong></span> <span class='ocrx_word' id='word_1_231' title='bbox 1382 2924 1471 2981; x_wconf 90' lang='lat' dir='ltr'><strong>illa</strong></span> 
     </span>
    </p>
   </div>
   <div class='ocr_carea' id='block_1_53' title="bbox 665 3037 1382 3097">
    <p class='ocr_par' dir='ltr' id='par_1_53' title="bbox 665 3037 1382 3097">
     <span class='ocr_line' id='line_1_53' title="bbox 665 3037 1382 3097; baseline -0.003 -2"><span class='ocrx_word' id='word_1_232' title='bbox 665 3039 896 3095; x_wconf 77' lang='lat' dir='ltr'><strong>CODEX</strong></span> <span class='ocrx_word' id='word_1_233' title='bbox 918 3037 1382 3097; x_wconf 81' lang='lat' dir='ltr'><strong>COBBEIENSIS.</strong></span> 
     </span>
    </p>
   </div>
   <div class='ocr_carea' id='block_1_54' title="bbox 241 3131 1810 3203">
    <p class='ocr_par' dir='ltr' id='par_1_54' title="bbox 241 3131 1810 3203">
     <span class='ocr_line' id='line_1_54' title="bbox 241 3131 1810 3203; baseline -0.004 -12"><span class='ocrx_word' id='word_1_234' title='bbox 241 3137 414 3192; x_wconf 82' lang='lat' dir='ltr'><strong>frater</strong></span> <span class='ocrx_word' id='word_1_235' title='bbox 434 3134 569 3203; x_wconf 86' lang='lat' dir='ltr'><strong>ejus.</strong></span> <span class='ocrx_word' id='word_1_236' title='bbox 591 3132 820 3188; x_wconf 77' lang='lat' dir='ltr'><strong>Iacobus</strong></span> <span class='ocrx_word' id='word_1_237' title='bbox 842 3132 1121 3199; x_wconf 90' lang='lat' dir='ltr'><strong>Zebedaei,</strong></span> <span class='ocrx_word' id='word_1_238' title='bbox 1144 3144 1191 3187; x_wconf 94' lang='lat' dir='ltr'><strong>et</strong></span> <span class='ocrx_word' id='word_1_239' title='bbox 1210 3134 1483 3189; x_wconf 85' lang='lat' dir='ltr'><strong>Johaunes</strong></span> <span class='ocrx_word' id='word_1_240' title='bbox 1497 3132 1660 3187; x_wconf 81' lang='lat' dir='ltr'><strong>frater</strong></span> <span class='ocrx_word' id='word_1_241' title='bbox 1677 3131 1810 3200; x_wconf 87' lang='lat' dir='ltr'><strong>ejus,</strong></span> 
     </span>
    </p>
   </div>
   <div class='ocr_carea' id='block_1_55' title="bbox 242 3203 1815 3276">
    <p class='ocr_par' dir='ltr' id='par_1_55' title="bbox 242 3203 1815 3276">
     <span class='ocr_line' id='line_1_55' title="bbox 242 3203 1815 3276; baseline -0.006 -11"><span class='ocrx_word' id='word_1_242' title='bbox 242 3208 544 3276; x_wconf 86' lang='lat' dir='ltr'><strong>Philippus,</strong></span> <span class='ocrx_word' id='word_1_243' title='bbox 565 3213 634 3276; x_wconf 90' lang='lat' dir='ltr'><strong>et_</strong></span> <span class='ocrx_word' id='word_1_244' title='bbox 655 3205 1109 3276; x_wconf 58' lang='lat' dir='ltr'><strong>uiriliolumacus,</strong></span> <span class='ocrx_word' id='word_1_245' title='bbox 1146 3204 1418 3276; x_wconf 69' lang='lat' dir='ltr'><strong>Thomas,</strong></span> <span class='ocrx_word' id='word_1_246' title='bbox 1440 3214 1497 3258; x_wconf 90' lang='lat' dir='ltr'><strong>et</strong></span> <span class='ocrx_word' id='word_1_247' title='bbox 1520 3203 1815 3276; x_wconf 64' lang='lat' dir='ltr'><strong>hlatthaetis</strong></span> 
     </span>
    </p>
   </div>
   <div class='ocr_carea' id='block_1_56' title="bbox 241 3272 1814 3347">
    <p class='ocr_par' dir='ltr' id='par_1_56' title="bbox 241 3272 1814 3347">
     <span class='ocr_line' id='line_1_56' title="bbox 241 3272 1814 3347; baseline -0.004 -15"><span class='ocrx_word' id='word_1_248' title='bbox 241 3272 583 3347; x_wconf 73' lang='lat' dir='ltr'><strong>publicanus,</strong></span> <span class='ocrx_word' id='word_1_249' title='bbox 611 3274 842 3347; x_wconf 81' lang='lat' dir='ltr'><strong>Jacobus</strong></span> <span class='ocrx_word' id='word_1_250' title='bbox 856 3274 1099 3347; x_wconf 73' lang='lat' dir='ltr'><strong>Alpltaei,</strong></span> <span class='ocrx_word' id='word_1_251' title='bbox 1116 3284 1169 3329; x_wconf 91' lang='lat' dir='ltr'><strong>ct</strong></span> <span class='ocrx_word' id='word_1_252' title='bbox 1187 3276 1204 3306; x_wconf 75' lang='grc'>³</span> <span class='ocrx_word' id='word_1_253' title='bbox 1236 3272 1569 3347; x_wconf 75' lang='lat' dir='ltr'><strong>Thaddaeus</strong></span> <span class='ocrx_word' id='word_1_254' title='bbox 1582 3273 1814 3347; x_wconf 29' lang='lat' dir='ltr'><strong>,_‘Sim_on</strong></span> 
     </span>
    </p>
   </div>
   <div class='ocr_carea' id='block_1_57' title="bbox 242 3341 1819 3413">
    <p class='ocr_par' dir='ltr' id='par_1_57' title="bbox 242 3341 1819 3413">
     <span class='ocr_line' id='line_1_57' title="bbox 242 3341 1819 3413; baseline -0.004 -11"><span class='ocrx_word' id='word_1_255' title='bbox 242 3341 861 3410; x_wconf 46' lang='lat' dir='ltr'><strong>Chananaeu&#39;swtlutlas</strong></span> <span class='ocrx_word' id='word_1_256' title='bbox 884 3344 1270 3413; x_wconf 83' lang='lat' dir='ltr'><strong>Scarioth,_qui</strong></span> <span class='ocrx_word' id='word_1_257' title='bbox 1298 3359 1417 3399; x_wconf 92' lang='lat' dir='ltr'><strong>eum</strong></span> <span class='ocrx_word' id='word_1_258' title='bbox 1439 3341 1678 3397; x_wconf 86' lang='lat' dir='ltr'><strong>tradidit.</strong></span> <span class='ocrx_word' id='word_1_259' title='bbox 1711 3342 1819 3396; x_wconf 86' lang='lat' dir='ltr'><strong>Hos</strong></span> 
     </span>
    </p>
   </div>
   <div class='ocr_carea' id='block_1_58' title="bbox 244 3405 1818 3483">
    <p class='ocr_par' dir='ltr' id='par_1_58' title="bbox 244 3405 1818 3483">
     <span class='ocr_line' id='line_1_58' title="bbox 244 3405 1818 3483; baseline -0.004 -12"><span class='ocrx_word' id='word_1_260' title='bbox 244 3417 532 3471; x_wconf 80' lang='lat' dir='ltr'><strong>duodecim</strong></span> <span class='ocrx_word' id='word_1_261' title='bbox 556 3405 697 3472; x_wconf 85' lang='lat' dir='ltr'><strong>misit</strong></span> <span class='ocrx_word' id='word_1_262' title='bbox 718 3415 911 3478; x_wconf 76' lang='lat' dir='ltr'><strong>Jesus;</strong></span> <span class='ocrx_word' id='word_1_263' title='bbox 945 3405 1277 3483; x_wconf 70' lang='lat' dir='ltr'><strong>praecipiens</strong></span> <span class='ocrx_word' id='word_1_264' title='bbox 1303 3416 1405 3476; x_wconf 80' lang='lat' dir='ltr'><strong>eis,</strong></span> <span class='ocrx_word' id='word_1_265' title='bbox 1447 3414 1467 3444; x_wconf 78' lang='grc'><em>³</em></span> <span class='ocrx_word' id='word_1_266' title='bbox 1508 3414 1730 3483; x_wconf 72' lang='lat' dir='ltr'><strong>dicens;</strong></span> <span class='ocrx_word' id='word_1_267' title='bbox 1764 3413 1818 3465; x_wconf 88' lang='lat' dir='ltr'><strong>in</strong></span> 
     </span>
    </p>
   </div>
   <div class='ocr_carea' id='block_1_59' title="bbox 248 3481 1821 3556">
    <p class='ocr_par' dir='ltr' id='par_1_59' title="bbox 248 3481 1821 3556">
     <span class='ocr_line' id='line_1_59' title="bbox 248 3481 1821 3556; baseline -0.004 -15"><span class='ocrx_word' id='word_1_268' title='bbox 248 3490 395 3541; x_wconf 87' lang='lat' dir='ltr'><strong>viam</strong></span> <span class='ocrx_word' id='word_1_269' title='bbox 420 3488 656 3556; x_wconf 87' lang='lat' dir='ltr'><strong>gentium</strong></span> <span class='ocrx_word' id='word_1_270' title='bbox 687 3501 751 3539; x_wconf 88' lang='lat' dir='ltr'><strong>ne</strong></span> <span class='ocrx_word' id='word_1_271' title='bbox 777 3484 1037 3556; x_wconf 88' lang='lat' dir='ltr'><strong>abieritis,</strong></span> <span class='ocrx_word' id='word_1_272' title='bbox 1071 3481 1201 3556; x_wconf 31' lang='lat' dir='ltr'><strong>et‘iu</strong></span> <span class='ocrx_word' id='word_1_273' title='bbox 1227 3484 1496 3556; x_wconf 79' lang='lat' dir='ltr'><strong>civitatem</strong></span> <span class='ocrx_word' id='word_1_274' title='bbox 1529 3481 1821 3556; x_wconf 47' lang='lat' dir='ltr'><strong>Samaritaf</strong></span> 
     </span>
    </p>
   </div>
   <div class='ocr_carea' id='block_1_60' title="bbox 248 3549 1821 3622">
    <p class='ocr_par' dir='ltr' id='par_1_60' title="bbox 248 3549 1821 3622">
     <span class='ocr_line' id='line_1_60' title="bbox 248 3549 1821 3622; baseline -0.006 -9"><span class='ocrx_word' id='word_1_275' title='bbox 248 3549 449 3613; x_wconf 76' lang='lat' dir='ltr'><strong>norum</strong></span> <span class='ocrx_word' id='word_1_276' title='bbox 498 3570 565 3610; x_wconf 90' lang='lat' dir='ltr'><strong>ne</strong></span> <span class='ocrx_word' id='word_1_277' title='bbox 590 3555 611 3586; x_wconf 84' lang='grc'><strong><em>³</em></strong></span> <span class='ocrx_word' id='word_1_278' title='bbox 641 3554 953 3608; x_wconf 86' lang='lat' dir='ltr'><strong>introieritis</strong></span> <span class='ocrx_word' id='word_1_279' title='bbox 986 3569 999 3605; x_wconf 88' lang='lat'><strong>:</strong></span> <span class='ocrx_word' id='word_1_280' title='bbox 1028 3554 1122 3607; x_wconf 83' lang='lat' dir='ltr'><strong>scd</strong></span> <span class='ocrx_word' id='word_1_281' title='bbox 1172 3554 1244 3607; x_wconf 88' lang='lat' dir='ltr'><strong>ite</strong></span> <span class='ocrx_word' id='word_1_282' title='bbox 1292 3553 1468 3622; x_wconf 86' lang='lat' dir='ltr'><strong>potius</strong></span> <span class='ocrx_word' id='word_1_283' title='bbox 1509 3551 1575 3622; x_wconf 87' lang='lat' dir='ltr'><strong>ad</strong></span> <span class='ocrx_word' id='word_1_284' title='bbox 1626 3549 1821 3622; x_wconf 45' lang='lat' dir='ltr'><strong>oves}</strong></span> 
     </span>
    </p>
   </div>
   <div class='ocr_carea' id='block_1_61' title="bbox 250 3619 1824 3694">
    <p class='ocr_par' dir='ltr' id='par_1_61' title="bbox 250 3619 1824 3694">
     <span class='ocr_line' id='line_1_61' title="bbox 250 3619 1824 3694; baseline -0.003 -15"><span class='ocrx_word' id='word_1_285' title='bbox 250 3626 494 3694; x_wconf 76' lang='lat' dir='ltr'><strong>perditas</strong></span> <span class='ocrx_word' id='word_1_286' title='bbox 518 3624 709 3678; x_wconf 74' lang='lat' dir='ltr'><strong>domus</strong></span> <span class='ocrx_word' id='word_1_287' title='bbox 737 3622 917 3677; x_wconf 80' lang='lat' dir='ltr'><strong>Israel.</strong></span> <span class='ocrx_word' id='word_1_288' title='bbox 952 3622 1154 3677; x_wconf 82' lang='lat' dir='ltr'><strong>Euntes</strong></span> <span class='ocrx_word' id='word_1_289' title='bbox 1174 3619 1352 3678; x_wconf 76' lang='lat' dir='ltr'><strong>autem</strong></span> <span class='ocrx_word' id='word_1_290' title='bbox 1377 3621 1708 3694; x_wconf 84' lang='lat' dir='ltr'><strong>praedicate,</strong></span> <span class='ocrx_word' id='word_1_291' title='bbox 1740 3619 1824 3675; x_wconf 83' lang='lat' dir='ltr'><strong>di-</strong></span> 
     </span>
    </p>
   </div>
   <div class='ocr_carea' id='block_1_62' title="bbox 250 3692 1819 3762">
    <p class='ocr_par' dir='ltr' id='par_1_62' title="bbox 250 3692 1819 3762">
     <span class='ocr_line' id='line_1_62' title="bbox 250 3692 1819 3762; baseline -0.001 -14"><span class='ocrx_word' id='word_1_292' title='bbox 250 3692 504 3749; x_wconf 79' lang='lat' dir='ltr'><strong>dicentes</strong></span> <span class='ocrx_word' id='word_1_293' title='bbox 553 3710 565 3745; x_wconf 89' lang='lat'><strong>:</strong></span> <span class='ocrx_word' id='word_1_294' title='bbox 608 3694 739 3759; x_wconf 87' lang='lat' dir='ltr'><strong>Quia</strong></span> <span class='ocrx_word' id='word_1_295' title='bbox 786 3694 1227 3762; x_wconf 85' lang='lat' dir='ltr'><strong>appmpinquavit</strong></span> <span class='ocrx_word' id='word_1_296' title='bbox 1268 3708 1487 3760; x_wconf 79' lang='lat' dir='ltr'><strong>regnum</strong></span> <span class='ocrx_word' id='word_1_297' title='bbox 1524 3692 1819 3747; x_wconf 80' lang='lat' dir='ltr'><strong>coelorum.</strong></span> 
     </span>
    </p>
   </div>
   <div class='ocr_carea' id='block_1_63' title="bbox 248 3763 1828 3829">
    <p class='ocr_par' dir='ltr' id='par_1_63' title="bbox 248 3763 1828 3829">
     <span class='ocr_line' id='line_1_63' title="bbox 248 3763 1828 3829; baseline -0.002 -11"><span class='ocrx_word' id='word_1_298' title='bbox 248 3766 507 3820; x_wconf 87' lang='lat' dir='ltr'><strong>lnlirmos</strong></span> <span class='ocrx_word' id='word_1_299' title='bbox 556 3772 739 3817; x_wconf 85' lang='lat' dir='ltr'><strong>curate</strong></span> <span class='ocrx_word' id='word_1_300' title='bbox 766 3803 779 3827; x_wconf 95' lang='lat'><strong>,</strong></span> <span class='ocrx_word' id='word_1_301' title='bbox 813 3770 1053 3815; x_wconf 83' lang='lat' dir='ltr'><strong>mortuos</strong></span> <span class='ocrx_word' id='word_1_302' title='bbox 1081 3763 1371 3823; x_wconf 79' lang='lat' dir='ltr'><strong>suscitate.</strong></span> <span class='ocrx_word' id='word_1_303' title='bbox 1406 3763 1645 3829; x_wconf 76' lang='lat' dir='ltr'><strong>leprosos</strong></span> <span class='ocrx_word' id='word_1_304' title='bbox 1674 3778 1828 3815; x_wconf 90' lang='lat' dir='ltr'><strong>mun-</strong></span> 
     </span>
    </p>
   </div>
   <div class='ocr_carea' id='block_1_64' title="bbox 248 3831 1826 3903">
    <p class='ocr_par' dir='ltr' id='par_1_64' title="bbox 248 3831 1826 3903">
     <span class='ocr_line' id='line_1_64' title="bbox 248 3831 1826 3903; baseline -0.001 -15"><span class='ocrx_word' id='word_1_305' title='bbox 248 3838 403 3898; x_wconf 84' lang='lat' dir='ltr'><strong>date,</strong></span> <span class='ocrx_word' id='word_1_306' title='bbox 435 3832 455 3864; x_wconf 86' lang='lat'><strong>&#39;</strong></span> <span class='ocrx_word' id='word_1_307' title='bbox 478 3831 769 3903; x_wconf 76' lang='lat' dir='ltr'><strong>daemones</strong></span> <span class='ocrx_word' id='word_1_308' title='bbox 808 3832 986 3903; x_wconf 88' lang='lat' dir='ltr'><strong>ejicite</strong></span> <span class='ocrx_word' id='word_1_309' title='bbox 1017 3861 1045 3898; x_wconf 72' lang='grc' dir='ltr'><strong>,ι</strong></span> <span class='ocrx_word' id='word_1_310' title='bbox 1085 3834 1247 3903; x_wconf 88' lang='lat' dir='ltr'><strong>gratis</strong></span> <span class='ocrx_word' id='word_1_311' title='bbox 1289 3834 1574 3901; x_wconf 86' lang='lat' dir='ltr'><strong>accepistis</strong></span> <span class='ocrx_word' id='word_1_312' title='bbox 1599 3874 1613 3896; x_wconf 92' lang='lat'><strong>,</strong></span> <span class='ocrx_word' id='word_1_313' title='bbox 1659 3834 1826 3902; x_wconf 81' lang='lat' dir='ltr'><strong>gratis</strong></span> 
     </span>
    </p>
   </div>
   <div class='ocr_carea' id='block_1_65' title="bbox 248 3900 1829 3973">
    <p class='ocr_par' dir='ltr' id='par_1_65' title="bbox 248 3900 1829 3973">
     <span class='ocr_line' id='line_1_65' title="bbox 248 3900 1829 3973; baseline -0.001 -14"><span class='ocrx_word' id='word_1_314' title='bbox 248 3906 404 3959; x_wconf 91' lang='lat' dir='ltr'><strong>date.</strong></span> <span class='ocrx_word' id='word_1_315' title='bbox 448 3900 618 3958; x_wconf 82' lang='lat' dir='ltr'><strong>Nolite</strong></span> <span class='ocrx_word' id='word_1_316' title='bbox 650 3900 921 3970; x_wconf 85' lang='lat' dir='ltr'><strong>possidere</strong></span> <span class='ocrx_word' id='word_1_317' title='bbox 948 3900 1136 3957; x_wconf 77' lang='lat' dir='ltr'><strong>auruui</strong></span> <span class='ocrx_word' id='word_1_318' title='bbox 1156 3945 1169 3966; x_wconf 93' lang='lat'><strong>,</strong></span> <span class='ocrx_word' id='word_1_319' title='bbox 1203 3918 1379 3973; x_wconf 72' lang='lat' dir='ltr'><strong>neque</strong></span> <span class='ocrx_word' id='word_1_320' title='bbox 1404 3900 1704 3973; x_wconf 82' lang='lat' dir='ltr'><strong>argentum,</strong></span> <span class='ocrx_word' id='word_1_321' title='bbox 1736 3918 1829 3957; x_wconf 89' lang='lat' dir='ltr'><strong>ue-</strong></span> 
     </span>
    </p>
   </div>
   <div class='ocr_carea' id='block_1_66' title="bbox 249 3973 1825 4045">
    <p class='ocr_par' dir='ltr' id='par_1_66' title="bbox 249 3973 1825 4045">
     <span class='ocr_line' id='line_1_66' title="bbox 249 3973 1825 4045; baseline -0.001 -16"><span class='ocrx_word' id='word_1_322' title='bbox 249 3990 368 4045; x_wconf 88' lang='lat' dir='ltr'><strong>que</strong></span> <span class='ocrx_word' id='word_1_323' title='bbox 413 3974 686 4045; x_wconf 82' lang='lat' dir='ltr'><strong>pecuniam</strong></span> <span class='ocrx_word' id='word_1_324' title='bbox 729 3973 780 4026; x_wconf 92' lang='lat' dir='ltr'><strong>in</strong></span> <span class='ocrx_word' id='word_1_325' title='bbox 811 3974 957 4028; x_wconf 78' lang='lat' dir='ltr'><strong>zonis</strong></span> <span class='ocrx_word' id='word_1_326' title='bbox 985 3975 1178 4027; x_wconf 83' lang='lat' dir='ltr'><strong>vestris</strong></span> <span class='ocrx_word' id='word_1_327' title='bbox 1207 3991 1235 4045; x_wconf 10' lang='lat'><strong>:7</strong></span> <span class='ocrx_word' id='word_1_328' title='bbox 1262 3990 1365 4027; x_wconf 91' lang='lat' dir='ltr'><strong>non</strong></span> <span class='ocrx_word' id='word_1_329' title='bbox 1408 3988 1587 4041; x_wconf 89' lang='lat' dir='ltr'><strong>peram</strong></span> <span class='ocrx_word' id='word_1_330' title='bbox 1621 3975 1670 4026; x_wconf 91' lang='lat' dir='ltr'><strong>iu</strong></span> <span class='ocrx_word' id='word_1_331' title='bbox 1702 3973 1784 4027; x_wconf 90' lang='lat' dir='ltr'><strong>via</strong></span> <span class='ocrx_word' id='word_1_332' title='bbox 1809 4014 1825 4039; x_wconf 92' lang='lat'><strong>,</strong></span> 
     </span>
    </p>
   </div>
   <div class='ocr_carea' id='block_1_67' title="bbox 250 4044 1831 4115">
    <p class='ocr_par' dir='ltr' id='par_1_67' title="bbox 250 4044 1831 4115">
     <span class='ocr_line' id='line_1_67' title="bbox 250 4044 1831 4115; baseline -0.004 -13"><span class='ocrx_word' id='word_1_333' title='bbox 250 4044 438 4115; x_wconf 78' lang='lat' dir='ltr'><strong>neque</strong></span> <span class='ocrx_word' id='word_1_334' title='bbox 464 4044 596 4099; x_wconf 86' lang='lat' dir='ltr'><strong>duas</strong></span> <span class='ocrx_word' id='word_1_335' title='bbox 623 4048 830 4098; x_wconf 88' lang='lat' dir='ltr'><strong>tunicas</strong></span> <span class='ocrx_word' id='word_1_336' title='bbox 854 4083 867 4107; x_wconf 88' lang='lat'><strong>,</strong></span> <span class='ocrx_word' id='word_1_337' title='bbox 911 4057 1081 4114; x_wconf 90' lang='lat' dir='ltr'><strong>neque</strong></span> <span class='ocrx_word' id='word_1_338' title='bbox 1110 4044 1456 4098; x_wconf 81' lang='lat' dir='ltr'><strong>calciamenta</strong></span> <span class='ocrx_word' id='word_1_339' title='bbox 1482 4085 1497 4109; x_wconf 86' lang='lat'><strong>,</strong></span> <span class='ocrx_word' id='word_1_340' title='bbox 1519 4059 1695 4115; x_wconf 89' lang='lat' dir='ltr'><strong>neque</strong></span> <span class='ocrx_word' id='word_1_341' title='bbox 1722 4045 1831 4115; x_wconf 85' lang='lat' dir='ltr'><strong>vi_r-</strong></span> 
     </span>
    </p>
   </div>
   <div class='ocr_carea' id='block_1_68' title="bbox 248 4112 1829 4188">
    <p class='ocr_par' dir='ltr' id='par_1_68' title="bbox 248 4112 1829 4188">
     <span class='ocr_line' id='line_1_68' title="bbox 248 4112 1829 4188; baseline -0.001 -19"><span class='ocrx_word' id='word_1_342' title='bbox 248 4112 385 4188; x_wconf 76' lang='lat' dir='ltr'><strong>gam</strong></span> <span class='ocrx_word' id='word_1_343' title='bbox 417 4114 438 4146; x_wconf 79' lang='grc'><strong>⁸</strong></span> <span class='ocrx_word' id='word_1_344' title='bbox 465 4132 478 4169; x_wconf 92' lang='lat'><strong>:</strong></span> <span class='ocrx_word' id='word_1_345' title='bbox 505 4116 696 4185; x_wconf 89' lang='lat' dir='ltr'><strong>dignus</strong></span> <span class='ocrx_word' id='word_1_346' title='bbox 724 4115 863 4169; x_wconf 86' lang='lat' dir='ltr'><strong>enim</strong></span> <span class='ocrx_word' id='word_1_347' title='bbox 885 4122 973 4188; x_wconf 77' lang='lat' dir='ltr'><strong>est</strong></span> <span class='ocrx_word' id='word_1_348' title='bbox 1000 4112 1292 4188; x_wconf 75' lang='lat' dir='ltr'><strong>operarius</strong></span> <span class='ocrx_word' id='word_1_349' title='bbox 1319 4114 1563 4188; x_wconf 75' lang='lat' dir='ltr'><strong>mercede</strong></span> <span class='ocrx_word' id='word_1_350' title='bbox 1602 4112 1716 4188; x_wconf 75' lang='lat' dir='ltr'><strong>Sua.</strong></span> <span class='ocrx_word' id='word_1_351' title='bbox 1768 4112 1829 4167; x_wconf 86' lang='lat' dir='ltr'><strong>In</strong></span> 
     </span>
    </p>
   </div>
   <div class='ocr_carea' id='block_1_69' title="bbox 180 4180 1832 4257">
    <p class='ocr_par' dir='ltr' id='par_1_69' title="bbox 180 4180 1832 4257">
     <span class='ocr_line' id='line_1_69' title="bbox 180 4180 1832 4257; baseline -0.005 -16"><span class='ocrx_word' id='word_1_352' title='bbox 180 4180 190 4191; x_wconf 76' lang='grc'><strong>’</strong></span> <span class='ocrx_word' id='word_1_353' title='bbox 248 4180 898 4257; x_wconf 62' lang='lat' dir='ltr'><strong>quamquamqueautetn</strong></span> <span class='ocrx_word' id='word_1_354' title='bbox 930 4180 1195 4257; x_wconf 76' lang='lat' dir='ltr'><strong>civitatem</strong></span> <span class='ocrx_word' id='word_1_355' title='bbox 1231 4185 1250 4214; x_wconf 89' lang='lat'><strong><em>&quot;</em></strong></span> <span class='ocrx_word' id='word_1_356' title='bbox 1275 4183 1592 4257; x_wconf 71' lang='lat' dir='ltr'><strong>introieritis</strong></span> <span class='ocrx_word' id='word_1_357' title='bbox 1616 4221 1631 4245; x_wconf 88' lang='lat'><strong>,</strong></span> <span class='ocrx_word' id='word_1_358' title='bbox 1665 4182 1832 4257; x_wconf 75' lang='lat' dir='ltr'><strong>inter-</strong></span> 
     </span>
    </p>
   </div>
   <div class='ocr_carea' id='block_1_70' title="bbox 251 4249 1830 4326">
    <p class='ocr_par' dir='ltr' id='par_1_70' title="bbox 251 4249 1830 4326">
     <span class='ocr_line' id='line_1_70' title="bbox 251 4249 1830 4326; baseline -0.006 -13"><span class='ocrx_word' id='word_1_359' title='bbox 251 4249 489 4324; x_wconf 50' lang='lat' dir='ltr'><strong>rogate,</strong></span> <span class='ocrx_word' id='word_1_360' title='bbox 515 4249 635 4326; x_wconf 78' lang='lat' dir='ltr'><strong>quis</strong></span> <span class='ocrx_word' id='word_1_361' title='bbox 660 4255 683 4287; x_wconf 81' lang='grc'>⁸</span> <span class='ocrx_word' id='word_1_362' title='bbox 705 4254 774 4307; x_wconf 86' lang='lat' dir='ltr'><strong>ibi</strong></span> <span class='ocrx_word' id='word_1_363' title='bbox 815 4251 1148 4326; x_wconf 85' lang='lat' dir='ltr'><strong>dignus_sit_:</strong></span> <span class='ocrx_word' id='word_1_364' title='bbox 1182 4261 1236 4304; x_wconf 90' lang='lat' dir='ltr'><strong>et</strong></span> <span class='ocrx_word' id='word_1_365' title='bbox 1274 4250 1386 4303; x_wconf 91' lang='lat' dir='ltr'><strong>illic</strong></span> <span class='ocrx_word' id='word_1_366' title='bbox 1417 4259 1629 4326; x_wconf 86' lang='lat' dir='ltr'><strong>manete</strong></span> <span class='ocrx_word' id='word_1_367' title='bbox 1658 4249 1830 4326; x_wconf 78' lang='lat' dir='ltr'><strong>donec</strong></span> 
     </span>
    </p>
   </div>
   <div class='ocr_carea' id='block_1_71' title="bbox 251 4319 1833 4384">
    <p class='ocr_par' dir='ltr' id='par_1_71' title="bbox 251 4319 1833 4384">
     <span class='ocr_line' id='line_1_71' title="bbox 251 4319 1833 4384; baseline -0.006 -2"><span class='ocrx_word' id='word_1_368' title='bbox 251 4319 491 4382; x_wconf 67' lang='lat' dir='ltr'><strong>excolis.</strong></span> <span class='ocrx_word' id='word_1_369' title='bbox 522 4319 784 4380; x_wconf 62' lang='lat' dir='ltr'><strong>I&#39;utrautes</strong></span> <span class='ocrx_word' id='word_1_370' title='bbox 809 4319 986 4375; x_wconf 78' lang='lat' dir='ltr'><strong>autem</strong></span> <span class='ocrx_word' id='word_1_371' title='bbox 1017 4321 1071 4374; x_wconf 93' lang='lat' dir='ltr'><strong>in</strong></span> <span class='ocrx_word' id='word_1_372' title='bbox 1090 4321 1330 4384; x_wconf 90' lang='lat' dir='ltr'><strong>domum,</strong></span> <span class='ocrx_word' id='word_1_373' title='bbox 1352 4322 1582 4373; x_wconf 86' lang='lat' dir='ltr'><strong>salutate</strong></span> <span class='ocrx_word' id='word_1_374' title='bbox 1608 4334 1724 4373; x_wconf 81' lang='lat' dir='ltr'><strong>eam</strong></span> <span class='ocrx_word' id='word_1_375' title='bbox 1752 4319 1833 4372; x_wconf 89' lang='lat' dir='ltr'><strong>di-</strong></span> 
     </span>
    </p>
   </div>
   <div class='ocr_carea' id='block_1_72' title="bbox 252 4389 1832 4460">
    <p class='ocr_par' dir='ltr' id='par_1_72' title="bbox 252 4389 1832 4460">
     <span class='ocr_line' id='line_1_72' title="bbox 252 4389 1832 4460; baseline -0.004 -9"><span class='ocrx_word' id='word_1_376' title='bbox 252 4407 452 4453; x_wconf 80' lang='lat' dir='ltr'><strong>centes</strong></span> <span class='ocrx_word' id='word_1_377' title='bbox 479 4413 494 4449; x_wconf 90' lang='lat'><strong>:</strong></span> <span class='ocrx_word' id='word_1_378' title='bbox 518 4394 629 4451; x_wconf 77' lang='lat' dir='ltr'><strong>Pax</strong></span> <span class='ocrx_word' id='word_1_379' title='bbox 656 4396 675 4427; x_wconf 81' lang='lat'><strong>’</strong></span> <span class='ocrx_word' id='word_1_380' title='bbox 701 4392 882 4448; x_wconf 87' lang='lat' dir='ltr'><strong>domui</strong></span> <span class='ocrx_word' id='word_1_381' title='bbox 923 4390 1063 4445; x_wconf 88' lang='lat' dir='ltr'><strong>huic.</strong></span> <span class='ocrx_word' id='word_1_382' title='bbox 1094 4389 1153 4446; x_wconf 89' lang='lat' dir='ltr'><strong>Si</strong></span> <span class='ocrx_word' id='word_1_383' title='bbox 1186 4390 1398 4460; x_wconf 77' lang='lat' dir='ltr'><strong>quidem</strong></span> <span class='ocrx_word' id='word_1_384' title='bbox 1436 4389 1598 4445; x_wconf 80' lang='lat' dir='ltr'><strong>fuerit</strong></span> <span class='ocrx_word' id='word_1_385' title='bbox 1641 4389 1832 4444; x_wconf 88' lang='lat' dir='ltr'><strong>domus</strong></span> 
     </span>
    </p>
   </div>
   <div class='ocr_carea' id='block_1_73' title="bbox 254 4463 361 4523">
    <p class='ocr_par' dir='ltr' id='par_1_73' title="bbox 254 4463 361 4523">
     <span class='ocr_line' id='line_1_73' title="bbox 254 4463 361 4523; baseline -0.019 0"><span class='ocrx_word' id='word_1_386' title='bbox 254 4463 361 4523; x_wconf 79' lang='lat' dir='ltr'><strong>illa</strong></span> 
     </span>
    </p>
   </div>
   <div class='ocr_carea' id='block_1_74' title="bbox 1167 261 2490 342">
    <p class='ocr_par' dir='ltr' id='par_1_74' title="bbox 1167 261 2490 342">
     <span class='ocr_line' id='line_1_74' title="bbox 1167 261 2490 342; baseline 0 -11"><span class='ocrx_word' id='word_1_387' title='bbox 1167 272 1614 337; x_wconf 72' lang='lat' dir='ltr'><strong>EVANGELIIJM</strong></span> <span class='ocrx_word' id='word_1_388' title='bbox 1652 261 2021 342; x_wconf 73' lang='lat' dir='ltr'><strong>SECUNDUM</strong></span> <span class='ocrx_word' id='word_1_389' title='bbox 2059 274 2490 334; x_wconf 64' lang='lat' dir='ltr'><strong>MATTIIEUM.</strong></span> 
     </span>
    </p>
   </div>
   <div class='ocr_carea' id='block_1_75' title="bbox 1822 618 2257 690">
    <p class='ocr_par' dir='ltr' id='par_1_75' title="bbox 1822 618 2257 690">
     <span class='ocr_line' id='line_1_75' title="bbox 1822 618 2257 690; baseline 0.007 -19"><span class='ocrx_word' id='word_1_390' title='bbox 1822 687 1824 690; x_wconf 14' lang='grc' dir='ltr'>ν</span> <span class='ocrx_word' id='word_1_391' title='bbox 1899 627 1956 690; x_wconf 74' lang='lat' dir='ltr'><strong>et</strong></span> <span class='ocrx_word' id='word_1_392' title='bbox 1981 618 2257 674; x_wconf 86' lang='lat' dir='ltr'><strong>Johannes</strong></span> 
     </span>
    </p>
   </div>
   <div class='ocr_carea' id='block_1_76' title="bbox 1838 1242 2291 1317">
    <p class='ocr_par' dir='ltr' id='par_1_76' title="bbox 1838 1242 2291 1317">
     <span class='ocr_line' id='line_1_76' title="bbox 1838 1242 2291 1317; baseline 0.004 -2"><span class='ocrx_word' id='word_1_393' title='bbox 1838 1260 1839 1263; x_wconf 29' lang='grc' dir='ltr'>γ</span> <span class='ocrx_word' id='word_1_394' title='bbox 1904 1242 2145 1317; x_wconf 59' lang='lat' dir='ltr'><strong>masta)</strong></span> <span class='ocrx_word' id='word_1_395' title='bbox 2172 1246 2291 1317; x_wconf 70' lang='lat' dir='ltr'><strong>et_i</strong></span> 
     </span>
    </p>
   </div>
   <div class='ocr_carea' id='block_1_77' title="bbox 1896 2362 2399 2431">
    <p class='ocr_par' dir='ltr' id='par_1_77' title="bbox 1896 2362 2399 2431">
     <span class='ocr_line' id='line_1_77' title="bbox 1896 2362 2399 2431; baseline -0.002 -14"><span class='ocrx_word' id='word_1_396' title='bbox 1896 2362 2179 2431; x_wconf 83' lang='lat' dir='ltr'><strong>perierunt</strong></span> <span class='ocrx_word' id='word_1_397' title='bbox 2207 2362 2399 2417; x_wconf 85' lang='lat' dir='ltr'><strong>domus</strong></span> 
     </span>
    </p>
   </div>
   <div class='ocr_carea' id='block_1_78' title="bbox 3369 275 3468 330">
    <p class='ocr_par' dir='ltr' id='par_1_78' title="bbox 3369 275 3468 330">
     <span class='ocr_line' id='line_1_78' title="bbox 3369 275 3468 330; baseline 0 -1"><span class='ocrx_word' id='word_1_398' title='bbox 3369 275 3468 330; x_wconf 79' lang='grc'><strong>108</strong></span> 
     </span>
    </p>
   </div>
   <div class='ocr_carea' id='block_1_79' title="bbox 2321 386 3035 445">
    <p class='ocr_par' dir='ltr' id='par_1_79' title="bbox 2321 386 3035 445">
     <span class='ocr_line' id='line_1_79' title="bbox 2321 386 3035 445; baseline -0.004 -2"><span class='ocrx_word' id='word_1_399' title='bbox 2321 387 2549 445; x_wconf 82' lang='lat' dir='ltr'><strong>CODEX</strong></span> <span class='ocrx_word' id='word_1_400' title='bbox 2586 386 3035 445; x_wconf 79' lang='lat' dir='ltr'><strong>VERONENSIS.</strong></span> 
     </span>
    </p>
   </div>
   <div class='ocr_carea' id='block_1_80' title="bbox 1900 478 3128 549">
    <p class='ocr_par' dir='ltr' id='par_1_80' title="bbox 1900 478 3128 549">
     <span class='ocr_line' id='line_1_80' title="bbox 1900 478 3128 549; baseline 0.002 -18"><span class='ocrx_word' id='word_1_401' title='bbox 1900 480 1952 549; x_wconf 69' lang='grc'>5.</span> <span class='ocrx_word' id='word_1_402' title='bbox 1996 478 2158 534; x_wconf 82' lang='lat' dir='ltr'><strong>frater</strong></span> <span class='ocrx_word' id='word_1_403' title='bbox 2188 480 2321 549; x_wconf 89' lang='lat' dir='ltr'><strong>ejus.</strong></span> <span class='ocrx_word' id='word_1_404' title='bbox 2359 479 2515 535; x_wconf 83' lang='lat' dir='ltr'><strong>Jaco-</strong></span> <span class='ocrx_word' id='word_1_405' title='bbox 2724 490 2855 545; x_wconf 89' lang='lat' dir='ltr'><strong>tate,</strong></span> <span class='ocrx_word' id='word_1_406' title='bbox 2883 480 3128 549; x_wconf 87' lang='lat' dir='ltr'><strong>leprosus</strong></span> 
     </span>
    </p>
   </div>
   <div class='ocr_carea' id='block_1_81' title="bbox 1900 548 3157 611">
    <p class='ocr_par' dir='ltr' id='par_1_81' title="bbox 1900 548 3157 611">
     <span class='ocr_line' id='line_1_81' title="bbox 1900 548 3157 611; baseline 0.002 -10"><span class='ocrx_word' id='word_1_407' title='bbox 1900 548 1998 603; x_wconf 88' lang='lat' dir='ltr'><strong>bus</strong></span> <span class='ocrx_word' id='word_1_408' title='bbox 2026 548 2287 605; x_wconf 81' lang='lat' dir='ltr'><strong>Zehedaci</strong></span> <span class='ocrx_word' id='word_1_409' title='bbox 2307 589 2321 602; x_wconf 93' lang='lat'><strong>.</strong></span> <span class='ocrx_word' id='word_1_410' title='bbox 2723 548 2996 611; x_wconf 81' lang='lat' dir='ltr'><strong>mundule,</strong></span> <span class='ocrx_word' id='word_1_411' title='bbox 3030 548 3157 604; x_wconf 88' lang='lat' dir='ltr'><strong>dae—</strong></span> 
     </span>
    </p>
   </div>
   <div class='ocr_carea' id='block_1_82' title="bbox 2720 619 3119 684">
    <p class='ocr_par' dir='ltr' id='par_1_82' title="bbox 2720 619 3119 684">
     <span class='ocr_line' id='line_1_82' title="bbox 2720 619 3119 684; baseline 0 -11"><span class='ocrx_word' id='word_1_412' title='bbox 2720 621 2896 674; x_wconf 88' lang='lat' dir='ltr'><strong>monia</strong></span> <span class='ocrx_word' id='word_1_413' title='bbox 2927 619 3087 674; x_wconf 87' lang='lat' dir='ltr'><strong>eicite</strong></span> <span class='ocrx_word' id='word_1_414' title='bbox 3104 659 3119 684; x_wconf 94' lang='lat'><strong>,</strong></span> 
     </span>
    </p>
   </div>
   <div class='ocr_carea' id='block_1_83' title="bbox 2716 688 3223 758">
    <p class='ocr_par' dir='ltr' id='par_1_83' title="bbox 2716 688 3223 758">
     <span class='ocr_line' id='line_1_83' title="bbox 2716 688 3223 758; baseline 0 -15"><span class='ocrx_word' id='word_1_415' title='bbox 2716 692 2882 758; x_wconf 84' lang='lat' dir='ltr'><strong>gratis</strong></span> <span class='ocrx_word' id='word_1_416' title='bbox 2907 688 3192 758; x_wconf 88' lang='lat' dir='ltr'><strong>accepistis</strong></span> <span class='ocrx_word' id='word_1_417' title='bbox 3208 728 3223 754; x_wconf 93' lang='lat'><strong>,</strong></span> 
     </span>
    </p>
   </div>
   <div class='ocr_carea' id='block_1_84' title="bbox 2718 760 3055 827">
    <p class='ocr_par' dir='ltr' id='par_1_84' title="bbox 2718 760 3055 827">
     <span class='ocr_line' id='line_1_84' title="bbox 2718 760 3055 827; baseline -0.006 -14"><span class='ocrx_word' id='word_1_418' title='bbox 2718 760 2884 827; x_wconf 88' lang='lat' dir='ltr'><strong>gratis</strong></span> <span class='ocrx_word' id='word_1_419' title='bbox 2912 760 3055 813; x_wconf 91' lang='lat' dir='ltr'><strong>date.</strong></span> 
     </span>
    </p>
   </div>
   <div class='ocr_carea' id='block_1_85' title="bbox 2716 828 3291 897">
    <p class='ocr_par' dir='ltr' id='par_1_85' title="bbox 2716 828 3291 897">
     <span class='ocr_line' id='line_1_85' title="bbox 2716 828 3291 897; baseline -0.003 -13"><span class='ocrx_word' id='word_1_420' title='bbox 2716 831 2767 884; x_wconf 90' lang='lat'><strong>9.</strong></span> <span class='ocrx_word' id='word_1_421' title='bbox 2810 829 2983 884; x_wconf 87' lang='lat' dir='ltr'><strong>Nolite</strong></span> <span class='ocrx_word' id='word_1_422' title='bbox 3016 828 3291 897; x_wconf 85' lang='lat' dir='ltr'><strong>possidere</strong></span> 
     </span>
    </p>
   </div>
   <div class='ocr_carea' id='block_1_86' title="bbox 2719 913 3134 967">
    <p class='ocr_par' dir='ltr' id='par_1_86' title="bbox 2719 913 3134 967">
     <span class='ocr_line' id='line_1_86' title="bbox 2719 913 3134 967; baseline 0.002 -15"><span class='ocrx_word' id='word_1_423' title='bbox 2719 913 2927 960; x_wconf 89' lang='lat' dir='ltr'><strong>aurum,</strong></span> <span class='ocrx_word' id='word_1_424' title='bbox 2961 913 3134 967; x_wconf 83' lang='lat' dir='ltr'><strong>neque</strong></span> 
     </span>
    </p>
   </div>
   <div class='ocr_carea' id='block_1_87' title="bbox 2719 980 3222 1038">
    <p class='ocr_par' dir='ltr' id='par_1_87' title="bbox 2719 980 3222 1038">
     <span class='ocr_line' id='line_1_87' title="bbox 2719 980 3222 1038; baseline 0.002 -16"><span class='ocrx_word' id='word_1_425' title='bbox 2719 980 3019 1038; x_wconf 86' lang='lat' dir='ltr'><strong>argentum.</strong></span> <span class='ocrx_word' id='word_1_426' title='bbox 3052 983 3222 1037; x_wconf 90' lang='lat' dir='ltr'><strong>neque</strong></span> 
     </span>
    </p>
   </div>
   <div class='ocr_carea' id='block_1_88' title="bbox 2719 1040 3087 1109">
    <p class='ocr_par' dir='ltr' id='par_1_88' title="bbox 2719 1040 3087 1109">
     <span class='ocr_line' id='line_1_88' title="bbox 2719 1040 3087 1109; baseline 0 -17"><span class='ocrx_word' id='word_1_427' title='bbox 2719 1040 3004 1109; x_wconf 84' lang='lat' dir='ltr'><strong>pecuniam</strong></span> <span class='ocrx_word' id='word_1_428' title='bbox 3036 1041 3087 1092; x_wconf 91' lang='lat' dir='ltr'><strong>in</strong></span> 
     </span>
    </p>
   </div>
   <div class='ocr_carea' id='block_1_89' title="bbox 2722 1110 3133 1163">
    <p class='ocr_par' dir='ltr' id='par_1_89' title="bbox 2722 1110 3133 1163">
     <span class='ocr_line' id='line_1_89' title="bbox 2722 1110 3133 1163; baseline 0 -2"><span class='ocrx_word' id='word_1_429' title='bbox 2722 1110 2872 1163; x_wconf 87' lang='lat' dir='ltr'><strong>zonis</strong></span> <span class='ocrx_word' id='word_1_430' title='bbox 2899 1110 3091 1163; x_wconf 84' lang='lat' dir='ltr'><strong>vestris</strong></span> <span class='ocrx_word' id='word_1_431' title='bbox 3119 1125 3133 1161; x_wconf 87' lang='lat'>:</span> 
     </span>
    </p>
   </div>
   <div class='ocr_carea' id='block_1_90' title="bbox 2723 1176 3251 1258">
    <p class='ocr_par' dir='ltr' id='par_1_90' title="bbox 2723 1176 3251 1258">
     <span class='ocr_line' id='line_1_90' title="bbox 2723 1176 3251 1258; baseline -0.006 -25"><span class='ocrx_word' id='word_1_432' title='bbox 2723 1179 2812 1258; x_wconf 67' lang='lat' dir='ltr'><strong>it).</strong></span> <span class='ocrx_word' id='word_1_433' title='bbox 2852 1194 2957 1233; x_wconf 91' lang='lat' dir='ltr'><strong>non</strong></span> <span class='ocrx_word' id='word_1_434' title='bbox 2991 1192 3171 1247; x_wconf 90' lang='lat' dir='ltr'><strong>peram</strong></span> <span class='ocrx_word' id='word_1_435' title='bbox 3199 1176 3251 1231; x_wconf 89' lang='lat' dir='ltr'><strong>in</strong></span> 
     </span>
    </p>
   </div>
   <div class='ocr_carea' id='block_1_91' title="bbox 2725 1262 3085 1315">
    <p class='ocr_par' dir='ltr' id='par_1_91' title="bbox 2725 1262 3085 1315">
     <span class='ocr_line' id='line_1_91' title="bbox 2725 1262 3085 1315; baseline 0.014 -18"><span class='ocrx_word' id='word_1_436' title='bbox 2725 1262 2884 1314; x_wconf 75' lang='lat' dir='ltr'><strong>vram,</strong></span> <span class='ocrx_word' id='word_1_437' title='bbox 2912 1262 3085 1315; x_wconf 86' lang='lat' dir='ltr'><strong>neque</strong></span> 
     </span>
    </p>
   </div>
   <div class='ocr_carea' id='block_1_92' title="bbox 2724 1316 3118 1385">
    <p class='ocr_par' dir='ltr' id='par_1_92' title="bbox 2724 1316 3118 1385">
     <span class='ocr_line' id='line_1_92' title="bbox 2724 1316 3118 1385; baseline 0.008 -16"><span class='ocrx_word' id='word_1_438' title='bbox 2724 1316 2858 1371; x_wconf 90' lang='lat' dir='ltr'><strong>duas</strong></span> <span class='ocrx_word' id='word_1_439' title='bbox 2889 1318 3118 1385; x_wconf 88' lang='lat' dir='ltr'><strong>tunicas,</strong></span> 
     </span>
    </p>
   </div>
   <div class='ocr_carea' id='block_1_93' title="bbox 2723 1387 3032 1466">
    <p class='ocr_par' dir='ltr' id='par_1_93' title="bbox 2723 1387 3032 1466">
     <span class='ocr_line' id='line_1_93' title="bbox 2723 1387 3032 1466; baseline 0.003 -27"><span class='ocrx_word' id='word_1_440' title='bbox 2723 1402 2899 1466; x_wconf 71' lang='lat' dir='ltr'><strong>neque</strong></span> <span class='ocrx_word' id='word_1_441' title='bbox 2922 1387 3032 1441; x_wconf 85' lang='lat' dir='ltr'><strong>cal-</strong></span> 
     </span>
    </p>
   </div>
   <div class='ocr_carea' id='block_1_94' title="bbox 2724 1468 3011 1519">
    <p class='ocr_par' dir='ltr' id='par_1_94' title="bbox 2724 1468 3011 1519">
     <span class='ocr_line' id='line_1_94' title="bbox 2724 1468 3011 1519; baseline 0 -10"><span class='ocrx_word' id='word_1_442' title='bbox 2724 1468 3011 1519; x_wconf 80' lang='lat' dir='ltr'><strong>Clamelila,</strong></span> 
     </span>
    </p>
   </div>
   <div class='ocr_carea' id='block_1_95' title="bbox 2726 1527 3123 1596">
    <p class='ocr_par' dir='ltr' id='par_1_95' title="bbox 2726 1527 3123 1596">
     <span class='ocr_line' id='line_1_95' title="bbox 2726 1527 3123 1596; baseline 0.003 -17"><span class='ocrx_word' id='word_1_443' title='bbox 2726 1540 2901 1596; x_wconf 84' lang='lat' dir='ltr'><strong>neque</strong></span> <span class='ocrx_word' id='word_1_444' title='bbox 2926 1527 3123 1596; x_wconf 79' lang='lat' dir='ltr'><strong>virgam</strong></span> 
     </span>
    </p>
   </div>
   <div class='ocr_carea' id='block_1_96' title="bbox 2727 1594 3049 1650">
    <p class='ocr_par' dir='ltr' id='par_1_96' title="bbox 2727 1594 3049 1650">
     <span class='ocr_line' id='line_1_96' title="bbox 2727 1594 3049 1650; baseline 0.006 -2"><span class='ocrx_word' id='word_1_445' title='bbox 2727 1594 2779 1648; x_wconf 91' lang='lat' dir='ltr'><strong>in</strong></span> <span class='ocrx_word' id='word_1_446' title='bbox 2807 1594 3049 1650; x_wconf 72' lang='lat' dir='ltr'><strong>inanibus</strong></span> 
     </span>
    </p>
   </div>
   <div class='ocr_carea' id='block_1_97' title="bbox 2725 1665 3183 1735">
    <p class='ocr_par' dir='ltr' id='par_1_97' title="bbox 2725 1665 3183 1735">
     <span class='ocr_line' id='line_1_97' title="bbox 2725 1665 3183 1735; baseline 0.007 -17"><span class='ocrx_word' id='word_1_447' title='bbox 2725 1666 2919 1718; x_wconf 89' lang='lat' dir='ltr'><strong>vestris</strong></span> <span class='ocrx_word' id='word_1_448' title='bbox 2947 1684 2959 1716; x_wconf 91' lang='lat'>:</span> <span class='ocrx_word' id='word_1_449' title='bbox 2992 1665 3183 1735; x_wconf 88' lang='lat' dir='ltr'><strong>dignus</strong></span> 
     </span>
    </p>
   </div>
   <div class='ocr_carea' id='block_1_98' title="bbox 2727 1734 3125 1805">
    <p class='ocr_par' dir='ltr' id='par_1_98' title="bbox 2727 1734 3125 1805">
     <span class='ocr_line' id='line_1_98' title="bbox 2727 1734 3125 1805; baseline 0 -16"><span class='ocrx_word' id='word_1_450' title='bbox 2727 1743 2808 1789; x_wconf 87' lang='lat' dir='ltr'><strong>est</strong></span> <span class='ocrx_word' id='word_1_451' title='bbox 2829 1734 2971 1789; x_wconf 88' lang='lat' dir='ltr'><strong>enim</strong></span> <span class='ocrx_word' id='word_1_452' title='bbox 2997 1734 3125 1805; x_wconf 90' lang='lat' dir='ltr'><strong>ope—</strong></span> 
     </span>
    </p>
   </div>
   <div class='ocr_carea' id='block_1_99' title="bbox 2727 1806 3242 1874">
    <p class='ocr_par' dir='ltr' id='par_1_99' title="bbox 2727 1806 3242 1874">
     <span class='ocr_line' id='line_1_99' title="bbox 2727 1806 3242 1874; baseline 0.004 -17"><span class='ocrx_word' id='word_1_453' title='bbox 2727 1806 2901 1858; x_wconf 90' lang='lat' dir='ltr'><strong>rarius</strong></span> <span class='ocrx_word' id='word_1_454' title='bbox 2937 1806 3009 1874; x_wconf 78' lang='lat' dir='ltr'><strong>(e)</strong></span> <span class='ocrx_word' id='word_1_455' title='bbox 3038 1820 3242 1862; x_wconf 89' lang='lat' dir='ltr'><strong>merce-</strong></span> 
     </span>
    </p>
   </div>
   <div class='ocr_carea' id='block_1_100' title="bbox 2727 1875 3121 1944">
    <p class='ocr_par' dir='ltr' id='par_1_100' title="bbox 2727 1875 3121 1944">
     <span class='ocr_line' id='line_1_100' title="bbox 2727 1875 3121 1944; baseline 0.005 -17"><span class='ocrx_word' id='word_1_456' title='bbox 2727 1875 2847 1929; x_wconf 87' lang='lat' dir='ltr'><strong>dem</strong></span> <span class='ocrx_word' id='word_1_457' title='bbox 2876 1875 2917 1944; x_wconf 78' lang='grc' dir='ltr'><strong>-ι-</strong></span> <span class='ocrx_word' id='word_1_458' title='bbox 2947 1889 3121 1929; x_wconf 91' lang='lat' dir='ltr'><strong>suam.</strong></span> 
     </span>
    </p>
   </div>
   <div class='ocr_carea' id='block_1_101' title="bbox 2728 1944 3261 2014">
    <p class='ocr_par' dir='ltr' id='par_1_101' title="bbox 2728 1944 3261 2014">
     <span class='ocr_line' id='line_1_101' title="bbox 2728 1944 3261 2014; baseline 0.004 -15"><span class='ocrx_word' id='word_1_459' title='bbox 2728 1946 2814 1999; x_wconf 79' lang='lat' dir='ltr'><strong>ﬂ.</strong></span> <span class='ocrx_word' id='word_1_460' title='bbox 2862 1944 2916 1998; x_wconf 92' lang='lat' dir='ltr'><strong>In</strong></span> <span class='ocrx_word' id='word_1_461' title='bbox 2947 1960 3261 2014; x_wconf 87' lang='lat' dir='ltr'><strong>quamcum-</strong></span> 
     </span>
    </p>
   </div>
   <div class='ocr_carea' id='block_1_102' title="bbox 2727 2016 3161 2081">
    <p class='ocr_par' dir='ltr' id='par_1_102' title="bbox 2727 2016 3161 2081">
     <span class='ocr_line' id='line_1_102' title="bbox 2727 2016 3161 2081; baseline 0.005 -16"><span class='ocrx_word' id='word_1_462' title='bbox 2727 2030 2829 2081; x_wconf 89' lang='lat' dir='ltr'><strong>que</strong></span> <span class='ocrx_word' id='word_1_463' title='bbox 2859 2016 2998 2068; x_wconf 83' lang='lat' dir='ltr'><strong>enim</strong></span> <span class='ocrx_word' id='word_1_464' title='bbox 3027 2016 3161 2067; x_wconf 89' lang='lat' dir='ltr'><strong>civi-</strong></span> 
     </span>
    </p>
   </div>
   <div class='ocr_carea' id='block_1_103' title="bbox 2727 2085 3235 2156">
    <p class='ocr_par' dir='ltr' id='par_1_103' title="bbox 2727 2085 3235 2156">
     <span class='ocr_line' id='line_1_103' title="bbox 2727 2085 3235 2156; baseline 0.008 -21"><span class='ocrx_word' id='word_1_465' title='bbox 2727 2093 2835 2156; x_wconf 80' lang='lat' dir='ltr'><strong>tate</strong></span> <span class='ocrx_word' id='word_1_466' title='bbox 2862 2085 3235 2156; x_wconf 32' lang='lat' dir='ltr'><strong>intraveritist</strong></span> 
     </span>
    </p>
   </div>
   <div class='ocr_carea' id='block_1_104' title="bbox 2725 2154 3087 2220">
    <p class='ocr_par' dir='ltr' id='par_1_104' title="bbox 2725 2154 3087 2220">
     <span class='ocr_line' id='line_1_104' title="bbox 2725 2154 3087 2220; baseline 0 -13"><span class='ocrx_word' id='word_1_467' title='bbox 2725 2154 3053 2220; x_wconf 83' lang='lat' dir='ltr'><strong>interrogate</strong></span> <span class='ocrx_word' id='word_1_468' title='bbox 3074 2196 3087 2213; x_wconf 89' lang='lat'><strong>.</strong></span> 
     </span>
    </p>
   </div>
   <div class='ocr_carea' id='block_1_105' title="bbox 2726 2222 3244 2292">
    <p class='ocr_par' dir='ltr' id='par_1_105' title="bbox 2726 2222 3244 2292">
     <span class='ocr_line' id='line_1_105' title="bbox 2726 2222 3244 2292; baseline 0 -16"><span class='ocrx_word' id='word_1_469' title='bbox 2726 2224 2847 2292; x_wconf 90' lang='lat' dir='ltr'><strong>quis</strong></span> <span class='ocrx_word' id='word_1_470' title='bbox 2881 2224 2933 2276; x_wconf 91' lang='lat' dir='ltr'><strong>in</strong></span> <span class='ocrx_word' id='word_1_471' title='bbox 2963 2238 3026 2277; x_wconf 91' lang='lat' dir='ltr'><strong>ea</strong></span> <span class='ocrx_word' id='word_1_472' title='bbox 3053 2222 3244 2292; x_wconf 90' lang='lat' dir='ltr'><strong>dignus</strong></span> 
     </span>
    </p>
   </div>
   <div class='ocr_carea' id='block_1_106' title="bbox 2728 2293 3165 2348">
    <p class='ocr_par' dir='ltr' id='par_1_106' title="bbox 2728 2293 3165 2348">
     <span class='ocr_line' id='line_1_106' title="bbox 2728 2293 3165 2348; baseline 0 0"><span class='ocrx_word' id='word_1_473' title='bbox 2728 2296 2801 2348; x_wconf 90' lang='lat' dir='ltr'><strong>sit</strong></span> <span class='ocrx_word' id='word_1_474' title='bbox 2826 2311 2840 2347; x_wconf 90' lang='lat'><strong>:</strong></span> <span class='ocrx_word' id='word_1_475' title='bbox 2872 2301 2926 2347; x_wconf 89' lang='lat' dir='ltr'><strong>et</strong></span> <span class='ocrx_word' id='word_1_476' title='bbox 2950 2293 3022 2348; x_wconf 86' lang='lat' dir='ltr'><strong>ibi</strong></span> <span class='ocrx_word' id='word_1_477' title='bbox 3052 2308 3165 2348; x_wconf 89' lang='lat' dir='ltr'><strong>ma—</strong></span> 
     </span>
    </p>
   </div>
   <div class='ocr_carea' id='block_1_107' title="bbox 2689 2364 3059 2417">
    <p class='ocr_par' dir='ltr' id='par_1_107' title="bbox 2689 2364 3059 2417">
     <span class='ocr_line' id='line_1_107' title="bbox 2689 2364 3059 2417; baseline 0 0"><span class='ocrx_word' id='word_1_478' title='bbox 2689 2369 2713 2387; x_wconf 64' lang='lat'><strong><em>&quot;</em></strong></span> <span class='ocrx_word' id='word_1_479' title='bbox 2730 2372 2856 2417; x_wconf 90' lang='lat' dir='ltr'><strong>nete</strong></span> <span class='ocrx_word' id='word_1_480' title='bbox 2884 2364 3059 2417; x_wconf 88' lang='lat' dir='ltr'><strong>donec</strong></span> 
     </span>
    </p>
   </div>
   <div class='ocr_carea' id='block_1_108' title="bbox 2735 2433 3201 2488">
    <p class='ocr_par' dir='ltr' id='par_1_108' title="bbox 2735 2433 3201 2488">
     <span class='ocr_line' id='line_1_108' title="bbox 2735 2433 3201 2488; baseline 0.002 -1"><span class='ocrx_word' id='word_1_481' title='bbox 2735 2433 2822 2487; x_wconf 75' lang='grc'>12.</span> <span class='ocrx_word' id='word_1_482' title='bbox 2864 2435 3089 2488; x_wconf 81' lang='lat' dir='ltr'><strong>exeatis.</strong></span> <span class='ocrx_word' id='word_1_483' title='bbox 3116 2434 3201 2488; x_wconf 85' lang='lat' dir='ltr'><strong>lu-</strong></span> 
     </span>
    </p>
   </div>
   <div class='ocr_carea' id='block_1_109' title="bbox 1900 686 2411 758">
    <p class='ocr_par' dir='ltr' id='par_1_109' title="bbox 1900 686 2411 758">
     <span class='ocr_line' id='line_1_109' title="bbox 1900 686 2411 758; baseline 0.006 -17"><span class='ocrx_word' id='word_1_484' title='bbox 1900 686 2066 758; x_wconf 69' lang='lat' dir='ltr'><strong>{rater</strong></span> <span class='ocrx_word' id='word_1_485' title='bbox 2098 691 2213 758; x_wconf 85' lang='lat' dir='ltr'><strong>ejus</strong></span> <span class='ocrx_word' id='word_1_486' title='bbox 2233 728 2248 754; x_wconf 93' lang='lat'><strong>,</strong></span> <span class='ocrx_word' id='word_1_487' title='bbox 2280 688 2411 744; x_wconf 82' lang='lat' dir='ltr'><strong>Plii-</strong></span> 
     </span>
    </p>
   </div>
   <div class='ocr_carea' id='block_1_110' title="bbox 1900 756 2364 826">
    <p class='ocr_par' dir='ltr' id='par_1_110' title="bbox 1900 756 2364 826">
     <span class='ocr_line' id='line_1_110' title="bbox 1900 756 2364 826; baseline 0.009 -16"><span class='ocrx_word' id='word_1_488' title='bbox 1900 756 2076 826; x_wconf 89' lang='lat' dir='ltr'><strong>lippus</strong></span> <span class='ocrx_word' id='word_1_489' title='bbox 2098 800 2113 824; x_wconf 90' lang='lat'><strong>,</strong></span> <span class='ocrx_word' id='word_1_490' title='bbox 2130 756 2196 814; x_wconf 77' lang='lat' dir='ltr'><strong>et</strong></span> <span class='ocrx_word' id='word_1_491' title='bbox 2235 759 2364 814; x_wconf 84' lang='lat' dir='ltr'><strong>Bar-</strong></span> 
     </span>
    </p>
   </div>
   <div class='ocr_carea' id='block_1_111' title="bbox 1903 826 2277 895">
    <p class='ocr_par' dir='ltr' id='par_1_111' title="bbox 1903 826 2277 895">
     <span class='ocr_line' id='line_1_111' title="bbox 1903 826 2277 895; baseline 0.011 -16"><span class='ocrx_word' id='word_1_492' title='bbox 1903 826 2235 883; x_wconf 90' lang='lat' dir='ltr'><strong>tholomaeus</strong></span> <span class='ocrx_word' id='word_1_493' title='bbox 2262 870 2277 895; x_wconf 83' lang='lat'><strong>,</strong></span> 
     </span>
    </p>
   </div>
   <div class='ocr_carea' id='block_1_112' title="bbox 1900 897 2243 953">
    <p class='ocr_par' dir='ltr' id='par_1_112' title="bbox 1900 897 2243 953">
     <span class='ocr_line' id='line_1_112' title="bbox 1900 897 2243 953; baseline 0.012 -4"><span class='ocrx_word' id='word_1_494' title='bbox 1900 905 1955 949; x_wconf 91' lang='lat' dir='ltr'><strong>et</strong></span> <span class='ocrx_word' id='word_1_495' title='bbox 1977 897 2243 953; x_wconf 82' lang='lat' dir='ltr'><strong>Mattheus</strong></span> 
     </span>
    </p>
   </div>
   <div class='ocr_carea' id='block_1_113' title="bbox 1902 966 2249 1035">
    <p class='ocr_par' dir='ltr' id='par_1_113' title="bbox 1902 966 2249 1035">
     <span class='ocr_line' id='line_1_113' title="bbox 1902 966 2249 1035; baseline 0.006 -16"><span class='ocrx_word' id='word_1_496' title='bbox 1902 966 2249 1035; x_wconf 76' lang='lat' dir='ltr'><strong>pubhcanus,</strong></span> 
     </span>
    </p>
   </div>
   <div class='ocr_carea' id='block_1_114' title="bbox 1900 1035 2453 1107">
    <p class='ocr_par' dir='ltr' id='par_1_114' title="bbox 1900 1035 2453 1107">
     <span class='ocr_line' id='line_1_114' title="bbox 1900 1035 2453 1107; baseline 0.004 -18"><span class='ocrx_word' id='word_1_497' title='bbox 1900 1044 1963 1107; x_wconf 11' lang='lat' dir='ltr'><strong>et;</strong></span> <span class='ocrx_word' id='word_1_498' title='bbox 1976 1035 2209 1092; x_wconf 79' lang='lat' dir='ltr'><strong>Jacobus</strong></span> <span class='ocrx_word' id='word_1_499' title='bbox 2438 1092 2453 1107; x_wconf 32' lang='grc' dir='ltr'><strong>η</strong></span> 
     </span>
    </p>
   </div>
   <div class='ocr_carea' id='block_1_115' title="bbox 1902 1105 2373 1173">
    <p class='ocr_par' dir='ltr' id='par_1_115' title="bbox 1902 1105 2373 1173">
     <span class='ocr_line' id='line_1_115' title="bbox 1902 1105 2373 1173; baseline 0.006 -14"><span class='ocrx_word' id='word_1_500' title='bbox 1902 1105 2115 1173; x_wconf 85' lang='lat' dir='ltr'><strong>Alphei,</strong></span> <span class='ocrx_word' id='word_1_501' title='bbox 2136 1118 2189 1162; x_wconf 90' lang='lat' dir='ltr'><strong>et</strong></span> <span class='ocrx_word' id='word_1_502' title='bbox 2208 1107 2373 1162; x_wconf 83' lang='lat' dir='ltr'><strong>Judas</strong></span> 
     </span>
    </p>
   </div>
   <div class='ocr_carea' id='block_1_116' title="bbox 1902 1173 2404 1239">
    <p class='ocr_par' dir='ltr' id='par_1_116' title="bbox 1902 1173 2404 1239">
     <span class='ocr_line' id='line_1_116' title="bbox 1902 1173 2404 1239; baseline 0.006 -10"><span class='ocrx_word' id='word_1_503' title='bbox 1902 1173 2114 1231; x_wconf 85' lang='lat' dir='ltr'><strong>Zelotes</strong></span> <span class='ocrx_word' id='word_1_504' title='bbox 2132 1220 2145 1239; x_wconf 90' lang='lat'><strong>,</strong></span> <span class='ocrx_word' id='word_1_505' title='bbox 2177 1186 2230 1231; x_wconf 91' lang='lat' dir='ltr'><strong>et</strong></span> <span class='ocrx_word' id='word_1_506' title='bbox 2256 1177 2404 1232; x_wconf 86' lang='lat' dir='ltr'><strong>Tho-</strong></span> 
     </span>
    </p>
   </div>
   <div class='ocr_carea' id='block_1_117' title="bbox 1904 1314 2512 1384">
    <p class='ocr_par' dir='ltr' id='par_1_117' title="bbox 1904 1314 2512 1384">
     <span class='ocr_line' id='line_1_117' title="bbox 1904 1314 2512 1384; baseline 0.005 -16"><span class='ocrx_word' id='word_1_507' title='bbox 1904 1317 1957 1369; x_wconf 78' lang='grc'>4.</span> <span class='ocrx_word' id='word_1_508' title='bbox 1999 1314 2184 1384; x_wconf 57' lang='lat' dir='ltr'><strong>Simian</strong></span> <span class='ocrx_word' id='word_1_509' title='bbox 2215 1314 2512 1384; x_wconf 75' lang='lat' dir='ltr'><strong>cananeUS,</strong></span> 
     </span>
    </p>
   </div>
   <div class='ocr_carea' id='block_1_118' title="bbox 1903 1383 2419 1451">
    <p class='ocr_par' dir='ltr' id='par_1_118' title="bbox 1903 1383 2419 1451">
     <span class='ocr_line' id='line_1_118' title="bbox 1903 1383 2419 1451; baseline 0.004 -13"><span class='ocrx_word' id='word_1_510' title='bbox 1903 1395 1952 1438; x_wconf 91' lang='lat' dir='ltr'><strong>et</strong></span> <span class='ocrx_word' id='word_1_511' title='bbox 1985 1383 2149 1439; x_wconf 77' lang='lat' dir='ltr'><strong>ludas</strong></span> <span class='ocrx_word' id='word_1_512' title='bbox 2172 1385 2419 1451; x_wconf 88' lang='lat' dir='ltr'><strong>Carioth,</strong></span> 
     </span>
    </p>
   </div>
   <div class='ocr_carea' id='block_1_119' title="bbox 1903 1453 2238 1526">
    <p class='ocr_par' dir='ltr' id='par_1_119' title="bbox 1903 1453 2238 1526">
     <span class='ocr_line' id='line_1_119' title="bbox 1903 1453 2238 1526; baseline 0.003 -18"><span class='ocrx_word' id='word_1_513' title='bbox 1903 1454 1992 1526; x_wconf 91' lang='lat' dir='ltr'><strong>qui</strong></span> <span class='ocrx_word' id='word_1_514' title='bbox 2018 1453 2238 1509; x_wconf 87' lang='lat' dir='ltr'><strong>tradidit</strong></span> 
     </span>
    </p>
   </div>
   <div class='ocr_carea' id='block_1_120' title="bbox 1904 1539 2047 1578">
    <p class='ocr_par' dir='ltr' id='par_1_120' title="bbox 1904 1539 2047 1578">
     <span class='ocr_line' id='line_1_120' title="bbox 1904 1539 2047 1578; baseline -0.007 0"><span class='ocrx_word' id='word_1_515' title='bbox 1904 1539 2047 1578; x_wconf 89' lang='lat' dir='ltr'><strong>eum.</strong></span> 
     </span>
    </p>
   </div>
   <div class='ocr_carea' id='block_1_121' title="bbox 1906 1593 2412 1649">
    <p class='ocr_par' dir='ltr' id='par_1_121' title="bbox 1906 1593 2412 1649">
     <span class='ocr_line' id='line_1_121' title="bbox 1906 1593 2412 1649; baseline -0.004 -2"><span class='ocrx_word' id='word_1_516' title='bbox 1906 1595 1959 1647; x_wconf 85' lang='lat'><strong>5.</strong></span> <span class='ocrx_word' id='word_1_517' title='bbox 2000 1593 2109 1649; x_wconf 84' lang='lat' dir='ltr'><strong>Hos</strong></span> <span class='ocrx_word' id='word_1_518' title='bbox 2140 1608 2234 1648; x_wconf 80' lang='lat' dir='ltr'><strong>xu.</strong></span> <span class='ocrx_word' id='word_1_519' title='bbox 2268 1593 2412 1648; x_wconf 82' lang='lat' dir='ltr'><strong>misit</strong></span> 
     </span>
    </p>
   </div>
   <div class='ocr_carea' id='block_1_122' title="bbox 1902 1663 2441 1733">
    <p class='ocr_par' dir='ltr' id='par_1_122' title="bbox 1902 1663 2441 1733">
     <span class='ocr_line' id='line_1_122' title="bbox 1902 1663 2441 1733; baseline 0.002 -17"><span class='ocrx_word' id='word_1_520' title='bbox 1902 1663 2080 1728; x_wconf 84' lang='lat' dir='ltr'><strong>Jesus,</strong></span> <span class='ocrx_word' id='word_1_521' title='bbox 2107 1666 2441 1733; x_wconf 84' lang='lat' dir='ltr'><strong>praecipiens</strong></span> 
     </span>
    </p>
   </div>
   <div class='ocr_carea' id='block_1_123' title="bbox 1905 1732 2260 1805">
    <p class='ocr_par' dir='ltr' id='par_1_123' title="bbox 1905 1732 2260 1805">
     <span class='ocr_line' id='line_1_123' title="bbox 1905 1732 2260 1805; baseline -0.003 0"><span class='ocrx_word' id='word_1_522' title='bbox 1905 1733 2003 1805; x_wconf 54' lang='lat' dir='ltr'><strong>eis,</strong></span> <span class='ocrx_word' id='word_1_523' title='bbox 2037 1732 2119 1805; x_wconf 71' lang='grc' dir='ltr'><strong>(δ)</strong></span> <span class='ocrx_word' id='word_1_524' title='bbox 2140 1742 2195 1805; x_wconf 56' lang='grc' dir='ltr'><strong>ξι</strong></span> <span class='ocrx_word' id='word_1_525' title='bbox 2219 1732 2260 1804; x_wconf 76' lang='lat' dir='ltr'><strong>i&#39;</strong></span> 
     </span>
    </p>
   </div>
   <div class='ocr_carea' id='block_1_124' title="bbox 1904 1804 2212 1859">
    <p class='ocr_par' dir='ltr' id='par_1_124' title="bbox 1904 1804 2212 1859">
     <span class='ocr_line' id='line_1_124' title="bbox 1904 1804 2212 1859; baseline 0.006 -3"><span class='ocrx_word' id='word_1_526' title='bbox 1904 1804 2089 1858; x_wconf 88' lang='lat' dir='ltr'><strong>dicens</strong></span> <span class='ocrx_word' id='word_1_527' title='bbox 2115 1822 2128 1857; x_wconf 86' lang='lat'><strong>:</strong></span> <span class='ocrx_word' id='word_1_528' title='bbox 2155 1804 2212 1859; x_wconf 88' lang='lat' dir='ltr'><strong>In</strong></span> 
     </span>
    </p>
   </div>
   <div class='ocr_carea' id='block_1_125' title="bbox 1906 1874 2313 1944">
    <p class='ocr_par' dir='ltr' id='par_1_125' title="bbox 1906 1874 2313 1944">
     <span class='ocr_line' id='line_1_125' title="bbox 1906 1874 2313 1944; baseline 0.012 -20"><span class='ocrx_word' id='word_1_529' title='bbox 1906 1874 2045 1927; x_wconf 88' lang='lat' dir='ltr'><strong>viam</strong></span> <span class='ocrx_word' id='word_1_530' title='bbox 2074 1875 2313 1944; x_wconf 89' lang='lat' dir='ltr'><strong>gentium</strong></span> 
     </span>
    </p>
   </div>
   <div class='ocr_carea' id='block_1_126' title="bbox 1906 1944 2347 2006">
    <p class='ocr_par' dir='ltr' id='par_1_126' title="bbox 1906 1944 2347 2006">
     <span class='ocr_line' id='line_1_126' title="bbox 1906 1944 2347 2006; baseline 0.002 -9"><span class='ocrx_word' id='word_1_531' title='bbox 1906 1958 1973 1999; x_wconf 89' lang='lat' dir='ltr'><strong>ne</strong></span> <span class='ocrx_word' id='word_1_532' title='bbox 2003 1944 2262 2006; x_wconf 86' lang='lat' dir='ltr'><strong>ahieritis,</strong></span> <span class='ocrx_word' id='word_1_533' title='bbox 2296 1954 2347 1999; x_wconf 91' lang='lat' dir='ltr'><strong>et</strong></span> 
     </span>
    </p>
   </div>
   <div class='ocr_carea' id='block_1_127' title="bbox 1904 2012 2289 2068">
    <p class='ocr_par' dir='ltr' id='par_1_127' title="bbox 1904 2012 2289 2068">
     <span class='ocr_line' id='line_1_127' title="bbox 1904 2012 2289 2068; baseline 0.003 -1"><span class='ocrx_word' id='word_1_534' title='bbox 1904 2012 1957 2067; x_wconf 92' lang='lat' dir='ltr'><strong>in</strong></span> <span class='ocrx_word' id='word_1_535' title='bbox 1984 2014 2289 2068; x_wconf 86' lang='lat' dir='ltr'><strong>civitatibus</strong></span> 
     </span>
    </p>
   </div>
   <div class='ocr_carea' id='block_1_128' title="bbox 1904 2082 2359 2139">
    <p class='ocr_par' dir='ltr' id='par_1_128' title="bbox 1904 2082 2359 2139">
     <span class='ocr_line' id='line_1_128' title="bbox 1904 2082 2359 2139; baseline -0.007 0"><span class='ocrx_word' id='word_1_536' title='bbox 1904 2082 2359 2139; x_wconf 86' lang='lat' dir='ltr'><strong>Samaritanorum</strong></span> 
     </span>
    </p>
   </div>
   <div class='ocr_carea' id='block_1_129' title="bbox 1904 2154 2362 2207">
    <p class='ocr_par' dir='ltr' id='par_1_129' title="bbox 1904 2154 2362 2207">
     <span class='ocr_line' id='line_1_129' title="bbox 1904 2154 2362 2207; baseline 0 -2"><span class='ocrx_word' id='word_1_537' title='bbox 1904 2168 1973 2207; x_wconf 91' lang='lat' dir='ltr'><strong>ne</strong></span> <span class='ocrx_word' id='word_1_538' title='bbox 1997 2154 2320 2207; x_wconf 89' lang='lat' dir='ltr'><strong>intraveritis</strong></span> <span class='ocrx_word' id='word_1_539' title='bbox 2349 2171 2362 2205; x_wconf 93' lang='lat'>:</span> 
     </span>
    </p>
   </div>
   <div class='ocr_carea' id='block_1_130' title="bbox 1905 2220 2409 2291">
    <p class='ocr_par' dir='ltr' id='par_1_130' title="bbox 1905 2220 2409 2291">
     <span class='ocr_line' id='line_1_130' title="bbox 1905 2220 2409 2291; baseline 0.002 -14"><span class='ocrx_word' id='word_1_540' title='bbox 1905 2222 1957 2277; x_wconf 85' lang='lat'><strong>6.</strong></span> <span class='ocrx_word' id='word_1_541' title='bbox 2001 2222 2094 2275; x_wconf 86' lang='lat' dir='ltr'><strong>sed</strong></span> <span class='ocrx_word' id='word_1_542' title='bbox 2126 2220 2303 2291; x_wconf 91' lang='lat' dir='ltr'><strong>potius</strong></span> <span class='ocrx_word' id='word_1_543' title='bbox 2335 2224 2409 2278; x_wconf 85' lang='lat' dir='ltr'><strong>ite</strong></span> 
     </span>
    </p>
   </div>
   <div class='ocr_carea' id='block_1_131' title="bbox 1905 2293 2296 2362">
    <p class='ocr_par' dir='ltr' id='par_1_131' title="bbox 1905 2293 2296 2362">
     <span class='ocr_line' id='line_1_131' title="bbox 1905 2293 2296 2362; baseline 0.003 -17"><span class='ocrx_word' id='word_1_544' title='bbox 1905 2293 1970 2346; x_wconf 88' lang='lat' dir='ltr'><strong>ad</strong></span> <span class='ocrx_word' id='word_1_545' title='bbox 1998 2307 2147 2357; x_wconf 90' lang='lat' dir='ltr'><strong>oves,</strong></span> <span class='ocrx_word' id='word_1_546' title='bbox 2176 2308 2296 2362; x_wconf 67' lang='lat' dir='ltr'><strong>qua:</strong></span> 
     </span>
    </p>
   </div>
   <div class='ocr_carea' id='block_1_132' title="bbox 1912 2431 2160 2487">
    <p class='ocr_par' dir='ltr' id='par_1_132' title="bbox 1912 2431 2160 2487">
     <span class='ocr_line' id='line_1_132' title="bbox 1912 2431 2160 2487; baseline -0.008 -1"><span class='ocrx_word' id='word_1_547' title='bbox 1912 2431 2160 2487; x_wconf 86' lang='lat' dir='ltr'><strong>Istrahel.</strong></span> 
     </span>
    </p>
   </div>
   <div class='ocr_carea' id='block_1_133' title="bbox 1914 2504 2422 2557">
    <p class='ocr_par' dir='ltr' id='par_1_133' title="bbox 1914 2504 2422 2557">
     <span class='ocr_line' id='line_1_133' title="bbox 1914 2504 2422 2557; baseline 0.004 -2"><span class='ocrx_word' id='word_1_548' title='bbox 1914 2504 1967 2557; x_wconf 89' lang='lat'><strong>7.</strong></span> <span class='ocrx_word' id='word_1_549' title='bbox 2012 2504 2208 2557; x_wconf 88' lang='lat' dir='ltr'><strong>Euntes</strong></span> <span class='ocrx_word' id='word_1_550' title='bbox 2231 2510 2422 2557; x_wconf 85' lang='lat' dir='ltr'><strong>autem</strong></span> 
     </span>
    </p>
   </div>
   <div class='ocr_carea' id='block_1_134' title="bbox 1908 2572 2550 2641">
    <p class='ocr_par' dir='ltr' id='par_1_134' title="bbox 1908 2572 2550 2641">
     <span class='ocr_line' id='line_1_134' title="bbox 1908 2572 2550 2641; baseline 0 -16"><span class='ocrx_word' id='word_1_551' title='bbox 1908 2572 2235 2641; x_wconf 86' lang='lat' dir='ltr'><strong>praedicate,</strong></span> <span class='ocrx_word' id='word_1_552' title='bbox 2267 2572 2507 2627; x_wconf 89' lang='lat' dir='ltr'><strong>dicentes</strong></span> <span class='ocrx_word' id='word_1_553' title='bbox 2538 2590 2550 2625; x_wconf 90' lang='lat'><strong>:</strong></span> 
     </span>
    </p>
   </div>
   <div class='ocr_carea' id='block_1_135' title="bbox 1908 2642 2455 2712">
    <p class='ocr_par' dir='ltr' id='par_1_135' title="bbox 1908 2642 2455 2712">
     <span class='ocr_line' id='line_1_135' title="bbox 1908 2642 2455 2712; baseline 0.004 -18"><span class='ocrx_word' id='word_1_554' title='bbox 1908 2644 2043 2709; x_wconf 86' lang='lat' dir='ltr'><strong>Quia</strong></span> <span class='ocrx_word' id='word_1_555' title='bbox 2067 2642 2455 2712; x_wconf 85' lang='lat' dir='ltr'><strong>adpropinqua-</strong></span> 
     </span>
    </p>
   </div>
   <div class='ocr_carea' id='block_1_136' title="bbox 1911 2715 2383 2782">
    <p class='ocr_par' dir='ltr' id='par_1_136' title="bbox 1911 2715 2383 2782">
     <span class='ocr_line' id='line_1_136' title="bbox 1911 2715 2383 2782; baseline 0.006 -19"><span class='ocrx_word' id='word_1_556' title='bbox 1911 2715 1986 2767; x_wconf 91' lang='lat' dir='ltr'><strong>vit</strong></span> <span class='ocrx_word' id='word_1_557' title='bbox 2014 2727 2232 2782; x_wconf 90' lang='lat' dir='ltr'><strong>regunm</strong></span> <span class='ocrx_word' id='word_1_558' title='bbox 2262 2727 2383 2766; x_wconf 83' lang='lat' dir='ltr'><strong>cae-</strong></span> 
     </span>
    </p>
   </div>
   <div class='ocr_carea' id='block_1_137' title="bbox 1913 2784 2107 2837">
    <p class='ocr_par' dir='ltr' id='par_1_137' title="bbox 1913 2784 2107 2837">
     <span class='ocr_line' id='line_1_137' title="bbox 1913 2784 2107 2837; baseline -0.015 0"><span class='ocrx_word' id='word_1_559' title='bbox 1913 2784 2107 2837; x_wconf 89' lang='lat' dir='ltr'><strong>lorum.</strong></span> 
     </span>
    </p>
   </div>
   <div class='ocr_carea' id='block_1_138' title="bbox 1913 2852 2492 2935">
    <p class='ocr_par' dir='ltr' id='par_1_138' title="bbox 1913 2852 2492 2935">
     <span class='ocr_line' id='line_1_138' title="bbox 1913 2852 2492 2935; baseline 0 -27"><span class='ocrx_word' id='word_1_560' title='bbox 1913 2855 1967 2908; x_wconf 83' lang='lat'><strong>8.</strong></span> <span class='ocrx_word' id='word_1_561' title='bbox 2010 2852 2258 2935; x_wconf 80' lang='lat' dir='ltr'><strong>Inﬁrmos</strong></span> <span class='ocrx_word' id='word_1_562' title='bbox 2285 2860 2492 2935; x_wconf 79' lang='lat' dir='ltr'><strong>curate,</strong></span> 
     </span>
    </p>
   </div>
   <div class='ocr_carea' id='block_1_139' title="bbox 1914 2932 2345 2979">
    <p class='ocr_par' dir='ltr' id='par_1_139' title="bbox 1914 2932 2345 2979">
     <span class='ocr_line' id='line_1_139' title="bbox 1914 2932 2345 2979; baseline 0.005 -2"><span class='ocrx_word' id='word_1_563' title='bbox 1914 2932 2156 2978; x_wconf 88' lang='lat' dir='ltr'><strong>mortuos</strong></span> <span class='ocrx_word' id='word_1_564' title='bbox 2176 2932 2345 2979; x_wconf 82' lang='lat' dir='ltr'><strong>susci-</strong></span> 
     </span>
    </p>
   </div>
   <div class='ocr_carea' id='block_1_140' title="bbox 2736 2513 3136 2557">
    <p class='ocr_par' dir='ltr' id='par_1_140' title="bbox 2736 2513 3136 2557">
     <span class='ocr_line' id='line_1_140' title="bbox 2736 2513 3136 2557; baseline 0 -1"><span class='ocrx_word' id='word_1_565' title='bbox 2736 2513 2938 2557; x_wconf 89' lang='lat' dir='ltr'><strong>trantes</strong></span> <span class='ocrx_word' id='word_1_566' title='bbox 2960 2514 3136 2557; x_wconf 89' lang='lat' dir='ltr'><strong>autem</strong></span> 
     </span>
    </p>
   </div>
   <div class='ocr_carea' id='block_1_141' title="bbox 2730 2572 3171 2639">
    <p class='ocr_par' dir='ltr' id='par_1_141' title="bbox 2730 2572 3171 2639">
     <span class='ocr_line' id='line_1_141' title="bbox 2730 2572 3171 2639; baseline -0.002 -13"><span class='ocrx_word' id='word_1_567' title='bbox 2730 2574 2782 2626; x_wconf 91' lang='lat' dir='ltr'><strong>in</strong></span> <span class='ocrx_word' id='word_1_568' title='bbox 2816 2572 3055 2639; x_wconf 86' lang='lat' dir='ltr'><strong>domum,</strong></span> <span class='ocrx_word' id='word_1_569' title='bbox 3086 2588 3171 2626; x_wconf 90' lang='lat' dir='ltr'><strong>sa-</strong></span> 
     </span>
    </p>
   </div>
   <div class='ocr_carea' id='block_1_142' title="bbox 2732 2642 3041 2698">
    <p class='ocr_par' dir='ltr' id='par_1_142' title="bbox 2732 2642 3041 2698">
     <span class='ocr_line' id='line_1_142' title="bbox 2732 2642 3041 2698; baseline 0 -3"><span class='ocrx_word' id='word_1_570' title='bbox 2732 2642 2895 2698; x_wconf 85' lang='lat' dir='ltr'><strong>lulate</strong></span> <span class='ocrx_word' id='word_1_571' title='bbox 2923 2658 3041 2698; x_wconf 87' lang='lat' dir='ltr'><strong>eam</strong></span> 
     </span>
    </p>
   </div>
   <div class='ocr_carea' id='block_1_143' title="bbox 2732 2711 3155 2767">
    <p class='ocr_par' dir='ltr' id='par_1_143' title="bbox 2732 2711 3155 2767">
     <span class='ocr_line' id='line_1_143' title="bbox 2732 2711 3155 2767; baseline 0.002 -1"><span class='ocrx_word' id='word_1_572' title='bbox 2732 2711 2976 2767; x_wconf 89' lang='lat' dir='ltr'><strong>dicentes</strong></span> <span class='ocrx_word' id='word_1_573' title='bbox 3004 2732 3016 2764; x_wconf 89' lang='lat'><strong>:</strong></span> <span class='ocrx_word' id='word_1_574' title='bbox 3046 2713 3155 2767; x_wconf 81' lang='lat' dir='ltr'><strong>Pax</strong></span> 
     </span>
    </p>
   </div>
   <div class='ocr_carea' id='block_1_144' title="bbox 2732 2781 3082 2837">
    <p class='ocr_par' dir='ltr' id='par_1_144' title="bbox 2732 2781 3082 2837">
     <span class='ocr_line' id='line_1_144' title="bbox 2732 2781 3082 2837; baseline -0.003 -2"><span class='ocrx_word' id='word_1_575' title='bbox 2732 2781 2857 2837; x_wconf 84' lang='lat' dir='ltr'><strong>huic</strong></span> <span class='ocrx_word' id='word_1_576' title='bbox 2878 2784 3082 2837; x_wconf 84' lang='lat' dir='ltr'><strong>domui.</strong></span> 
     </span>
    </p>
   </div>
   <div class='ocr_carea' id='block_1_145' title="bbox 2736 2853 3193 2908">
    <p class='ocr_par' dir='ltr' id='par_1_145' title="bbox 2736 2853 3193 2908">
     <span class='ocr_line' id='line_1_145' title="bbox 2736 2853 3193 2908; baseline 0 -2"><span class='ocrx_word' id='word_1_577' title='bbox 2736 2854 2821 2907; x_wconf 81' lang='grc'><strong>15.</strong></span> <span class='ocrx_word' id='word_1_578' title='bbox 2865 2854 2931 2908; x_wconf 85' lang='lat' dir='ltr'><strong>Et</strong></span> <span class='ocrx_word' id='word_1_579' title='bbox 2959 2854 3003 2907; x_wconf 90' lang='lat' dir='ltr'><strong>si</strong></span> <span class='ocrx_word' id='word_1_580' title='bbox 3035 2853 3193 2908; x_wconf 80' lang='lat' dir='ltr'><strong>fuerit</strong></span> 
     </span>
    </p>
   </div>
   <div class='ocr_carea' id='block_1_146' title="bbox 2735 2922 3050 2978">
    <p class='ocr_par' dir='ltr' id='par_1_146' title="bbox 2735 2922 3050 2978">
     <span class='ocr_line' id='line_1_146' title="bbox 2735 2922 3050 2978; baseline 0.003 -1"><span class='ocrx_word' id='word_1_581' title='bbox 2735 2923 2929 2977; x_wconf 88' lang='lat' dir='ltr'><strong>domus</strong></span> <span class='ocrx_word' id='word_1_582' title='bbox 2958 2922 3050 2978; x_wconf 90' lang='lat' dir='ltr'><strong>illa</strong></span> 
     </span>
    </p>
   </div>
   <div class='ocr_carea' id='block_1_147' title="bbox 2376 3036 3025 3095">
    <p class='ocr_par' dir='ltr' id='par_1_147' title="bbox 2376 3036 3025 3095">
     <span class='ocr_line' id='line_1_147' title="bbox 2376 3036 3025 3095; baseline -0.005 -1"><span class='ocrx_word' id='word_1_583' title='bbox 2376 3036 2603 3094; x_wconf 81' lang='lat' dir='ltr'><strong>CODEX</strong></span> <span class='ocrx_word' id='word_1_584' title='bbox 2639 3037 3025 3095; x_wconf 80' lang='lat' dir='ltr'><strong>BRIXIANUS.</strong></span> 
     </span>
    </p>
   </div>
   <div class='ocr_carea' id='block_1_148' title="bbox 1922 3132 3591 3205">
    <p class='ocr_par' dir='ltr' id='par_1_148' title="bbox 1922 3132 3591 3205">
     <span class='ocr_line' id='line_1_148' title="bbox 1922 3132 3591 3205; baseline 0 -19"><span class='ocrx_word' id='word_1_585' title='bbox 1922 3133 2084 3188; x_wconf 79' lang='lat' dir='ltr'><strong>frater</strong></span> <span class='ocrx_word' id='word_1_586' title='bbox 2110 3132 2249 3202; x_wconf 83' lang='lat' dir='ltr'><strong>ejus.</strong></span> <span class='ocrx_word' id='word_1_587' title='bbox 2271 3132 2501 3205; x_wconf 83' lang='lat' dir='ltr'><strong>Jacohus</strong></span> <span class='ocrx_word' id='word_1_588' title='bbox 2518 3132 2846 3205; x_wconf 78' lang='lat' dir='ltr'><strong>Zebedei.et</strong></span> <span class='ocrx_word' id='word_1_589' title='bbox 2866 3133 3145 3205; x_wconf 79' lang='lat' dir='ltr'><strong>Johannes</strong></span> <span class='ocrx_word' id='word_1_590' title='bbox 3161 3134 3324 3188; x_wconf 80' lang='lat' dir='ltr'><strong>frater</strong></span> <span class='ocrx_word' id='word_1_591' title='bbox 3348 3135 3483 3202; x_wconf 88' lang='lat' dir='ltr'><strong>ejus.</strong></span> <span class='ocrx_word' id='word_1_592' title='bbox 3585 3199 3591 3205; x_wconf 28' lang='grc' dir='ltr'><strong>ν</strong></span> 
     </span>
    </p>
   </div>
   <div class='ocr_carea' id='block_1_149' title="bbox 1921 3204 3486 3273">
    <p class='ocr_par' dir='ltr' id='par_1_149' title="bbox 1921 3204 3486 3273">
     <span class='ocr_line' id='line_1_149' title="bbox 1921 3204 3486 3273; baseline -0.001 -16"><span class='ocrx_word' id='word_1_593' title='bbox 1921 3205 2274 3273; x_wconf 87' lang='lat' dir='ltr'><strong>Philippuset</strong></span> <span class='ocrx_word' id='word_1_594' title='bbox 2305 3204 2729 3257; x_wconf 81' lang='lat' dir='ltr'><strong>Bartholomeus.</strong></span> <span class='ocrx_word' id='word_1_595' title='bbox 2764 3204 2996 3273; x_wconf 65' lang='lat' dir='ltr'><strong>Thomas</strong></span> <span class='ocrx_word' id='word_1_596' title='bbox 3024 3215 3078 3258; x_wconf 90' lang='lat' dir='ltr'><strong>et</strong></span> <span class='ocrx_word' id='word_1_597' title='bbox 3103 3204 3367 3258; x_wconf 84' lang='lat' dir='ltr'><strong>Mattheus</strong></span> <span class='ocrx_word' id='word_1_598' title='bbox 3391 3219 3486 3272; x_wconf 84' lang='lat' dir='ltr'><strong>pu-</strong></span> 
     </span>
    </p>
   </div>
   <div class='ocr_carea' id='block_1_150' title="bbox 1920 3272 3491 3341">
    <p class='ocr_par' dir='ltr' id='par_1_150' title="bbox 1920 3272 3491 3341">
     <span class='ocr_line' id='line_1_150' title="bbox 1920 3272 3491 3341; baseline 0 -14"><span class='ocrx_word' id='word_1_599' title='bbox 1920 3272 2423 3328; x_wconf 82' lang='lat' dir='ltr'><strong>hlicantts.Jacobus</strong></span> <span class='ocrx_word' id='word_1_600' title='bbox 2447 3273 2653 3338; x_wconf 77' lang='lat' dir='ltr'><strong>Alphei.</strong></span> <span class='ocrx_word' id='word_1_601' title='bbox 2679 3283 2733 3326; x_wconf 88' lang='lat' dir='ltr'><strong>et</strong></span> <span class='ocrx_word' id='word_1_602' title='bbox 2766 3272 3033 3328; x_wconf 89' lang='lat' dir='ltr'><strong>Lebbeus.</strong></span> <span class='ocrx_word' id='word_1_603' title='bbox 3073 3277 3158 3341; x_wconf 87' lang='lat' dir='ltr'><strong>qui</strong></span> <span class='ocrx_word' id='word_1_604' title='bbox 3187 3275 3491 3327; x_wconf 88' lang='lat' dir='ltr'><strong>nominatur</strong></span> 
     </span>
    </p>
   </div>
   <div class='ocr_carea' id='block_1_151' title="bbox 1920 3342 3491 3413">
    <p class='ocr_par' dir='ltr' id='par_1_151' title="bbox 1920 3342 3491 3413">
     <span class='ocr_line' id='line_1_151' title="bbox 1920 3342 3491 3413; baseline -0.001 -16"><span class='ocrx_word' id='word_1_605' title='bbox 1920 3343 2188 3397; x_wconf 69' lang='lat' dir='ltr'><strong>Totideus.</strong></span> <span class='ocrx_word' id='word_1_606' title='bbox 2217 3344 2407 3413; x_wconf 87' lang='lat' dir='ltr'><strong>Simon</strong></span> <span class='ocrx_word' id='word_1_607' title='bbox 2426 3342 2766 3413; x_wconf 84' lang='lat' dir='ltr'><strong>Chananeus.</strong></span> <span class='ocrx_word' id='word_1_608' title='bbox 2798 3353 2851 3397; x_wconf 88' lang='lat' dir='ltr'><strong>et</strong></span> <span class='ocrx_word' id='word_1_609' title='bbox 2880 3342 3044 3398; x_wconf 81' lang='lat' dir='ltr'><strong>Judas</strong></span> <span class='ocrx_word' id='word_1_610' title='bbox 3070 3344 3364 3399; x_wconf 80' lang='lat' dir='ltr'><strong>Scariotcs.</strong></span> <span class='ocrx_word' id='word_1_611' title='bbox 3403 3343 3491 3413; x_wconf 88' lang='lat' dir='ltr'><strong>qui</strong></span> 
     </span>
    </p>
   </div>
   <div class='ocr_carea' id='block_1_152' title="bbox 1921 3412 3493 3483">
    <p class='ocr_par' dir='ltr' id='par_1_152' title="bbox 1921 3412 3493 3483">
     <span class='ocr_line' id='line_1_152' title="bbox 1921 3412 3493 3483; baseline 0.001 -16"><span class='ocrx_word' id='word_1_612' title='bbox 1921 3414 2211 3483; x_wconf 58' lang='lat' dir='ltr'><strong>ettraditlit</strong></span> <span class='ocrx_word' id='word_1_613' title='bbox 2232 3428 2373 3466; x_wconf 89' lang='lat' dir='ltr'><strong>eum.</strong></span> <span class='ocrx_word' id='word_1_614' title='bbox 2400 3412 2795 3467; x_wconf 88' lang='lat' dir='ltr'><strong>Hosduodecim</strong></span> <span class='ocrx_word' id='word_1_615' title='bbox 2814 3415 2957 3468; x_wconf 89' lang='lat' dir='ltr'><strong>misit</strong></span> <span class='ocrx_word' id='word_1_616' title='bbox 2977 3414 3135 3469; x_wconf 81' lang='lat' dir='ltr'><strong>Jesus</strong></span> <span class='ocrx_word' id='word_1_617' title='bbox 3162 3412 3493 3483; x_wconf 81' lang='lat' dir='ltr'><strong>praecipiens</strong></span> 
     </span>
    </p>
   </div>
   <div class='ocr_carea' id='block_1_153' title="bbox 1922 3481 3493 3553">
    <p class='ocr_par' dir='ltr' id='par_1_153' title="bbox 1922 3481 3493 3553">
     <span class='ocr_line' id='line_1_153' title="bbox 1922 3481 3493 3553; baseline -0.001 -16"><span class='ocrx_word' id='word_1_618' title='bbox 1922 3482 2161 3553; x_wconf 4' lang='lat' dir='ltr'><strong>eisp(b)et</strong></span> <span class='ocrx_word' id='word_1_619' title='bbox 2187 3481 2226 3551; x_wconf 70' lang='grc' dir='ltr'><strong>-ι-</strong></span> <span class='ocrx_word' id='word_1_620' title='bbox 2252 3483 2456 3536; x_wconf 89' lang='lat' dir='ltr'><strong>dicens.</strong></span> <span class='ocrx_word' id='word_1_621' title='bbox 2482 3484 2533 3536; x_wconf 90' lang='lat' dir='ltr'><strong>in</strong></span> <span class='ocrx_word' id='word_1_622' title='bbox 2562 3485 2702 3535; x_wconf 79' lang='lat' dir='ltr'><strong>viam</strong></span> <span class='ocrx_word' id='word_1_623' title='bbox 2732 3484 2968 3552; x_wconf 87' lang='lat' dir='ltr'><strong>gentium</strong></span> <span class='ocrx_word' id='word_1_624' title='bbox 2991 3481 3403 3539; x_wconf 82' lang='lat' dir='ltr'><strong>neabieritis.et</strong></span> <span class='ocrx_word' id='word_1_625' title='bbox 3442 3485 3493 3537; x_wconf 90' lang='lat' dir='ltr'><strong>in</strong></span> 
     </span>
    </p>
   </div>
   <div class='ocr_carea' id='block_1_154' title="bbox 1922 3551 3495 3623">
    <p class='ocr_par' dir='ltr' id='par_1_154' title="bbox 1922 3551 3495 3623">
     <span class='ocr_line' id='line_1_154' title="bbox 1922 3551 3495 3623; baseline -0.001 -15"><span class='ocrx_word' id='word_1_626' title='bbox 1922 3551 2167 3608; x_wconf 74' lang='lat' dir='ltr'><strong>civitates</strong></span> <span class='ocrx_word' id='word_1_627' title='bbox 2194 3554 2645 3607; x_wconf 81' lang='lat' dir='ltr'><strong>Samaritanorum</strong></span> <span class='ocrx_word' id='word_1_628' title='bbox 2675 3568 2741 3606; x_wconf 90' lang='lat' dir='ltr'><strong>ne</strong></span> <span class='ocrx_word' id='word_1_629' title='bbox 2771 3556 3083 3608; x_wconf 85' lang='lat' dir='ltr'><strong>iutroicritis</strong></span> <span class='ocrx_word' id='word_1_630' title='bbox 3105 3554 3199 3609; x_wconf 90' lang='lat' dir='ltr'><strong>sed</strong></span> <span class='ocrx_word' id='word_1_631' title='bbox 3233 3557 3405 3623; x_wconf 84' lang='lat' dir='ltr'><strong>potius</strong></span> <span class='ocrx_word' id='word_1_632' title='bbox 3424 3554 3495 3607; x_wconf 81' lang='lat' dir='ltr'><strong>ite</strong></span> 
     </span>
    </p>
   </div>
   <div class='ocr_carea' id='block_1_155' title="bbox 1926 3623 3494 3691">
    <p class='ocr_par' dir='ltr' id='par_1_155' title="bbox 1926 3623 3494 3691">
     <span class='ocr_line' id='line_1_155' title="bbox 1926 3623 3494 3691; baseline -0.001 -16"><span class='ocrx_word' id='word_1_633' title='bbox 1926 3624 1991 3675; x_wconf 87' lang='lat' dir='ltr'><strong>ad</strong></span> <span class='ocrx_word' id='word_1_634' title='bbox 2035 3637 2162 3678; x_wconf 90' lang='lat' dir='ltr'><strong>oves</strong></span> <span class='ocrx_word' id='word_1_635' title='bbox 2205 3638 2339 3691; x_wconf 86' lang='lat' dir='ltr'><strong>quae</strong></span> <span class='ocrx_word' id='word_1_636' title='bbox 2370 3624 2641 3691; x_wconf 83' lang='lat' dir='ltr'><strong>perierunt</strong></span> <span class='ocrx_word' id='word_1_637' title='bbox 2684 3623 2875 3676; x_wconf 84' lang='lat' dir='ltr'><strong>dooms</strong></span> <span class='ocrx_word' id='word_1_638' title='bbox 2904 3624 3127 3678; x_wconf 88' lang='lat' dir='ltr'><strong>Israhel.</strong></span> <span class='ocrx_word' id='word_1_639' title='bbox 3162 3624 3364 3677; x_wconf 84' lang='lat' dir='ltr'><strong>Euutes</strong></span> <span class='ocrx_word' id='word_1_640' title='bbox 3402 3638 3494 3675; x_wconf 89' lang='lat' dir='ltr'><strong>au-</strong></span> 
     </span>
    </p>
   </div>
   <div class='ocr_carea' id='block_1_156' title="bbox 1926 3693 3495 3763">
    <p class='ocr_par' dir='ltr' id='par_1_156' title="bbox 1926 3693 3495 3763">
     <span class='ocr_line' id='line_1_156' title="bbox 1926 3693 3495 3763; baseline -0.004 -15"><span class='ocrx_word' id='word_1_641' title='bbox 1926 3701 2053 3748; x_wconf 90' lang='lat' dir='ltr'><strong>tem.</strong></span> <span class='ocrx_word' id='word_1_642' title='bbox 2087 3694 2388 3762; x_wconf 80' lang='lat' dir='ltr'><strong>praedic-ate</strong></span> <span class='ocrx_word' id='word_1_643' title='bbox 2434 3693 2693 3749; x_wconf 87' lang='lat' dir='ltr'><strong>dicentes.</strong></span> <span class='ocrx_word' id='word_1_644' title='bbox 2739 3694 2871 3761; x_wconf 81' lang='lat' dir='ltr'><strong>Quia</strong></span> <span class='ocrx_word' id='word_1_645' title='bbox 2922 3694 3378 3763; x_wconf 73' lang='lat' dir='ltr'><strong>adpropinquavit</strong></span> <span class='ocrx_word' id='word_1_646' title='bbox 3412 3706 3495 3743; x_wconf 89' lang='lat' dir='ltr'><strong>re-</strong></span> 
     </span>
    </p>
   </div>
   <div class='ocr_carea' id='block_1_157' title="bbox 1927 3761 3492 3832">
    <p class='ocr_par' dir='ltr' id='par_1_157' title="bbox 1927 3761 3492 3832">
     <span class='ocr_line' id='line_1_157' title="bbox 1927 3761 3492 3832; baseline -0.001 -19"><span class='ocrx_word' id='word_1_647' title='bbox 1927 3761 2098 3832; x_wconf 83' lang='lat' dir='ltr'><strong>guum</strong></span> <span class='ocrx_word' id='word_1_648' title='bbox 2119 3764 2407 3818; x_wconf 90' lang='lat' dir='ltr'><strong>caelorum.</strong></span> <span class='ocrx_word' id='word_1_649' title='bbox 2438 3763 2684 3819; x_wconf 81' lang='lat' dir='ltr'><strong>Inﬁrmos</strong></span> <span class='ocrx_word' id='word_1_650' title='bbox 2724 3774 2907 3818; x_wconf 89' lang='lat' dir='ltr'><strong>curate</strong></span> <span class='ocrx_word' id='word_1_651' title='bbox 2953 3761 3195 3831; x_wconf 68' lang='lat' dir='ltr'><strong>leprosos</strong></span> <span class='ocrx_word' id='word_1_652' title='bbox 3224 3761 3492 3832; x_wconf 78' lang='lat' dir='ltr'><strong>mundate.</strong></span> 
     </span>
    </p>
   </div>
   <div class='ocr_carea' id='block_1_158' title="bbox 1928 3829 3496 3905">
    <p class='ocr_par' dir='ltr' id='par_1_158' title="bbox 1928 3829 3496 3905">
     <span class='ocr_line' id='line_1_158' title="bbox 1928 3829 3496 3905; baseline -0.003 -18"><span class='ocrx_word' id='word_1_653' title='bbox 1928 3829 2207 3905; x_wconf 82' lang='lat' dir='ltr'><strong>daemonia</strong></span> <span class='ocrx_word' id='word_1_654' title='bbox 2252 3835 2410 3889; x_wconf 90' lang='lat' dir='ltr'><strong>eicite</strong></span> <span class='ocrx_word' id='word_1_655' title='bbox 2452 3836 2616 3905; x_wconf 89' lang='lat' dir='ltr'><strong>gratis</strong></span> <span class='ocrx_word' id='word_1_656' title='bbox 2654 3834 2936 3901; x_wconf 82' lang='lat' dir='ltr'><strong>accepistis</strong></span> <span class='ocrx_word' id='word_1_657' title='bbox 2966 3829 3128 3901; x_wconf 81' lang='lat' dir='ltr'><strong>gratis</strong></span> <span class='ocrx_word' id='word_1_658' title='bbox 3154 3833 3294 3883; x_wconf 91' lang='lat' dir='ltr'><strong>datc.</strong></span> <span class='ocrx_word' id='word_1_659' title='bbox 3318 3829 3496 3905; x_wconf 79' lang='lat' dir='ltr'><strong>Nolite</strong></span> 
     </span>
    </p>
   </div>
   <div class='ocr_carea' id='block_1_159' title="bbox 1931 3901 3495 3987">
    <p class='ocr_par' dir='ltr' id='par_1_159' title="bbox 1931 3901 3495 3987">
     <span class='ocr_line' id='line_1_159' title="bbox 1931 3901 3495 3987; baseline -0.003 -30"><span class='ocrx_word' id='word_1_660' title='bbox 1931 3904 2205 3987; x_wconf 76' lang='lat' dir='ltr'><strong>possidere</strong></span> <span class='ocrx_word' id='word_1_661' title='bbox 2244 3901 2653 3987; x_wconf 34' lang='lat' dir='ltr'><strong>aurum‘iueque</strong></span> <span class='ocrx_word' id='word_1_662' title='bbox 2692 3908 2988 3984; x_wconf 58' lang='lat' dir='ltr'><strong>argentum.</strong></span> <span class='ocrx_word' id='word_1_663' title='bbox 3019 3916 3189 3968; x_wconf 81' lang='lat' dir='ltr'><strong>neque</strong></span> <span class='ocrx_word' id='word_1_664' title='bbox 3218 3901 3495 3987; x_wconf 69' lang='lat' dir='ltr'><strong>pecuniam</strong></span> 
     </span>
    </p>
   </div>
   <div class='ocr_carea' id='block_1_160' title="bbox 1930 3969 3502 4040">
    <p class='ocr_par' dir='ltr' id='par_1_160' title="bbox 1930 3969 3502 4040">
     <span class='ocr_line' id='line_1_160' title="bbox 1930 3969 3502 4040; baseline -0.003 -12"><span class='ocrx_word' id='word_1_665' title='bbox 1930 3969 1983 4028; x_wconf 90' lang='lat' dir='ltr'><strong>in</strong></span> <span class='ocrx_word' id='word_1_666' title='bbox 2011 3975 2161 4029; x_wconf 86' lang='lat' dir='ltr'><strong>zonis</strong></span> <span class='ocrx_word' id='word_1_667' title='bbox 2189 3978 2401 4029; x_wconf 87' lang='lat' dir='ltr'><strong>vestris.</strong></span> <span class='ocrx_word' id='word_1_668' title='bbox 2428 3974 2540 4029; x_wconf 90' lang='lat' dir='ltr'><strong>Non</strong></span> <span class='ocrx_word' id='word_1_669' title='bbox 2570 3969 2831 4040; x_wconf 46' lang='lat' dir='ltr'><strong>peram&#39;iu</strong></span> <span class='ocrx_word' id='word_1_670' title='bbox 2862 3973 3017 4024; x_wconf 87' lang='lat' dir='ltr'><strong>viam.</strong></span> <span class='ocrx_word' id='word_1_671' title='bbox 3053 3986 3227 4038; x_wconf 81' lang='lat' dir='ltr'><strong>neque</strong></span> <span class='ocrx_word' id='word_1_672' title='bbox 3255 3969 3386 4023; x_wconf 72' lang='lat' dir='ltr'><strong>duas</strong></span> <span class='ocrx_word' id='word_1_673' title='bbox 3415 3981 3502 4024; x_wconf 86' lang='lat' dir='ltr'><strong>tu-</strong></span> 
     </span>
    </p>
   </div>
   <div class='ocr_carea' id='block_1_161' title="bbox 1933 4040 3609 4114">
    <p class='ocr_par' dir='ltr' id='par_1_161' title="bbox 1933 4040 3609 4114">
     <span class='ocr_line' id='line_1_161' title="bbox 1933 4040 3609 4114; baseline -0.001 -17"><span class='ocrx_word' id='word_1_674' title='bbox 1933 4045 2102 4099; x_wconf 78' lang='lat' dir='ltr'><strong>nicas.</strong></span> <span class='ocrx_word' id='word_1_675' title='bbox 2134 4060 2307 4114; x_wconf 88' lang='lat' dir='ltr'><strong>neque</strong></span> <span class='ocrx_word' id='word_1_676' title='bbox 2332 4045 2720 4114; x_wconf 83' lang='lat' dir='ltr'><strong>calciamenta._</strong></span> <span class='ocrx_word' id='word_1_677' title='bbox 2742 4056 2913 4114; x_wconf 83' lang='lat' dir='ltr'><strong>neque</strong></span> <span class='ocrx_word' id='word_1_678' title='bbox 2941 4044 3162 4109; x_wconf 87' lang='lat' dir='ltr'><strong>virgam.</strong></span> <span class='ocrx_word' id='word_1_679' title='bbox 3196 4040 3388 4110; x_wconf 78' lang='lat' dir='ltr'><strong>dignus</strong></span> <span class='ocrx_word' id='word_1_680' title='bbox 3419 4050 3501 4095; x_wconf 84' lang='lat' dir='ltr'><strong>est</strong></span> <span class='ocrx_word' id='word_1_681' title='bbox 3604 4099 3609 4103; x_wconf 63' lang='grc'>,</span> 
     </span>
    </p>
   </div>
   <div class='ocr_carea' id='block_1_162' title="bbox 1931 4110 3076 4181">
    <p class='ocr_par' dir='ltr' id='par_1_162' title="bbox 1931 4110 3076 4181">
     <span class='ocr_line' id='line_1_162' title="bbox 1931 4110 3076 4181; baseline -0.003 -14"><span class='ocrx_word' id='word_1_682' title='bbox 1931 4114 2072 4167; x_wconf 89' lang='lat' dir='ltr'><strong>enim</strong></span> <span class='ocrx_word' id='word_1_683' title='bbox 2103 4110 2380 4179; x_wconf 75' lang='lat' dir='ltr'><strong>operarius</strong></span> <span class='ocrx_word' id='word_1_684' title='bbox 2409 4114 2477 4181; x_wconf 87' lang='lat' dir='ltr'><strong>(c)</strong></span> <span class='ocrx_word' id='word_1_685' title='bbox 2511 4110 2811 4166; x_wconf 87' lang='lat' dir='ltr'><strong>mercedem</strong></span> <span class='ocrx_word' id='word_1_686' title='bbox 2841 4112 2881 4179; x_wconf 75' lang='grc' dir='ltr'><strong>ἰ’</strong></span> <span class='ocrx_word' id='word_1_687' title='bbox 2904 4125 3076 4166; x_wconf 88' lang='lat' dir='ltr'><strong>suam.</strong></span> 
     </span>
    </p>
   </div>
   <div class='ocr_carea' id='block_1_163' title="bbox 2002 4181 3500 4249">
    <p class='ocr_par' dir='ltr' id='par_1_163' title="bbox 2002 4181 3500 4249">
     <span class='ocr_line' id='line_1_163' title="bbox 2002 4181 3500 4249; baseline -0.001 -15"><span class='ocrx_word' id='word_1_688' title='bbox 2002 4182 2058 4234; x_wconf 91' lang='lat' dir='ltr'><strong>lu</strong></span> <span class='ocrx_word' id='word_1_689' title='bbox 2105 4196 2436 4249; x_wconf 84' lang='lat' dir='ltr'><strong>quacumque</strong></span> <span class='ocrx_word' id='word_1_690' title='bbox 2472 4189 2648 4236; x_wconf 88' lang='lat' dir='ltr'><strong>autem</strong></span> <span class='ocrx_word' id='word_1_691' title='bbox 2678 4181 2946 4234; x_wconf 88' lang='lat' dir='ltr'><strong>civitatem</strong></span> <span class='ocrx_word' id='word_1_692' title='bbox 2978 4191 3068 4234; x_wconf 93' lang='lat' dir='ltr'><strong>aut</strong></span> <span class='ocrx_word' id='word_1_693' title='bbox 3110 4182 3386 4235; x_wconf 88' lang='lat' dir='ltr'><strong>castellum</strong></span> <span class='ocrx_word' id='word_1_694' title='bbox 3416 4181 3500 4234; x_wconf 86' lang='lat' dir='ltr'><strong>in-</strong></span> 
     </span>
    </p>
   </div>
   <div class='ocr_carea' id='block_1_164' title="bbox 1934 4250 3503 4321">
    <p class='ocr_par' dir='ltr' id='par_1_164' title="bbox 1934 4250 3503 4321">
     <span class='ocr_line' id='line_1_164' title="bbox 1934 4250 3503 4321; baseline 0.002 -18"><span class='ocrx_word' id='word_1_695' title='bbox 1934 4250 2209 4305; x_wconf 88' lang='lat' dir='ltr'><strong>troieritis.</strong></span> <span class='ocrx_word' id='word_1_696' title='bbox 2242 4253 2589 4321; x_wconf 88' lang='lat' dir='ltr'><strong>interrogate.</strong></span> <span class='ocrx_word' id='word_1_697' title='bbox 2627 4250 2750 4320; x_wconf 82' lang='lat' dir='ltr'><strong>quis</strong></span> <span class='ocrx_word' id='word_1_698' title='bbox 2777 4250 2830 4305; x_wconf 90' lang='lat' dir='ltr'><strong>iu</strong></span> <span class='ocrx_word' id='word_1_699' title='bbox 2860 4266 2920 4304; x_wconf 92' lang='lat' dir='ltr'><strong>ea</strong></span> <span class='ocrx_word' id='word_1_700' title='bbox 2948 4250 3143 4321; x_wconf 81' lang='lat' dir='ltr'><strong>dignus</strong></span> <span class='ocrx_word' id='word_1_701' title='bbox 3187 4264 3289 4306; x_wconf 84' lang='lat' dir='ltr'><strong>cst.</strong></span> <span class='ocrx_word' id='word_1_702' title='bbox 3331 4261 3385 4307; x_wconf 92' lang='lat' dir='ltr'><strong>et</strong></span> <span class='ocrx_word' id='word_1_703' title='bbox 3432 4251 3503 4306; x_wconf 91' lang='lat' dir='ltr'><strong>ibi</strong></span> 
     </span>
    </p>
   </div>
   <div class='ocr_carea' id='block_1_165' title="bbox 1934 4320 3545 4377">
    <p class='ocr_par' dir='ltr' id='par_1_165' title="bbox 1934 4320 3545 4377">
     <span class='ocr_line' id='line_1_165' title="bbox 1934 4320 3545 4377; baseline 0 -3"><span class='ocrx_word' id='word_1_704' title='bbox 1934 4328 2170 4374; x_wconf 86' lang='lat' dir='ltr'><strong>manete.</strong></span> <span class='ocrx_word' id='word_1_705' title='bbox 2190 4320 2362 4376; x_wconf 90' lang='lat' dir='ltr'><strong>donec</strong></span> <span class='ocrx_word' id='word_1_706' title='bbox 2382 4320 2603 4377; x_wconf 79' lang='lat' dir='ltr'><strong>excutis.</strong></span> <span class='ocrx_word' id='word_1_707' title='bbox 2628 4321 2966 4376; x_wconf 84' lang='lat' dir='ltr'><strong>lntroeuutcs</strong></span> <span class='ocrx_word' id='word_1_708' title='bbox 2986 4320 3163 4377; x_wconf 87' lang='lat' dir='ltr'><strong>autem</strong></span> <span class='ocrx_word' id='word_1_709' title='bbox 3187 4324 3237 4375; x_wconf 91' lang='lat' dir='ltr'><strong>iu</strong></span> <span class='ocrx_word' id='word_1_710' title='bbox 3262 4324 3499 4377; x_wconf 81' lang='lat' dir='ltr'><strong>domum.</strong></span> <span class='ocrx_word' id='word_1_711' title='bbox 3542 4320 3545 4323; x_wconf 69' lang='grc'><em>’</em></span> 
     </span>
    </p>
   </div>
   <div class='ocr_carea' id='block_1_166' title="bbox 1933 4390 3505 4516">
    <p class='ocr_par' dir='ltr' id='par_1_166' title="bbox 1933 4390 3505 4516">
     <span class='ocr_line' id='line_1_166' title="bbox 1933 4390 3505 4516; baseline 0.004 -76"><span class='ocrx_word' id='word_1_712' title='bbox 1933 4390 2334 4516; x_wconf 53' lang='lat' dir='ltr'><strong>salutatelfam.</strong></span> <span class='ocrx_word' id='word_1_713' title='bbox 2357 4392 2618 4449; x_wconf 89' lang='lat' dir='ltr'><strong>dicentes.</strong></span> <span class='ocrx_word' id='word_1_714' title='bbox 2643 4392 2750 4447; x_wconf 80' lang='lat' dir='ltr'><strong>Pax</strong></span> <span class='ocrx_word' id='word_1_715' title='bbox 2780 4392 2904 4448; x_wconf 89' lang='lat' dir='ltr'><strong>huic</strong></span> <span class='ocrx_word' id='word_1_716' title='bbox 2941 4392 3124 4449; x_wconf 89' lang='lat' dir='ltr'><strong>domui</strong></span> <span class='ocrx_word' id='word_1_717' title='bbox 3151 4394 3213 4447; x_wconf 80' lang='lat' dir='ltr'><strong>Et</strong></span> <span class='ocrx_word' id='word_1_718' title='bbox 3255 4394 3297 4447; x_wconf 90' lang='lat' dir='ltr'><strong>si</strong></span> <span class='ocrx_word' id='word_1_719' title='bbox 3342 4391 3505 4447; x_wconf 71' lang='lat' dir='ltr'><strong>fuerit</strong></span> 
     </span>
     <span class='ocr_line' id='line_1_167' title="bbox 1972 4477 2255 4516; baseline 0 0"><span class='ocrx_word' id='word_1_720' title='bbox 1972 4477 2169 4516; x_wconf 82' lang='lat' dir='ltr'><strong>omust</strong></span> <span class='ocrx_word' id='word_1_721' title='bbox 2216 4477 2255 4516; x_wconf 63' lang='lat' dir='ltr'><strong>a-</strong></span> 
     </span>
    </p>
   </div>
   <div class='ocr_carea' id='block_1_167' title="bbox 1972 4477 2255 4517">
    <p class='ocr_par' dir='ltr' id='par_1_167' title="bbox 1972 4477 2255 4517">
     <span class='ocr_line' id='line_1_168' title="bbox 1972 4477 2255 4517; baseline 0 0"><span class='ocrx_word' id='word_1_722' title='bbox 1972 4477 2126 4517; x_wconf 91' lang='lat' dir='ltr'><strong>omus</strong></span> <span class='ocrx_word' id='word_1_723' title='bbox 2155 4477 2255 4517; x_wconf 76' lang='lat' dir='ltr'><strong>illa&#39;</strong></span> 
     </span>
    </p>
   </div>
   <div class='ocr_carea' id='block_1_168' title="bbox 959 4569 2823 4664">
    <p class='ocr_par' dir='ltr' id='par_1_168' title="bbox 959 4569 2823 4664">
     <span class='ocr_line' id='line_1_169' title="bbox 959 4569 2823 4664; baseline -0.001 -33"><span class='ocrx_word' id='word_1_724' title='bbox 959 4573 1349 4664; x_wconf 65' lang='lat' dir='ltr'><strong>VARIANTES</strong></span> <span class='ocrx_word' id='word_1_725' title='bbox 1375 4570 1757 4631; x_wconf 83' lang='lat' dir='ltr'><strong>LECTIONES</strong></span> <span class='ocrx_word' id='word_1_726' title='bbox 1791 4569 2053 4630; x_wconf 87' lang='lat' dir='ltr'><strong>CODICIS</strong></span> <span class='ocrx_word' id='word_1_727' title='bbox 2084 4572 2191 4629; x_wconf 75' lang='lat' dir='ltr'><strong>MS‘.</strong></span> <span class='ocrx_word' id='word_1_728' title='bbox 2223 4573 2280 4629; x_wconf 90' lang='lat' dir='ltr'><strong>S.</strong></span> <span class='ocrx_word' id='word_1_729' title='bbox 2322 4573 2823 4632; x_wconf 78' lang='lat' dir='ltr'><strong>GERMANENSIS.</strong></span> 
     </span>
    </p>
   </div>
   <div class='ocr_carea' id='block_1_169' title="bbox 336 4667 1138 4783">
    <p class='ocr_par' dir='ltr' id='par_1_169' title="bbox 336 4667 1138 4783">
     <span class='ocr_line' id='line_1_170' title="bbox 336 4667 1138 4783; baseline -0.002 -62"><span class='ocrx_word' id='word_1_730' title='bbox 336 4670 359 4765; x_wconf 55' lang='grc' dir='ltr'>ς</span> <span class='ocrx_word' id='word_1_731' title='bbox 387 4669 535 4783; x_wconf 42' lang='lat' dir='ltr'><strong>ﬁdas</strong></span> <span class='ocrx_word' id='word_1_732' title='bbox 554 4667 767 4734; x_wconf 87' lang='lat' dir='ltr'><strong>Zelotes,</strong></span> <span class='ocrx_word' id='word_1_733' title='bbox 791 4673 845 4721; x_wconf 89' lang='lat' dir='ltr'><strong>et</strong></span> <span class='ocrx_word' id='word_1_734' title='bbox 864 4668 1030 4719; x_wconf 86' lang='lat' dir='ltr'><strong>Simon</strong></span> <span class='ocrx_word' id='word_1_735' title='bbox 1055 4668 1100 4719; x_wconf 76' lang='grc'>⁸.</span> <span class='ocrx_word' id='word_1_736' title='bbox 1136 4683 1138 4686; x_wconf 49' lang='grc' dir='ltr'>ν</span> 
     </span>
    </p>
   </div>
   <div class='ocr_carea' id='block_1_170' title="bbox 337 4793 710 4845">
    <p class='ocr_par' dir='ltr' id='par_1_170' title="bbox 337 4793 710 4845">
     <span class='ocr_line' id='line_1_171' title="bbox 337 4793 710 4845; baseline -0.003 -1"><span class='ocrx_word' id='word_1_737' title='bbox 337 4794 359 4827; x_wconf 82' lang='grc'><strong>⁸</strong></span> <span class='ocrx_word' id='word_1_738' title='bbox 390 4793 710 4845; x_wconf 84' lang='lat' dir='ltr'><strong>intraveritis:</strong></span> 
     </span>
    </p>
   </div>
   <div class='ocr_carea' id='block_1_171' title="bbox 336 4855 794 4970">
    <p class='ocr_par' dir='ltr' id='par_1_171' title="bbox 336 4855 794 4970">
     <span class='ocr_line' id='line_1_172' title="bbox 336 4855 794 4970; baseline -0.007 -2"><span class='ocrx_word' id='word_1_739' title='bbox 336 4855 361 4951; x_wconf 82' lang='lat'><strong>:</strong></span> <span class='ocrx_word' id='word_1_740' title='bbox 392 4858 794 4970; x_wconf 48' lang='lat' dir='ltr'><strong>acassam&quot;</strong></span> 
     </span>
    </p>
   </div>
   <div class='ocr_carea' id='block_1_172' title="bbox 2001 4664 2579 4716">
    <p class='ocr_par' dir='ltr' id='par_1_172' title="bbox 2001 4664 2579 4716">
     <span class='ocr_line' id='line_1_173' title="bbox 2001 4664 2579 4716; baseline 0.005 -3"><span class='ocrx_word' id='word_1_741' title='bbox 2001 4664 2023 4696; x_wconf 78' lang='grc'><strong>⁸</strong></span> <span class='ocrx_word' id='word_1_742' title='bbox 2056 4666 2105 4713; x_wconf 91' lang='lat' dir='ltr'><strong>in</strong></span> <span class='ocrx_word' id='word_1_743' title='bbox 2128 4667 2347 4715; x_wconf 85' lang='lat' dir='ltr'><strong>manibus</strong></span> <span class='ocrx_word' id='word_1_744' title='bbox 2370 4666 2544 4716; x_wconf 84' lang='lat' dir='ltr'><strong>vestris</strong></span> <span class='ocrx_word' id='word_1_745' title='bbox 2567 4681 2579 4716; x_wconf 94' lang='lat'><strong>:</strong></span> 
     </span>
    </p>
   </div>
   <div class='ocr_carea' id='block_1_173' title="bbox 2000 4727 2743 4788">
    <p class='ocr_par' dir='ltr' id='par_1_173' title="bbox 2000 4727 2743 4788">
     <span class='ocr_line' id='line_1_174' title="bbox 2000 4727 2743 4788; baseline 0.001 -13"><span class='ocrx_word' id='word_1_746' title='bbox 2000 4727 2022 4757; x_wconf 80' lang='lat'><strong>&#39;</strong></span> <span class='ocrx_word' id='word_1_747' title='bbox 2057 4734 2139 4776; x_wconf 91' lang='lat' dir='ltr'><strong>aut</strong></span> <span class='ocrx_word' id='word_1_748' title='bbox 2156 4728 2406 4777; x_wconf 89' lang='lat' dir='ltr'><strong>castellum</strong></span> <span class='ocrx_word' id='word_1_749' title='bbox 2428 4728 2743 4788; x_wconf 82' lang='lat' dir='ltr'><strong>intraveritis,</strong></span> 
     </span>
    </p>
   </div>
   <div class='ocr_carea' id='block_1_174' title="bbox 2002 4788 2679 4851">
    <p class='ocr_par' dir='ltr' id='par_1_174' title="bbox 2002 4788 2679 4851">
     <span class='ocr_line' id='line_1_175' title="bbox 2002 4788 2679 4851; baseline -0.013 -4"><span class='ocrx_word' id='word_1_750' title='bbox 2002 4788 2025 4851; x_wconf 57' lang='grc'><strong>9</strong></span> <span class='ocrx_word' id='word_1_751' title='bbox 2057 4791 2109 4851; x_wconf 57' lang='grc' dir='ltr'><strong>ἕο</strong></span> <span class='ocrx_word' id='word_1_752' title='bbox 2132 4801 2191 4838; x_wconf 73' lang='lat' dir='ltr'><strong>ea</strong></span> <span class='ocrx_word' id='word_1_753' title='bbox 2210 4788 2486 4851; x_wconf 64' lang='lat' dir='ltr'><strong>dignusest</strong></span> <span class='ocrx_word' id='word_1_754' title='bbox 2506 4804 2518 4838; x_wconf 90' lang='lat'>:</span> <span class='ocrx_word' id='word_1_755' title='bbox 2538 4798 2589 4851; x_wconf 82' lang='lat' dir='ltr'><strong>et</strong></span> <span class='ocrx_word' id='word_1_756' title='bbox 2610 4791 2679 4838; x_wconf 88' lang='lat' dir='ltr'><strong>ibi</strong></span> 
     </span>
    </p>
   </div>
   <div class='ocr_carea' id='block_1_175' title="bbox 2002 4848 2879 4902">
    <p class='ocr_par' dir='ltr' id='par_1_175' title="bbox 2002 4848 2879 4902">
     <span class='ocr_line' id='line_1_176' title="bbox 2002 4848 2879 4902; baseline 0 -3"><span class='ocrx_word' id='word_1_757' title='bbox 2002 4849 2023 4881; x_wconf 82' lang='grc'>⁹</span> <span class='ocrx_word' id='word_1_758' title='bbox 2056 4848 2171 4899; x_wconf 85' lang='lat' dir='ltr'><strong>huic</strong></span> <span class='ocrx_word' id='word_1_759' title='bbox 2190 4848 2371 4900; x_wconf 77' lang='lat' dir='ltr'><strong>domui.</strong></span> <span class='ocrx_word' id='word_1_760' title='bbox 2392 4849 2455 4902; x_wconf 88' lang='lat' dir='ltr'><strong>Et</strong></span> <span class='ocrx_word' id='word_1_761' title='bbox 2473 4852 2517 4900; x_wconf 88' lang='lat' dir='ltr'><strong>si</strong></span> <span class='ocrx_word' id='word_1_762' title='bbox 2540 4850 2690 4900; x_wconf 83' lang='lat' dir='ltr'><strong>fuerit</strong></span> <span class='ocrx_word' id='word_1_763' title='bbox 2710 4849 2879 4899; x_wconf 86' lang='lat' dir='ltr'><strong>domus</strong></span> 
     </span>
    </p>
   </div>
   <div class='ocr_carea' id='block_1_176' title="bbox 1594 5014 2209 5074">
    <p class='ocr_par' dir='ltr' id='par_1_176' title="bbox 1594 5014 2209 5074">
     <span class='ocr_line' id='line_1_177' title="bbox 1594 5014 2209 5074; baseline -0.003 -2"><span class='ocrx_word' id='word_1_764' title='bbox 1594 5014 1956 5074; x_wconf 79' lang='lat' dir='ltr'><strong>BLANCHINI</strong></span> <span class='ocrx_word' id='word_1_765' title='bbox 1982 5014 2209 5072; x_wconf 68' lang='grc' dir='ltr'><strong>ΝΟΤΑΕ.</strong></span> 
     </span>
    </p>
   </div>
   <div class='ocr_carea' id='block_1_177' title="bbox 354 5111 1835 5183">
    <p class='ocr_par' dir='ltr' id='par_1_177' title="bbox 354 5111 1835 5183">
     <span class='ocr_line' id='line_1_178' title="bbox 354 5111 1835 5183; baseline -0.001 -14"><span class='ocrx_word' id='word_1_766' title='bbox 354 5124 381 5153; x_wconf 73' lang='grc' dir='ltr'>ι</span> <span class='ocrx_word' id='word_1_767' title='bbox 416 5112 555 5183; x_wconf 88' lang='lat' dir='ltr'><strong>Nihil</strong></span> <span class='ocrx_word' id='word_1_768' title='bbox 581 5113 753 5168; x_wconf 88' lang='lat' dir='ltr'><strong>simile</strong></span> <span class='ocrx_word' id='word_1_769' title='bbox 780 5112 1017 5182; x_wconf 88' lang='lat' dir='ltr'><strong>reperire</strong></span> <span class='ocrx_word' id='word_1_770' title='bbox 1054 5111 1201 5183; x_wconf 92' lang='lat' dir='ltr'><strong>potui</strong></span> <span class='ocrx_word' id='word_1_771' title='bbox 1244 5112 1389 5183; x_wconf 86' lang='lat' dir='ltr'><strong>inter</strong></span> <span class='ocrx_word' id='word_1_772' title='bbox 1410 5114 1681 5171; x_wconf 86' lang='lat' dir='ltr'><strong>variantes</strong></span> <span class='ocrx_word' id='word_1_773' title='bbox 1726 5113 1835 5169; x_wconf 88' lang='lat' dir='ltr'><strong>lec-</strong></span> 
     </span>
    </p>
   </div>
   <div class='ocr_carea' id='block_1_178' title="bbox 260 5182 1832 5250">
    <p class='ocr_par' dir='ltr' id='par_1_178' title="bbox 260 5182 1832 5250">
     <span class='ocr_line' id='line_1_179' title="bbox 260 5182 1832 5250; baseline -0.003 -9"><span class='ocrx_word' id='word_1_774' title='bbox 260 5186 461 5242; x_wconf 82' lang='lat' dir='ltr'><strong>tiones</strong></span> <span class='ocrx_word' id='word_1_775' title='bbox 496 5182 707 5239; x_wconf 76' lang='lat' dir='ltr'><strong>Grmcas</strong></span> <span class='ocrx_word' id='word_1_776' title='bbox 756 5193 847 5237; x_wconf 92' lang='lat' dir='ltr'><strong>aut</strong></span> <span class='ocrx_word' id='word_1_777' title='bbox 891 5182 1103 5237; x_wconf 88' lang='lat' dir='ltr'><strong>Latinas</strong></span> <span class='ocrx_word' id='word_1_778' title='bbox 1144 5182 1280 5237; x_wconf 91' lang='lat' dir='ltr'><strong>Novi</strong></span> <span class='ocrx_word' id='word_1_779' title='bbox 1335 5183 1697 5250; x_wconf 86' lang='lat' dir='ltr'><strong>Testamenti;</strong></span> <span class='ocrx_word' id='word_1_780' title='bbox 1740 5182 1832 5238; x_wconf 83' lang='lat' dir='ltr'><strong>sed</strong></span> 
     </span>
    </p>
   </div>
   <div class='ocr_carea' id='block_1_179' title="bbox 266 5251 1837 5381">
    <p class='ocr_par' dir='ltr' id='par_1_179' title="bbox 266 5251 1837 5381">
     <span class='ocr_line' id='line_1_180' title="bbox 266 5251 1836 5325; baseline -0.003 -13"><span class='ocrx_word' id='word_1_781' title='bbox 266 5270 460 5325; x_wconf 83' lang='lat' dir='ltr'><strong>neque</strong></span> <span class='ocrx_word' id='word_1_782' title='bbox 482 5251 620 5318; x_wconf 85' lang='lat' dir='ltr'><strong>apud</strong></span> <span class='ocrx_word' id='word_1_783' title='bbox 648 5252 997 5322; x_wconf 82' lang='lat' dir='ltr'><strong>Augustinum</strong></span> <span class='ocrx_word' id='word_1_784' title='bbox 1024 5294 1038 5318; x_wconf 94' lang='lat'><strong>,</strong></span> <span class='ocrx_word' id='word_1_785' title='bbox 1070 5253 1159 5320; x_wconf 86' lang='lat' dir='ltr'><strong>qui</strong></span> <span class='ocrx_word' id='word_1_786' title='bbox 1189 5252 1323 5307; x_wconf 90' lang='lat' dir='ltr'><strong>libro</strong></span> <span class='ocrx_word' id='word_1_787' title='bbox 1352 5255 1584 5309; x_wconf 91' lang='lat' dir='ltr'><strong>secundo</strong></span> <span class='ocrx_word' id='word_1_788' title='bbox 1605 5255 1671 5310; x_wconf 92' lang='lat' dir='ltr'><strong>de</strong></span> <span class='ocrx_word' id='word_1_789' title='bbox 1695 5255 1836 5307; x_wconf 83' lang='lat' dir='ltr'><strong>Con-</strong></span> 
     </span>
     <span class='ocr_line' id='line_1_181' title="bbox 266 5322 1837 5381; baseline -0.001 0"><span class='ocrx_word' id='word_1_790' title='bbox 266 5341 446 5381; x_wconf 81' lang='lat' dir='ltr'><strong>sensu</strong></span> <span class='ocrx_word' id='word_1_791' title='bbox 474 5322 927 5381; x_wconf 73' lang='lat' dir='ltr'><strong>Evangelistarum</strong></span> <span class='ocrx_word' id='word_1_792' title='bbox 957 5322 1087 5378; x_wconf 90' lang='lat' dir='ltr'><strong>dicit</strong></span> <span class='ocrx_word' id='word_1_793' title='bbox 1131 5322 1329 5378; x_wconf 77' lang='lat' dir='ltr'><strong>Lucom</strong></span> <span class='ocrx_word' id='word_1_794' title='bbox 1377 5339 1480 5379; x_wconf 93' lang='lat' dir='ltr'><strong>non</strong></span> <span class='ocrx_word' id='word_1_795' title='bbox 1528 5324 1837 5381; x_wconf 79' lang='lat' dir='ltr'><strong>discrepare</strong></span> 
     </span>
    </p>
   </div>
   <div class='ocr_carea' id='block_1_180' title="bbox 262 5338 1838 5462">
    <p class='ocr_par' dir='ltr' id='par_1_180' title="bbox 262 5338 1838 5462">
     <span class='ocr_line' id='line_1_182' title="bbox 262 5338 1837 5405; baseline -0.001 -23"><span class='ocrx_word' id='word_1_796' title='bbox 262 5341 446 5383; x_wconf 78' lang='lat' dir='ltr'><strong>sensu</strong></span> <span class='ocrx_word' id='word_1_797' title='bbox 475 5338 930 5405; x_wconf 68' lang='lat' dir='ltr'><strong>bvatigettstarum</strong></span> <span class='ocrx_word' id='word_1_798' title='bbox 957 5338 1087 5378; x_wconf 77' lang='lat' dir='ltr'><strong>uicit</strong></span> <span class='ocrx_word' id='word_1_799' title='bbox 1131 5338 1329 5378; x_wconf 73' lang='lat' dir='ltr'><strong>Lucam</strong></span> <span class='ocrx_word' id='word_1_800' title='bbox 1377 5339 1480 5379; x_wconf 92' lang='lat' dir='ltr'><strong>non</strong></span> <span class='ocrx_word' id='word_1_801' title='bbox 1528 5338 1837 5392; x_wconf 82' lang='lat' dir='ltr'><strong>discrepare</strong></span> 
     </span>
     <span class='ocr_line' id='line_1_183' title="bbox 264 5391 1838 5462; baseline -0.001 -11"><span class='ocrx_word' id='word_1_802' title='bbox 264 5413 308 5452; x_wconf 72' lang='grc' dir='ltr'><strong>ο</strong></span> <span class='ocrx_word' id='word_1_803' title='bbox 348 5394 595 5450; x_wconf 63' lang='lat' dir='ltr'><strong>Matthazo</strong></span> <span class='ocrx_word' id='word_1_804' title='bbox 633 5409 687 5462; x_wconf 82' lang='lat' dir='ltr'><strong>tn</strong></span> <span class='ocrx_word' id='word_1_805' title='bbox 735 5391 1037 5447; x_wconf 77' lang='lat' dir='ltr'><strong>nominibus</strong></span> <span class='ocrx_word' id='word_1_806' title='bbox 1062 5391 1475 5462; x_wconf 83' lang='lat' dir='ltr'><strong>Apostolorum,</strong></span> <span class='ocrx_word' id='word_1_807' title='bbox 1512 5395 1614 5450; x_wconf 88' lang='lat' dir='ltr'><strong>nisi</strong></span> <span class='ocrx_word' id='word_1_808' title='bbox 1660 5396 1713 5449; x_wconf 92' lang='lat' dir='ltr'><strong>in</strong></span> <span class='ocrx_word' id='word_1_809' title='bbox 1741 5410 1838 5449; x_wconf 90' lang='lat' dir='ltr'><strong>no-</strong></span> 
     </span>
    </p>
   </div>
   <div class='ocr_carea' id='block_1_181' title="bbox 266 5460 1838 5536">
    <p class='ocr_par' dir='ltr' id='par_1_181' title="bbox 266 5460 1838 5536">
     <span class='ocr_line' id='line_1_184' title="bbox 266 5460 1838 5536; baseline -0.003 -13"><span class='ocrx_word' id='word_1_810' title='bbox 266 5465 436 5523; x_wconf 85' lang='lat' dir='ltr'><strong>mine</strong></span> <span class='ocrx_word' id='word_1_811' title='bbox 461 5462 613 5520; x_wconf 66' lang='lat' dir='ltr'><strong>lude</strong></span> <span class='ocrx_word' id='word_1_812' title='bbox 653 5461 868 5530; x_wconf 71' lang='lat' dir='ltr'><strong>Jacobi,</strong></span> <span class='ocrx_word' id='word_1_813' title='bbox 897 5476 1053 5534; x_wconf 85' lang='lat' dir='ltr'><strong>quem</strong></span> <span class='ocrx_word' id='word_1_814' title='bbox 1104 5460 1385 5521; x_wconf 63' lang='lat' dir='ltr'><strong>Mattheus</strong></span> <span class='ocrx_word' id='word_1_815' title='bbox 1410 5460 1722 5521; x_wconf 74' lang='lat' dir='ltr'><strong>Thaddteum</strong></span> <span class='ocrx_word' id='word_1_816' title='bbox 1745 5481 1838 5536; x_wconf 90' lang='lat' dir='ltr'><strong>ap-</strong></span> 
     </span>
    </p>
   </div>
   <div class='ocr_carea' id='block_1_182' title="bbox 2008 5110 3499 5179">
    <p class='ocr_par' dir='ltr' id='par_1_182' title="bbox 2008 5110 3499 5179">
     <span class='ocr_line' id='line_1_185' title="bbox 2008 5110 3499 5179; baseline 0.001 -13"><span class='ocrx_word' id='word_1_817' title='bbox 2008 5113 2133 5179; x_wconf 86' lang='lat' dir='ltr'><strong>llat;</strong></span> <span class='ocrx_word' id='word_1_818' title='bbox 2186 5110 2430 5168; x_wconf 90' lang='lat' dir='ltr'><strong>nonnulli</strong></span> <span class='ocrx_word' id='word_1_819' title='bbox 2482 5122 2659 5170; x_wconf 91' lang='lat' dir='ltr'><strong>autem</strong></span> <span class='ocrx_word' id='word_1_820' title='bbox 2706 5114 2923 5171; x_wconf 83' lang='lat' dir='ltr'><strong>codices</strong></span> <span class='ocrx_word' id='word_1_821' title='bbox 2966 5114 3166 5170; x_wconf 88' lang='lat' dir='ltr'><strong>habent</strong></span> <span class='ocrx_word' id='word_1_822' title='bbox 3215 5115 3499 5169; x_wconf 77' lang='lat' dir='ltr'><strong>Lebbamm.</strong></span> 
     </span>
    </p>
   </div>
   <div class='ocr_carea' id='block_1_183' title="bbox 1987 5183 3503 5254">
    <p class='ocr_par' dir='ltr' id='par_1_183' title="bbox 1987 5183 3503 5254">
     <span class='ocr_line' id='line_1_186' title="bbox 1987 5183 3503 5254; baseline 0.001 -16"><span class='ocrx_word' id='word_1_823' title='bbox 1987 5183 2091 5239; x_wconf 91' lang='lat' dir='ltr'><strong>nde</strong></span> <span class='ocrx_word' id='word_1_824' title='bbox 2118 5198 2245 5254; x_wconf 89' lang='lat' dir='ltr'><strong>ergo</strong></span> <span class='ocrx_word' id='word_1_825' title='bbox 2270 5184 2565 5239; x_wconf 89' lang='lat' dir='ltr'><strong>derivatum</strong></span> <span class='ocrx_word' id='word_1_826' title='bbox 2592 5186 2663 5241; x_wconf 92' lang='lat' dir='ltr'><strong>sit</strong></span> <span class='ocrx_word' id='word_1_827' title='bbox 2704 5186 2757 5240; x_wconf 90' lang='lat' dir='ltr'><strong>in</strong></span> <span class='ocrx_word' id='word_1_828' title='bbox 2790 5187 3028 5241; x_wconf 89' lang='lat' dir='ltr'><strong>codicem</strong></span> <span class='ocrx_word' id='word_1_829' title='bbox 3058 5185 3372 5242; x_wconf 84' lang='lat' dir='ltr'><strong>San-Germ.</strong></span> <span class='ocrx_word' id='word_1_830' title='bbox 3407 5200 3503 5239; x_wconf 90' lang='lat' dir='ltr'><strong>no-</strong></span> 
     </span>
    </p>
   </div>
   <div class='ocr_carea' id='block_1_184' title="bbox 1941 5253 3504 5323">
    <p class='ocr_par' dir='ltr' id='par_1_184' title="bbox 1941 5253 3504 5323">
     <span class='ocr_line' id='line_1_187' title="bbox 1941 5253 3504 5323; baseline 0 -15"><span class='ocrx_word' id='word_1_831' title='bbox 1941 5270 2061 5308; x_wconf 89' lang='lat' dir='ltr'><strong>men</strong></span> <span class='ocrx_word' id='word_1_832' title='bbox 2085 5253 2225 5309; x_wconf 86' lang='lat' dir='ltr'><strong>istud</strong></span> <span class='ocrx_word' id='word_1_833' title='bbox 2250 5254 2415 5309; x_wconf 75' lang='lat' dir='ltr'><strong>ludas</strong></span> <span class='ocrx_word' id='word_1_834' title='bbox 2439 5254 2670 5319; x_wconf 73' lang='lat' dir='ltr'><strong>Zelotea,</strong></span> <span class='ocrx_word' id='word_1_835' title='bbox 2703 5258 2879 5311; x_wconf 89' lang='lat' dir='ltr'><strong>minus</strong></span> <span class='ocrx_word' id='word_1_836' title='bbox 2901 5256 3077 5310; x_wconf 87' lang='lat' dir='ltr'><strong>adhuc</strong></span> <span class='ocrx_word' id='word_1_837' title='bbox 3106 5257 3231 5309; x_wconf 91' lang='lat' dir='ltr'><strong>mihi</strong></span> <span class='ocrx_word' id='word_1_838' title='bbox 3262 5262 3504 5323; x_wconf 88' lang='lat' dir='ltr'><strong>comper-</strong></span> 
     </span>
    </p>
   </div>
   <div class='ocr_carea' id='block_1_185' title="bbox 1942 5324 3502 5391">
    <p class='ocr_par' dir='ltr' id='par_1_185' title="bbox 1942 5324 3502 5391">
     <span class='ocr_line' id='line_1_188' title="bbox 1942 5324 3502 5391; baseline -0.001 -12"><span class='ocrx_word' id='word_1_839' title='bbox 1942 5332 2072 5379; x_wconf 91' lang='lat' dir='ltr'><strong>tum.</strong></span> <span class='ocrx_word' id='word_1_840' title='bbox 2107 5325 2409 5380; x_wconf 70' lang='lat' dir='ltr'><strong>Praesertim</strong></span> <span class='ocrx_word' id='word_1_841' title='bbox 2439 5340 2559 5379; x_wconf 91' lang='lat' dir='ltr'><strong>cum</strong></span> <span class='ocrx_word' id='word_1_842' title='bbox 2602 5326 2783 5381; x_wconf 82' lang='lat' dir='ltr'><strong>Simon</strong></span> <span class='ocrx_word' id='word_1_843' title='bbox 2802 5326 3013 5381; x_wconf 89' lang='lat' dir='ltr'><strong>dicatur</strong></span> <span class='ocrx_word' id='word_1_844' title='bbox 3042 5325 3238 5379; x_wconf 81' lang='lat' dir='ltr'><strong>Zelom</strong></span> <span class='ocrx_word' id='word_1_845' title='bbox 3259 5324 3386 5379; x_wconf 87' lang='lat' dir='ltr'><strong>Luc.</strong></span> <span class='ocrx_word' id='word_1_846' title='bbox 3416 5339 3502 5391; x_wconf 75' lang='lat' dir='ltr'><strong>vr,</strong></span> 
     </span>
    </p>
   </div>
   <div class='ocr_carea' id='block_1_186' title="bbox 1944 5394 3294 5465">
    <p class='ocr_par' dir='ltr' id='par_1_186' title="bbox 1944 5394 3294 5465">
     <span class='ocr_line' id='line_1_189' title="bbox 1944 5394 3294 5465; baseline -0.004 -14"><span class='ocrx_word' id='word_1_847' title='bbox 1944 5396 2032 5452; x_wconf 78' lang='grc'>15.</span> <span class='ocrx_word' id='word_1_848' title='bbox 2056 5410 2160 5451; x_wconf 91' lang='lat' dir='ltr'><strong>non</strong></span> <span class='ocrx_word' id='word_1_849' title='bbox 2189 5395 2352 5451; x_wconf 83' lang='lat' dir='ltr'><strong>Judas</strong></span> <span class='ocrx_word' id='word_1_850' title='bbox 2372 5394 2565 5465; x_wconf 90' lang='lat' dir='ltr'><strong>aliquis</strong></span> <span class='ocrx_word' id='word_1_851' title='bbox 2588 5411 2620 5453; x_wconf 91' lang='lat' dir='ltr'><strong>e</strong></span> <span class='ocrx_word' id='word_1_852' title='bbox 2646 5411 2869 5452; x_wconf 89' lang='lat' dir='ltr'><strong>numero</strong></span> <span class='ocrx_word' id='word_1_853' title='bbox 2894 5395 3294 5465; x_wconf 87' lang='lat' dir='ltr'><strong>discipulorum.</strong></span> 
     </span>
    </p>
   </div>
   <div class='ocr_carea' id='block_1_187' title="bbox 328 5574 3511 5678">
    <p class='ocr_par' dir='ltr' id='par_1_187' title="bbox 328 5574 3511 5678">
     <span class='ocr_line' id='line_1_190' title="bbox 328 5574 3511 5678; baseline -0.001 -20"><span class='ocrx_word' id='word_1_854' title='bbox 328 5619 335 5623; x_wconf 90' lang='grc'><strong>·</strong></span> <span class='ocrx_word' id='word_1_855' title='bbox 361 5603 438 5678; x_wconf 79' lang='grc' dir='ltr'><strong>(α)</strong></span> <span class='ocrx_word' id='word_1_856' title='bbox 457 5581 459 5584; x_wconf 19' lang='grc'><em>⁴</em></span> <span class='ocrx_word' id='word_1_857' title='bbox 476 5604 711 5678; x_wconf 83' lang='lat' dir='ltr'><strong>Addunt,</strong></span> <span class='ocrx_word' id='word_1_858' title='bbox 734 5615 803 5678; x_wconf 78' lang='lat' dir='ltr'><strong>et,</strong></span> <span class='ocrx_word' id='word_1_859' title='bbox 825 5613 883 5663; x_wconf 89' lang='lat' dir='ltr'><strong>ut</strong></span> <span class='ocrx_word' id='word_1_860' title='bbox 900 5600 1019 5659; x_wconf 88' lang='lat' dir='ltr'><strong>cod.</strong></span> <span class='ocrx_word' id='word_1_861' title='bbox 1038 5600 1191 5659; x_wconf 85' lang='lat' dir='ltr'><strong>Cant.</strong></span> <span class='ocrx_word' id='word_1_862' title='bbox 1237 5606 1337 5661; x_wconf 71' lang='grc' dir='ltr'><strong>καὶ.</strong></span> <span class='ocrx_word' id='word_1_863' title='bbox 1360 5630 1432 5646; x_wconf 90' lang='lat'><strong>—-</strong></span> <span class='ocrx_word' id='word_1_864' title='bbox 1452 5602 1525 5676; x_wconf 76' lang='grc' dir='ltr'><strong>(ὁ)</strong></span> <span class='ocrx_word' id='word_1_865' title='bbox 1548 5602 1645 5659; x_wconf 81' lang='lat' dir='ltr'><strong>Hic</strong></span> <span class='ocrx_word' id='word_1_866' title='bbox 1680 5614 1895 5674; x_wconf 85' lang='lat' dir='ltr'><strong>quoque</strong></span> <span class='ocrx_word' id='word_1_867' title='bbox 1920 5598 2131 5657; x_wconf 89' lang='lat' dir='ltr'><strong>additur</strong></span> <span class='ocrx_word' id='word_1_868' title='bbox 2158 5607 2224 5667; x_wconf 83' lang='lat' dir='ltr'><strong>et,</strong></span> <span class='ocrx_word' id='word_1_869' title='bbox 2251 5596 2409 5655; x_wconf 89' lang='lat' dir='ltr'><strong>etiam</strong></span> <span class='ocrx_word' id='word_1_870' title='bbox 2452 5597 2507 5655; x_wconf 89' lang='lat' dir='ltr'><strong>in</strong></span> <span class='ocrx_word' id='word_1_871' title='bbox 2551 5598 2673 5657; x_wconf 88' lang='lat' dir='ltr'><strong>cod.</strong></span> <span class='ocrx_word' id='word_1_872' title='bbox 2698 5596 2832 5654; x_wconf 86' lang='lat' dir='ltr'><strong>Cant</strong></span> <span class='ocrx_word' id='word_1_873' title='bbox 2882 5596 2983 5657; x_wconf 63' lang='lat' dir='ltr'><strong>rei.</strong></span> <span class='ocrx_word' id='word_1_874' title='bbox 3010 5622 3079 5633; x_wconf 88' lang='lat'><strong><em>—</em></strong></span> <span class='ocrx_word' id='word_1_875' title='bbox 3107 5574 3282 5664; x_wconf 60' lang='lat' dir='ltr'><strong>(dita</strong></span> <span class='ocrx_word' id='word_1_876' title='bbox 3307 5602 3362 5652; x_wconf 89' lang='lat' dir='ltr'><strong>et</strong></span> <span class='ocrx_word' id='word_1_877' title='bbox 3390 5597 3511 5654; x_wconf 75' lang='lat' dir='ltr'><strong>cod.</strong></span> 
     </span>
    </p>
   </div>
   <div class='ocr_carea' id='block_1_188' title="bbox 265 5672 674 5757">
    <p class='ocr_par' dir='ltr' id='par_1_188' title="bbox 265 5672 674 5757">
     <span class='ocr_line' id='line_1_191' title="bbox 265 5672 674 5757; baseline -0.005 -22"><span class='ocrx_word' id='word_1_878' title='bbox 265 5672 446 5736; x_wconf 69' lang='lat' dir='ltr'><strong>eam.</strong></span> <span class='ocrx_word' id='word_1_879' title='bbox 469 5677 674 5757; x_wconf 68' lang='grc' dir='ltr'><strong>μισθοῦ.</strong></span> 
     </span>
    </p>
   </div>
  </div>
