4292 6430
129 480 230 537 795

1061 471 1150 529 DE
1191 468 1487 527 REGIBUS
1529 461 1979 523 APOS'I'ATICIS
2019 459 2224 518 LIBER
2263 459 2470 517 UNUS.

3317 455 3425 514 794

126 593 252 647 culte
269 593 380 647 sine
409 590 594 645 timore
616 588 910 656 sentetipsos
937 595 1162 659 regentes
1183 625 1198 649 ,
1227 583 1384 637 nubes
1426 581 1534 635 sine
1555 593 1711 647 aqua,
1745 587 1791 640 Α
1821 575 2078 637 irrisor'e's,
2108 582 2284 627 euntes
2305 571 2586 625 secundum
2613 571 2903 624 voluntates
2932 583 3056 623 suas
3090 569 3326 638 impias:
3371 568 3429 622 Ιιὶ

126 686 260 740 omni
298 694 448 738 vento
497 682 942 755 circumferendw,
993 679 1199 734 arbores
1238 676 1561 731 autumnales
1609 674 1717 726 sine

124 781 295 848 fructu
325 781 352 811 ι
379 785 619 839 mortuas,
652 791 684 828 a
728 775 987 827 radicibus
1031 771 1241 834 evulsa,
1290 771 1479 838 ﬂuctus
1527 767 1718 835 feroces

125 869 282 922 maris
330 867 687 938 despumantis
725 867 1073 931 turpitudines
1101 880 1241 928 suas,
1277 861 1520 931 procella:
1569 860 1720 914 sedu-

124 971 312 1020 centes,
339 961 524 1029 quibus
554 968 752 1026 tempus
776 961 1099 1013 tenebrarum
1126 954 1153 993 b
1195 957 1247 1008 in
1288 965 1721 1008 teternumserva-

126 1062 238 1106 tum
263 1062 338 1106 est
367 1050 808 1122 (Judw.l,H).Et
835 1053 1005 1106 iulra:
1034 1048 1136 1103 Vos
1162 1060 1355 1113 autent,
1387 1052 1593 1117 fratres,
1613 1063 1719 1100 me-

126 1156 346 1201 mentote
408 1147 773 1209 pradictorum
821 1161 1117 1201 sermonum
1179 1143 1242 1196 ab
1297 1143 1542 1211 apostolis
1592 1138 1717 1194 Jesu

126 1236 354 1305 Christi,
379 1240 626 1310 quoniam
646 1240 880 1294 dicebant
914 1257 932 1294 :
965 1238 1032 1293 In
1063 1236 1350 1290 novissimis
1375 1237 1552 1289 diebus
1575 1245 1721 1290 erunt

122 1411 259 1478 quas
314 1397 600 1462 vocabant,
654 1412 752 1454 seu
813 1407 1058 1454 veterum
1113 1397 1547 1454 Christianorum
1594 1412 1727 1453 con-

130 1481 294 1520 vma.

194 1547 224 1574 ι
266 1537 358 1593 Bis
378 1550 615 1593 morture.
647 1539 826 1595 Latin.
858 1555 920 1593 ex
957 1539 1115 1607 Vulg.

194 1607 222 1645 δ
261 1607 399 1664 Cum
443 1610 638 1666 (ΙΙ-ξιτατ)
692 1615 762 1673 sic
807 1614 890 1666 τὸν
939 1617 1117 1666 αἰῶνα.
1180 1611 1310 1667 Sub.
1345 1612 1492 1678 legit,
1527 1623 1723 1682 tempus

1820 683 1941 728 sunt
1991 682 2013 709 ε
2059 672 2376 726 sec-eruentes
2431 668 2680 724 animales
2731 669 2974 740 spiritum
3030 681 3135 720 non
3182 665 3429 721 habentes

1822 766 2012 838 (lbid.,
2055 765 2166 834 17).
2201 765 2258 820 1η
2282 763 2367 818 his
2390 763 2638 816 omuilms
2669 761 2826 815 malis
2851 761 2978 830 quia
3010 773 3134 815 esse
3160 773 3424 828 conspec-

1823 873 1906 918 tus
1934 877 2017 925 es,
2045 859 2354 923 Constanti,
2383 857 2562 911 vitata:
2582 865 2706 910 sunt
2735 870 2764 907 a
2796 854 2953 908 nobis
2979 862 3086 907 tum
3118 851 3428 908 interﬁcere

1825 955 2136 1010 laborantes
2164 952 2417 1006 amicitiae
2449 966 2461 1000 :
2494 964 2561 1003 ne
2587 947 2840 1004 videlicet
2868 956 3048 1000 tecum
3078 943 3145 999 ad
3179 945 3270 999 illa
3291 943 3424 998 luis-

1825 1063 2009 1104 semus
2039 1045 2354 1115 praecipitati
2385 1042 2501 1096 loca
2531 1048 2947 1102 tormentorum,
2982 1037 3050 1091 ad
3079 1049 3204 1108 quae
3233 1048 3426 1090 omnes

1827 1141 1970 1202 illos,
2000 1155 2231 1211 quorum
2284 1147 2474 1194 tenens
2519 1150 2579 1191 es
2619 1135 2757 1202 iter,
2809 1129 2837 1170 ά
2889 1137 3072 1187 narrat
3120 1129 3430 1202 praecipites

1826 1237 2003 1292 datos.

1828 1398 2154 1452 tenebrarum
2179 1407 2451 1452 a'ternunt.

1902 1481 1923 1507 ε
1967 1469 2297 1523 Secernmtes
2317 1484 2388 1521 se.
2424 1466 2605 1521 Latin.
2639 1463 2706 1518 ad
2731 1477 2950 1518 sensum
2974 1462 3135 1530 Vulg.

1895 1536 1922 1574 ά
1963 1539 2019 1594 Id
2063 1550 2166 1605 εει,
2207 1539 2481 1608 Apostolus
2505 1535 2708 1603 Iudas,
2751 1534 2905 1605 cujus
2936 1533 3157 1606 protulit
3188 1532 3427 1587 auctori-

1825 1619 2015 1666 tatem.

963 1959 1113 2074 S.
1193 1961 1363 2071 Ρ.
1440 1959 1626 2070 N.
1704 1958 2564 2072 LUCIPEBI

1334 2156 1687 2219 EPISCOPI
1725 2155 2217 2218 CALARITANI

440 2318 710 2462 DE
788 2318 1667 2466 REGIBUS
1751 2313 3136 2505 APOSTATICIS,

748 2561 901 2643 AD
979 2559 1824 2644 CONSTANTIUM
1902 2555 2814 2657 IMPERATOREM,

1425 2741 1598 2812 LIB
1611 2743 1751 2813 EB

1826 2740 1962 2813 UN
1974 2741 2126 2813 US.

1583 2899 1986 2921 -ἔ

192 3042 468 3109 υςῑιτῃιιῐη
487 3042 608 3113 quia
637 3042 838 3098 habere
859 3043 1100 3111 dignaris
1124 3042 1375 3106 verbum,
1405 3040 1548 3112 quod
1574 3041 1719 3096 enim
1755 3044 1801 3102 Β
1827 3040 2089 3094 inaurinm
2131 3039 2157 3078 δ
2209 3058 2489 3096 aureorum
2538 3045 2608 3096 ad
2651 3044 2798 3098 mille
2845 3043 3197 3114 septingentos
3248 3041 3442 3103 siclos,

116 3135 223 3188 nisi
249 3143 306 3188 et
336 3135 548 3202 integre
575 3136 857 3195 crederes.
890 3146 940 3190 et
977 3135 1090 3188 lure
1125 3152 1244 3204 quae
1275 3136 1421 3204 geris
1449 3135 1592 3188 circa
1624 3148 1722 3188 nos

119 3224 236 3280 Deo
270 3237 460 3280 essent
489 3227 708 3296 placita,
761 3226 874 3296 jam
932 3225 1129 3280 fuisses
1173 3227 1499 3288 exstinctus,
1534 3239 1730 3294 pauco-

114 3332 240 3371 rum
289 3317 385 3371 tibi
419 3319 469 3372 in
526 3317 794 3386 apostasia
846 3327 1008 3380 atque
1062 3316 1390 3371 crudelitate
1438 3316 1727 3384 a-qualium

115 3427 313 3480 rogum
341 3409 480 3467 facta
515 3410 816 3465 desideravi
850 3425 1094 3465 reserare
1123 3454 1136 3472 ,
1172 3425 1277 3479 quo
1310 3411 1477 3479 possit
1511 3424 1608 3462 vos
1636 3408 1729 3462 illa

113 3511 206 3554 tua
281 3501 508 3569 sepeliri
565 3517 686 3569 quze
731 3501 918 3555 dicat:
970 3500 1088 3554 Nisi
1132 3503 1386 3554 catholica
1419 3513 1548 3555 esset
1599 3502 1730 3571 ﬁdes

113 3596 255 3659 Arii,
289 3595 389 3646 Itoc
419 3603 492 3647 cst
524 3609 659 3657 utea,
689 3595 787 3648 nisi
818 3594 1070 3664 placitum
1121 3605 1250 3648 esset
1281 3592 1390 3647 Deo
1418 3595 1556 3659 quod
1585 3593 1731 3646 illant

111 3705 412 3758 persequar
429 3687 586 3756 ﬁdem
616 3704 768 3756 quant
802 3699 981 3742 contra
1015 3705 1106 3741 nos
1129 3689 1433 3755 scripserint
1457 3687 1599 3751 apud
1629 3686 1679 3740 Ν
1687 3689 1727 3740 i-

109 3782 278 3847 riam,
319 3797 598 3849 numquam
653 3784 883 3850 profecto
914 3781 1084 3833 adhuc
1112 3782 1163 3832 in
1209 3781 1424 3849 imperio
1467 3781 1726 3848 ﬂorerent.

110 3871 236 3926 Non
266 3872 492 3926 illorum
520 3886 706 3941 regum
733 3871 869 3925 facio
911 3871 1266 3933 mentionem,
1325 3871 1418 3938 qui
1452 3886 1479 3923 a
1509 3871 1599 3924 Dei
1630 3887 1731 3925 no-

109 3964 234 4018 titia
270 3963 497 4018 fuerunt
523 3963 685 4018 alieni
716 3980 730 4028 ;
763 3963 832 4018 de
865 3963 948 4018 bis
971 3965 1100 4018 ευιῐε
1126 3974 1296 4018 tracto
1325 3965 1414 4033 qui
1465 3965 1517 4018 iu
1546 3964 1730 4020 Judzna

108 4068 436 4115 noscuntur
463 4074 740 4128 regnasse.
771 4057 827 4113 ln
858 4058 996 4112 libro
1025 4057 1274 4113 Iudicum
1310 4059 1617 4113 invenimus
1646 4059 1735 4115 Je-

106 4151 447 4208 robabelem
478 4150 648 4205 lilium
672 4149 836 4205 Josite
857 4151 1092 4205 electqu
1125 4165 1154 4204 a
1185 4151 1312 4213 Deo,
1338 4160 1391 4205 et
1415 4152 1619 4206 dictum
1640 4152 1688 4204 ei
1719 4170 1729 4204 :

119 4244 276 4299 Vade
334 4244 390 4297 in
443 4241 751 4312 fortitudine
790 4254 902 4305 tua,
954 4255 1002 4295 et
1030 4242 1232 4295 saluum
1269 4246 1429 4312 facies
1467 4242 1636 4296 Israel
1669 4244 1732 4296 de

105 4354 284 4393 manu
336 4334 575 4390 Modice:
620 4352 786 4391 nonne
811 4352 924 4390 ecce
975 4336 1118 4388 mitto
1172 4346 1217 4388 te
1263 4334 1464 4403 (Judic.
1501 4351 1574 4400 γι,
1601 4335 1732 4405 ll)?

1832 3143 2018 3199 praeter
2048 3133 2335 3187 brachialia
2364 3147 2408 3188 et
2455 3147 2685 3205 torques,
2714 3148 2762 3189 et
2785 3135 3132 3202 aperimenta,
3159 3142 3209 3185 et
3237 3149 3440 3204 purpu-

1833 3238 1945 3273 ram
1983 3239 2096 3290 quae
2121 3241 2274 3292 super
2305 3242 2445 3296 reges
2480 3223 2717 3279 Modiam
2743 3235 2912 3289 erant,
2943 3237 2987 3276 et
3020 3234 3208 3293 prazter
3232 3234 3436 3293 torques

1832 3330 2036 3380 aureas,
2064 3331 2177 3384 qua
2205 3317 2255 3369 in
2283 3318 2417 3372 collo
2445 3320 2763 3373 camelorum
2800 3317 3223 3371 adversariorum
3265 3317 3433 3382 (Ibid.

1833 3407 1950 3477 26),
2001 3407 2128 3477 quid
2177 3409 2312 3465 dicit
2358 3409 2554 3465 fecisse
2584 3411 2902 3466 Gedeonem
2943 3425 3098 3464 sacra
3127 3411 3444 3480 scriptura?

1834 3497 2044 3552 Gedeon
2072 3511 2090 3536 ε
2123 3502 2213 3570 qui
2238 3513 2283 3554 et
2312 3501 2617 3569 Jerobabel,
2642 3505 2760 3572 fecit
2791 3502 3002 3572 Ephod,
3027 3514 3072 3556 et
3098 3505 3278 3556 statuit
3307 3504 3441 3556 illud

1835 3591 1887 3642 in
1920 3592 2122 3646 civitate
2169 3610 2265 3646 sua
2295 3594 2534 3664 I'Iphratlt
2562 3612 2581 3649 :
2609 3607 2656 3649 et
2705 3597 2953 3664 fornicati
2994 3607 3115 3650 sunt
3145 3597 3245 3666 ﬁlii
3273 3595 3440 3650 Israel

1833 3687 1925 3747 ibi.
1949 3699 1994 3740 et
2021 3689 2212 3755 factum
2237 3700 2307 3741 est
2354 3690 2581 3743 Gedeoni
2612 3702 2658 3743 et
2683 3691 2865 3743 dontui
2894 3695 3009 3762 ejus
3043 3691 3094 3743 in
3126 3690 3435 3743 scandalunt

1833 3776 1996 3848 (Ibid.
2024 3779 2136 3850 27).
2168 3779 2440 3851 Numquid
2477 3798 2600 3835 nam
2642 3781 2857 3836 distulit
2896 3783 3091 3837 diebus
3119 3783 3432 3850 aliquantis,

1833 3877 1888 3923 et
1933 3869 2011 3924 sic
2065 3869 2204 3925 banc
2251 3881 2335 3926 est
2381 3882 2639 3942 operatus
2691 3883 2881 3928 contra
2931 3875 3101 3928 Deum
3146 3873 3435 3943 malignam

1837 3964 2110 4033 operam?
2137 3964 2412 4035 Numquid
2455 3982 2576 4020 nam
2613 3967 2892 4022 reminisci
2923 3968 3120 4036 petuit,
3160 3981 3283 4021 cum
3323 3967 3442 4021 hate

1838 4055 2029 4112 fuisset
2074 4055 2098 4093 ι¹
2139 4074 2428 4129 aggressus
2481 4059 2688 4125 facere,
2734 4061 2875 4130 quod
2909 4060 3142 4114 dixisset
3170 4060 3218 4112 ei
3252 4058 3395 4114 Deus
3427 4077 3438 4112 :

1846 4148 1989 4205 Vade
2013 4161 2059 4218 θ,
2104 4170 2200 4224 ego
2223 4170 2308 4207 ero
2356 4166 2524 4207 tecum
2555 4153 2721 4224 (Ibid.
2755 4169 2828 4217 γι,
2858 4153 2945 4222 16)
2981 4154 3002 4207 ?
3035 4152 3137 4208 Ubi
3164 4160 3250 4207 cst
3277 4147 3436 4219 illud,

1837 4246 1979 4313 quod
2012 4234 2311 4300 secundum
2346 4256 2678 4316 prmeeptum
2731 4247 2829 4302 Dei
2867 4245 3183 4301 demolierit
3221 4244 3346 4299 Baal
3388 4257 3442 4297 et

1838 4333 1990 4389 lucos
2029 4335 2147 4404 ejus
2201 4335 2483 4400 exciderit,
2533 4345 2588 4392 et
2631 4337 2744 4390 Deo
2772 4335 3396 4391 obtuleritsacrilicium
3423 4341 3441 4387 ’ἐ

106 4432 183 4488 ΕΙ.
215 4431 375 4488 infra
409 4449 422 4484 :
457 4428 570 4498 Ego
595 4437 620 4466 -‘
652 4445 737 4482 ero
768 4440 956 4494 tecum,
988 4439 1038 4484 et
1061 4429 1317 4498 percuties
1352 4427 1584 4482 Modiam
1606 4447 1705 4498 quo
1759 4419 1803 4481 C
1839 4427 1928 4481 ubi
1957 4438 2037 4482 est
2068 4428 2197 4482 illud
2229 4428 2372 4499 quod
2401 4428 2539 4484 dixit
2590 4428 2655 4483 ad
2712 4427 2804 4483 Dei
2833 4428 3089 4482 nuncium
3119 4426 3226 4481 sibi
3255 4424 3438 4481 dicen-

104 4525 277 4580 inodo
312 4537 480 4577 unum
507 4521 763 4574 hominem
815 4518 981 4590 (Ibid.
1033 4519 1122 4590 lli)
1149 4539 1162 4586 ;
1195 4535 1355 4590 quem
1390 4520 1617 4574 Madiam
1650 4521 1733 4575 lo-

102 4617 314 4689 quitur
363 4614 629 4685 scriptura
678 4612 936 4669 habuisse
984 4612 1388 4667 multitudinem
1452 4623 1730 4682 tamquam

103 4725 357 4768 arenam
417 4709 601 4763 maris.
657 4709 724 4762 At
784 4707 872 4764 ubi
929 4707 1146 4777 impleta
1195 4717 1323 4760 sunt
1376 4714 1572 4761 cuncta
1613 4721 1736 4773 qua:

108 4806 271 4859 Deus
299 4800 554 4858 Gedeoni
581 4802 849 4873 promisit,
881 4800 968 4856 ubi
1000 4815 1058 4855 se
1081 4799 1381 4854 exaltatum
1411 4815 1478 4853 ex
1517 4798 1735 4861 humili,

104 4898 533 4968 locupletatum
589 4910 654 4950 ex
712 4911 972 4966 paupere,
1025 4910 1208 4964 regem
1265 4893 1468 4948 factum
1502 4893 1640 4947 Vidit
1673 4909 1738 4947 ex

107 4990 346 5063 plebeia
384 4986 723 5050 conditione.
769 4987 898 5057 quid
946 4988 1128 5041 statim
1178 4986 1352 5040 facit?
1381 5001 1577 5056 nempe
1607 4986 1744 5040 dicit

103 5085 176 5141 ad
241 5079 572 5155 populum:
620 5078 753 5133 Date
800 5081 926 5132 mihi
985 5079 1334 5150 unusquisque
1385 5081 1622 5133 inaurent
1681 5081 1742 5132 de

107 5177 310 5250 prada
337 5190 443 5228 sua
468 5171 632 5245 (Ibid.
668 5187 784 5239 \‘lll,
810 5171 928 5242 24).
969 5171 1073 5239 Qui
1099 5189 1217 5226 cum
1241 5173 1517 5242 accepisset
1547 5173 1747 5242 pondus

186 5378 216 5406 ι
266 5363 553 5434 Congruit
583 5375 706 5416 cum
752 5359 910 5430 Vulg.
948 5358 1103 5413 \‘ers.
1145 5360 1281 5434 Ant.
1325 5359 1585 5424 Quoniam
1634 5357 1744 5434 Do:

108 5442 302 5494 minus
337 5429 447 5490 erit
495 5444 661 5488 tecum
696 5449 711 5487 :
761 5429 881 5488 et”;
929 5439 1192 5500 tamquam
1235 5431 1403 5484 rirum
1431 5446 1610 5484 unum.
1642 5429 1745 5484 Alii

106 5527 242 5568 cum
277 5503 549 5563 Lucifero
577 5519 644 5560 ex
674 5505 888 5569 Gnaeo,
917 5501 1100 5574 ἔσομαι
1141 5506 1273 5574 μετὰ
1302 5509 1421 5557 σοῦ.

185 5583 218 5621 ιι
261 5578 421 5635 Cum
451 5575 624 5631 Vatic.
656 5579 828 5632 Antea
861 5571 1150 5629 inuur‘euml
1189 5573 1343 5628 Vers.
1381 5580 1506 5627 Ant.
1529 5571 1746 5626 Pundus

108 5653 412 5712 inaurium
437 5662 735 5708 aureorum.
779 5663 907 5717 quas
939 5647 1178 5715 petierat,
1223 5644 1342 5698 sicli
1371 5645 1514 5697 mille
1549 5645 1745 5715 septin-

109 5726 262 5801 genti
295 5719 526 5801 attrit...
561 5727 608 5801 et
635 5721 980 5801 operimenta;
1012 5733 1298 5788 purpurea,
1345 5731 1463 5784 qua:
1487 5725 1636 5801 erant
1656 5730 1744 5769 su-

111 5786 232 5869 i"!
257 5805 425 5863 reges
456 5787 725 5869 Madian._
749 5801 936 5859 prwter
967 5786 1198 5858 torques,
1235 5802 1349 5857 qua:
1378 5797 1522 5841 erant
1555 5789 1608 5840 in
1631 5803 1743 5841 cer-

109 5859 343 5927 ricibus'
361 5859 685 5915 camelorum
707 5860 961 5926 ipsorum.

190 5954 213 5980 ς
246 5937 326 5994 Et
363 5935 491 6002 fecit
526 5930 622 6002 illa
651 5927 861 6002 Gedeon
889 5933 942 5984 in
979 5930 1165 5995 Epltcd
1189 5930 1464 6002 att-stituit
1504 5930 1636 5982 illud
1685 5931 1736 6002 in

110 6015 337 6073 civitate
360 5998 468 6061 ὶιαι
489 6001 546 6058 in
573 5999 774 6072 Epitra.
810 6001 926 6056 Vat.
969 6002 1120 6057 Vcrs.
1171 6003 1297 6057 Ant.
1332 5998 1400 6053 Ft
1432 6004 1551 6072 fecit
1599 6001 1735 6055 illud

286 6223 360 6265 Χ

1848 4531 1956 4578 tem
1993 4542 2005 4577 :
2037 4521 2293 4576 Dominus
2324 4532 2512 4588 tecum,
2545 4533 2724 4595 potens
2755 4522 2773 4561 ί
2807 4524 2993 4577 virtute
3017 4537 3038 4577 :
3061 4519 3126 4575 In
3156 4531 3180 4568 ε
3212 4539 3313 4588 me,
3339 4523 3447 4576 Do-

1847 4616 2003 4677 mine,
2037 4625 2083 4668 et
2112 4615 2157 4668 si
2202 4625 2274 4668 est
2306 4613 2560 4670 Dominus
2591 4616 2878 4677 nobiscum,
2916 4624 2964 4668 et
3005 4613 3131 4684 quid
3155 4615 3449 4684 apprehen—

1845 4707 2031 4759 derunt
2081 4724 2172 4760 nos
2205 4709 2382 4761 omnia
2413 4709 2552 4762 mala
2580 4708 2745 4761 Itwc?
2793 4718 2837 4760 et
2885 4706 2971 4760 ubi
3017 4715 3137 4759 sunt
3190 4705 3448 4759 mirabilia

1845 4801 1959 4870 ejus
1991 4839 2006 4864 ,
2056 4815 2172 4869 qua:
2218 4799 2502 4853 retulerunt
2530 4799 2672 4852 nobis
2729 4808 2896 4868 patres
2948 4798 3113 4852 nostri
3167 4798 3440 4851 dicentes:

1850 4888 1904 4943 Ν
1910 4907 2008 4944 unc
2035 4888 2061 4927 ιι
2102 4908 2166 4945 ea:
2215 4891 2447 4964 Egi/pta
2476 4891 2701 4945 adduxit
2734 4907 2826 4944 nos
2854 4887 3040 4944 Deus?
3067 4899 3114 4942 et
3145 4903 3280 4941 nunc
3305 4904 3450 4957 spre-

1849 4987 1920 5038 vit
1973 5003 2065 5040 nos
2105 4996 2150 5040 et
2195 4986 2406 5040 tradidit
2467 5003 2562 5040 nos
2617 4987 2670 5038 in
2731 5002 2887 5038 manu
2934 4983 3128 5037 blatlite
3188 4981 3444 5036 Dominus

1853 5076 2015 5147 (Ibid.
2057 5080 2166 5147 ll).
2201 5078 2466 5149 Numquid
2495 5078 2778 5148 repetebat
2808 5086 3055 5146 tempore
3104 5091 3212 5146 quo
3255 5083 3445 5130 contra

1853 5172 2026 5228 Deum
2059 5173 2242 5230 facere
2277 5177 2529 5239 tentavit,
2563 5172 2706 5244 quod
2752 5172 2838 5227 illa
2889 5170 3170 5226 consecuti
3219 5169 3448 5224 fuissent

1852 5357 2066 5428 Gedeon
2087 5359 2140 5411 in
2174 5357 2387 5428 Ephud,
2431 5367 2569 5413 ειη..
2615 5358 2666 5410 in
2715 5355 2914 5427 Epitra.
2949 5355 3015 5408 Et
3055 5355 3344 5426 fornicatus
3378 5366 3454 5408 est

1851 5430 2017 5484 omnis
2040 5427 2355 5498 Israel’post
2376 5430 2513 5484 illud
2537 5430 2627 5490 ibi,
2657 5437 2763 5482 etc.

1921 5498 1949 5537 ¹ι
1986 5500 2124 5556 Cum
2151 5502 2328 5554 Latin.
2357 5502 2425 5554 ita
2455 5499 2814 5568 corrigimus;
2846 5508 3003 5554 antea
3045 5499 3264 5569 fecisset.

1929 5573 1944 5609 ί
1997 5571 2144 5626 Vnde
2181 5572 2338 5626 abest
2366 5572 2435 5626 ab
2471 5570 2633 5625 Vera.
2670 5572 2797 5627 Ant.

1925 5645 1938 5692 t'
1993 5642 2182 5698 Potens
2223 5646 2445 5707 virtute,
2499 5657 2564 5698 ex
2610 5642 2774 5698 Hebr.
2809 5641 2962 5697 Yers.
2995 5640 3123 5696 Ant.
3179 5648 3358 5710 potens
3389 5640 3441 5693 in

1849 5715 2178 5783 fortitudine.

1770 5775 1823 5835 Ι)
1849 5763 1862 5783 ’
2212 5785 2421 5841 videtur
2457 5804 2468 5838 :
2499 5786 2563 5842 Et
2589 5785 2720 5839 dixit
2747 5783 2814 5837 ad
2845 5763 2960 5838 eum
2990 5783 3216 5839 Gedeon.
3245 5781 3310 5836 In
3334 5799 3433 5842 nn'.

1843 5865 1950 5912 etc.
1987 5857 2138 5912 Vers.
2167 5856 2294 5910 Ant.
2335 5856 2556 5912 Domine
2578 5858 2742 5912 mi....
2776 5864 2823 5909 et
2853 5865 2911 5908 ut
2959 5857 3083 5927 quid
3131 5857 3431 5910 invenerunt

1843 5945 1936 5982 nos
1963 5930 2135 5982 omnia
2159 5927 2298 5981 mala
2323 5931 2447 5992 ista,
2463 5938 2569 5985 etc.

1917 5997 1930 6025 ‘
1979 5997 2186 6056 Nonne.
2214 5997 2460 6056 Latinius
2487 6036 2502 6066 ,
2531 5999 2608 6056 uti
2634 6001 2694 6056 in
2715 5996 2928 6060 Grato.
