4292 6380
659 385 761 444 79Ῐὶ

1732 389 2058 449 ιυοιιηῑιιι
2099 390 2412 451 EPISCOPI
2452 392 2875 453 CALARITANI

3840 403 3929 458 796

659 505 799 556 tunla
829 510 1048 572 prOpter
1072 502 1471 559 idololatriam?
1494 505 1566 560 At
1596 504 1685 561 ubi
1716 507 1887 577 erepti
1911 517 2059 573 sunt,
2086 516 2144 562 ut
2175 507 2256 561 vi-
2286 512 2334 572 Α
2363 509 2570 566 etenim
2615 510 2894 582 quievisse
2934 512 3211 571 lsraelitas
3235 515 3592 587 quadraginta
3642 517 3812 581 annis,
3844 531 3929 572 nec

658 607 850 650 vcreut
876 597 997 651 sine
1028 596 1469 652 adversariorum
1504 596 1723 660 timore.
1758 598 1828 653 ab
1871 599 2126 654 omnibus
2157 597 2264 656 illis

659 690 839 755 malis,
893 689 1092 760 quibus
1135 704 1197 746 se
1222 689 1436 746 dicebat
1493 705 1616 762 cum
1671 693 1822 746 omni
1866 701 2262 763 prtegravatum

658 784 883 855 populo,
917 784 1061 839 illico
1101 783 1229 840 facit
1266 799 1403 850 rem,
1453 800 1549 854 per
1571 800 1732 856 quam
1767 794 1822 840 et
1850 785 1968 855 ipse
2005 795 2060 842 et
2084 786 2263 842 omnis

655 877 861 948 pariter
890 875 1120 946 populus
1152 887 1373 949 propter
1402 876 1764 933 idololatriam
1813 877 2006 935 luisset
2035 877 2264 934 traditus

656 975 711 1030 in
745 989 940 1030 manus
987 974 1456 1032 adversariorum.
1511 974 1778 1032 Audierat
1827 975 2000 1030 Deum
2033 982 2082 1042 ι,
2114 973 2263 1046 quod

657 1069 818 1128 idolis
867 1071 1169 1127 servissent
1211 1069 1480 1126 derelicto
1531 1069 1681 1132 Deo,
1743 1068 1852 1124 illis
1909 1077 2103 1124 cuncta
2170 1067 2261 1123 illa

657 1161 799 1218 mala
825 1161 1129 1225 accidisse;
1181 1163 1505 1218 meminerat
1535 1161 1857 1232 prophetam
1899 1161 2176 1226 locutum;
2209 1168 2266 1216 et

663 1263 840 1308 tamen
871 1269 933 1310 ea
982 1253 1093 1320 die,
1124 1268 1232 1325 qua
1279 1255 1417 1310 nihil
1469 1255 1594 1309 tacti
1623 1266 1749 1309 sunt
1778 1263 1905 1310 ante
1933 1269 2029 1309 eos
2054 1252 2261 1309 inimici

658 1361 870 1412 eorum,
917 1348 1133 1402 censuit
1198 1363 1291 1403 rex
1350 1348 1478 1416 ille,
1531 1349 1584 1401 in
1610 1347 1864 1402 vecordia
1896 1349 1982 1402 cui
2020 1347 2264 1418 dignaris

659 1453 782 1494 esse
809 1439 1026 1506 similis,
1066 1439 1228 1495 idolis
1256 1455 1415 1510 quam
1449 1440 1558 1494 Deo
1600 1439 1693 1511 qui
1726 1439 1816 1495 illa
1859 1440 1962 1496 sibi
1995 1442 2266 1513 praestite-

658 1542 736 1585 rat
770 1529 936 1585 fuisse
966 1531 1365 1587 famulandum.
1395 1530 1464 1586 Et
1491 1536 1744 1604 fecerunt,
1767 1533 1942 1605 inquit
1967 1535 2263 1604 scriptura,

663 1623 763 1692 ﬁlii
792 1622 964 1678 Israel
990 1626 1281 1697 malignum
1309 1636 1429 1680 ante
1454 1625 1732 1680 Dominum
1770 1625 1956 1695 Deum,
2005 1638 2052 1682 et
2101 1628 2266 1683 tradi-

659 1716 733 1769 dit
756 1717 808 1770 in
835 1733 1020 1772 manus
1050 1717 1246 1773 Martia:
1269 1720 1421 1772 annis
1443 1729 1655 1789 septem,
1687 1729 1734 1774 et
1770 1719 2046 1790 praevaluit
2077 1736 2264 1777 manus

663 1806 859 1863 Media:
903 1810 1055 1864 valde
1100 1827 1256 1876 super
1298 1810 1468 1865 Israel
1520 1827 1538 1865 :
1588 1821 1634 1864 et
1664 1813 1894 1880 fecerunt
1944 1812 2041 1865 sibi
2092 1809 2264 1867 Israel

2367 602 2716 661 adversarios
2743 605 2795 660 in
2824 618 2921 660 eos
2950 607 3175 662 omnino
3204 609 3521 677 permissos,
3550 625 3646 664 nec
3673 610 3831 664 ullum
3859 611 3931 664 eis

2367 695 2510 752 idem
2561 695 2735 754 fuisse
2775 697 3118 755 dominatum
3170 715 3236 755 es
3283 701 3626 772 alienigenis,
3659 712 3930 773 propterea

2365 787 2508 858 quod
2542 789 2950 846 exclamassent
3003 791 3070 847 ad
3123 791 3295 848 Deum
3327 833 3343 858 ,
3394 794 3659 863 scriptura
3709 793 3931 864 loquitur

2365 897 2544 938 sacra.
2600 883 2756 939 Talia
2813 883 2957 940 circa
3010 887 3410 957 consaerilegos
3459 895 3579 943 tuos
3630 886 3752 943 fecit
3803 888 3932 943 bona

2368 975 2536 1041 Deus,
2568 976 2869 1034 ostendens
2898 991 2959 1032 se
3007 977 3226 1049 quidem
3258 988 3427 1034 totum
3477 989 3769 1050 potentem,
3821 980 3932 1035 illos

2367 1078 2550 1124 tamen
2579 1069 2830 1139 indignos
2871 1069 2938 1126 ad
2965 1071 3405 1142 consequendam
3438 1074 3701 1142 requiem,
3731 1074 3820 1143 qui
3843 1087 3934 1127 nec

2367 1176 2472 1216 una
2519 1160 2611 1217 die
2654 1161 2870 1232 quidem
2920 1173 3043 1233 post
3088 1174 3361 1235 receptam
3405 1166 3644 1234 requiem
3678 1175 3932 1220 tantorum

2367 1253 2730 1322 periculorum
2767 1255 2868 1322 illi,
2917 1256 3010 1326 qui
3046 1265 3246 1312 tantam
3277 1257 3602 1328 praestiterat
3643 1259 3934 1312 misericor-

2364 1346 2533 1410 diam,
2564 1348 2776 1402 servire
2819 1342 3170 1419 delegissent.
3205 1345 3341 1405 Cum
3383 1349 3515 1405 tales
3543 1347 3743 1403 fuerint
3769 1347 3908 1402 lsrae

2363 1440 2515 1508 litte,
2571 1453 2754 1498 tamen
2801 1457 2901 1513 pro
2948 1458 3045 1498 sua
3103 1444 3303 1514 pietate
3346 1441 3592 1513 pepercit
3639 1443 3750 1506 eis,
3782 1443 3932 1496 etiam

2366 1542 2490 1604 post
2528 1533 2645 1590 ltzec
2670 1534 2995 1604 gerentibus
3027 1535 3414 1604 idololatriam,
3437 1549 3538 1592 nec
3563 1535 3739 1591 statim
3764 1533 3936 1590 reddi-

2365 1627 2474 1696 dit,
2509 1627 2604 1683 sed
2639 1627 2837 1683 iterum
2871 1639 3121 1699 tempore
3149 1644 3259 1700 quo
3290 1629 3337 1685 ei
3371 1629 3575 1700 placuit
3608 1641 3780 1684 tamen
3822 1625 3935 1682 red-

2364 1719 2549 1776 didit:
2585 1735 2692 1776 nou
2743 1720 2824 1778 eis
2876 1721 3099 1792 impune
3155 1721 3478 1778 idololatria:
3527 1731 3708 1776 reatus
3754 1720 3936 1775 cedere

2367 1805 2566 1885 potuit.
2599 1815 2677 1870 ltu
2708 1825 2766 1871 et
2793 1816 2910 1883 tibi,
2961 1815 3268 1880 Constanti,
3296 1816 3402 1872 erit
3443 1824 3729 1887 repraesent
3752 1823 3935 1877 tturus,

659 1910 775 1954 ante
801 1902 986 1970 faciem
1016 1901 1211 1956 .lladia:
1232 1912 1440 1974 cryptas
1464 1900 1489 1940 ιι
1517 1903 1572 1956 in
1602 1901 1879 1966 montibus,
1901 1913 1949 1958 et
1970 1903 2263 1974 speluncas,
2296 1898 2343 1959 B
2373 1909 2479 1964 nisi
2512 1907 2607 1964 tibi
2639 1908 2944 1979 provideris
2987 1909 3220 1967 interea.
3254 1909 3312 1965 Si
3358 1907 3614 1964 lsraeliue
3650 1909 3936 1963 servientes

660 2005 704 2047 et
730 2005 1080 2048 monumenta.
1111 1994 1176 2049 Et
1209 2000 1406 2065 factum
1437 2007 1510 2050 est
1540 1995 1745 2066 quando
1766 1996 2048 2051 seminabat
2071 1995 2262 2062 Israel,

659 2087 1002 2140 ascendebant
1036 2086 1268 2141 Madiam
1311 2099 1358 2142 et
1404 2089 1674 2154 Amalech,
1704 2098 1750 2142 et
1796 2088 1894 2156 ﬁlii
1936 2087 2186 2154 Orientis,
2217 2098 2265 2142 et

657 2177 1004 2232 ascendebant
1055 2196 1212 2250 super
1242 2196 1379 2244 eum,
1412 2190 1458 2233 et
1486 2179 1869 2234 committebant
1916 2195 2036 2233 cum
2083 2179 2176 2245 eis,
2216 2189 2263 2234 et

659 2271 1057 2339 corrumpebant
1083 2272 1216 2342 [ines
1245 2283 1415 2338 terra,
1442 2289 1600 2344 usque
1621 2273 1746 2326 dum
1772 2280 1942 2328 venias
1970 2283 1991 2312 ε
2042 2270 2264 2338 Gazam,

660 2375 831 2419 etnon
881 2365 1232 2436 relinquebant
1287 2366 1354 2420 ad
1407 2368 1563 2421 vitam
1611 2368 1732 2420 huic
1783 2364 1951 2422 Israel
1979 2383 2142 2435 orent,
2175 2382 2266 2422 nec

663 2457 902 2522 vitulum,
932 2473 1024 2511 nec
1053 2459 1260 2512 asinum
1290 2476 1307 2514 :
1338 2461 1580 2530 quoniam
1607 2460 1708 2531 ipsi
1731 2457 1779 2514 et
1805 2460 2036 2527 iumenta
2089 2476 2266 2515 eorum

660 2549 1027 2616 ascendebant,
1057 2559 1104 2605 et
1129 2550 1466 2606 tabernacula
1494 2568 1588 2605 sua
1616 2550 1924 2618 efferebant,
1957 2560 2004 2605 et
2045 2551 2266 2605 camelos

659 2657 778 2694 suos
809 2641 1090 2708 ducebant,
1118 2652 1166 2697 et
1209 2641 1548 2698 adveniebant
1601 2644 1733 2697 sicut
1763 2643 1978 2698 locusta
2008 2644 2062 2697 in
2090 2643 2268 2698 multi-

661 2733 864 2798 tudine,
895 2736 1142 2804 quoniam
1196 2752 1298 2789 non
1343 2745 1452 2789 erat
1500 2751 1770 2801 numerus,
1821 2746 1868 2790 et
1927 2734 2270 2790 adveniebant

662 2840 818 2895 super
866 2838 1058 2881 terram
1116 2845 1449 2898 corrumpere
1490 2845 1622 2882 eam.
1660 2825 1730 2881 Et
1768 2844 1966 2900 pauper
1999 2831 2170 2899 {actus
2198 2836 2272 2882 est

663 2913 834 2972 Israel
861 2935 892 2972 a
918 2920 1054 2990 facie
1087 2918 1285 2976 Madiw
1309 2937 1327 2974 .'
1353 2931 1399 2975 et
1429 2921 1786 2976 clamauerunt
1815 2923 1918 2992 ﬁlii
1947 2917 1974 2957 ἀ
2005 2919 2177 2976 Israel
2202 2921 2271 2974 ad

661 3015 944 3070 Dominum
975 3029 1188 3088 propter
1212 3017 1468 3073 Madinm.
1499 3017 1646 3073 Misit
1667 3017 1921 3074 Dominus
1951 3019 2118 3072 uirum
2148 3033 2272 3090 pro-

665 3112 871 3181 phetam
903 3114 970 3166 ad
1001 3113 1141 3183 ﬁlios
1172 3112 1365 3178 Israel,
1399 3125 1446 3167 et
1477 3114 1607 3168 dixit
1638 3115 1743 3168 illis
1777 3129 1794 3168 :
1829 3111 1959 3167 Hac
2007 3113 2135 3167 dicit
2167 3112 2274 3168 Do-

664 3207 836 3259 minus
895 3204 1037 3260 Deus
1088 3205 1258 3260 Israel
1302 3225 1320 3261 :
1377 3207 1486 3279 ligo
1543 3224 1655 3261 sum
1702 3207 1791 3278 qui
1845 3207 2045 3261 adduxi
2089 3221 2178 3261 eos
2210 3222 2275 3261 ea:

2369 1999 2730 2066 daemonibus,
2764 2001 3209 2073 derelinquentes
3222 2001 3544 2066 Deum,cum
3568 2001 3673 2071 jam
3698 2002 3927 2056 extranei

2367 2093 2600 2150 fuissent
2626 2109 2656 2150 a
2687 2095 2880 2150 notitia
2924 2096 3103 2152 eltecti
3134 2096 3252 2160 Dei,
3285 2106 3471 2153 tamen
3519 2112 3641 2153 mox
3673 2107 3731 2152 ut
3758 2111 3935 2152 ascen-

2367 2185 2447 2241 dit
2477 2188 2527 2242 iu
2555 2188 2725 2243 corda
2761 2186 2983 2243 illorum
3018 2233 3031 2257 ,
3083 2190 3209 2260 quia
3254 2190 3347 2245 ille
3379 2191 3450 2245 sit
3490 2190 3632 2246 Deus
3660 2199 3823 2244 totum
3854 2203 3938 2258 po-

2371 2291 2515 2346 tens,
2547 2282 2636 2350 qui
2677 2295 2869 2336 eorum
2919 2290 3098 2353 patres
3126 2280 3409 2337 eduxisset
3445 2280 3515 2338 de
3545 2289 3681 2337 terra
3707 2279 3932 2350 Egypti,

2368 2374 2611 2430 exauditi
2636 2383 2836 2429 suntet
2876 2374 3090 2428 liberati
3129 2373 3196 2430 de
3228 2389 3386 2429 manu
3412 2373 3616 2438 Madize,
3650 2384 3703 2429 et
3731 2373 3796 2427 ab
3823 2387 3935 2426 om-

2373 2466 2534 2520 nibus
2584 2465 3086 2535 persequentibus;
3140 2464 3269 2534 qnid
3319 2463 3494 2520 sentis
3541 2463 3784 2518 arbitrari
3849 2479 3938 2517 ttos

2375 2573 2540 2630 posse
2563 2557 2912 2615 Christianos
2943 2559 3080 2628 eripi
3109 2558 3178 2615 de
3209 2557 3458 2614 manibus
3493 2558 3723 2612 tuis‘tan
3757 2572 3938 2618 necne.

2369 2649 2517 2722 quod
2544 2650 2740 2717 sciam,
2773 2665 2834 2706 es
2868 2650 3159 2719 t'ervidens
3198 2667 3296 2705 nos
3326 2658 3534 2705 tantum
3567 2649 3732 2704 Deum
3773 2649 3940 2705 colere

2373 2743 2635 2809 Mirabar,
2667 2741 2840 2809 Isaac,
2885 2751 2942 2798 et
2971 2742 3163 2809 Jacob,
3196 2750 3254 2798 et
3281 2741 3519 2798 omnium
3548 2741 3939 2813 prophetarum,

2373 2835 2772 2905 apostolorum,
2805 2845 2860 2888 et
2889 2845 3188 2907 martyrum
3213 2834 3236 2888 ἲ
3264 2833 3438 2889 Crede
3465 2833 3593 2887 mihi
3633 2833 3759 2903 quia
3785 2833 3940 2886 auditi

2373 2941 2564 2982 sumus
2590 2968 2605 2994 ,
2650 2936 2705 2981 et
2747 2926 3038 2981 audiemur
3065 2967 3080 2991 ,
3133 2935 3190 2980 ut
3232 2935 3287 2980 tu
3321 2926 3500 2997 possis
3540 2939 3660 2978 eum
3690 2925 3833 2978 omni
3859 2934 3938 2976 tua

2373 3019 2549 3090 fragili
2597 3017 2938 3074 sublimitate
2977 3018 3162 3089 jacere
3203 3018 3303 3072 sub
3344 3018 3585 3072 omnium
3626 3016 3738 3086 ejus
3769 3029 3946 3070 servo-

2377 3129 2494 3168 rum
2527 3114 2714 3178 calce;
2774 3111 2874 3168 sed
2910 3121 2968 3166 et
3015 3111 3160 3182 quod
3214 3111 3437 3166 morulas
3482 3111 3674 3181 aliquae
3719 3108 3866 3172 liant,
3896 3119 3946 3162 ut

2377 3221 2487 3261 non
2512 3204 2626 3276 jam
2659 3215 2861 3260 sancta:
2888 3220 3001 3260 sure
3023 3204 3292 3270 ecclesiae,
3322 3203 3604 3260 exstinctis
3631 3202 3778 3257 vobis
3797 3203 3945 3258 Aria-

665 3299 922 3371 Aigypto,
958 3311 1005 3355 et
1036 3305 1194 3355 eduxi
1242 3317 1330 3356 vos
1354 3304 1418 3356 de
1447 3303 1600 3356 domo
1631 3303 1923 3368 servitutis,
1976 3312 2026 3356 et
2078 3301 2272 3356 abstuli
2300 3292 2345 3357 C
2381 3299 2485 3364 uis,
2514 3297 2713 3352 tribuat
2747 3297 2964 3368 plenam
2990 3298 3340 3352 securitatem
3367 3296 3535 3366 pacis,
3561 3303 3812 3350 estcausa
3837 3293 3945 3355 illa,

663 3408 750 3447 vos
783 3395 846 3447 de
878 3411 1034 3448 manu
1068 3396 1204 3468 regis
1219 3393 1465 3466 ﬁgypti,
1495 3405 1543 3448 et
1571 3393 1636 3447 de
1659 3411 1814 3448 ntanu
1840 3394 2071 3465 omnium
2099 3410 2272 3459 perse-

666 3488 934 3554 quentium
960 3503 1048 3540 uos
1076 3528 1090 3550 ,
1124 3499 1169 3540 et
1199 3490 1324 3560 rjeci
1351 3489 1475 3542 illos
1506 3506 1536 3541 a
1568 3489 1699 3558 {acie
1720 3470 1888 3543 vestra
1917 3527 1931 3550 ,
1960 3497 2006 3541 et
2034 3486 2154 3540 dedi
2186 3502 2276 3540 vo-

669 3580 745 3632 bis
778 3593 966 3632 terram
1014 3596 1214 3634 eorum.
1253 3579 1315 3634 Et
1344 3581 1454 3635 dixi
1479 3582 1623 3635 vobis
1652 3598 1671 3635 .·
1722 3579 1838 3652 Ego
1877 3597 1989 3634 sum
2022 3577 2276 3634 Dominus

666 3669 810 3725 Deus
842 3683 1021 3735 vester,
1053 3689 1155 3725 non
1189 3673 1430 3727 timcbitis
1480 3682 1503 3710 ο
1532 3671 1669 3727 Deos
1726 3671 2168 3737 Amorrlta'orum,
2221 3672 2276 3726 in

668 3766 854 3832 quibus
879 3783 964 3819 vos
990 3768 1294 3820 inhubitatis
1319 3769 1372 3820 in
1408 3778 1543 3820 terra
1574 3768 1804 3838 ipsorum
1838 3783 1855 3822 :
1888 3777 1933 3820 et
1975 3783 2079 3820 non
2111 3782 2272 3820 exau-

671 3861 821 3914 tlistis
850 3877 1023 3914 vocem
1053 3862 1069 3897 ί
1099 3879 1265 3915 meam
1297 3861 1464 3933 (Ibid.
1495 3861 1570 3926 1).
1603 3861 1743 3928 Quid
1777 3872 1898 3930 post
1926 3859 2069 3914 hanc
2101 3859 2278 3914 incre-

676 3954 948 4022 patiouem
994 3954 1206 4009 Domini
1253 3955 1374 4009 facit
1424 3953 1717 4010 Jerobabel
1764 3953 1855 4024 qui
1883 3952 2087 4008 dicitur
2112 3952 2276 4007 etiam

673 4047 944 4104 Gedeou?
993 4062 1117 4102 mox
1152 4059 1206 4101 ut
1242 4047 1524 4103 inimicum
1553 4063 1709 4103 suum
1746 4047 1894 4102 videt
1923 4057 1947 4094 Β
1985 4047 2278 4103 deductum

670 4139 738 4193 ad
773 4139 1036 4203 uiltilum,
1080 4156 1204 4194 mox
1235 4149 1293 4195 ut
1345 4142 1586 4195 universi
1622 4139 1701 4194 illi
1745 4141 2068 4207 adversarii,
2102 4138 2191 4208 qui
2224 4146 2282 4194 ut

670 4247 839 4287 arena
872 4233 1036 4286 utaris
1071 4232 1241 4288 fuisse
1281 4245 1598 4299 narrantur,
1638 4244 1766 4287 sunt
1795 4233 2041 4298 mactati,
2084 4242 2140 4289 et
2171 4248 2279 4287 nou

675 4325 878 4396 ingenti
915 4340 1145 4381 numero
1192 4324 1588 4390 lsraelitarunt,
1619 4325 1716 4381 sed
1754 4327 1806 4381 in
1839 4327 2104 4381 trecentis
2127 4326 2278 4392 viris,

677 4433 800 4473 mox
861 4427 918 4474 ut
968 4434 1161 4475 omnes
1217 4435 1373 4491 reges
1410 4420 1545 4475 vidit
1574 4420 1909 4491 alienigenas
1938 4417 2281 4486 interfectos,

675 4512 907 4567 tabrieat
932 4529 1050 4567 eam
1078 4530 1215 4580 rem,
1252 4530 1348 4585 per
1373 4529 1539 4586 quam
1569 4513 1781 4585 possint
1813 4515 1866 4569 in
1911 4513 2078 4570 Deum
2107 4512 2282 4569 delin-

680 4622 853 4674 quere
886 4607 981 4661 lilii
1013 4608 1198 4674 Israel,
1232 4616 1287 4662 et
1311 4617 1490 4664 tamen
1533 4607 1894 4680 quadraginta
1923 4608 2082 4663 anuis
2111 4607 2279 4663 etiam

2378 3391 2501 3462 quia
2530 3391 2595 3446 sit
2622 3391 2844 3462 dignum
2879 3399 2929 3445 te
2959 3389 3272 3445 adversario
3312 3389 3568 3444 saeviente
3611 3386 3674 3441 ad
3721 3385 3949 3440 omnium

2378 3483 2553 3538 veniri
2591 3479 2614 3519 δ
2660 3482 3065 3552 probationem.
3107 3481 3254 3536 Dicis
3300 3499 3313 3534 :
3357 3479 3416 3536 Si
3459 3479 3588 3533 male
3635 3482 3879 3548 fecissem,
3911 3477 3950 3528 si

2379 3575 2617 3630 Itteresim
2641 3585 2888 3640 tenerem,
2909 3577 3025 3647 jam
3054 3573 3107 3627 in
3138 3589 3215 3626 me
3244 3570 3383 3626 Deus
3437 3571 3753 3624 vindicasset.
3787 3568 3948 3623 Audis

2377 3682 2594 3723 sacram
2623 3667 2938 3737 loquentem
2968 3665 3297 3736 scripturam
3337 3663 3496 3718 etiam
3527 3661 3834 3732 alienigena:
3861 3659 3946 3712 diu

2380 3760 2694 3832 pepercisse
2745 3758 3070 3824 Dominum,
3125 3768 3178 3812 et
3219 3767 3395 3810 tamen
3426 3765 3608 3827 puSIea
3638 3759 3953 3806 consecutos

2379 3858 2571 3910 merita
2623 3855 2889 3909 {actorum
2941 3867 3186 3907 suorum.
3243 3848 3393 3904 Dixit
3438 3843 3743 3904 Samnelad
3770 3843 3900 3900 Saul
3933 3861 3948 3899 :

2385 3949 2531 4004 Misit
2561 3967 2639 4004 me
2689 3947 2944 4002 Dominus
2975 3957 3028 4000 ut
3061 3962 3299 4018 ungerent
3330 3954 3377 3998 te
3400 3959 3552 4013 super
3581 3938 3744 3996 Israel
3785 3940 3836 3992 in
3876 3953 3955 3992 re-

2381 4059 2519 4117 gem,
2549 4051 2598 4097 et
2621 4057 2757 4095 nunc
2797 4040 2926 4094 andi
2973 4055 3142 4093 rorem
3185 4036 3324 4091 verbi
3374 4033 3584 4089 Domini
3623 4051 3639 4088 :
3690 4030 3816 4086 IIrec
3841 4031 3960 4083 dicit

2380 4134 2639 4191 Dominus
2662 4134 2988 4205 omnipotens
3013 4149 3030 4186 :
3063 4128 3218 4184 Nunc
3245 4125 3516 4198 defendam
3536 4140 3648 4195 qua:
3667 4127 3784 4195 fecit
3811 4123 3959 4176 Ama-

2383 4229 2462 4287 lec
2501 4230 2616 4295 tibi,
2671 4227 2876 4295 Israel,
2918 4223 3354 4298 quentadmodum
3405 4220 3618 4275 obuiauit
3655 4219 3743 4272 tibi
3781 4219 3830 4270 in
3886 4218 3961 4270 ria

2380 4341 2537 4394 quam
2568 4321 2584 4360 ί
2629 4320 2910 4377 ascendiin
2941 4320 3006 4374 de
3035 4317 3295 4392 Egypto.
3327 4314 3394 4370 Et
3415 4315 3549 4368 nunc
3569 4311 3695 4367 vade
3715 4321 3759 4365 et
3790 4326 3954 4382 percu-

2383 4419 2476 4473 ties
2496 4417 2724 4481 Amalec,
2748 4424 2798 4470 et
2823 4415 2997 4469 omnia
3019 4413 3207 4486 ipsius,
3233 4420 3404 4466 etnon
3429 4407 3749 4476 concupisces
3779 4420 3841 4458 ea:
3863 4403 3963 4456 illis

2383 4513 2614 4584 aliquid,
2661 4511 2752 4566 sed
2809 4508 3196 4565 exterminabis-
3219 4505 3386 4565 illum,
3433 4511 3478 4556 et
3525 4495 3966 4554 anathematisabis

2383 4608 2533 4663 illum
2557 4617 2602 4661 et
2624 4604 2795 4660 omnia
2816 4604 2982 4669 illius,
3006 4613 3170 4656 etnon
3201 4613 3374 4668 parces
3396 4596 3496 4658 illi,
3523 4604 3568 4647 et
3591 4591 3778 4647 occides
3802 4589 3963 4644 omnia

675 4710 799 4771 post
841 4710 1049 4756 tantum
1110 4700 1318 4756 facinus
1374 4703 1730 4757 commissum
1781 4717 2040 4772 regnasse
2091 4699 2177 4756 hic
2227 4701 2281 4756 in
2310 4688 2532 4754 Dillius
2559 4716 2589 4752 a
2627 4699 2737 4751 viro
2767 4711 2928 4766 usque
2955 4693 3024 4746 ad
3073 4690 3356 4753 mulierent,
3397 4696 3442 4741 et
3487 4685 3547 4738 ab
3587 4684 3776 4754 infante
3815 4697 3964 4744 WIW

677 4793 842 4851 Israel
894 4796 1188 4851 invenitur.
1237 4796 1353 4850 Non
1389 4796 1493 4852 erit
1524 4811 1657 4868 ergo
1701 4797 2038 4862 mirandum,
2070 4797 2114 4851 si
2137 4803 2195 4852 et
2227 4806 2282 4851 tu
2392 4773 3967 4875 αᾱιιιιιγὶειιιειιι(Ηῖεςμιν,1).Ειίιιΐι’τιξΙίιιιειιίιδξυιιμιξῐηε

675 4891 980 4964 sacrilegus
1030 4893 1211 4947 adhuc
1243 4891 1409 4965 degas
1446 4891 1500 4946 iu
1534 4866 1796 4963 corpore,
1838 4890 2056 4961 quando
2103 4889 2289 4945 videas
2391 4888 2460 4944 ad
2481 4887 2735 4942 civitatem
2759 4881 2991 4946 Amalec,
3011 4875 3368 4940 etaccessit,et
3387 4869 3574 4967 obsedit
3592 4866 3851 4967 dataleciri
3865 4873 3965 4915 tor-

679 4958 998 5041 Gedeonem
1059 5002 1246 5058 regem
1304 4958 1666 5058 quadraginta
1714 4958 1875 5040 annis
1920 4984 2132 5040 vixiSse
2174 4993 2294 5051 post
2393 4992 2585 5040 rente:
2628 4991 2674 5034 et
2727 4976 2859 5032 dixit
2892 4974 3024 5027 Saut
3066 4970 3134 5024 ad
3184 4969 3409 5024 Cimeum
3439 4981 3465 5058 :7
3490 4962 3631 5016 Vade
3658 4958 3917 5014 ειάετιὶηα
3943 4968 3965 5003 ε

680 5079 1045 5137 idololatriam
1100 5057 1478 5149 commissam,
1533 5097 1813 5154 regnoque
1865 5095 1967 5136 suo
2012 5081 2242 5151 potitum
2278 5098 2290 5135 :
2397 5076 2590 5141 medio,
2620 5082 2670 5128 et
2709 5069 2914 5124 declina
2961 5066 3024 5120 ab
3055 5063 3283 5129 Amalec.
3312 5070 3359 5115 ει
3384 5057 3485 5113 ηοίί
3512 5067 3757 5126 ⁰ΡΡ⁰¹⁸⁸Ῑ⁸
3781 5059 3829 5103 ⁸⁸
3857 5062 3964 5100 “'m

2467 5231 2494 5272 ιι
2536 5231 2904 5288 Clamavcrunt
2934 5228 3031 5298 ﬁlii
3062 5223 3322 5298 Israelad
3373 5217 3674 5298 Dominum‘,
3711 5220 3756 5298 et
3779 5213 3962 5298 factum

2396 5317 2470 5363 est
2518 5280 2792 5376 εἶῖιὶᾦῖ
2815 5280 3164 5376 clauus-tierunt
3207 5293 3346 5376 filii“
3376 5286 3664 5376 Isrtteldad-

2401 5360 2490 5434 "ro
2532 5387 2607 5432 ter
2637 5360 2896 5430 'Madian.
2932 5371 3102 5426 Vutic.
3133 5360 3274 5438 quod
3309 5362 3472 5418 lleltr.
3503 5360 3668 5429 magis
3693 5360 3962 5412 consonat,

2397 5399 2447 5484 Et
2495 5396 2611 5484 ξιιη
2652 5445 2933 5484 insin-mm“
2969 5446 3022 5484 in
3081 5441 3308 5484 "suum.
3355 5432 3571 5484 αι’ἰιιριι.
3623 5425 3756 5484 apud
3807 5423 3964 5480 Μοιὶισ

2398 5441 2454 5508 et
2495 5441 2611 5503 ’ςιΙὶο
2652 5445 2934 5515 interpreti
2969 5446 3022 5498 in
3079 5441 3308 5506 llcxapl.
3355 5441 3571 5503 Urigeu.
3623 5443 3720 5498 apu

2400 5524 2618 5579 l'aucon.
2644 5517 2908 5576 Similiter
2937 5523 2992 5570 rt
3019 5511 3156 5569 Cod.
3191 5507 3340 5563 Alex.
3375 5503 3512 5576 apud
3544 5500 3724 5558 Sabat.

2479 5606 2501 5633 υ
2547 5590 2771 5646 Timebis
2801 5588 2928 5660 legit
2950 5585 3094 5660 iSah.

2484 5667 2501 5706 ί
2555 5665 2708 5719 l'ocis
2733 5659 2881 5717 mere.
2922 5659 3093 5713 \‘atic.
3125 5660 3402 5723 corrupte.

2482 5749 2506 5787 κ
2554 5736 2720 5792 Vidit.
2757 5734 2938 5790 Latin.

2481 5808 2507 5848 ³³
2553 5809 2762 5874 Venire,
2793 5805 2880 5860 vel
2908 5799 3144 5856 inueniri.
3181 5797 3354 5855 Latin.

2489 5884 2503 5920 ί
2548 5881 2738 5938 Sabat.
2772 5875 2904 5948 legit
2925 5889 3047 5946 qua.

755 5251 779 5276 ε·
824 5238 990 5293 Deum
1031 5239 1323 5307 accidisse;
1356 5237 1588 5310 ividetur
1635 5239 1920 5310 legendum
1971 5238 2060 5294 vel
2119 5235 2285 5293 Deum

684 5312 941 5374 attulisse,
985 5313 1069 5367 vel
1099 5323 1310 5381 propter
1340 5309 1505 5366 Deum
1533 5309 1807 5379 accidisse,
1840 5311 1923 5367 vel
1970 5313 2160 5375 etiam,
2187 5326 2290 5365 au-

686 5383 852 5455 dierat
878 5383 1013 5436 enim
1053 5388 1211 5455 quod,
1245 5393 1350 5438 etc.

760 5453 784 5493 δ
825 5454 968 5510 Loca
1024 5453 1251 5510 concaua
1305 5466 1349 5508 et
1398 5456 1602 5511 occulta
1662 5456 1715 5509 itt
1786 5453 2086 5513 montibus.
2157 5453 2290 5508 Nam

683 5529 924 5600 κρύπτειν
975 5529 1238 5581 occultare
1276 5538 1367 5600 est
1408 5538 1463 5584 et
1503 5528 1695 5594 celare,
1727 5526 2009 5596 speluncas
2035 5527 2290 5585 σπήλαια.

686 5599 790 5654 'lit.
818 5611 872 5653 et
914 5602 963 5654 la
996 5600 1169 5654 Cerda
1201 5599 1481 5666 subdens;
1526 5601 1626 5669 Qui
1659 5599 1808 5654 docti
1847 5610 1995 5665 sunt,
2031 5610 2294 5668 pareant;

692 5669 790 5742 Itas
825 5673 1096 5725 interdum
1115 5680 1275 5726 notas
1310 5678 1679 5742 rcspergimus
1697 5671 1762 5726 ad
1783 5673 2027 5727 omnium
2059 5679 2299 5738 captum.

690 5741 855 5813 Greg.
888 5743 1096 5816 Turon.
1134 5745 1229 5799 lib.
1271 5761 1324 5802 κ.
1364 5741 1509 5816 Aeap.
1541 5756 1825 5809 extremo;
1862 5762 1921 5797 ac
1944 5759 2037 5816 per
2065 5753 2295 5813 cryptae,

691 5827 738 5870 et
760 5815 982 5871 latibula
1003 5833 1120 5870 cum
1133 5818 1327 5888 paucis
1344 5814 1697 5885 Christianis,
1711 5831 1800 5886 per
1831 5814 2068 5870 eumdem
2090 5830 2301 5869 conver-

695 5891 785 5954 sis,
813 5898 924 5944 clc.

773 5972 791 6000 ε
847 5959 1092 6017 venirent
1127 5961 1252 6038 legit
1279 5963 1646 6033 Sabatierius,
1674 5973 1729 6020 et
1759 5959 1902 6020 intra
1923 5958 2124 6018 omittit
2157 5959 2298 6016 huic.
