4292 6378
146 423 252 478 797

1095 423 1184 480 DE
1227 420 1531 482 REGIBUS
1571 423 2017 482 APOSTATICIS
2055 423 2264 481 LIBER
2305 423 2508 484 UNDS.

3345 431 3450 490 798

148 542 244 594 illo
276 585 288 604 ,
331 543 579 611 quatiiam
634 551 687 595 tu
745 541 912 611 fecisti
963 543 1374 597 misericordiam
1441 557 1562 595 cum
1624 540 1750 610 filiis
1778 543 1830 603 Α
1854 551 1901 595 et
1929 542 2189 611 sacriﬁcia
2229 543 2394 612 magis
2424 559 2574 612 quam
2614 546 2870 599 exaudire
2909 560 3085 600 vocem
3119 545 3377 604 Domini?
3405 558 3451 604 et

150 630 346 701 Israel,
381 651 502 688 cum
527 635 863 689 ascendercnt
897 651 962 689 ea:
983 632 1239 705 £ggpto.
1267 633 1334 688 Et
1369 633 1645 687 declinauit
1671 629 1758 686 Ci-

152 741 297 780 utens
331 725 395 780 de
427 726 600 782 medio
624 726 832 780 Amalec
858 741 877 779 :
925 735 973 780 et
1020 726 1270 796 percussit
1300 723 1434 781 Saul
1455 724 1665 778 Amalec
1693 723 1757 778 ab

150 817 330 874 Evilat
367 835 526 887 usque
557 817 687 884 Sur,
714 834 830 887 qua
866 829 940 872 est
970 829 1150 873 contra
1191 819 1377 889 {aciem
1406 817 1628 889 Egypti
1660 833 1680 871 :
1709 826 1757 871 et

151 914 541 986 comprehendit
577 913 708 969 Saul
746 915 890 985 Agag
920 929 1090 986 regem
1121 913 1328 968 Amalec
1364 914 1552 978 vivunt,
1574 913 1622 966 et
1644 927 1755 966 ont-

149 1021 272 1059 nem
294 1004 542 1076 populum
570 1007 681 1077 ejus
705 1005 892 1063 occidit
920 1007 973 1060 in
997 1021 1085 1060 ore
1118 1005 1280 1076 gladii
1307 1005 1349 1073 (Ι
1387 1004 1512 1075 Reg.
1548 1019 1639 1066 xv,
1675 1001 1753 1075 5).

150 1094 320 1153 Vides
379 1097 654 1166 quomodo
696 1138 712 1164 ,
780 1097 936 1153 tarde
991 1099 1157 1161 licet,
1224 1096 1502 1152 consecuti
1553 1096 1755 1151 fuerint

148 1189 378 1245 sceleris
422 1189 505 1245 sui
535 1188 770 1248 fletum?
802 1202 854 1245 et
883 1201 936 1245 tu
967 1191 1143 1261 inquis
1173 1208 1185 1243 :
1218 1188 1338 1243 Nisi
1364 1189 1489 1244 bene
1521 1207 1750 1262 agerem,

145 1298 432 1352 numquam
451 1282 545 1336 diu
565 1283 868 1353 regnarent?
896 1281 1071 1350 ipsum
1098 1281 1262 1338 etiam
1293 1281 1420 1336 Snul
1447 1281 1752 1335 invenimus

145 1383 340 1428 contra
373 1373 584 1429 Domini
631 1373 941 1430 mandatum
989 1375 1112 1446 quia
1160 1373 1365 1438 fecerit,
1415 1371 1560 1444 quod
1591 1371 1753 1428 fuerit

146 1464 476 1534 rcprobatus
502 1508 516 1528 .
567 1476 623 1522 et
666 1477 844 1522 tamen
875 1465 966 1521 diu
1001 1469 1305 1536 regnaverit
1347 1477 1465 1535 post
1493 1467 1752 1536 reproba-

149 1559 380 1621 tionem,
416 1568 766 1628 posteaquam
799 1559 936 1613 dixit
967 1559 1031 1613 ad
1064 1559 1280 1613 Samuel
1313 1558 1450 1613 Deus
1487 1577 1498 1613 :
1529 1556 1749 1612 I’tznitet

152 1647 178 1677 ⁸
195 1665 280 1704 me
296 1649 504 1704 tinxisse
525 1651 576 1704 in
602 1667 773 1722 regem
793 1651 1105 1716 Saulllbid.
1126 1653 1146 1706 ‘i
1167 1654 1236 1720 l).
1262 1651 1329 1705 Et
1346 1663 1398 1705 tu
1412 1651 1584 1720 inquis
1606 1696 1615 1704 .
1636 1649 1750 1721 Ego

145 1742 249 1795 nisi
278 1754 412 1796 recte
433 1743 642 1810 fuissem
673 1744 907 1808 credens,
937 1745 1037 1796 nisi
1066 1744 1320 1812 quomodo
1342 1755 1416 1797 est
1446 1741 1552 1797 Deo
1581 1745 1745 1811 placi-

146 1846 262 1888 tum
288 1835 525 1902 viverem,
566 1853 844 1906 numquam
881 1837 1113 1907 profecto
1144 1853 1278 1890 nunc
1324 1853 1480 1905 usque
1522 1852 1744 1908 tmpera-

1858 651 1972 689 scce
1999 635 2116 689 dico
2159 633 2188 672 δ
2214 650 2233 690 :
2271 635 2550 691 Audientia
2581 639 2764 692 melior
2793 647 2868 691 est
2895 655 3050 706 quam
3091 640 3408 708 sacri/icium
3435 684 3450 708 ,

1858 737 1904 781 et
1927 726 2215 783 obedientia
2233 745 2388 798 quam
2422 729 2602 798 adipes
2623 731 2882 797 arietum;
2909 732 3159 802 quoniam
3185 743 3455 804 peccatum

1858 819 2170 875 abominatio
2193 831 2288 886 est,
2320 822 2524 876 dolores
2553 831 2598 876 et
2622 823 2839 894 gemitus
2859 824 2928 876 ad
2954 833 3003 878 te
3029 825 3336 881 adduxisti:
3359 843 3454 896 pro

1856 911 2041 981 quibus
2076 911 2274 967 nullius
2305 916 2550 968 momenti
2577 917 2744 984 fecisti
2766 916 2968 970 verbum
2999 914 3234 986 Domini,
3258 919 3455 975 nullius

1856 1003 2098 1056 momenti
2125 1013 2172 1056 te
2190 1005 2342 1074 faciet
2368 1003 2620 1060 Dominus
2649 1022 2710 1060 ne
2735 1024 2932 1078 regnes.
2966 1005 3036 1061 Et
3063 1009 3194 1064 dixit
3220 1008 3355 1066 Saul
3384 1012 3454 1065 ad

1857 1094 2106 1150 Samuel:
2141 1093 2354 1150 Peccavi
2375 1098 2618 1167 quoniam
2652 1100 2908 1168 praeterivi
2934 1101 3142 1154 uerbum
3169 1101 3378 1157 Domini
3408 1113 3457 1158 et

1853 1192 2060 1242 verbum
2086 1197 2248 1254 tuum,
2275 1193 2521 1258 quoniam
2542 1191 2692 1244 timui
2715 1192 2991 1262 populum,
3012 1202 3058 1246 et
3075 1195 3252 1248 audivi
3279 1211 3453 1250 uocem
3478 1228 3482 1232 -

1853 1281 2099 1347 illorum;
2133 1292 2176 1336 et
2198 1299 2331 1336 nunc
2352 1287 2501 1352 aufer
2525 1293 2792 1355 peccatum
2824 1301 3015 1339 meum.
3051 1285 3323 1340 Reuertere
3347 1301 3453 1342 nte-

1853 1389 1986 1436 cum.
2018 1375 2249 1429 adorabo
2282 1373 2561 1429 Dominum
2590 1375 2756 1432 Deum
2786 1387 2954 1432 tuum.
2987 1377 3052 1432 Et
3088 1378 3224 1433 dixit
3241 1377 3456 1435 Samuel

1851 1469 1918 1520 ad
1931 1469 2074 1521 illum
2108 1467 2436 1538 :Disrampet
2477 1467 2493 1507 ί
2541 1469 2790 1524 Dominus
2811 1486 3024 1541 regnum
3046 1471 3454 1526 tuumexlsrael

1853 1560 1915 1612 de
1939 1576 2096 1614 manu
2120 1573 2207 1614 tua
2230 1563 2413 1627 hodie,
2445 1571 2491 1616 et
2518 1563 2660 1617 dabit
2689 1563 2825 1616 illud
2855 1564 3093 1634 proximo
3128 1573 3220 1617 tuo
3249 1564 3454 1619 meliori

1851 1661 1899 1706 te
1922 1651 2216 1723 (Ibid.‘28).
2264 1654 2327 1708 Et
2353 1653 2492 1709 infra
2524 1652 2753 1710 :Etnon
2777 1657 2969 1726 adjecit
2993 1656 3207 1710 Samuel
3225 1657 3454 1724 amplius

1851 1747 2021 1799 videre
2040 1745 2170 1801 Saul
2188 1765 2343 1814 usque
2369 1751 2434 1802 ad
2458 1750 2592 1803 diem
2615 1751 2796 1804 mortis
2817 1765 2948 1816 sua,
2977 1750 3224 1821 quoniam
3247 1750 3450 1822 lugebat

1853 1838 2068 1895 Samuel
2098 1841 2150 1894 in
2183 1841 2335 1904 Saul,
2359 1853 2404 1895 et
2431 1841 2716 1896 Dominum
2744 1843 2978 1910 paenituit
3008 1845 3263 1915 quoniam
3287 1859 3453 1917 regem

148 1926 299 1980 rem?
337 1927 399 1982 Et
434 1939 492 1983 nt
521 1930 638 1984 lucc
669 1931 886 2000 penitus
913 1932 1089 2001 possis
1129 1931 1344 1986 haurire
1373 1947 1490 2000 qua:
1518 1931 1746 1987 dicimus
1777 1946 1823 2008 Β
1850 1931 1968 1998 fecit
1998 1932 2131 1986 Saul
2161 1948 2314 2003 super
2351 1931 2524 1988 Israel
2553 1931 2737 2002 (Ibid.
2769 1934 2840 1990 55
2862 1937 2899 2004 ).
2947 1933 3013 1990 Et
3042 1935 3173 1989 dixit
3199 1932 3456 1989 Dominus

151 2029 378 2088 promer
400 2021 550 2084 Saul,
585 2025 771 2094 accipe
796 2039 917 2095 quae
945 2034 1130 2080 c0ntra
1156 2025 1365 2080 Domini
1386 2025 1574 2080 fecerit
1600 2041 1750 2080 man-

144 2112 356 2166 datum.
369 2112 432 2166 lit
446 2114 642 2180 accepit
665 2114 856 2171 Saulet
871 2118 1038 2171 omnis
1052 2118 1274 2187 pOpalus
1293 2120 1401 2187 ejus
1420 2120 1565 2190 .lgaq
1582 2134 1750 2189 regem

145 2216 197 2257 et
217 2207 350 2259 bona
373 2222 584 2277 gregum
603 2205 630 2244 ι’
653 2218 700 2261 et
721 2219 1074 2263 armentorum
1091 2225 1138 2265 et
1159 2226 1389 2264 escarum
1403 2221 1449 2263 et
1464 2211 1747 2278 vinearum,

147 2308 196 2352 et
213 2299 444 2352 omnium
465 2300 737 2366 bonorum,
753 2312 799 2356 et
814 2303 1088 2356 noluerunt
1101 2302 1394 2372 disperdere
1408 2305 1578 2356 omnia
1595 2305 1746 2369 bona,

146 2392 243 2445 sed
274 2402 321 2445 et
348 2408 500 2448 omne
535 2409 662 2464 opus
714 2396 1000 2464 pretiosum
1045 2405 1454 2459 reservaverunt,
1486 2405 1536 2448 et
1567 2411 1750 2466 super-

147 2501 318 2539 uacua
348 2486 792 2555 disperdiderunt.
845 2485 915 2540 Et
969 2487 1166 2555 factum
1205 2499 1274 2542 est
1302 2489 1510 2542 verbum
1540 2486 1753 2542 Domini

146 2577 221 2630 ad
273 2577 568 2633 Samuelem
606 2579 784 2633 dicens
831 2597 850 2635 :
893 2578 1114 2636 Panitet
1136 2598 1215 2636 me
1237 2582 1376 2652 quod
1400 2583 1751 2636 constituerim

148 2684 325 2739 regem
363 2669 519 2733 Saul,
555 2673 801 2741 quoniam
832 2687 1045 2726 aversus
1074 2684 1146 2726 est
1178 2690 1208 2725 a
1255 2690 1355 2737 me,
1395 2685 1442 2728 et
1463 2675 1614 2728 uerbo
1641 2691 1752 2729 mea

147 2781 259 2818 non
283 2765 486 2819 statuit.
522 2763 589 2818 Et
615 2767 950 2820 contristatus
973 2777 1048 2820 est
1076 2766 1315 2832 Samuel,
1345 2778 1391 2821 et
1415 2769 1653 2821 clamavit
1683 2768 1751 2821 ad

148 2852 326 2909 Deum
373 2865 479 2910 tota
522 2867 672 2913 nocte
697 2874 716 2912 :
759 2869 806 2912 et
833 2868 951 2911 ant:
979 2859 1167 2925 lucem,
1202 2871 1249 2913 et
1299 2858 1513 2913 Samuel
1546 2861 1670 2913 abiit
1696 2861 1751 2915 in

149 2952 355 3005 obviam
403 2951 575 3008 Israel
633 2951 799 3024 (Ibid.
831 2953 907 3023 9).
942 2953 1010 3008 Et
1041 2953 1177 3008 infra
1213 2973 1224 3007 :
1276 2954 1340 3008 Et
1371 2957 1504 3008 venit
1535 2955 1752 3010 Sanmel

147 3046 222 3100 ml
251 3045 405 3111 Saul,
435 3059 483 3100 et
509 3063 623 3101 ecce
661 3044 794 3103 Saal
837 3047 1079 3114 o/ferebat
1109 3049 1469 3103 holocaustum
1501 3048 1746 3114 Domino,

146 3153 196 3193 rt
224 3142 375 3194 initia
407 3144 708 3212 prcdarum
730 3157 846 3212 qua!
867 3143 1040 3195 attulit
1062 3159 1125 3196 ea:
1152 3144 1357 3196 Amalec
1388 3161 1404 3194 :
1447 3153 1492 3196 et
1522 3147 1748 3212 pervenit

147 3233 372 3287 Samuel
400 3235 470 3286 ad
511 3233 677 3296 Saul,
723 3244 769 3288 et
797 3233 929 3288 dixit
957 3235 1035 3287 illi
1062 3234 1195 3289 Saul
1221 3252 1239 3287 .·
1270 3233 1580 3288 Benedictus
1611 3253 1660 3288 es
1693 3247 1745 3288 tu

1852 2025 1922 2077 ad
1951 2023 2197 2079 Samuel:
2231 2025 2504 2096 Quousque
2533 2028 2677 2101 luges
2704 2039 2758 2081 tu
2789 2030 2841 2082 in
2871 2028 3050 2084 Saul.’
3083 2028 3212 2083 Ecce
3241 2045 3334 2100 ego
3363 2044 3452 2082 ea:-

1852 2117 1986 2186 pello
2009 2117 2158 2172 illum
2182 2135 2245 2172 ne
2264 2129 2436 2190 regnet
2462 2135 2618 2189 super
2643 2118 2835 2186 Israel,
2858 2130 2908 2174 et
2927 2122 3084 2191 imple
3121 2137 3281 2175 cornu
3310 2130 3454 2174 tuum

1852 2211 1983 2275 oleo,
2022 2223 2068 2266 et
2099 2213 2232 2276 veni,
2262 2213 2462 2264 mittam
2490 2224 2538 2267 te
2561 2213 2629 2265 ad
2658 2211 2808 2268 Jesse
2837 2230 2995 2286 usque
3020 2215 3073 2267 in
3113 2211 3447 2282 Bethlehrm,

1853 2300 2096 2366 quoniam
2125 2301 2301 2354 audivi
2335 2303 2348 2352 ι
2390 2302 2442 2355 in
2472 2301 2597 2371 filiis
2622 2300 2770 2358 Iesse
2797 2304 2923 2358 mihi
2964 2306 3017 2358 in
3047 2320 3219 2376 regem
3255 2304 3273 2373 (
3305 2300 3448 2360 Ibid.

1855 2406 1964 2458 xvi,
1992 2393 2070 2459 1).
2103 2395 2446 2463 Cognoscere
2489 2399 2599 2466 jam
2642 2399 2870 2468 poteris,
2913 2398 3237 2464 Constanti,
3288 2398 3451 2453 etiam

1855 2485 2177 2554 reprobatns
2210 2503 2239 2542 a
2275 2487 2523 2557 Domino,
2557 2491 2720 2546 etiam
2751 2491 2816 2546 ad
2845 2502 3104 2546 aeternam
3151 2492 3454 2548 destinatus

1853 2591 2108 2648 mortem,
2137 2581 2229 2637 diu
2256 2599 2489 2653 regnare
2533 2594 2656 2654 post
2683 2585 2942 2642 delictum
2971 2600 3137 2656 grave
3181 2587 3452 2641 eorumis-

1852 2694 1970 2734 suin
1997 2696 2010 2732 :
2041 2677 2479 2749 quandoquidem
2511 2679 2697 2734 videas
2720 2690 3075 2750 posteaquam
3105 2687 3302 2734 unctus
3333 2681 3451 2733 fuc-

1856 2770 1924 2825 rit
1952 2770 2008 2824 in
2037 2786 2220 2841 regem
2245 2773 2518 2842 gloriosus
2543 2773 2686 2826 [ilius
2707 2771 2864 2827 Iesse
2895 2770 3088 2838 David,
3116 2781 3298 2826 tamen
3322 2772 3450 2827 Saul

1854 2867 1945 2920 diu
1975 2866 2306 2936 regnaverit,
2329 2875 2384 2920 et
2412 2865 2772 2936 persequendi
2797 2866 2958 2919 etiam
2988 2881 3137 2930 eum,
3171 2880 3330 2934 quem
3349 2865 3450 2920 sibi

1857 2960 1999 3014 Deus
2026 2959 2079 3013 in
2123 2957 2437 3027 prophetam
2471 2967 2634 3027 atque
2681 2972 2862 3028 regem
2893 2957 3159 3027 elegerat,
3199 2956 3452 3012 habuerit

1851 3062 2206 3122 potestatem;
2238 3054 2410 3106 tnalus
2434 3053 2652 3116 bonum,
2683 3052 2915 3121 injnsllts
2939 3051 3173 3121 jtlSlunt,
3202 3053 3309 3106 Deo
3335 3051 3452 3106 ndi-

1853 3145 1973 3200 bilis
2009 3145 2434 3214 persequebatur
2476 3159 2602 3198 eum
2633 3160 2795 3213 quem
2829 3144 3091 3214 diligebat
3118 3145 3281 3198 Deus.
3312 3142 3447 3198 Cum

1853 3237 1967 3290 tunc
2000 3239 2069 3289 ita
2097 3238 2224 3299 sint,
2275 3251 2342 3290 ne
2369 3237 2642 3305 glorieris,
2672 3237 2796 3306 quia
2830 3243 2953 3305 post
2981 3245 3188 3288 tantum
3236 3234 3448 3289 facinus

149 3325 376 3378 Domino
402 3365 416 3390 ,
473 3327 629 3378 statui
673 3328 844 3379 omnia
873 3342 988 3395 quit
1015 3328 1214 3382 locutus
1253 3338 1326 3382 est
1372 3327 1650 3384 Dominus.
1680 3329 1746 3384 Et
1775 3324 1817 3385 C
1855 3341 2220 3400 perpetratum
2249 3332 2324 3384 sis
2354 3331 2542 3384 vivens
2574 3329 2839 3384 hactenus
2861 3339 2916 3383 ut
2936 3329 3135 3384 vixerit
3154 3329 3318 3393 Sani;
3350 3329 3446 3383 sml

145 3421 284 3473 dirit
311 3419 521 3474 Samuel
542 3437 560 3474 :
592 3419 653 3474 Et
679 3436 794 3490 qua:
822 3430 894 3475 est
925 3436 1023 3474 vox
1067 3423 1223 3489 hujus
1253 3423 1420 3493 gregis
1449 3425 1502 3476 in
1535 3424 1747 3477 auribus

147 3512 279 3564 meis
309 3550 324 3573 ,
366 3521 410 3564 et
443 3525 540 3564 vox
567 3513 718 3564 boans
746 3527 902 3579 quam
932 3527 1025 3581 ego
1063 3513 1221 3565 audio
1248 3513 1272 3565 Ρ
1313 3513 1374 3565 Et
1405 3515 1536 3567 dixit
1567 3514 1698 3568 Saul
1729 3531 1746 3567 :

147 3601 232 3656 De
266 3604 476 3656 Amalec
526 3604 678 3657 attuli
710 3619 769 3656 ea
795 3645 808 3668 ,
839 3619 955 3670 quae
987 3606 1230 3672 praedavit
1258 3616 1277 3643 ε
1306 3609 1524 3674 populus
1554 3609 1744 3673 optima

143 3699 317 3766 gregis
349 3705 394 3748 et
417 3695 587 3757 boum,
612 3707 667 3748 ut
700 3695 1028 3749 immolentur
1059 3695 1279 3750 Domino
1305 3697 1328 3732 α
1357 3711 1441 3750 tuo
1463 3701 1600 3768 regi;
1625 3701 1745 3752 reli-

138 3804 246 3853 qua
275 3797 443 3839 autent
473 3786 758 3855 disperdidi
798 3797 842 3838 et
875 3788 1228 3840 exterminavi.
1266 3785 1330 3840 Et
1363 3789 1491 3841 disi!
1533 3790 1742 3842 Samuel

138 3879 213 3930 ad
245 3877 378 3932 Saul
414 3893 431 3930 :
468 3875 654 3931 Nonne
694 3878 936 3930 minimus
967 3895 1079 3931 eras
1115 3880 1164 3931 in
1194 3890 1464 3949 conspectu
1496 3881 1602 3934 duo;
1631 3899 1741 3936 scc-

139 3979 383 4040 ptrorum
412 3970 476 4023 de
505 3969 641 4023 tribu
665 3967 855 4034 Israel,
884 3980 932 4024 et
958 3973 1104 4025 unxit
1141 3983 1188 4026 te
1219 3970 1470 4026 Dontinns
1497 3975 1548 4026 in
1578 3990 1740 4043 regem

135 4077 299 4131 super
324 4057 517 4124 Israel,
549 4071 595 4114 et
625 4061 836 4115 immisit
867 4071 914 4114 te
937 4062 1191 4116 Dominus
1223 4064 1274 4115 in
1307 4073 1329 4098 ο
1358 4065 1514 4127 uiam,
1538 4076 1582 4117 et
1613 4067 1741 4118 dixit

133 4153 234 4206 tibi
285 4167 302 4206 :
368 4151 510 4206 Vade
554 4163 603 4206 et
636 4153 876 4223 disperde
925 4155 1081 4219 illos,
1137 4155 1223 4223 qui
1276 4165 1484 4224 peccant
1537 4157 1590 4209 in
1638 4173 1736 4218 me,

136 4243 378 4308 Amalec,
409 4251 458 4296 et
480 4245 795 4316 expugnabis
820 4245 940 4298 illos
975 4262 1133 4315 usque
1153 4246 1276 4298 dum
1295 4262 1558 4300 consumes
1588 4249 1740 4302 illos?

138 4336 212 4390 Et
237 4351 396 4407 quare
421 4353 523 4391 non
546 4338 738 4392 audisti
766 4354 935 4391 vocem
963 4338 1194 4406 Domini,
1227 4342 1318 4394 sed
1350 4342 1642 4407 impetivisti
1672 4343 1739 4396 ad

136 4430 398 4498 praedam,
423 4439 470 4484 et
499 4430 668 4500 fecisti
692 4430 831 4498 quod
858 4431 1145 4502 malignum
1173 4442 1246 4486 est
1275 4449 1449 4486 coram
1478 4433 1740 4489 Domino?

135 4522 211 4576 Et
256 4523 390 4578 dixit
443 4522 579 4578 Saul
614 4538 633 4576 :
667 4521 925 4592 Quoniam
970 4525 1147 4578 audiui
1193 4525 1464 4593 populum.
1515 4528 1618 4580 abii
1682 4529 1736 4582 in

129 4619 300 4684 viam,
329 4634 486 4685 quam
531 4616 550 4656 ί
586 4618 725 4672 misit
747 4635 827 4673 me
856 4616 996 4673 Deus
1020 4662 1032 4683 ,
1067 4629 1116 4673 et
1140 4620 1357 4673 adduxit
1383 4621 1528 4689 Agag
1569 4638 1736 4695 regem

1853 3425 2075 3478 adverte
2114 3423 2414 3492 cuiusmodi
2463 3423 2697 3476 vindicta
2730 3423 3062 3492 proi'esserit
3105 3422 3248 3476 circa
3279 3422 3407 3478 Saul
3431 3465 3444 3490 ,

1853 3515 1992 3584 quod
2030 3528 2082 3569 ct
2114 3515 2258 3568 circa
2294 3526 2344 3569 te
2376 3517 2547 3583 possit
2574 3516 2904 3582 procedere,
2938 3514 3040 3568 nisi
3076 3515 3286 3572 tibimet
3314 3530 3445 3567 con-

1851 3607 2017 3659 sulas.
2047 3605 2101 3660 Si
2141 3607 2284 3659 enim
2315 3605 2457 3660 circa
2503 3607 2653 3659 illum
2685 3605 2765 3660 sic
2795 3618 2874 3658 est
2923 3606 3236 3674 indignatus
3266 3605 3449 3659 Domi-

1851 3715 1968 3760 nus,
1993 3700 2172 3768 primo
2191 3714 2287 3751 cur
2301 3699 2536 3766 praedam
2557 3711 2747 3752 contra
2777 3697 3126 3752 interdictum
3145 3702 3442 3768 acceperit,

1848 3790 2087 3844 secundo
2115 3805 2211 3844 cur
2242 3789 2362 3858 ejus
2392 3791 2665 3845 hominem
2697 3791 2868 3845 David
2904 3792 3064 3849 fuerit
3099 3803 3438 3861 persecutus,

1847 3893 2048 3953 quanto
2094 3885 2265 3954 magis
2306 3886 2450 3940 circa
2498 3896 2550 3940 te
2598 3886 2986 3955 indignationis
3014 3887 3133 3955 ejus
3187 3887 3445 3957 procedat

1849 3978 2084 4031 vindicta
2116 3992 2342 4034 necesse
2389 3989 2491 4045 est,
2546 3979 2691 4033 circa
2737 3989 2788 4033 te
2829 3979 2986 4048 cujus
3015 3978 3159 4034 adeo
3208 3978 3446 4049 ingentia

1845 4081 1966 4124 sunt
2001 4072 2230 4133 scelera,
2261 4079 2322 4124 ut
2365 4073 2530 4124 etiam
2561 4071 2616 4125 in
2660 4070 2928 4140 sacrilegii
2960 4071 3174 4125 venires
3206 4082 3440 4126 reatum.

1847 4164 1909 4218 Si
1939 4165 2091 4228 male,
2121 4163 2320 4232 inquis,
2369 4165 2608 4233 egissem,
2653 4165 2720 4229 si,
2753 4164 3011 4234 quomodo
3058 4164 3182 4218 dicit
3210 4162 3437 4234 Lucifer,

1845 4271 2001 4308 essem
2029 4253 2329 4316 hmeticus,
2367 4256 2483 4325 jam
2529 4254 2656 4308 mihi
2700 4255 2992 4309 abstulisset
3021 4253 3161 4308 Deus
3203 4271 3438 4326 regnum.

1843 4348 2042 4418 Accipe
2071 4349 2232 4402 etiam
2276 4347 2623 4404 Salomonem
2681 4347 3053 4416 super-vixisse
3094 4358 3216 4418 post
3268 4347 3445 4402 idolo-

1844 4443 2052 4498 latriam
2080 4441 2451 4508 commissam,
2484 4452 2538 4497 et
2564 4442 2865 4511 intelligere
2891 4441 3118 4511 dignare
3151 4453 3203 4496 te
3225 4457 3444 4512 quoque

1845 4539 2004 4590 talem
2036 4551 2183 4600 esse,
2263 4537 2441 4605 qualis
2504 4536 2594 4591 ille
2663 4543 2786 4604 post
2853 4533 3216 4589 idololatrian:
3279 4534 3448 4592 fuerit

1843 4627 1930 4700 (ΙΙΙ
1965 4626 2093 4700 Reg.
2124 4644 2195 4682 xl.
2233 4627 2350 4700 14.)
2378 4627 2402 4664 ιι
2435 4626 2506 4682 Et
2525 4629 2795 4684 suscitavit
2821 4628 3081 4683 Dominus
3110 4637 3260 4682 satan
3284 4628 3439 4684 Salo-

139 4712 375 4777 Amalec,
395 4723 441 4767 et
473 4713 683 4768 Amalec
711 4713 1035 4783 disperdidi;
1062 4724 1110 4770 et
1131 4716 1326 4787 accepit
1351 4716 1578 4787 populus
1607 4734 1741 4789 prat-
1768 4712 1820 4773 D
1846 4723 1982 4775 moui
2009 4762 2023 4787 ,
2078 4723 2218 4776 Ader
2278 4719 2566 4777 Idunucum
2615 4732 2663 4775 et
2701 4721 2883 4775 Esrom
2925 4721 3091 4791 ﬁlium
3123 4719 3357 4776 Anadeth
3390 4722 3442 4774 in

129 4807 259 4860 dam
277 4809 446 4878 gregis
469 4817 516 4861 et
536 4817 770 4863 armenta
788 4809 1038 4878 primaria
1061 4810 1268 4865 illorum
1289 4827 1404 4880 qua:
1427 4814 1734 4880 disperdidi,

127 4910 194 4954 ut
232 4899 520 4967 sacrificent
549 4909 573 4947 α
603 4917 778 4954 coram
809 4899 1032 4956 Domino
1072 4901 1182 4958 Deo
1207 4917 1379 4959 nostro
1403 4905 1452 4958 in
1489 4903 1731 4976 Calgala.

129 4991 207 5047 Et
231 4992 363 5046 dixit
391 4990 642 5048 Samuel:
679 4991 950 5061 Numquid
993 4997 1102 5050 vult
1135 4995 1390 5051 Dominus
1434 4999 1736 5054 holocausta

209 5181 234 5247 ξ
267 5172 530 5247 Eandem
563 5173 893 5247 sententiam
939 5177 1140 5247 repetit
1180 5174 1398 5232 Lucifer
1439 5179 1616 5247 paullo
1650 5180 1728 5234 in-

126 5244 328 5319 ferius,
357 5244 463 5319 sed,
485 5244 608 5319 aliis
634 5246 846 5319 verbis;
877 5243 1017 5299 huic
1038 5248 1275 5319 similem
1306 5243 1470 5304 habet
1501 5249 1729 5319 Optatus

127 5314 358 5388 Milevit.
409 5315 503 5370 lib.
526 5316 586 5388 2.
631 5327 780 5372 cont.
809 5317 1097 5388 Donatuet
1126 5318 1216 5372 alii
1262 5319 1383 5372 libri
1423 5320 1475 5374 in
1509 5314 1727 5388 G‘razco,

127 5387 484 5466 μετακξλομαι
509 5387 587 5466 ὅτι
614 5388 829 5466 ξ’χρισᾳ.
852 5387 1336 5466 Vid._'l‘l_teodoret.
1362 5405 1531 5461 quam
1565 5393 1651 5449 53.

207 5457 232 5495 δ
272 5458 361 5534 Sic
385 5473 506 5534 cum
539 5457 730 5534 saliat.
782 5464 834 5516 in
864 5459 1027 5534 editis
1058 5461 1240 5529 inepto
1270 5457 1468 5534 regum.

208 5539 230 5567 ε
275 5528 380 5582 Pro
402 5529 730 5603 (lepra-datus
753 5542 824 5586 est
845 5533 1088 5603 populus,
1120 5528 1165 5585 et
1192 5528 1435 5601 spoliavit
1460 5537 1724 5602 Amalech,

128 5611 191 5657 ut
213 5609 382 5674 _an_tea
411 5601 578 5674 dixit,
595 5601 853 5671 jacularit
874 5620 968 5674 pro
1007 5605 1183 5673 iacula
1209 5621 1265 5658 us
1297 5618 1394 5660 est.
1425 5606 1466 5660 Τ
1473 5609 1528 5661 il.

200 5669 226 5710 ά
274 5668 500 5724 Domino
545 5668 652 5726 Deo
679 5685 783 5730 tuo.
831 5668 1016 5732 V'aticf
1045 5680 1119 5730 uti
1155 5677 1205 5730 iu
1237 5674 1449 5732 Graeco.
1481 5676 1732 5735 Latinius

124 5742 326 5812 adimit
348 5743 478 5812 regi,
511 5751 570 5797 ut
597 5742 774 5802 Graec.

209 5826 233 5893 ς
277 5811 342 5868 In
379 5811 791 5893 via.__Vatic.-_n_t
819 5817 871 5872 in
896 5817 1124 5893 (ξι-πω
1153 5820 1404 5877 similiter
1439 5821 1619 5893 paullo
1649 5823 1729 5878 in-

133 5888 327 5966 terius,
362 5885 459 5940 sed
486 5885 661 5966 Griec.
701 5886 774 5966 ibi
792 5898 866 5966 513
892 5888 1013 5966 ὁδῷ.

213 5959 231 5999 ί
280 5957 348 6014 In
376 5973 532 6030 quam
560 5958 689 6033 legit
717 5957 903 6017 Sabat.

1847 4811 2159 4878 Remathad,
2187 4813 2422 4886 Adragas
2448 4829 2616 4884 regem
2648 4813 2788 4869 Saba
2816 4814 3080 4867 dominum
3093 4816 3226 4886 ejus,
3248 4824 3298 4867 et
3318 4829 3440 4866 con-

1842 4908 2038 4976 gregati
2067 4917 2187 4961 sunt
2217 4922 2368 4978 super
2398 4921 2512 4960 eum
2543 4907 2640 4960 viri
2675 4921 2694 4960 :
2721 4917 2768 4960 et
2807 4914 2916 4960 erat
2959 4906 3195 4976 princeps
3221 4921 3439 4977 congre-

1843 5001 2065 5069 gationis
2118 5017 2136 5054 :
2177 5010 2223 5054 et
2262 5001 2640 5072 praeoccupavit
2687 4997 2928 5054 Demasic
2983 4998 2999 5036 ι
3045 5000 3301 5054 ciuitatem
3330 5039 3343 5066 ,
3395 5009 3444 5055 et

1909 5187 1932 5249 β
1976 5178 2283 5249 Sacri/icent
2305 5178 2432 5248 legit
2461 5178 2623 5232 idem.

1910 5248 1936 5286 ιι
1982 5248 2177 5314 Antea,
2209 5252 2390 5304 dicito.
2427 5249 2599 5304 Dicto.
2636 5249 2810 5305 Vatic.

1915 5320 1927 5357 ί
1976 5320 2134 5375 Vers.
2188 5324 2314 5374 Ant.
2372 5321 2720 5391 Disrupit....
2774 5337 2990 5392 regnum
3040 5321 3103 5375 ab
3149 5320 3441 5380 Israel.....

1835 5394 2073 5465 proximo
2104 5403 2192 5448 tuo
2222 5395 2356 5448 bono
2381 5406 2540 5464 super
2567 5404 2633 5465 te.

1914 5466 1926 5515 i
1977 5463 2033 5518 In
2083 5465 2176 5520 lib.
2210 5467 2260 5520 1.
2319 5463 2504 5532 pt‘nS.
2550 5463 2748 5517 Athan.
2803 5463 2938 5520 dicit
2973 5464 3099 5532 t'idi,
3151 5463 3294 5534 quod
3352 5466 3441 5520 hic

1839 5538 2002 5592 etiam
2037 5537 2414 5602 reponendum
2447 5538 2660 5591 censuit
2688 5534 2958 5590 Latinius.

1913 5608 1937 5646 ¹ι
1980 5607 2284 5662 l’auliuluni
2317 5607 2498 5661 differt
2557 5607 2660 5662 hoc
2719 5608 3089 5663 testimonium
3162 5606 3217 5660 in
3251 5607 3440 5662 Salial.

1843 5680 1930 5735 ubi
1964 5696 2063 5750 pro
2092 5691 2242 5750 satan
2285 5679 2558 5734 Salomoni
2581 5720 2595 5742 ,
2627 5681 2784 5742 Ader,
2837 5678 3006 5740 Saba,
3049 5688 3250 5733 satana:
3278 5677 3438 5750 Salo-

1839 5749 1980 5805 moni
2003 5796 2016 5816 ,
2053 5749 2282 5819 legitur,
2319 5751 2662 5805 Adeersarios
2686 5750 2960 5806 Salomoni
2983 5793 2996 5813 ,
3046 5752 3200 5804 Adad
3220 5793 3232 5814 ,
3261 5749 3403 5805 Saba
3427 5792 3439 5812 ,

1840 5823 2128 5879 adversarii
2154 5822 2427 5879 Salomoni
2453 5842 2471 5891 ;
2507 5825 2558 5879 in
2587 5823 2785 5894 quibus
2816 5821 3036 5877 Lucifer
3059 5822 3172 5879 fere
3194 5823 3438 5890 congrui‘

1845 5911 1964 5966 cum
1989 5896 2362 5966 Septuaginta.

1922 5964 1936 6004 ¹
2003 5964 2090 6024 Da
2103 5964 2475 6025 niaiic.Vatic.
2507 5968 2677 6026 ferme
2698 5984 2819 6026 tum
2844 5969 3193 6042 Septuaginta
3212 5965 3453 6040 Δαμασὺε
