4292 6378
655 372 760 429 799

1746 380 1894 441 LUCI
1909 384 2064 443 FER!
2106 384 2415 446 EPISCOPI
2455 390 2878 448 CALARITANI
3828 402 3919 459 800

650 491 783 545 sedit
803 492 858 583 in
885 508 968 559 ea,
998 502 1047 549 ct
1068 497 1304 567 regnavit
1326 496 1381 552 in
1401 495 1666 569 Demasic,
1694 510 1742 557 et
1764 512 1912 557 eram
1937 514 2134 559 satana:
2151 504 2252 561 Sa-
2280 508 2333 567 Α
2358 506 2543 561 mulier
2582 508 2863 577 fornicaria
2892 507 3057 579 (Ibid.
3092 508 3209 581 26).
3245 511 3310 567 Et
3348 511 3457 568 alio
3483 512 3636 585 loco(
3658 510 3793 570 Ibid.
3831 532 3915 582 xu,

651 576 845 641 lomoni
875 597 924 642 et
955 586 1125 644 Israel
1154 590 1393 645 omnibus
1432 590 1611 649 diebus
1642 593 1963 651 Salomonis.
1999 598 2261 657 Probavi-

655 692 775 735 mus
806 679 904 737 tibi
933 681 1100 739 etiam
1146 682 1502 742 Salomonem
1551 688 1759 759 aliquot
1787 693 1951 746 annis
1996 708 2259 764 regnasse

650 778 773 839 post
795 770 1177 834 idololatriam.
1202 783 1258 830 et
1287 777 1472 847 utique
1484 778 1596 847 jam
1626 794 1735 835 non
1766 780 1897 848 Deo,
1917 784 2013 839 sed
2038 785 2258 842 diabolo

651 862 926 919 serviente
953 872 1003 933 ι,
1036 866 1271 935 mundo,
1304 878 1359 923 et
1418 869 1703 927 diabolicis
1761 872 2072 932 hominibus
2104 888 2259 933 uota-

649 961 738 1010 tur
770 955 1041 1023 haesisse;
1086 962 1160 1015 ita
1198 970 1252 1017 et
1296 970 1351 1017 tu
1387 963 1604 1022 bmrens
1635 981 1696 1022 es
1725 972 2113 1042 consacrilegis
2145 973 2252 1028 luis

653 1047 895 1115 Arianis,
925 1051 1017 1122 qui
1040 1052 1170 1108 licet
1196 1053 1375 1112 adhuc
1398 1056 1451 1112 in
1474 1072 1703 1130 corpore
1733 1061 1830 1127 sis,
1858 1063 1985 1119 licet
2008 1065 2063 1120 in
2089 1081 2257 1135 regno

652 1140 727 1197 sis
755 1155 1006 1211 manens,
1056 1156 1237 1203 tamen
1269 1151 1392 1205 talis
1431 1165 1557 1208 esse
1586 1154 1851 1226 inveniris
1875 1160 2053 1227 qualis
2097 1161 2260 1216 fuerit

655 1236 937 1305 Salomon,
971 1250 1325 1314 posteaquam
1371 1244 1542 1301 Deum
1584 1247 1965 1321 dereliquerit,
2011 1262 2067 1309 et
2112 1256 2257 1311 idola

655 1330 822 1386 fuerit
848 1343 1092 1388 secutus.
1125 1333 1349 1391 Talibus
1380 1352 1481 1393 nos
1507 1339 1790 1396 adhaerere
1816 1343 2092 1407 volueras,
2124 1362 2259 1416 qua-

654 1419 798 1477 libus
841 1422 1099 1481 Salomon
1134 1425 1326 1484 fecerit
1355 1431 1635 1488 adhaerere
1684 1433 1981 1492 lsraelitas.
2018 1438 2121 1493 Ubi
2157 1439 2258 1495 fuit

654 1510 747 1568 ille
776 1529 932 1571 amor
964 1517 1081 1582 Dei,
1110 1522 1201 1589 qui
1233 1520 1402 1577 fuisse
1434 1535 1687 1580 narratur
1714 1542 1808 1597 per
1838 1540 2056 1585 sanctas
2084 1533 2259 1602 scrip-

653 1612 801 1661 turas
832 1608 974 1678 apud
1016 1608 1391 1681 Salomouem,
1427 1625 1671 1687 tempore
1711 1620 1817 1675 isto
1844 1638 1952 1692 quo
2004 1624 2144 1678 idola
2176 1626 2259 1679 di-

652 1709 848 1771 gnatus
878 1711 964 1758 est
1005 1706 1158 1776 sequi
1187 1748 1202 1773 ,
1233 1706 1617 1781 derelinquere
1657 1712 1871 1768 Deum?
1920 1715 2075 1771 Unde
2108 1716 2209 1773 hoc
2236 1718 2257 1770 ?

658 1793 759 1849 nisi
785 1795 909 1865 quia
932 1795 1106 1853 lactus
1132 1802 1354 1857 omnino
1383 1802 1550 1860 fuerit
1571 1807 1735 1861 homo
1762 1807 1973 1865 alienus
2001 1813 2069 1865 ab
2100 1812 2259 1867 intel-

652 1884 791 1941 lectu
824 1886 1034 1944 sobrio.
1067 1888 1205 1946 Nolo
1244 1893 1340 1948 tibi
1376 1894 1625 1963 plaudas,
1660 1900 1805 1969 quod
1850 1917 1974 1957 cum
2008 1904 2083 1958 sis
2112 1904 2258 1959 blas-

658 1976 908 2045 phemus,
962 1990 1019 2036 et
1045 1980 1358 2041 destructor
1400 1986 1497 2043 Dei
1530 1990 1834 2062 religionis,
1865 2002 2049 2051 tamen
2080 1997 2259 2053 adhuc

658 2068 861 2126 habeas
891 2087 1141 2143 regnum,
1196 2086 1251 2132 et
1279 2078 1358 2134 sis
1387 2082 1711 2149 superbiens
1757 2097 1880 2155 post
1908 2090 2254 2159 sacrilegium

651 2170 826 2231 tuum,
876 2180 998 2221 cum
1051 2176 1107 2223 et
1156 2167 1402 2227 Roboam
1444 2173 1617 2229 ﬁlium
1669 2176 1985 2235 Salomonis
2018 2181 2255 2237 idolola-

653 2256 809 2310 triain
852 2256 1144 2317 facientem
1175 2263 1377 2321 vixisse
1409 2266 1753 2323 inveniamus
1784 2271 1840 2326 in
1871 2288 2039 2343 regno
2067 2276 2256 2345 viginti

653 2350 981 2410 annis.Dicit
999 2355 1145 2411 enim
1162 2372 1317 2414 sacra
1335 2362 1610 2433 scriptura
1632 2365 1701 2421 de
1726 2380 1794 2421 eo
1809 2367 1900 2436 (111
1926 2368 2256 2444 ηιτ9.χι,45);

652 2439 719 2495 Et
749 2440 776 2480 δ
807 2459 902 2499 rea:
933 2445 1183 2503 Salomon
1216 2450 1459 2506 dormivit
1501 2472 1618 2509 eum
1647 2458 1881 2527 patribus
1909 2439 2017 2516 suis
2050 2463 2104 2515 in
2134 2439 2259 2517 civi-

652 2547 755 2590 tate
790 2535 992 2604 David;
1029 2552 1077 2595 et
1116 2545 1347 2614 regnavit
1375 2546 1520 2614 ﬁlius
1563 2553 1672 2619 ejus
1717 2550 1949 2605 Roboam
1986 2570 2082 2621 pro
2111 2571 2170 2609 eo
2204 2558 2257 2610 in

650 2626 961 2698 Jerusalem,
995 2643 1044 2687 et
1073 2645 1182 2690 erat
1208 2640 1465 2694 sexdecim
1496 2658 1754 2699 annorum
1780 2662 1897 2699 cum
1921 2659 2180 2714 regnaret,
2210 2662 2258 2704 et

650 2723 833 2797 viginti
849 2729 1001 2782 annis
1023 2732 1253 2802 regnavit
1282 2734 1333 2786 in
1356 2732 1669 2789 Jerusalem.
1700 2737 1770 2792 Et
1788 2738 1929 2794 infra
1950 2751 1970 2777 ε
1997 2758 2009 2793 :
2037 2740 2102 2794 Et
2131 2744 2252 2813 fecit

654 2819 939 2888 ntalignum
968 2832 1086 2875 ante
1115 2838 1443 2895 conspectum
1470 2827 1714 2897 Domini,
1742 2843 1789 2886 et
1816 2850 1919 2887 non
1942 2834 2066 2890 abiit
2094 2837 2146 2889 in
2176 2839 2259 2892 via

658 2910 826 2967 David
847 2918 1012 2983 patris
1027 2920 1125 2971 sui.
1160 2918 1224 2975 Ut
1248 2921 1412 2991 igitur
1434 2936 1541 2978 tam
1563 2925 1849 2994 Salomon,
1877 2944 1940 2983 ex
1961 2946 2071 3000 quo
2097 2931 2257 2986 idolis

652 3018 827 3064 semet
858 3010 1112 3081 dignatus
1140 3024 1224 3070 est
1255 3018 1592 3087 mancipare,
1628 3036 1789 3090 quam
1820 3022 1941 3091 ejus
1976 3024 2118 3078 ﬁlius
2146 3024 2257 3079 Ro-

655 3102 836 3168 boatn,
868 3107 960 3174 qui
988 3122 1207 3178 semper
1237 3109 1396 3165 idolis
1428 3111 1529 3167 fuit
1556 3116 1823 3184 serviens,
1856 3132 1981 3172 cum
2012 3135 2117 3173 non
2146 3135 2259 3174 am-

658 3195 965 3252 bulaverint
1011 3200 1066 3255 in
1119 3201 1288 3257 David
1341 3204 1650 3273 itineribus,
1700 3217 1879 3264 tamen
1929 3211 2173 3267 vixerint
2206 3215 2256 3268 in

2270 1885 2274 1887 Α
2290 1910 2337 1968 Β

2362 596 2464 668 20)
2498 616 2512 653 :
2548 599 2615 654 Et
2644 604 2840 671 [artum
2870 612 2945 656 est
2976 612 3030 656 ut
3060 604 3256 657 audivit
3288 607 3451 662 omnis
3481 604 3663 672 Israel,
3692 610 3919 679 quoniam

2362 708 2592 747 reversus
2622 705 2695 748 est
2724 693 3010 751 Hieroboas
3037 714 3100 752 ea:
3127 697 3380 770 ZEgypto.
3412 711 3460 755 et
3486 702 3747 769 miserunt,
3775 713 3817 756 et
3842 720 3923 757 ro-

2362 798 2606 841 caverunt
2632 804 2747 842 eum
2769 790 2821 843 in
2848 808 3132 864 synagoga,
3164 804 3210 846 et
3240 798 3661 864 regniﬁcaverunt
3693 807 3715 835 θ
3746 814 3853 852 eum
3876 800 3923 852 in

2364 878 2551 935 Israel.
2585 883 2651 938 Et
2702 883 2839 938 infra
2872 884 3044 955 (Ibid.
3077 887 3165 942 26.
3195 890 3212 956 )
3240 906 3252 941 :
3304 888 3369 942 Et
3395 892 3524 945 dixit
3566 889 3837 946 Hieroboas
3879 895 3927 946 in

2363 975 2520 1031 corde
2543 993 2677 1031 suo:
2713 976 2763 1030 Ν
2770 995 2868 1031 unc
2897 991 3175 1034 revertetur
3202 998 3413 1054 regnum
3444 982 3610 1038 David
3633 1028 3645 1049 ,
3686 986 3729 1039 si
3757 1001 3924 1039 ascen-

2364 1066 2498 1122 derit
2530 1069 2751 1138 populus
2780 1071 2862 1123 ltic
2907 1073 3223 1141 sacrificium
3251 1072 3435 1140 o/ferre
3460 1076 3513 1128 in
3557 1078 3700 1129 domo
3732 1074 3927 1130 Domini

2362 1162 2415 1216 in
2446 1162 2807 1227 Hierusalem;
2848 1176 2897 1219 et
2922 1176 3237 1221 convertetur
3263 1184 3349 1221 cor
3380 1169 3557 1238 populi
3584 1170 3649 1223 ad
3676 1170 3925 1223 dominum

2361 1270 2513 1307 suum
2545 1254 2778 1308 Roboam
2806 1273 2970 1326 regem
2998 1256 3031 1310 Ι
3040 1258 3161 1312 uda.
3185 1257 3500 1330 Tuncigitur
3516 1259 3787 1313 Hieroboas
3806 1260 3929 1326 cogi-

2364 1347 2509 1409 tavit,
2538 1356 2583 1399 et
2605 1347 2746 1400 abiit.
2779 1346 2845 1400 Et
2876 1351 2996 1420 fecit
3027 1352 3157 1404 duas
3188 1351 3373 1405 vitulas
3403 1368 3615 1405 aureas:
3639 1363 3683 1405 et
3712 1354 3839 1406 dixit
3867 1355 3930 1405 ad

2362 1440 2651 1509 populum:
2703 1442 2937 1512 Su/ﬁciat
2967 1444 3108 1497 vobis
3151 1446 3438 1498 ascendisse
3476 1446 3527 1497 in
3578 1443 3930 1499 Hierusalem:

2363 1526 2499 1583 Ecce
2534 1541 2651 1583 sunt
2698 1533 2769 1584 dii
2802 1537 2875 1585 tui
2922 1531 3093 1588 Israel
3136 1536 3224 1605 qui
3261 1537 3566 1590 reduxerunt
3610 1547 3653 1590 te
3698 1538 3760 1591 de
3803 1548 3929 1590 terra

2363 1620 2607 1692 Egypti.
2639 1623 2704 1677 Et
2733 1626 2903 1693 posuit
2934 1642 3095 1680 unam
3122 1629 3174 1681 in
3221 1627 3430 1695 Betltel,
3458 1640 3504 1683 et
3527 1647 3676 1683 unum
3704 1632 3839 1683 dedit
3882 1634 3928 1683 in

2364 1714 2481 1769 Dan
2504 1734 2522 1781 ;
2549 1726 2597 1771 et
2624 1717 2823 1787 factum
2850 1729 2925 1774 est
2972 1720 3068 1774 ltoc
3102 1720 3307 1775 verbum
3334 1725 3383 1775 in
3410 1732 3687 1792 peccatum,
3728 1733 3773 1774 et
3794 1734 3928 1776 ante-

2367 1810 2571 1865 cedebat
2589 1813 2809 1882 populus
2837 1823 2955 1868 ante
2981 1816 3163 1883 facient
3193 1817 3342 1868 unius
3365 1816 3536 1869 vitula:
3562 1832 3711 1886 usque
3723 1813 3834 1868 Dan
3853 1826 3929 1869 :et

2363 1902 2596 1971 fecerunt
2631 1904 2812 1959 domos
2840 1906 2893 1957 in
2919 1906 3200 1972 excelsum,
3227 1916 3272 1960 et
3296 1907 3413 1973 fecit
3436 1909 3717 1961 sacerdotes
3746 1915 3929 1972 partem

2363 1999 2591 2065 aliquant
2638 1999 2839 2069 pepuli,
2870 2002 2961 2068 qui
2988 2016 3087 2053 non
3118 2011 3263 2053 erant
3301 2016 3365 2055 e1:
3402 2002 3521 2071 [iliis
3550 2001 3685 2056 Levi.
3729 2000 3794 2056 Et
3820 2003 3931 2071 {erit

2364 2088 2655 2145 Hieroboas
2701 2092 2839 2145 diem
2868 2097 3059 2163 festum
3088 2094 3143 2147 in
3170 2110 3343 2149 mense
3371 2105 3544 2149 octavo
3568 2095 3619 2147 in
3655 2095 3825 2159 quinta
3850 2095 3930 2147 de-

2361 2185 2497 2239 cima
2527 2186 2716 2239 mensis
2746 2186 3028 2241 secundum
3058 2187 3196 2241 diem
3233 2188 3413 2256 festum
3448 2186 3617 2251 Iuda;
3644 2196 3692 2239 et
3717 2187 3930 2239 ascendit

2363 2279 2417 2332 in
2446 2282 2677 2333 sacrario
2706 2322 2719 2343 ,
2752 2281 2889 2346 quod
2920 2280 3038 2349 fecit
3068 2282 3121 2334 in
3158 2279 3367 2346 Betltcl,
3414 2290 3466 2333 ut
3502 2279 3801 2348 sacriﬁcaret
3825 2288 3931 2332 ante

2364 2373 2553 2426 vitulas
2597 2389 2726 2441 quas
2757 2374 2899 2444 fecit,
2953 2382 3000 2427 et
3043 2374 3304 2426 constituit
3349 2373 3401 2425 in
3432 2371 3607 2425 Bethel
3660 2372 3931 2425 sacerdotes

2364 2470 2681 2522 excelsorum
2726 2485 2853 2538 quos
2899 2468 3055 2537 fecit;
3083 2476 3131 2521 et
3157 2465 3383 2521 ascendit
3413 2466 3464 2519 in
3491 2466 3762 2521 sacrarium
3803 2464 3933 2533 quod

2364 2561 2484 2630 fecit
2512 2561 2566 2613 in
2595 2560 2773 2629 quinto
2819 2559 3020 2613 decimo
3068 2560 3152 2613 die
3181 2575 3349 2613 mense
3384 2568 3557 2613 octavo
3603 2559 3653 2611 in
3695 2559 3773 2611 die
3807 2558 3929 2621 [esto

2362 2669 2515 2724 quem
2551 2654 2701 2718 ﬁnxit
2723 2671 2753 2706 a
2778 2651 2931 2707 corde
2960 2668 3084 2717 suo;
3117 2664 3161 2706 et
3190 2652 3311 2721 fecit
3339 2652 3471 2706 diem
3490 2655 3669 2721 festum
3710 2650 3829 2719 ﬁliis
3853 2646 3931 2700 Is-

2363 2748 2490 2802 rael.
2527 2746 2545 2784 ί
2577 2746 2713 2801 Nolo
2746 2756 2770 2794 ε
2799 2760 2929 2815 ergo
2968 2745 3217 2814 glorieris
3240 2745 3384 2816 quod
3418 2760 3536 2799 cum
3576 2743 3927 2798 idololatriam

2363 2841 2441 2896 sis
2493 2854 2708 2911 gerens,
2761 2848 2941 2893 tamen
2971 2838 3123 2893 vivas
3176 2838 3323 2908 regni
3373 2836 3647 2909 possidens
3691 2835 3926 2905 gloriam,

2362 2932 2582 3003 quando
2602 2931 2789 2986 videas
2807 2930 2950 2985 hunc
2974 2931 3296 2986 llierobOam
3317 2929 3507 2984 vitulas
3526 2928 3711 2984 iecisse
3725 2942 3928 2989 aureas,

2363 3025 2620 3096 populum
2646 3023 3017 3078 Israelitarum
3037 3021 3369 3077 convertisse
3392 3020 3455 3077 ad
3488 3018 3852 3081 idololatriam,
3882 3028 3933 3070 et

2364 3131 2545 3175 tamen
2599 3135 2704 3173 non
2744 3120 2921 3174 solttm
2961 3134 3067 3173 non
3093 3119 3273 3172 statim
3315 3128 3373 3173 ut
3397 3118 3691 3188 deliquerat
3710 3113 3931 3170 exstinc-

2368 3224 2515 3279 tum,
2562 3212 2661 3268 sed
2705 3221 2761 3268 et
2797 3213 2890 3267 ditt
2937 3214 3118 3269 vivere
3161 3213 3500 3281 permissum.
3546 3210 3801 3281 Numquid
3834 3224 3928 3263 non

657 3304 855 3359 regno,
886 3301 940 3347 et
974 3294 1191 3362 utrique
1237 3306 1531 3367 regnantes
1558 3300 1625 3354 ad
1668 3306 1792 3356 vita:
1830 3304 2077 3359 ultimum
2110 3306 2255 3361 diem
2290 3306 2334 3368 (ἶ
2369 3316 2620 3376 pctuerat
2654 3306 2792 3360 Deus
2835 3305 3057 3361 eosdem
3087 3320 3241 3375 reges
3282 3304 3589 3359 idololatras
3637 3303 3930 3358 removere?

656 3386 1030 3455 pervenerint,
1060 3390 1337 3460 quomodo
1366 3402 1417 3448 te
1449 3394 1670 3450 miraris
1699 3396 1766 3450 ad
1798 3407 1983 3462 temet,
2014 3414 2113 3454 cur
2136 3410 2258 3469 post

650 3479 1006 3536 commissum
1030 3484 1301 3552 piaculum
1326 3488 1378 3541 in
1396 3500 1462 3541 eo
1494 3488 1702 3544 scelere
1724 3490 1929 3561 degens
1948 3508 2043 3547 rex
2063 3508 2260 3565 super-

654 3569 787 3635 bias,
831 3573 977 3643 quod
1012 3590 1188 3647 neque
1231 3578 1325 3633 tibi
1357 3594 1585 3650 regnum
1617 3597 1793 3652 neque
1841 3585 1946 3637 vita
1981 3587 2260 3642 auferatur

647 3678 677 3718 a
705 3663 854 3721 Deo?
882 3668 1101 3738 quando
1119 3671 1309 3728 videas
1333 3673 1500 3729 etiam
1530 3675 1858 3732 Hicroboam
1888 3678 2101 3735 Domini
2129 3683 2259 3737 reli-

647 3756 864 3825 gionem
917 3758 1161 3818 funditus
1207 3775 1430 3822 vertere
1458 3776 1517 3822 ut
1563 3777 1619 3824 tu
1668 3768 1837 3826 fuisse
1883 3782 2175 3841 conatum,
2206 3787 2259 3831 et

650 3858 830 3903 tamen
859 3854 1226 3921 supervixerit
1254 3859 1415 3912 annis
1454 3874 1615 3929 quam
1650 3862 1919 3929 plurimis,
1952 3876 2011 3920 et
2038 3868 2258 3935 quidem

652 3940 704 3996 in
736 3957 804 3998 eo
830 3945 1039 4002 scelere
1063 3964 1291 4004 manens
1318 3952 1459 4007 sicut
1482 3956 1747 4025 scriptum
1788 3966 1873 4011 est
1921 3978 1932 4011 :
2002 3958 2069 4013 Et
2096 3958 2121 3997 ἀ
2152 3973 2262 4014 erat

649 4034 802 4089 homo
827 4054 893 4092 ea:
919 4050 1086 4096 monte
1120 4041 1366 4114 Ephrtem
1388 4062 1564 4100 servus
1598 4048 1978 4116 Salomonis,et
2007 4070 2191 4107 nomen
2215 4054 2265 4107 ei

651 4140 757 4183 erat
779 4128 1123 4202 Hieroboain,
1153 4146 1200 4191 et
1232 4153 1413 4192 nomen
1438 4142 1616 4195 matris
1646 4145 1761 4208 eius
1819 4154 1927 4198 erat
1974 4143 2215 4200 Sariram
2244 4188 2256 4209 ,

727 4297 757 4370 ἦ
792 4289 1133 4370 servientem,
1198 4298 1354 4370 unde.
1387 4296 1619 4370 Pnncius
1650 4300 1789 4370 apud
1819 4300 2005 4356 Latin.
2040 4304 2134 4357 sed
2169 4305 2247 4358 ln-

651 4360 797 4415 cnlio
817 4364 1017 4442 clariur
1047 4366 1282 4431 videtur,
1314 4368 1358 4422 si
1384 4369 1455 4424 ita
1487 4360 1760 4442 corrigas;
1793 4373 2000 4427 diabolo
2026 4377 2257 4430 servien-

657 4442 777 4497 tem,
807 4436 1002 4489 mundo
1030 4446 1097 4499 et,
1131 4449 1236 4493 etc.

724 4501 750 4541 δ
794 4504 919 4583 Haec
965 4510 1416 4583 extrahnrdiuem
1452 4525 1727 4583 ponuntur
1766 4532 1795 4571 a
1839 4518 2154 4574 Sabatierio
2206 4520 2257 4573 in

2365 3398 2462 3453 sed
2490 3406 2775 3453 ostensum
2807 3407 2890 3452 est
2910 3411 3071 3467 quam
3100 3396 3217 3451 sitis
3245 3396 3435 3467 ingrati
3465 3397 3569 3450 Deo
3590 3410 3682 3450 vos
3708 3395 3794 3465 qui
3817 3409 3930 3449 cum

2366 3499 2578 3544 tantum
2612 3489 2956 3555 exaltemini,
3005 3499 3184 3543 tamen
3230 3490 3404 3559 ipsum
3439 3488 3527 3557 qui
3556 3503 3649 3542 vos
3698 3487 3929 3547 exaltat,

2368 3598 2474 3636 non
2519 3582 2695 3636 snlum
2718 3581 3117 3637 obliviscamini
3150 3578 3199 3649 ιι,
3225 3582 3317 3636 sed
3350 3592 3403 3637 et
3424 3581 3591 3635 adhuc
3620 3579 3859 3635 eumdem
3888 3582 3933 3633 in

2368 3676 2547 3729 servis
2592 3674 2709 3743 ejus
2765 3674 3196 3744 persequamini,
3251 3672 3559 3743 religionem
3601 3673 3714 3741 ejus
3754 3672 3936 3726 tollere

2368 3775 2649 3842 cupientes
2679 3785 2709 3824 e
2744 3769 2944 3823 medio.
2980 3767 3133 3835 Quod
3167 3767 3236 3821 ita
3268 3782 3389 3824 esse
3417 3781 3482 3822 ex
3513 3766 3663 3821 istius
3689 3766 3826 3835 regis
3853 3780 3937 3818 co-

2365 3879 2566 3933 gnosce
2594 3862 2736 3916 l'acto
2767 3862 3075 3925 Hicroboce,
3105 3862 3192 3931 qui
3221 3874 3339 3914 cum
3370 3859 3526 3914 fuerit
3555 3859 3689 3912 lilius
3715 3859 3936 3921 ancilla,

2366 3973 2488 4010 cum
2519 3970 2577 4009 se
2605 3954 3136 4008 tnemiuissctnrtum
3164 3952 3229 4007 de
3250 3953 3549 4017 meretrice,
3578 3965 3696 4005 cum
3722 3966 3935 4020 regnum

2367 4050 2643 4118 acceperit
2673 4049 2877 4103 domini
2907 4047 2989 4102 sui
3017 4046 3329 4101 Salomonis
3358 4047 3408 4099 in
3436 4045 3773 4114 opprobrium
3804 4044 3937 4111 ejus~

2365 4145 2491 4200 dem
2520 4141 2850 4205 SalutnOnis,
2900 4155 2996 4194 cur
3024 4139 3340 4209 delinquens
3372 4147 3395 4173 τι
3423 4137 3585 4192 Deum
3615 4135 3677 4189 ad
3703 4135 3836 4190 idola
3860 4151 3939 4189 se-

2442 4316 2462 4341 υ
2510 4303 2573 4357 Ι(1
2616 4314 2721 4370 est,
2752 4320 2968 4375 regnare
2999 4307 3224 4375 [fverant
3271 4304 3337 4375 inA
3370 4300 3568 4375 Israel,
3597 4315 3759 4370 regem
3794 4314 3937 4367 super

2368 4374 2537 4431 Israel
2566 4373 2968 4448 constituerunt.
3003 4374 3110 4448 :l‘il.
3140 4388 3193 4448 et
3223 4375 3272 4429 la
3301 4373 3492 4448 Ccrda.
3892 4440 3921 4448 __

2445 4449 2463 4485 ί
2509 4447 2672 4501 Addit
2707 4447 2892 4502 Sabat.
2929 4463 2959 4501 e
3002 4444 3253 4501 Lucifero
3301 4446 3565 4513 exseripta
3592 4484 3605 4505 ,
3634 4451 3679 4497 et
3721 4441 3939 4494 ascendit

2366 4523 2420 4576 in
2447 4521 2758 4579 sacrarium,
2788 4530 2846 4572 ut
2880 4518 3214 4585 sacri/icaret.
3240 4516 3342 4573 Sed
3376 4516 3486 4570 ha'c
3508 4516 3633 4569 infra
3659 4520 3940 4585 occurrunt

657 4572 807 4671 νθτῆ·
842 4580 967 4671 Am;
1010 4579 1075 4632 ad
1132 4580 1189 4671 ﬂ!
1239 4582 1369 4653 “(‘8-
1403 4572 1509 4671 ξεῖν.
1531 4603 1759 4653 (tuorum
1791 4572 2098 4671 pa'rsprior
2125 4572 2259 4645 cmi;
2290 4613 2343 4671 υ
2370 4572 2500 4663 pag.
2530 4593 2599 4646 58
2634 4572 2758 4660 (Imj'
2803 4572 2896 4645 (δτι.⁷
2925 4572 3202 4660 εοιίδυὸ),
3235 4572 3323 4643 ubi
3355 4587 3601 4642 nonnulla
3630 4584 3681 4637 in
3714 4582 3938 4651 liocipso

655 4650 790 4714 gruit
822 4650 1227 4731 qugdammodo
1258 4650 1379 4731 cuin
1412 4650 1637 4728 Vulgata
1660 4700 1672 4721 ,
1706 4671 1763 4713 ut
1794 4650 1845 4715 in
1884 4650 2130 4731 margine
2165 4680 2262 4715 nn.

658 4725 854 4793 tamus.
899 4720 1004 4793 Sed
1037 4722 1308 4793 integrum
1361 4724 1460 4782 lioc
1512 4720 1883 4785 testimonium
1925 4748 1951 4785 a
2006 4720 2264 4789 Lucifero

654 4786 876 4875 altumin
905 4792 1105 4863 legitur
1136 4786 1278 4875 afpud
1304 4796 1561 4869 Septuag.
1586 4800 1651 4855 Ill
1674 4804 1803 4873 Heg.
1828 4820 1923 4869 xu,
1962 4786 2084 4875 post
2106 4786 2145 4875 Vir
2169 4786 2261 4870 ill,

655 4861 1199 4944 quodcum—cieteris
1217 4910 1230 4932 ,
1254 4861 1811 4944 quecon‘s'equuntiir
1829 4878 1894 4929 ad
1913 4861 1979 4944 ’ἶ
1998 4878 2091 4931 ‘25.
2109 4861 2265 4932 abest

655 4946 685 4983 a
719 4931 877 5005 Vulg.
922 4948 976 4990 et
1005 4939 1076 4991 ab
1126 4931 1329 5009 aliquot
1361 4940 1514 5012 Sept.
1556 4931 1964 5014 exemplaribus
1990 4990 2002 5011 ,
2058 4950 2109 5002 in
2140 4949 2263 5002 aliis

655 5016 788 5088 vero
823 5014 1472 5088 notantur,ceurepetita,
1504 5020 1844 5087 transpou'ta,
1865 5023 2104 5088 confusa,
2132 5022 2266 5073 male

656 5074 992 5151 cohaerentia,
1020 5081 1193 5151 inquit
1221 5074 1470 5139 Nobilius
1490 5088 1593 5140 hoc
1625 5074 1675 5142 in
1712 5074 1852 5145 loco.
1888 5074 2111 5145 lis'vero
2135 5106 2265 5146 usus

659 5160 743 5233 est
770 5150 1357 5233 etiattt_Thetit_lorettts,
1380 5160 1917 5233 prstiterLucilerum,
1952 5164 2042 5230 qui
2073 5179 2263 5233 parum

658 5232 686 5269 τι
703 5218 894 5301 ϐτςξιρο
908 5223 1193 5301 dissentit;
1215 5227 1301 5301 ubi
1325 5218 1450 5301 pro:
1467 5230 1617 5301 iginti
1629 5235 1778 5287 annis
1791 5245 1875 5289 est
1892 5218 2094 5290 δώδεκᾶ
2118 5238 2261 5289 ἑτῶν.

734 5302 754 5327 ί·
802 5293 912 5373 Hoc
960 5293 1341 5376 testitttonittttr
1385 5293 1540 5356 abest
1590 5321 1618 5355 ει
1665 5305 1923 5374 Yalgala;
1973 5307 2267 5376 respondet

664 5369 843 5440 tamen
872 5366 921 5418 in
942 5366 1213 5434 aliquibus
1233 5369 1297 5423 ΙΙΙ
1328 5370 1459 5440 Reg.
1488 5390 1598 5438 xtv,
1621 5376 1713 5429 ἓξ.
1740 5366 1798 5431 εἴ
1827 5378 1867 5432 Il
1895 5366 2017 5432 Par.
2055 5366 2149 5439 in,
2176 5379 2264 5433 14.

657 5430 929 5516 integrum
960 5430 1091 5516 vero
1118 5482 1132 5504 ,
1168 5451 1228 5516 ut
1255 5430 1510 5506 diximus.
1542 5430 1599 5500 ct
1618 5459 1674 5501 ut
1705 5430 2221 5505 uotatSabatierius
2252 5491 2265 5516 ,

658 5505 853 5587 legitur
885 5511 935 5563 in
970 5510 1324 5587 Septuaginta
1353 5530 1471 5586 cap.
1507 5534 1603 5577 xu.
1641 5532 1927 5587 postvers.
1959 5521 2049 5574 24.

729 5577 754 5615 ά
797 5580 967 5661 _Extr_a
1008 5577 1256 5661 ordinem
1289 5577 1675 5661 a_S:ibatierio
1717 5596 1936 5661 punitur
1969 5593 2073 5647 hoc
2112 5598 2268 5648 testi-

666 5653 905 5733 monium
936 5655 988 5707 in
1020 5654 1640 5733 Vers.Ant.Rcspoudct
1669 5653 1889 5733 quidem
1921 5664 2078 5733 Vulg.
2116 5667 2186 5719 uti
2214 5669 2267 5721 in

662 5726 908 5795 margine
942 5738 1192 5790 notatur.
1227 5732 1323 5809 sed
1356 5726 1498 5809 apud
1538 5726 1697 5805 Sept:
1723 5738 1805 5791 bis
1840 5726 2070 5807 legitur,
2108 5737 2263 5809 Vulg.

661 5809 974 5877 consonans
1000 5814 1121 5869 cap.
1148 5818 1222 5877 xt,
1252 5802 1342 5859 26.
1374 5806 1471 5860 sed
1497 5802 1627 5877 cap.
1647 5825 1738 5863 xu.
1767 5802 1959 5864 Iisde'm
1982 5811 2183 5873 verbis,
2204 5802 2267 5865 ac

663 5864 716 5951 in
744 5867 1031 5951 Lucifero;
1053 5864 1335 5951 quodcum
1359 5892 1431 5951 su_
1464 5864 1629 5951 αἰιῖτὶ
1657 5881 1797 5935 inter
1818 5864 2049 5951 repetita
2070 5892 2120 5936 et
2144 5864 2269 5937 von;

664 5938 777 5993 lusa
804 5958 833 5995 ιι
867 5938 1085 5999 Nonum
1111 5946 1374 6005 reiicnur.
1397 5948 1581 6008 Sarira
1608 5967 1704 6022 pro
1731 5938 1966 6011 Sariram
1991 5953 2263 6020 legitSah.

2431 4673 2856 4735 xtuﬂmntanlur.
3227 4732 3237 4735 _
3415 4728 3461 4735 __
3505 4728 3515 4735 ,
3556 4729 3565 4735 ,
3653 4727 3662 4735 .
3802 4726 3813 4735 .

2370 4677 2522 4722 textu
2557 4677 2856 4715 mutantur.
3802 4726 3813 4735 .

2442 4744 2467 4781 8
2511 4733 2563 4788 Ν
2569 4735 2651 4785 olo
2679 4750 2799 4805 ergo
2829 4736 3063 4810 glorieris
3103 4732 3237 4810 quod
3248 4746 3378 4810 _cunt
3410 4727 3743 4810 itlololatriain
3771 4742 3839 4810 sis
3860 4741 3939 4805 ge-

2368 4823 2509 4869 rens,
2546 4816 2715 4858 tanten
2735 4799 2885 4859 "vivas
2915 4808 3057 4879 regni
3083 4799 3623 4879 pbssidens‘gloriam;
3651 4799 3937 4879 quandam"-

2371 4868 2505 4932 deas
2528 4880 2664 4930 hunc
2711 4876 2760 4929 Η
2769 4868 3026 4931 ἱενοὺοαῖη
3053 4868 3239 4929 vitulus
3279 4868 3454 4937 fecisse
3479 4887 3675 4934 aureas,
3705 4868 3933 4936 populum

2374 4949 2737 5003 Israclitaruin
2763 4961 3070 5001 convernsse
3090 4949 3156 4999 ad
3184 4945 3633 5019 idololatriain;_et
3661 4953 3933 5019 tamennon

2370 5023 2535 5076 solum
2568 5020 2821 5095 statinLnt
2845 5020 3129 5095 deliquerat
3152 5012 3587 5095 crstinctttm,_sed
3614 5024 3655 5095 et
3683 5012 3768 5063 diu
3787 5012 3936 5095 virere

2370 5094 2697 5165 permissum.
2724 5090 2802 5144 Tu
2833 5080 3055 5165 quid-sit
3085 5090 3373 5165 intelligis;
3406 5086 3546 5165 volui
3566 5090 3759 5165 autent,
3789 5089 3844 5165 tu
3864 5080 3933 5128 in.

2370 5150 2650 5220 cntionem
2688 5150 3063 5237 expenderes;
3093 5150 3368 5237 e~t_eu'im'
3389 5159 3582 5237 multus
3613 5156 3673 5234 ῥυ,
3693 5152 3772 5237 [tis
3798 5150 3933 5230 ιοςιι·

2373 5237 2630 5292 tionibus.
2664 5234 2794 5288 Nam
2822 5236 2960 5289 iul'ra
2988 5252 3001 5297 ;
3045 5250 3157 5289 cum
3183 5234 3353 5300 itaque
3390 5229 3535 5310 fuerit
3563 5229 3755 5310 ίξίαξηιμ
3797 5229 3933 5310 q'l’f‘

2371 5326 2470 5379 que
2491 5308 2639 5383 annis
2662 5295 3021 5383 idololatriant
3036 5321 3237 5383 gerens,
3267 5295 3319 5355 et
3342 5295 3540 5383 stili").
3558 5295 3607 5350 Ν
3611 5295 3684 5383 «ἐξ,
3686 5339 3703 5383 ιῖ
3717 5295 3928 5383 lilii“??-

2374 5366 2493 5432 itinc
2522 5379 2609 5431 tibi
2637 5378 2877 5453 gloriari,
2900 5366 3161 5453 qttotlvcur
3188 5378 3295 5453 lucc
3317 5374 3396 5452 sis.
3414 5370 3618 5453 faciens.
3643 5366 3833 5453 Tac-co,

2374 5397 2493 5432 mnc
2522 5397 2607 5431 ηυι
2673 5397 2877 5441 ιοΠηΓι,
2907 5397 3042 5447 quoa
3068 5397 3161 5429 cur
3188 5397 3295 5427 ttwc
3317 5397 3386 5425 ass
3414 5397 3618 5439 Iuncus.
3655 5397 3926 5445 lauanjfr

2372 5452 2586 5513 culavit,
2615 5397 2931 5519 feprtvdavit
2960 5490 2973 5508 ,
3002 5447 3335 5519 pepercilunt,
3360 5444 3627 5503 tittnibunl,
3649 5437 3789 5493 mille
3813 5438 3927 5495 alia,

2372 5522 2572 5594 quibus
2605 5516 2796 5594 plenus
2819 5532 2919 5594 est.
2952 5516 3237 5594 Laticum.
3360 5587 3371 5594 _
3695 5581 3703 5591 ι
3767 5581 3777 5589 _

2447 5591 2472 5629 ιι
2515 5593 2568 5648 ΙιΙ
2601 5604 2705 5655 est,
2740 5591 3102 5646 obliviscimini
3134 5590 3310 5661 ipsius,
3353 5587 3663 5661 iiitmemores
3690 5587 3837 5648 ipsius
3856 5593 3927 5656 (δέ

2374 5667 2466 5729 tis,
2498 5682 2557 5719 ac
2584 5666 2696 5729 eius
2724 5669 3124 5717 mandatorum:
3150 5656 3205 5716 et
3232 5667 3412 5731 postea
3435 5656 3571 5710 idem
3587 5664 3926 5723 persequamini

2374 5754 2472 5811 pro
2504 5738 2893 5811 persequintint'.
2928 5734 3052 5811 ’ξ’ἰΙ.Δ
3101 5805 3112 5811 _
3246 5801 3277 5811 ᾳ
3322 5801 3351 5811 __
3581 5798 3593 5809 _

2453 5810 2467 5847 ί
2504 5795 2903 5868 berelinquens.
2941 5805 3203 5861 Latinius.
3238 5801 3539 5865 Delinguens
3575 5798 3625 5853 in
3650 5795 3803 5851 Deum
3829 5806 3925 5847 mes

2374 5882 2502 5951 lius,
2534 5891 2592 5936 ut
2622 5880 2761 5936 infra
2788 5882 2844 5933 in
2874 5895 3043 5949 ipsum
3073 5872 3501 5944 delinquentibus.
