4292 6462
156 436 245 490 801

1102 433 1189 487 DE
1228 430 1523 488 REGIBUS
1562 425 2002 485 APOSTATICIS
2042 425 2247 483 LIBER
2286 426 2487 484 UNUS.

3332 440 3439 496 802

157 552 498 605 metverlerit
520 592 534 616 ,
560 566 708 617 cum,
742 549 983 619 inquam,
1010 547 1230 603 sciverit
1261 548 1361 602 sibi
1395 561 1617 615 regnum
1645 545 1743 599 da-
1775 547 1825 607 Α
1852 544 2174 599 meminerat
2203 553 2386 598 natum
2416 543 2484 598 de
2513 558 2709 614 genere
2738 546 2947 611 senili,
2976 549 3259 619 numquid,
3294 564 3443 623 post-

160 652 265 696 tutn
289 658 315 695 ιι
339 642 450 697 Deo
468 642 769 697 Hieroboas
796 651 1081 709 praplerea
1119 639 1262 709 quod
1285 640 1541 695 Salomon
1573 638 1745 692 domi-

163 750 261 790 nus
297 737 413 806 ejus
442 736 588 790 idnla
616 736 807 790 fuisset
835 744 1073 799 secutus,
1107 744 1282 788 tamen
1310 734 1423 787 haec
1441 732 1620 786 omnia
1646 732 1745 787 du-

161 842 285 884 cens
314 846 408 899 pro
441 829 613 884 nihilo
653 828 906 897 cogitavit
955 828 1093 882 idola
1130 827 1307 882 facere
1331 868 1346 893 ,
1380 836 1433 880 et
1461 827 1591 895 ipsis
1622 840 1743 879 cum

159 924 301 976 omni
347 922 568 992 pppulo,
600 923 689 991 qui
739 920 850 974 Deo
904 920 1220 982 serviebat,
1254 934 1373 973 esse
1408 920 1744 988 mancipatus

160 1032 315 1086 quam
334 1016 444 1071 Deo
474 1016 618 1077 vivo,
643 1015 731 1083 qui
767 1014 916 1066 illum
948 1032 1009 1068 ex
1037 1014 1279 1067 mulieris
1306 1014 1611 1065 meretricis
1636 1012 1746 1065 lilio

159 1109 358 1166 fecerat
385 1124 609 1178 regnum
636 1108 833 1161 habere
858 1108 1162 1163 Salomonis
1181 1106 1383 1159 dnmini
1416 1107 1520 1159 sui.
1548 1105 1622 1159 Ne
1647 1106 1747 1159 ita-

158 1205 493 1274 quemireris
510 1202 653 1272 quod
677 1202 833 1254 vobis
853 1204 1079 1272 ingratis
1113 1202 1163 1253 in
1192 1201 1362 1267 ipsum
1383 1200 1745 1271 delinquenti-

159 1299 259 1353 bus
275 1306 454 1365 parcat
474 1314 487 1349 :
507 1295 601 1350 sed
634 1295 760 1349 illud
783 1294 970 1348 hortnr
987 1294 1194 1353 videas,
1210 1294 1349 1360 quod
1377 1292 1680 1358 tardelicet,
1701 1292 1744 1345 si

158 1391 212 1444 in
234 1391 334 1446 hac
354 1400 441 1445 tua
464 1390 734 1445 manseris
762 1389 1022 1455 nequitia.
1056 1388 1131 1440 sis
1158 1395 1507 1455 percepturus
1536 1400 1598 1439 ea
1623 1400 1745 1455 qua:

157 1500 344 1539 omnes
375 1486 428 1539 in
456 1483 745 1552 sacrilegio
779 1492 1141 1551 perceperunt
1186 1478 1615 1547 prmdecessores
1645 1480 1741 1533 tui.

156 1577 449 1633 Hortamur
473 1587 531 1630 ut
561 1587 731 1631 temet
774 1578 937 1629 tantis
965 1591 991 1625 a
1029 1575 1183 1626 malis
1212 1573 1425 1641 eripere
1468 1571 1741 1637 digneris:

157 1678 212 1725 et
241 1679 266 1704 κ
295 1684 351 1721 cs
370 1668 577 1722 habens
599 1668 839 1735 insuper,
866 1682 971 1719 non
1004 1677 1054 1718 tu
1083 1667 1289 1734 primus
1316 1664 1463 1715 lacis.
1492 1662 1747 1716 Videmus

156 1762 319 1818 etiam
354 1762 515 1815 istum
546 1760 871 1813 Hiernbnam
902 1759 1381 1811 conminnitionem
1418 1756 1626 1809 Domini
1651 1755 1749 1809 du-

158 1857 303 1911 xisse
332 1871 427 1923 pro
450 1854 623 1907 nihilo
650 1854 738 1923 (Ill
766 1852 1104 1921 Iieg.x‘t,9.9):
1137 1851 1198 1902 Et
1227 1855 1417 1919 faction
1443 1851 1743 1918 est,inquit,

1850 654 2079 709 eaquam
2112 640 2332 708 impleta
2365 648 2492 694 sunt
2519 641 2702 711 omnia
2730 657 2851 712 qua:
2883 644 3213 712 promiserat
3256 646 3441 703 Domi-

1851 745 1973 794 nus,
2007 731 2117 796 illi,
2144 732 2239 801 qui
2266 732 2367 786 sibi
2397 740 2546 787 tanta
2595 734 2943 802 promiserat,
2990 744 3074 791 est
3101 736 3446 795 obsecunda-

1852 826 1977 877 tus?
2018 833 2209 879 etnon
2266 828 2449 880 statim
2502 834 2561 879 ut
2602 826 2901 883 exaltatum
2930 841 2990 884 se
3037 829 3196 895 vidit,
3253 841 3443 888 contra

1852 917 2026 983 ipsum
2076 918 2385 987 auspicatus
2419 919 2538 974 est?
2578 933 2684 973 non
2711 920 2894 975 statim
2940 922 3212 991 quomodo
3255 922 3447 980 fuisset

1853 1007 1995 1063 Dens
2019 1009 2314 1063 derelictus
2334 1010 2402 1063 ab
2430 1011 2683 1068 omnibus
2711 1011 3014 1069 cultoribus
3039 1015 3152 1069 suis
3175 1030 3340 1086 opera
3363 1026 3449 1072 est

1851 1100 1973 1155 data
2028 1116 2123 1169 per
2172 1101 2535 1157 Hieroboam?
2582 1102 2786 1157 Dicitur
2834 1104 2926 1160 tibi
2975 1119 3006 1158 a
3055 1106 3249 1173 nobis,
3292 1109 3443 1179 quod

1852 1192 1953 1246 nisi
1987 1203 2038 1246 te
2062 1194 2387 1259 correxeris,
2438 1194 2541 1248 nisi
2576 1194 2627 1247 in
2661 1195 2762 1249 viis
2791 1195 2903 1251 Deo
2930 1195 3146 1267 placitis
3186 1212 3307 1254 esse
3336 1215 3443 1256 ca:-

1854 1286 2019 1353 peris,
2051 1286 2126 1338 sis
2159 1301 2300 1339 novo
2332 1287 2611 1355 periturus
2637 1288 2923 1358 exemplo;
2961 1299 3018 1344 et
3045 1299 3100 1344 tu
3131 1289 3188 1346 in
3215 1300 3304 1346 tua
3332 1307 3449 1346 ma-

1852 1389 1988 1428 nens
2020 1390 2082 1429 es
2105 1375 2407 1446 iniquitate,
2442 1379 2495 1432 in
2534 1385 2629 1431 tuo
2658 1393 2719 1433 es
2744 1393 3108 1448 perseverans
3136 1383 3445 1455 sacrilegio.

1851 1464 1967 1520 Non
2001 1481 2198 1520 nmum
2246 1468 2513 1537 siquidem
2558 1469 2648 1523 isti
2680 1469 2973 1527 Hierobore
2999 1476 3143 1545 regi,
3174 1474 3275 1529 etd
3301 1476 3448 1532 Deus

1851 1574 1949 1629 per
1980 1560 2254 1616 hominem
2288 1578 2446 1617 suum
2479 1564 2569 1617 illa
2599 1580 2719 1633 qua:
2744 1565 2855 1635 jam
2885 1567 3030 1622 dicta
3057 1578 3186 1623 sunt
3214 1570 3447 1639 perferri

1851 1652 2064 1716 fecerit,
2112 1663 2166 1707 et
2194 1669 2315 1709 cum
2347 1654 2556 1726 ingenti
2584 1657 2860 1715 detinetur
2892 1659 3033 1716 filius
3057 1662 3174 1731 ejus
3216 1662 3449 1720 inlirmi-

1852 1754 1983 1811 tate,
2018 1746 2230 1801 miserit
2257 1748 2323 1801 ad
2350 1748 2444 1803 Dei
2474 1750 2859 1817 domesticum,
2889 1763 2944 1808 et
2972 1756 3206 1811 audierit
3234 1756 3445 1823 futura;

1852 1847 1907 1891 et
1935 1848 2113 1892 tamen
2155 1854 2278 1893 cum
2309 1855 2370 1894 ea
2414 1857 2535 1910 qua:
2564 1841 2664 1897 sibi
2704 1842 2924 1898 fuerant
2951 1846 3113 1901 etiam
3146 1848 3285 1902 mala
3316 1864 3446 1919 pro-

154 1950 209 2002 in
234 1960 458 2015 tempore
489 1949 580 2001 illo
607 1988 621 2011 ,
652 1958 695 2000 et
733 1946 1019 1998 IIiet'uboas
1054 1946 1175 1996 exiit
1208 1944 1269 1995 de
1306 1942 1633 1995 Hierusalem
1657 1982 1670 2005 ,
1705 1950 1749 1993 ei
1779 1937 1826 1995 B
1855 1931 2017 1985 missa
2042 1931 2249 1987 videret
2277 1932 2516 2001 impleri,
2552 1933 2644 1989 ille
2672 1937 2844 2007 magis
2867 1946 3030 2008 atque
3061 1942 3234 2011 magis
3260 1951 3452 2000 contra

155 2042 342 2093 invenit
374 2057 487 2093 eum
514 2040 702 2092 Acltias
725 2038 970 2091 Silouites
1001 2036 1269 2106 praplietes
1292 2037 1341 2087 in
1376 2037 1473 2097 ria,
1497 2046 1542 2087 et
1562 2033 1750 2088 Achias

155 2144 363 2203 apertus
392 2141 499 2185 erat
528 2132 825 2184 vestimento
848 2147 1007 2191 noro,
1040 2140 1088 2182 et
1118 2131 1266 2180 ambo
1293 2139 1438 2181 erant
1467 2130 1517 2179 in
1545 2144 1747 2194 campo.

155 2223 225 2277 Et
257 2225 594 2295 apprehendit
630 2226 819 2276 Acliias
841 2226 1193 2276 vestimentum
1227 2239 1375 2273 suum
1406 2239 1586 2274 norum
1616 2223 1752 2283 quod

153 2332 312 2386 super
342 2333 394 2368 se
421 2315 659 2379 habebat,
694 2326 739 2367 et
763 2316 961 2381 dirupit
994 2315 1127 2365 illud
1170 2315 1439 2365 duodecim
1481 2316 1749 2378 scissuris;

153 2421 203 2461 et
228 2409 358 2461 dixit
401 2408 470 2459 ad
501 2406 858 2460 Hieroboant:
905 2406 1091 2469 Accipe
1133 2405 1222 2455 tibi
1252 2404 1423 2455 decem
1468 2405 1751 2467 scissuras,

150 2502 396 2570 quoniam
422 2500 529 2553 lucc
552 2500 674 2551 dicit
700 2497 949 2549 Dominus
982 2496 1117 2549 Deus
1150 2494 1350 2547 Israel:
1378 2493 1510 2548 Ecce
1531 2512 1625 2567 ego
1648 2496 1754 2549 dis-

152 2608 342 2656 rumpo
365 2606 579 2661 regnum
602 2590 664 2643 de
686 2605 841 2641 manu
865 2588 1186 2648 Salomonis,
1227 2596 1273 2639 et
1301 2588 1431 2638 dabo
1464 2586 1553 2637 tibi
1581 2587 1752 2638 decem

149 2694 358 2751 sceptra
380 2698 399 2736 :
430 2693 474 2735 et
502 2683 603 2735 duo
622 2694 822 2750 sceptra
852 2691 997 2731 erunt
1022 2680 1097 2731 illi
1130 2688 1334 2747 propter
1362 2694 1562 2731 servum
1586 2695 1751 2731 meum

150 2774 350 2837 David,
382 2785 429 2829 et
461 2786 669 2843 propter
721 2772 1043 2825 Hierusalem
1072 2774 1327 2823 civitatem
1357 2788 1508 2838 quant
1530 2772 1657 2841 elegi
1691 2788 1753 2824 ea:

150 2866 391 2922 oninibus
416 2865 646 2919 tribubus
686 2862 873 2925 Israel,
907 2879 999 2932 pro
1028 2862 1213 2926 quibus
1241 2862 1508 2929 dereliquit
1542 2878 1619 2913 me
1652 2861 1753 2915 Sa-

149 2960 354 3021 lomon,
386 2968 432 3011 et
456 2959 575 3026 fecit
606 2958 807 3009 Astarte
836 2954 975 3007 idolo
1003 2953 1266 3005 immundo
1297 2953 1673 3021 Sgdoniorum,
1708 2962 1754 3004 et

148 3053 317 3109 Canta
340 3052 483 3105 idolo
508 3050 685 3112 Moab,
709 3058 757 3102 et
777 3050 883 3117 regi
904 3063 1101 3109 eorum,
1131 3046 1368 3117 religioni
1386 3046 1612 3112 ﬁliorum
1633 3044 1756 3096 Am-

151 3167 301 3214 mon,
334 3158 381 3201 et
412 3162 511 3200 non
540 3146 663 3199 abiit
696 3146 747 3196 in
780 3145 886 3196 vias
917 3158 1055 3195 meas
1084 3151 1134 3193 ut
1169 3144 1354 3207 faceret
1391 3141 1528 3208 quod
1559 3149 1753 3193 rectum

147 3254 229 3299 est
257 3258 436 3299 coram
482 3256 582 3303 me,
611 3239 742 3291 sicut
775 3238 893 3305 fecit
930 3234 1098 3287 David
1125 3247 1269 3303 pater
1291 3236 1399 3301 ejus
1425 3249 1440 3285 :
1469 3243 1517 3285 et
1541 3250 1641 3285 non
1667 3250 1754 3285 ac-

1855 2023 2021 2077 Detnn
2072 2025 2285 2087 fecerit,
2343 2026 2438 2081 Dei
2482 2029 2720 2083 voluerit
2767 2030 2977 2087 destrui
3023 2033 3246 2090 domum
3281 2036 3448 2109 (Ibid.

1856 2133 1971 2179 xiv,
2008 2120 2081 2187 l).
2115 2119 2181 2172 Et
2213 2131 2235 2157 ε
2272 2120 2465 2187 homo,
2512 2122 2706 2192 inquit,
2757 2136 2870 2179 erat
2914 2127 3065 2181 exilis
3098 2139 3147 2182 et
3178 2146 3363 2186 nomen
3410 2136 3457 2186 et

1854 2212 2174 2279 Achiabetlt;
2204 2215 2285 2267 hic
2315 2225 2424 2269 erat
2447 2218 2715 2288 sexaginta
2735 2234 3016 2283 annorum,
3044 2231 3091 2274 et
3114 2222 3323 2276 verbum
3350 2223 3456 2277 Do-

1852 2306 1979 2357 mini
2018 2316 2125 2359 erat
2162 2324 2275 2360 cum
2316 2308 2430 2361 illo.
2462 2306 2531 2362 Et
2561 2306 2578 2345 ί
2606 2310 2739 2362 dixit
2787 2309 3101 2366 Hieroboam
3143 2314 3210 2367 ad
3238 2330 3453 2369 uxorem

1854 2413 2031 2460 suam;
2076 2398 2248 2467 Surge
2282 2408 2327 2451 et
2354 2401 2531 2468 accipe
2557 2402 2611 2453 in
2636 2418 2795 2455 manu
2818 2412 2908 2456 tua
2930 2404 3127 2458 homini
3156 2404 3253 2460 Dei
3294 2422 3455 2476 panes

1855 2500 1901 2542 et
1932 2490 2209 2559 collyrides
2238 2490 2360 2558 ﬁliis
2404 2495 2539 2563 ejus,
2586 2502 2634 2546 et
2663 2510 2786 2548 uvas
2816 2504 2863 2548 ct
2892 2512 2979 2549 ras
3011 2497 3200 2552 mellis.
3230 2497 3301 2551 Et
3341 2516 3457 2554 sur—

1856 2585 1987 2635 rexit
2019 2585 2224 2648 mulier,
2260 2594 2309 2636 et
2335 2585 2456 2652 fecit
2484 2587 2618 2639 sicut
2640 2587 2773 2640 dixit
2794 2593 2837 2640 ei
2868 2589 2948 2641 vir
2984 2593 3136 2661 ejus:
3166 2589 3235 2645 Et
3263 2592 3458 2646 Achiab

1854 2673 2006 2726 homo
2036 2684 2060 2720 ε
2092 2691 2247 2728 senex
2282 2684 2389 2729 erat
2416 2678 2567 2729 valde
2592 2686 2638 2731 et
2661 2680 2800 2731 oculi
2825 2682 2940 2751 ejus
2981 2682 3403 2751 caliginabantur
3430 2682 3457 2721 ιι

1858 2766 2045 2819 videre.
2072 2765 2140 2818 Et
2164 2769 2388 2820 surrexit
2410 2770 2593 2822 mulier
2609 2786 2672 2823 ex
2693 2768 2854 2825 Bariu
2882 2774 2895 2807 ¹
2923 2783 2972 2827 et
2996 2774 3145 2827 abiit.
3169 2774 3237 2828 Et
3259 2779 3460 2845 factum

1862 2868 1874 2904 ι
1917 2868 1990 2910 est
2008 2876 2126 2910 cum
2154 2862 2396 2914 intrasset
2418 2862 2536 2929 ipsa
2553 2864 2606 2915 in
2629 2863 2691 2915 cii
2706 2864 2831 2917 itate
2848 2867 2915 2917 ad
2934 2865 3130 2919 Acbiab
3150 2867 3455 2937 Selonitem,

1858 2957 1904 3001 et
1932 2950 2064 3002 dixit
2091 2949 2287 3004 Achiub
2318 2968 2481 3020 puero
2521 2970 2654 3008 suo:
2692 2954 2795 3009 Exi
2827 2973 2963 3011 nunc
2983 2958 3039 3012 in
3069 2959 3269 3014 obviam
3296 2962 3459 3019 Anna:

1859 3043 2005 3093 uxori
2031 3040 2370 3107 Hieroboam,
2396 3055 2443 3097 et
2466 3046 2604 3098 dices
2635 3048 2680 3099 ei
2697 3063 2715 3099 :
2738 3045 2889 3101 Intra
2921 3058 2969 3102 et
2995 3035 3106 3104 noli
3134 3060 3270 3107 stare
3291 3093 3306 3119 ,
3332 3054 3461 3121 gua-

1859 3134 1997 3185 niam
2020 3134 2127 3187 lucc
2166 3135 2291 3187 dicit
2321 3134 2609 3190 Dominus:
2641 3137 2792 3192 Dura
2819 3156 2913 3211 ego
2939 3141 3088 3196 mitto
3111 3142 3164 3195 in
3188 3152 3236 3197 te
3255 3159 3274 3197 :
3304 3154 3352 3197 et
3380 3144 3456 3198 ius

1860 3227 2009 3277 travit
2033 3227 2182 3278 Anna
2203 3228 2271 3279 ad
2302 3230 2561 3283 hominem
2592 3229 2718 3297 Dei;
2744 3243 2791 3286 et
2821 3234 2951 3287 dixit
2999 3238 3049 3289 ei
3090 3236 3286 3291 Achiab
3315 3256 3336 3292 :
3388 3238 3449 3294 Ul

148 3337 353 3406 cipiam
378 3349 589 3405 regnum
612 3342 771 3385 totum
795 3329 859 3382 de
888 3345 1043 3382 manu
1072 3331 1182 3398 ejus
1208 3328 1256 3379 in
1297 3327 1371 3377 άίι
1384 3326 1475 3378 bus
1500 3328 1614 3377 vitw
1642 3329 1753 3396 ejus
1781 3309 1819 3371 C
1860 3320 1985 3386 quid
2013 3321 2034 3356 κ
2060 3322 2185 3373 milii
2217 3325 2435 3376 attulisti
2465 3340 2621 3393 panes
2656 3336 2703 3379 et
2730 3342 2878 3380 uvam
2904 3337 2952 3381 et
2983 3329 3259 3399 collyrides
3283 3341 3330 3385 et
3362 3348 3445 3388 vas

147 3442 365 3500 prapter
388 3423 558 3477 David
579 3438 779 3477 servum
801 3437 990 3482 meum,
1019 3436 1163 3486 quem
1192 3419 1342 3485 elegi,
1368 3419 1608 3486 quoniam
1634 3434 1753 3469 con-

159 3532 248 3575 tra
294 3520 484 3589 faciam
512 3519 592 3570 illi
619 3533 707 3587 per
740 3532 912 3568 omnes
958 3514 1065 3565 dies
1098 3515 1211 3565 vita:
1240 3515 1387 3579 ejus:
1418 3522 1463 3564 et
1503 3512 1752 3578 accipiunt

144 3628 375 3684 regnum
399 3611 462 3663 de
494 3625 649 3661 manu
678 3607 771 3672 ﬁlii
798 3608 931 3673 ejus,
962 3615 1007 3657 et
1038 3604 1167 3655 dabo
1204 3604 1292 3655 tibi
1316 3614 1516 3673 sceptra
1544 3606 1751 3665 decem;

144 3706 268 3773 ﬁlio
300 3714 473 3757 utilem
500 3704 611 3771 ejus
640 3698 770 3751 dabo
816 3697 920 3750 duo
953 3708 1176 3761 sceptra,
1203 3706 1256 3747 ut
1287 3696 1352 3748 sit
1383 3696 1570 3763 positio
1610 3710 1753 3748 servo

141 3812 271 3851 meo
303 3794 469 3848 David
514 3790 750 3845 omnibus
778 3790 956 3841 diebus
998 3803 1170 3839 coram
1222 3803 1300 3837 me
1329 3787 1379 3837 in
1428 3784 1752 3837 Hierusalem

139 3890 361 3942 civitate
386 3902 535 3953 quam
576 3883 705 3953 elegi
738 3881 892 3941 mihi,
939 3889 991 3931 ut
1026 3885 1265 3944 ponerem
1298 3876 1323 3913 ι)
1357 3892 1537 3928 nomen
1583 3893 1750 3929 meum

139 3979 220 4033 ibi
256 3995 276 4033 :
326 3987 371 4030 et
402 3974 651 4044 accipiam
681 3982 727 4024 te
766 3979 813 4022 et
858 3969 1091 4038 regnabis
1119 3969 1170 4020 in
1212 3966 1393 4035 quibus
1437 3967 1753 4033 concupiscit

138 4070 332 4127 anima
358 4079 468 4131 tua,
494 4075 539 4119 et
570 4074 625 4116 tu
654 4063 751 4116 eris
771 4078 863 4115 rex
885 4062 938 4113 in
970 4058 1155 4114 Israel.
1180 4058 1248 4111 Et
1271 4060 1365 4111 erit
1394 4061 1434 4111 si
1455 4060 1756 4113 custodieris

138 4161 331 4218 omnia
354 4171 685 4228 quaecumque
716 4168 1004 4223 prazcepero
1030 4151 1139 4215 tibi,
1173 4162 1215 4202 et
1245 4152 1362 4203 ieris
1385 4152 1436 4203 in
1460 4152 1565 4204 vias
1592 4168 1755 4217 meas,

143 4266 201 4311 et
234 4254 420 4324 feceris
457 4250 593 4320 quod
633 4260 828 4302 rectum
858 4257 931 4301 est
965 4248 1017 4299 in
1048 4255 1321 4313 conspectu
1353 4261 1493 4310 meo,
1519 4255 1565 4296 et
1587 4254 1759 4298 custo-

137 4348 319 4403 dieris
343 4354 601 4417 pra’cepta
632 4360 741 4397 mea
770 4354 815 4395 et
846 4340 1090 4394 mandata
1116 4357 1245 4399 mea,
1280 4342 1411 4393 sicut
1440 4340 1560 4407 fecit
1593 4337 1759 4391 David

136 4459 333 4499 servus
364 4455 541 4494 utens:
564 4454 650 4492 ero
683 4450 703 4475 ο
733 4448 918 4496 tecum,
952 4446 996 4488 et
1031 4434 1299 4499 cedi/icabo
1333 4434 1424 4487 tibi
1454 4435 1663 4485 domum
1690 4434 1757 4500 ﬁ-

136 4538 346 4599 delem.
377 4530 782 4599 sicutwdiﬁcavi
811 4528 997 4582 David.
1027 4527 1162 4581 Cum
1186 4527 1420 4581 audierit
1446 4526 1562 4581 inec
1590 4543 1619 4581 a
1645 4528 1759 4583 Deo

144 4632 326 4684 homo
356 4635 511 4682 ortus
558 4624 648 4695 qui
696 4621 861 4677 fuerit
891 4636 959 4674 ex
1010 4619 1333 4683 meretrice,
1387 4617 1551 4673 homo
1580 4620 1672 4688 qui
1700 4636 1760 4676 se

1862 3416 2066 3468 mellis?
2095 3414 2225 3469 Ηατ
2246 3418 2367 3470 dicit
2397 3415 2689 3473 Dominus:
2720 3416 2855 3474 Ecce
2880 3429 2935 3474 tu
2963 3421 3062 3475 ibis
3080 3439 3112 3476 a
3134 3438 3237 3490 me,
3279 3435 3328 3479 et
3347 3441 3460 3481 ecce

1863 3523 1981 3559 cum
2016 3508 2290 3563 iutrareris
2333 3520 2535 3576 portam
2564 3512 2783 3566 civitatis
2813 3513 2997 3577 Arira,
3033 3513 3047 3551 ¹
3081 3524 3130 3569 et
3157 3516 3463 3587 puellwtute

1865 3602 2035 3653 exieut
2080 3603 2134 3654 in
2186 3602 2415 3669 obviam,
2458 3616 2504 3657 et
2548 3604 2717 3659 dicent
2748 3606 2872 3659 tibi:
2922 3606 3058 3662 Puer
3100 3621 3333 3665 mortuus
3363 3622 3461 3668 est.

1869 3694 2125 3758 Quoniam
2158 3695 2267 3749 lucc
2291 3696 2413 3749 dicit
2445 3694 2701 3750 Dominus
2717 3712 2736 3750 .'
2758 3696 2891 3751 Ecce
2912 3716 3002 3769 ego
3029 3700 3276 3769 disperdo
3302 3704 3461 3770 huius

1865 3782 2180 3838 IIieroboam
2228 3788 2533 3856 mingentem
2570 3789 2639 3841 ad
2676 3790 2962 3858 parietem:
3000 3802 3049 3846 et
3078 3804 3230 3847 erunt
3269 3796 3461 3849 mortui

1860 3877 1975 3945 ejus
2010 3875 2321 3931 Hieroboam
2348 3881 2401 3932 in
2433 3881 2711 3945 civitatem,
2743 3891 2789 3935 et
2817 3883 3078 3937 comedent
3106 3901 3190 3938 eos
3217 3903 3390 3955 canes,
3414 3898 3463 3944 et

1863 3970 2053 4021 mortui
2082 3982 2233 4023 erunt
2261 3972 2308 4024 ei
2339 3972 2393 4025 in
2421 3988 2569 4042 agro,
2603 3982 2650 4026 et
2677 3977 2939 4029 comedent
2964 3992 3052 4031 eos
3073 3978 3299 4034 volucres
3325 3980 3461 4035 cmli.

1862 4059 1979 4115 Non
2009 4070 2110 4126 est,
2148 4062 2391 4132 inquam,
2427 4079 2649 4131 novum,
2681 4064 2727 4119 si
2761 4078 2814 4120 tu
2841 4066 2895 4121 in
2927 4065 3029 4123 hac
3061 4070 3363 4137 pertinacia
3385 4071 3463 4128 sis

1866 4164 2137 4223 perstans,
2172 4172 2294 4211 cum
2323 4172 2620 4227 cognoscas
2644 4158 2802 4214 istum
2824 4158 3150 4216 Hieroboam
3176 4161 3258 4218 his
3284 4163 3462 4218 omni-

1868 4250 1969 4304 bus
1994 4266 2100 4304 nnn
2139 4251 2463 4306 deterritum
2494 4254 2694 4308 rebus:
2736 4254 2919 4309 statim
2963 4256 3165 4311 etenim
3192 4265 3253 4311 ut
3288 4256 3465 4313 fuerat

1867 4345 2069 4400 dictum
2103 4346 2172 4399 ab
2204 4347 2427 4403 homine
2464 4348 2577 4411 Dei,
2619 4356 2679 4402 ut
2716 4349 2959 4418 ingressa
2998 4362 3081 4404 est
3112 4352 3309 4408 mulier
3332 4353 3469 4408 civi-

1869 4449 2051 4505 tatem,
2080 4440 2225 4497 ﬁlius
2251 4457 2439 4497 eorum
2465 4454 2711 4497 mortuus
2740 4452 2855 4509 est;
2882 4453 2936 4498 et
2960 4452 3141 4500 tamen
3180 4460 3286 4500 non
3333 4462 3467 4501 con-

1864 4534 2045 4603 spexit
2078 4535 2377 4591 lliernboas
2407 4535 2535 4607 quid
2576 4536 2824 4602 eiDeus,
2856 4548 3143 4607 propterea
3169 4539 3314 4609 quod
3336 4555 3462 4597 eum

1868 4626 2289 4696 dereliquisset,
2344 4636 2400 4683 et
2444 4627 2702 4698 populum
2750 4642 2937 4685 secum
2982 4629 3162 4698 perire
3203 4629 3462 4699 fecisset,

228 4841 257 4867 ιι
304 4828 485 4883 Locus
512 4823 784 4879 obscurus
805 4868 818 4885 ,
865 4834 1023 4891 quem
1055 4819 1133 4891 sic
1181 4815 1544 4891 interpretor:
1576 4814 1774 4869 IIorta-
1801 4805 1854 4867 D
2031 4802 2193 4891 habet
2222 4821 2286 4886 ex
2312 4805 2419 4860 ilon
2445 4794 2738 4891 corrupte;
2771 4806 2914 4888 quod
2937 4823 3068 4891 cum
3098 4810 3272 4868 Tilius
3297 4814 3462 4891 etiam

136 4917 275 4957 mur
303 4941 319 4961 ,
352 4910 406 4951 ut
432 4914 459 4950 e
486 4896 641 4950 tantis
669 4905 714 4947 te.
744 4889 931 4967 eripias
952 4889 1109 4967 malis
1133 4931 1147 4952 ,
1182 4889 1611 4967 prwsertimncum
1651 4891 1757 4967 pri-

142 4988 275 5026 mus
308 4957 417 5021 non
442 4968 534 5025 sis.
564 4967 649 5033 qui
694 4957 831 5018 lurc'
856 4964 1053 5017 scelera
1085 4969 1365 5028 perpetres,
1398 4957 1502 5033 sed.
1531 4960 1763 5033 exempla

137 5045 245 5099 tibi
280 5041 385 5093 sint
418 5028 701 5106 proposita,
727 5053 756 5087 a
785 5037 969 5110 quibus
994 5034 1212 5110 maxime
1238 5045 1451 5083 caveas:
1483 5028 1636 5082 habes
1666 5028 1761 5083 hoc

136 5122 432 5185 praeterea.
460 5108 597 5185 quod
625 5108 823 5185 primus
854 5108 951 5159 ista
976 5121 1076 5157 non
1107 5108 1291 5174 facias.

226 5184 254 5222 δ
316 5178 511 5235 Ponant
538 5178 664 5247 legit
683 5180 867 5232 Sabat.

226 5266 250 5293 ε
310 5252 370 5305 Et
399 5268 484 5305 ero
505 5246 695 5307 tecum.
729 5249 898 5303 \‘atic.
928 5246 1000 5299 uti
1032 5246 1083 5299 in
1115 5246 1325 5300 Gra'co.

224 5323 251 5361 τι
307 5322 465 5375 Forte
496 5320 916 5395 subjiciendum,
949 5318 1084 5395 quod
1108 5328 1151 5395 et
1182 5314 1474 5395 Detts..t_?lc.

227 5407 252 5433 ο
298 5393 546 5447 Cnntnlit
572 5384 700 5445 Sab.
734 5391 835 5447 hoc
869 5384 1238 5467 testiinonium
1270 5386 1320 5437 in
1348 5384 1500 5438 Vers.
1538 5386 1665 5465 Ant.
1691 5401 1755 5467 ex

136 5463 362 5527 Lucif.,
396 5475 448 5515 ut
480 5465 645 5516 etiam
690 5464 790 5518 hoc
829 5465 880 5515 in
909 5461 1084 5528 capite
1119 5460 1351 5528 pnsitmn
1403 5460 1673 5525 reperitur
1704 5460 1757 5511 in

146 5526 427 5601 ilexaplis
460 5546 514 5587 et
557 5536 608 5587 in
638 5534 773 5589 Cod.
812 5534 941 5600 Reg.
978 5526 1117 5600 apud
1155 5526 1637 5609 bioiitfzinc'oniunl.
1661 5529 1759 5581 ali-

140 5597 426 5679 quantum
468 5619 598 5658 vero
644 5597 1190 5680 immutatumpruil
1219 5602 1369 5667 Sept.
1405 5597 1754 5680 -Edi_t._Rotn.

144 5670 433 5739 iii-crtum
466 5687 547 5730 est
597 5691 735 5743 pene
770 5676 835 5729 ad
871 5678 1092 5727 verbum
1121 5689 1240 5749 cap.
1278 5686 1369 5724 xu.
1405 5670 1648 5749 Latininus
1683 5672 1753 5723 ita

143 5755 379 5820 corrigit
415 5740 654 5820 Luciferi
679 5747 995 5820 ilic-tinuetn,
1055 5755 1101 5796 et
1134 5746 1283 5796 homo
1314 5752 1420 5793 erat
1476 5742 1525 5791 in
1558 5740 1765 5820 Silo_et

145 5811 349 5879 nomen
394 5820 439 5872 ei
470 5816 684 5872 Achiab.
717 5826 762 5869 et
791 5815 875 5869 hic
916 5825 1025 5889 erat
1054 5820 1317 5889 sexaginta
1366 5828 1637 5889 armorum.
1674 5811 1764 5889 _lt:t

151 5898 335 5951 ierint:
366 5892 641 5960 Sepl._zai
663 5886 929 5960 ἅνθρωπος
960 5886 1016 5945 ἦν
1046 5890 1093 5940 ἐν
1119 5888 1313 5955 Σηλώμ,
1348 5888 1427 5960 reti
1450 5884 1605 5960 ὄνομα
1627 5884 1765 5936 αὐτὼ

143 5968 347 6039 Ἀγιά,
376 5955 463 6021 καὶ
493 5956 650 6021 οὗτος
680 5956 735 6017 ἦν
756 5955 873 6019 ὐἱὸς
910 5959 1150 6023 ἐξήκοντα
1189 5960 1330 6014 ἐτῶν.
1376 5955 1559 6011 Codex
1582 5964 1767 6010 noster

1877 4874 2199 4952 adrertisset
2230 4876 2282 4952 in
2312 4893 2409 4931 suo
2432 4877 2638 4941 codice,
2663 4879 3044 4952 corrigendum
3065 4894 3210 4937 recte
3227 4888 3462 4952 censuit,

1872 4957 2059 5024 evntex
2084 4947 2222 5024 Silo.
2258 4947 2314 5024 In
2356 4957 2504 5003 textu
2530 4957 2734 5024 tantem
2751 4947 3096 5024 baciferiano
3124 4955 3421 5011 retinemus
3448 4947 3462 5024 ξ

1871 5018 2040 5077 exilis,
2066 5019 2209 5085 quod
2240 5022 2401 5073 etiam
2429 5016 2675 5086 praestitit
2704 5018 2890 5076 Sabat.

1947 5086 1963 5123 ί
2008 5088 2134 5143 H;i:c
2160 5091 2437 5163 usquead
2470 5092 2741 5163 eayerba,
2779 5102 2835 5163 et
2854 5094 3068 5161 Acbiab,
3114 5097 3311 5163 partim
3338 5114 3463 5155 cum

1867 5157 2120 5229 St‘plltag.
2159 5160 2384 5231 llexapl.
2422 5162 2615 5231 partim
2652 5175 2777 5216 cum
2817 5157 3075 5235 Septuag’.
3108 5157 3266 5223 Rom.
3312 5170 3459 5225 Edit.

1868 5242 2223 5285 COIH‘CIIIIIIIL

1866 5312 1961 5426 hi
1999 5303 2159 5426 iSep‘t.
2195 5303 2247 5356 in
2287 5302 2514 5374 Hexapl.
2545 5303 2735 5360 eadem
2764 5304 2967 5363 habent
3002 5317 3112 5363 tum
3155 5310 3188 5378 ᾖν
3216 5348 3230 5363 .
3264 5310 3319 5377 l,
3352 5318 3463 5368 tum

1908 5390 1916 5422 Ι
2060 5414 2071 5425 .
2144 5414 2158 5427 .

1884 5387 1962 5525 ἶῗι
1999 5389 2059 5497 id
2090 5387 2197 5511 ἐι,
2227 5445 2452 5518 caligine
2472 5447 2742 5502 oculorum
2766 5448 3135 5519 impediebatur
3157 5469 3220 5507 ne
3248 5453 3461 5511 videret.

1866 5515 1968 5623 Tui.
2006 5585 2213 5641 Sarira.
2247 5588 2510 5652 Latinius,
2550 5589 2624 5642 uti
2648 5588 2906 5659 Septuag.
2941 5592 3097 5647 Rom.
3140 5593 3279 5648 Edit.

1939 5658 1950 5706 ι
1996 5659 2133 5736 Quia:
2180 5660 2265 5713 hic
2311 5672 2716 5736 t_~0nseqnuntnr
2747 5658 2878 5736 cum,
2918 5663 3073 5717 Rmn.
3108 5664 3259 5736 Sept.
3310 5665 3454 5722 Edit.

1864 5730 2083 5784 Otttnitm
2109 5730 2433 5785 conveniunt
2466 5745 2587 5800 Cap.
2614 5748 2715 5797 xu,
2746 5732 2966 5789 inserta.

1936 5800 1959 5837 ιι
2005 5800 2073 5855 Ut
2099 5802 2233 5869 quod
2258 5801 2421 5857 habet
2446 5800 2632 5857 Sabat.
2659 5804 2747 5875 qui
2770 5804 2903 5860 infra
2927 5805 3150 5875 omittit,
3186 5806 3294 5864 Im
3321 5809 3447 5865 dicit

1874 5873 2140 5928 Dominus.

1944 5944 1956 5982 ¹
2004 5945 2210 6000 Sarira.
2242 5944 2412 6001 Latin.
2446 5961 2569 6002 cum
2606 5946 2757 6020 Sept.
