4636 6376
785 399 895 460 803

1871 379 2192 440 LUCIFERI
2234 372 2548 434 EPISCOPI
2583 369 3006 431 CALARITANI

4009 371 4116 430 804

783 518 973 572 luisset
1023 518 1537 583 repraesentaturus,
1592 517 1694 560 nec
1735 501 1913 556 timuit
1959 515 2027 555 ex
2077 506 2252 552 morte
2287 494 2382 549 lilii
2413 497 2463 557 Α
2491 491 2657 548 minis
2685 489 2892 561 prolata
2922 489 3062 557 Dei,
3093 500 3148 545 et
3181 489 3465 546 brachium
3504 490 3736 562 impium
3793 498 4117 562 porrectum

784 611 892 673 sui,
949 606 1090 676 quod
1123 613 1179 661 et
1207 612 1391 658 cetera
1426 600 1581 655 illum
1628 594 1836 668 possint
1869 590 2153 660 subsequi,
2203 586 2296 643 sed
2331 587 2384 641 in

782 717 879 756 sua
911 699 1091 754 senuit
1121 696 1357 752 versutia
1387 712 1397 746 :
1435 705 1604 761 usque
1629 688 1768 742 adeo
1794 684 1997 742 etenim
2028 683 2205 753 impos
2238 695 2389 735 men-

786 794 855 848 tis
889 793 1066 848 fuerat
1097 789 1273 844 factus
1309 784 1608 840 llieroboas
1632 798 1696 837 ex
1725 795 1830 850 quo
1862 785 2167 832 recesserat
2193 773 2262 826 ab
2284 787 2348 826 eo
2372 814 2386 837 ,

784 886 874 955 qui
923 897 1149 954 regnum
1196 878 1495 935 tradiderat
1528 876 1638 938 illi,
1693 884 1895 927 utcum
1945 867 2206 923 dixisset:
2244 864 2388 918 Vade

787 978 894 1031 "ad
912 976 1002 1029 Dei
1029 975 1366 1029 hominem,et
1381 971 1521 1024 disce
1544 986 1613 1022 an
1648 967 1932 1020 moriturus
1951 963 2013 1018 sit
2046 963 2189 1033 ﬁlius
2219 971 2387 1014 noster

786 1066 1230 1144 (lllReg.1tv,2,
1251 1065 1332 1135 ὅ.)
1354 1065 1420 1117 Et
1436 1061 1687 1117 didicerit
1706 1075 1801 1130 per
1814 1057 1910 1112 Dei
1929 1055 2229 1120 hominem,
2246 1051 2388 1121 quod

785 1143 894 1220 non
927 1162 1104 1217 solum
1141 1159 1285 1214 illius
1332 1171 1522 1212 eorum
1572 1161 1719 1208 esset
1766 1150 2087 1213 moriturus,
2113 1145 2207 1201 sed
2240 1155 2294 1198 et
2335 1143 2388 1197 in

783 1265 987 1311 cuncto
1039 1254 1159 1323 ejus
1211 1265 1379 1320 regno
1431 1246 1784 1301 imminerent
1829 1241 2105 1313 pericula;
2164 1237 2259 1292 illc
2312 1245 2389 1288 ta-

789 1365 938 1417 tnen,
970 1358 1028 1403 ut
1057 1345 1230 1402 semel
1260 1352 1548 1408 Statuerat,
1579 1339 1800 1394 diabolo
1825 1337 2032 1393 servire
2060 1333 2272 1388 maluit.
2309 1329 2390 1387 Ad

786 1443 1065 1499 hominem
1091 1441 1186 1496 Dei
1223 1435 1608 1494 sciscitandnm
1634 1432 1797 1487 mittit
1826 1431 1892 1486 de
1923 1428 2137 1494 futuris,
2168 1437 2222 1482 et
2243 1441 2389 1492 eum,

787 1537 856 1592 ad
887 1537 1044 1606 cujus
1072 1533 1347 1590 hominem
1381 1530 1570 1592 mittit,
1601 1525 1841 1595 despuit,
1877 1532 1932 1578 et
1955 1521 2080 1576 facit
2111 1521 2162 1575 in
2194 1527 2390 1575 contn-

786 1629 1003 1686 meliam
1033 1625 1336 1696 majestatis
1352 1623 1470 1691 ejus
1493 1618 1712 1682 vitulas,
1742 1626 1799 1672 et
1821 1616 1919 1670 has
1938 1614 2174 1670 adorare
2195 1627 2383 1668 secum

787 1723 918 1781 fecit
968 1721 1250 1793 populum.
1311 1717 1435 1772 ειη-ο
1487 1714 1620 1785 egit,
1666 1722 1720 1768 et
1753 1721 1934 1765 tamen
1987 1723 2094 1763 non
2134 1707 2282 1762 illico
2309 1715 2396 1762 est

789 1819 1114 1882 exstinctus,
1161 1812 1258 1868 sed
1292 1811 1385 1866 diu
1415 1811 1468 1864 in
1497 1824 1665 1878 regno
1707 1804 2006 1875 superfuit;
2039 1811 2094 1856 et
2123 1809 2177 1854 tu
2211 1799 2350 1855 dicis
2377 1817 2391 1854 :

2489 585 2558 641 ad
2590 586 2684 640 Dei
2727 584 2970 640 hominis
3013 599 3202 641 necem
3247 593 3474 655 repente
3501 584 3720 641 aridum
3757 585 3971 642 factum
4019 598 4118 654 pro

2491 688 2640 733 metu
2663 719 2677 744 ,
2723 677 2870 733 illico
2903 677 3070 733 etiam
3101 693 3197 748 per
3231 677 3324 734 Dei
3369 677 3597 735 cultoris
3630 695 3855 748 precem
3909 676 4116 732 factum

2491 771 2800 838 incolume,
2845 772 3113 844 numquid
3144 771 3512 830 idololatriam
3545 789 3707 844 quam
3752 772 3881 843 ipse
3909 770 4120 828 consti—

2493 874 2671 922 tuerat
2701 865 3030 937 dissipavit?
3075 865 3337 938 numquid
3370 867 3514 922 diem
3550 867 3748 922 festum
3793 880 3966 936 quem
4001 866 4122 934 ipse

2493 957 2732 1014 ﬁnxerat
2762 975 2826 1014 ex
2871 957 3040 1013 corde
3070 975 3172 1013 suo
3193 1002 3206 1024 ,
3258 958 3475 1015 tandem
3510 959 3657 1015 tollit
3679 974 3709 1016 c
3741 956 3971 1014 medio?
4016 956 4120 1010 mi-

2494 1049 2674 1114 nime;
2702 1049 2795 1105 sed
2827 1050 2878 1104 in
2917 1067 2979 1104 ea
3007 1049 3302 1122 pertinacia
3341 1053 3792 1123 prassnmptionis
3826 1067 3942 1106 sna'
3970 1050 4051 1104 im
4067 1066 4123 1104 e-

2495 1142 2644 1197 nitur
2676 1143 2872 1198 mortis
2901 1144 3220 1214 suscepisse
3248 1143 3415 1199 diem.
3443 1142 3561 1198 Non
3585 1159 3722 1215 ergo
3749 1142 3949 1198 mirari
3976 1152 4127 1211 pote-

2495 1235 2710 1300 rimus,
2761 1235 2804 1290 si
2847 1235 2995 1306 quod
3058 1237 3198 1293 Deus
3230 1246 3446 1292 avertat
3493 1253 3522 1292 a
3579 1247 3652 1302 te,
3701 1239 3754 1292 in
3783 1235 3992 1292 lnercsi
4033 1243 4124 1289 tua

2494 1327 2779 1382 censueris
2828 1328 3021 1384 mortis
3077 1330 3224 1385 diem
3279 1329 3567 1400 suscipere
3597 1370 3612 1392 .
3662 1326 4125 1401 quandoquidem

2495 1423 2658 1476 etiam
2691 1422 2868 1492 signis
2891 1438 2956 1478 ac
2989 1423 3254 1496 prodigiis
3283 1438 3391 1480 non
3426 1424 3713 1495 potuerint
3743 1424 3968 1494 priores
3997 1437 4133 1478 con-

2495 1514 2748 1584 sacrilegi
2782 1515 2856 1569 tui
2886 1515 3139 1572 revocari
3171 1516 3238 1570 ad
3269 1515 3446 1571 solum
3483 1515 3660 1572 Deum
3688 1514 4010 1572 colendum.
4045 1515 4134 1571 Di-

2495 1607 2570 1673 cit
2595 1606 2740 1660 enim
2773 1605 2840 1662 de
2871 1605 3204 1662 Hieroboam
3244 1617 3434 1664 sancta
3461 1608 3738 1677 scriptura
3791 1605 3963 1681 (Ibid.
3989 1607 4085 1676 '55)
4117 1625 4128 1658 :

2501 1697 2568 1752 Et
2589 1708 2703 1770 post
2732 1700 2828 1752 hoc
2853 1715 2956 1754 non
2989 1708 3066 1755 est
3091 1715 3331 1755 reversus
3359 1698 3657 1755 Hieroboas
3688 1718 3719 1754 a
3763 1700 3977 1754 malitia
4003 1715 4098 1754 sua
4117 1739 4130 1762 ,

2499 1792 2586 1844 sed
2609 1807 2841 1846 reversus
2866 1801 2890 1839 ε
2921 1801 3016 1856 est,
3042 1801 3091 1846 et
3110 1792 3230 1862 fecit
3253 1807 3319 1846 ex
3339 1801 3484 1861 parte
3505 1791 3693 1859 papuli
3716 1791 4018 1845 sacerdotes
4039 1807 4133 1844 ea;-

789 1910 851 1967 Si
881 1907 1418 1981 {uissensltmrelicus,
1450 1903 1494 1956 si
1517 1913 1571 1955 ut
1600 1901 1776 1953 dicunt
1806 1897 2036 1966 Lucifer,
2076 1895 2394 1948 Paucratius
2430 1892 2471 1951 Β
2500 1883 2620 1937 σείει

2301 1895 2394 1948 [ξω
2430 1892 2471 1951 Β
2500 1883 2776 1937 celsorum.
2811 1883 2913 1949 Qui
2939 1885 3075 1938 enim
3108 1883 3327 1949 uolebat,
3359 1881 3620 1938 allerabat
3651 1881 3680 1920 ¹¹
3708 1899 3926 1937 manum
3947 1899 4096 1938 suam
4118 1922 4132 1948 ,

789 2014 836 2058 et
874 2000 1118 2056 Hilarius
1137 1997 1186 2063 δ,
1225 1995 1320 2051 Dei
1348 1997 1712 2064 impugnarem
1743 1989 2070 2062 religionem,
2095 1990 2209 2060 jam
2241 1988 2292 2040 in
2324 2003 2403 2043 me

789 2097 972 2165 fuisset
1001 2089 1359 2148 vindicatum?
1383 2088 1587 2155 Accipe
1613 2085 1793 2139 adhuc
1823 2082 1954 2153 quid
1991 2081 2117 2135 huic
2147 2081 2398 2150 contige-

788 2189 860 2244 rit
885 2186 1214 2242 Ilieroboam
1251 2181 1388 2253 regi,
1417 2187 1473 2236 et
1505 2188 1685 2233 tamen
1715 2174 1995 2245 quomodo
2031 2188 2132 2228 nec
2157 2173 2237 2227 sic
2267 2186 2402 2227 eon-

789 2290 1036 2338 vertatur
1065 2278 1132 2333 ad
1185 2277 1378 2340 Deum,
1429 2272 1525 2328 sed
1571 2270 1743 2340 magis
1791 2270 1844 2322 in
1892 2282 1991 2322 suo
2035 2278 2403 2337 perseverans

791 2379 1041 2427 mortuus
1071 2368 1234 2424 fuerit
1275 2365 1522 2426 scelere,
1556 2362 1609 2417 in
1662 2376 1766 2416 suo
1811 2357 2078 2414 defecerit
2107 2355 2401 2428 sacrilegio

791 2464 956 2538 (Ibid.
989 2480 1083 2532 xu,
1103 2464 1197 2532 δὲ)
1217 2480 1228 2516 :
1247 2459 1312 2516 Et
1331 2454 1778 2531 [ecitHieroboam
1798 2453 1934 2506 diem
1947 2455 2134 2522 festum
2154 2450 2205 2504 iu
2231 2465 2404 2504 mense

790 2568 968 2613 octavo
992 2558 1044 2609 in
1070 2555 1155 2609 die
1174 2557 1304 2624 {esto
1322 2548 1709 2621 quintodecimo
1742 2546 1934 2600 mensis
1951 2543 2234 2599 secundum
2265 2541 2402 2594 diem

783 2652 978 2718 festum
1003 2648 1148 2703 Juda
1173 2667 1191 2702 :
1230 2656 1279 2701 et
1317 2643 1549 2698 ascendit
1579 2644 1632 2695 in
1669 2639 1990 2708 sacriﬁcium
2017 2636 2156 2707 quod
2191 2636 2313 2706 fecit
2347 2635 2401 2689 in

790 2744 992 2808 Bethel,
1017 2753 1076 2798 ut
1094 2740 1445 2810 sacriﬁcarent
1486 2747 1507 2775 ο
1534 2734 1708 2788 vitulis
1737 2748 1866 2802 quas
1893 2731 2034 2802 fecit,
2065 2738 2112 2783 et
2135 2727 2402 2782 constituit

796 2843 846 2895 in
863 2838 1043 2894 Bethel
1065 2835 1354 2893 sacerdotes
1367 2831 1690 2887 excelsorum
1709 2845 1836 2897 quos
1851 2827 2004 2896 fecit:
2030 2834 2075 2879 et
2100 2824 2330 2877 ascendit
2348 2822 2403 2875 in

800 2931 1088 2989 sacrarium
1118 2927 1257 2998 quod
1288 2925 1410 2995 fecit
1431 2919 1816 2993 quintodecimo
1839 2918 1923 2972 die
1953 2933 2124 2971 mense
2153 2925 2329 2970 octavo
2352 2915 2404 2967 in

793 3027 876 3081 die
909 3029 1041 3097 [esto
1063 3038 1211 3094 quem
1250 3019 1402 3089 ﬁnxit
1425 3037 1452 3069 ιι
1477 3016 1632 3070 corde
1659 3029 1787 3068 suo:
1817 3023 1864 3066 et
1906 3012 2024 3082 {ccit
2056 3011 2188 3064 diem
2219 3011 2403 3080 festum

797 3122 921 3191 ﬁliis
944 3117 1132 3182 Israel,
1166 3125 1212 3169 et
1241 3111 1476 3168 ascendit
1498 3112 1551 3163 in
1573 3109 1859 3164 sacrarium
1882 3119 1936 3161 ut
1962 3106 2306 3175 sacriﬁcaret.
2340 3101 2407 3157 Et

797 3233 910 3272 ecce
931 3217 1083 3269 homo
1107 3210 1200 3265 Dei
1229 3225 1291 3264 ea:
1311 3206 1344 3261 .1
1353 3207 1458 3260 uda
1487 3203 1692 3258 advenit
1717 3205 1770 3256 in
1795 3203 1946 3257 verba
1973 3199 2183 3254 Domini
2221 3199 2272 3250 in
2306 3195 2408 3250 Be-

2503 1988 2549 2031 et
2572 1977 2727 2045 ﬁebat
2750 1977 2993 2033 sacerdos
3025 1979 3077 2030 in
3107 1977 3346 2031 excelsis.
3379 1973 3448 2029 Et
3474 1979 3678 2047 factum
3699 1985 3772 2032 est
3803 1976 3906 2030 hoc
3929 1975 4138 2030 verbum

2504 2072 2557 2124 in
2588 2082 2854 2141 peccatum
2884 2073 2935 2124 in
2961 2071 3170 2125 domum
3189 2069 3598 2133 IIieroboam,et
3623 2071 4058 2137 iuinteritum,et
4086 2071 4138 2123 in

2501 2163 2861 2217 exterminium
2889 2181 2921 2217 ιι
2949 2164 3083 2235 facie
3115 2176 3286 2219 terra.
3317 2162 3449 2232 Qute
3483 2178 3552 2220 ttc
3579 2163 3850 2220 dicantur
3878 2163 4048 2221 etiam
4073 2161 4138 2218 dc

2505 2266 2578 2326 te,
2613 2273 2822 2329 quaeso,
2855 2268 3025 2316 temet
3049 2259 3256 2331 eripias
3283 2276 3311 2314 a
3336 2258 3578 2314 nefando
3603 2262 3944 2315 Arianorum
3971 2266 4140 2322 t-tetu,

2503 2367 2692 2422 quzeso
2713 2392 2726 2415 ,
2761 2351 2840 2408 sis
2871 2351 3222 2408 Christianus
3254 2361 3315 2406 ut
3351 2360 3480 2407 ante
3513 2365 3641 2406 cras
3672 2367 3738 2406 ex
3767 2350 4006 2410 Ariano.
4040 2366 4139 2406 nec

2503 2446 2662 2500 nobis
2693 2446 2993 2515 indigneris
3020 2445 3162 2516 quod
3196 2455 3350 2500 actus
3377 2455 3494 2500 tuos
3523 2453 3579 2498 ct
3614 2443 3919 2500 llieroboa':
3943 2461 4131 2516 a'que-

2505 2555 2652 2594 mus:
2685 2539 2781 2595 sed
2816 2539 2992 2610 magis
3020 2539 3254 2594 obsecro
3296 2539 3613 2609 conspicias
3665 2541 3764 2595 ltas
3807 2556 4013 2596 omnes
4057 2542 4141 2596 in-

2506 2635 2847 2688 structiOucs
2879 2634 3061 2702 petitis
3093 2649 3255 2704 quam
3289 2631 3702 2704 increpationes
3731 2634 4144 2706 nuncnpandas

2519 2728 2802 2797 sospitatis
2834 2738 2936 2783 tute
2960 2743 3047 2784 me
3069 2727 3214 2784 bono
3246 2729 3515 2798 ingerere.
3542 2725 3902 2800 Compararis
3931 2729 4140 2786 etenim

2509 2837 2536 2872 a
2573 2821 2729 2875 nobis
2758 2820 3045 2876 llieroboze
3079 2819 3284 2876 nostris
3314 2819 3677 2890 temporibus,
3709 2821 3842 2890 quia
3869 2821 3954 2876 sic
3976 2837 4144 2876 cunc-

2507 2923 2594 2969 tos
2618 2928 2646 2966 a
2681 2914 2790 2969 Deo
2823 2913 2996 2970 lueris
3023 2925 3254 2969 conatus
3289 2926 3530 2980 vertere,
3563 2915 3709 2970 sicut
3740 2916 3839 2971 ille
3876 2917 4142 2986 populum

2506 3009 2670 3068 fuerit
2692 3020 2926 3066 conatus
2949 3009 3115 3065 Israel
3139 3008 3320 3063 facere
3344 3019 3652 3078 apostatam
3677 3025 3746 3064 ex
3779 3009 3878 3065 Dei
3903 3009 4143 3066 cultore.

2511 3105 2647 3162 Nolo
2678 3105 2856 3161 adhuc
2904 3105 3032 3159 hinc
3074 3103 3170 3158 tibi
3198 3102 3399 3174 aliquid
3445 3101 3561 3173 spei
3614 3104 3943 3174 promittas,
3994 3103 4143 3175 quod

2517 3199 2666 3255 enim
2691 3197 2834 3253 male
2862 3195 2938 3252 sis
2970 3197 3197 3263 faciens,
3231 3206 3287 3252 et
3315 3205 3496 3251 tamen
3527 3211 3749 3266 regnes,
3786 3212 3916 3252 cum
3944 3196 4136 3252 videas

792 3313 985 3378 thel,et
1017 3305 1326 3362 Hieroboam
1355 3301 1522 3359 stabat
1551 3314 1706 3366 super
1731 3310 2042 3350 aramsuant
2070 3291 2399 3360 sacriﬁcare:
2429 3276 2475 3341 (ἶ
2508 3301 2563 3347 et
2599 3291 2932 3347 Hiertiboatn
2966 3290 3058 3344 ditt
3109 3304 3373 3360 regnasse
3420 3288 3472 3343 in
3516 3287 3730 3344 scelere
3777 3304 3910 3354 suo,
3961 3288 4060 3344 sed
4089 3295 4146 3343 et

794 3416 840 3459 et
864 3403 1117 3475 propheta
1145 3399 1402 3454 invocavit
1426 3395 1494 3448 ad
1516 3409 1662 3446 arant
1685 3392 1738 3443 in
1769 3389 1918 3443 verba
1947 3385 2161 3441 Domini
2191 3385 2405 3439 dicens:

800 3497 844 3552 Ο
875 3496 1194 3551 sacrarium.
1225 3490 1547 3550 sacrarium,
1578 3486 1686 3538 htec
1711 3483 1834 3536 dicit
1871 3480 2161 3534 Dominus:
2193 3476 2324 3531 Ecce
2346 3476 2406 3543 ﬁ-

796 3590 897 3645 lius
930 3598 1164 3642 nascetur
1186 3587 1240 3639 in
1267 3584 1422 3638 domo
1448 3577 1642 3641 David,
1669 3586 1714 3630 et
1743 3573 1920 3628 Josias
1953 3573 2048 3627 erit
2076 3587 2262 3624 nomen
2294 3570 2405 3634 illi,

797 3695 844 3738 et
871 3680 1184 3750 saeriﬁeabit
1215 3679 1350 3732 inter
1382 3673 1406 3711 ἀ
1435 3671 1728 3728 sacerdotes
1766 3669 2088 3723 excelsorum
2121 3667 2209 3735 qui
2241 3665 2408 3718 sacri-

797 3777 956 3844 ﬁcant
986 3776 1125 3837 inte,
1155 3783 1202 3827 et
1235 3786 1350 3824 ossa
1387 3767 1653 3821 hominum
1683 3761 1945 3816 comburet
1980 3761 2033 3813 in
2061 3769 2138 3814 te:
2187 3769 2235 3812 et
2266 3757 2409 3811 dabit

795 3871 849 3922 in
879 3867 970 3920 illa
1004 3865 1086 3918 die
1115 3861 1412 3933 prodigium
1443 3856 1581 3926 quod
1613 3858 1815 3908 locutus
1848 3863 1920 3906 est
1952 3849 2243 3904 Dominus:
2275 3847 2409 3903 Ecce

797 3961 1089 4015 sacrarium
1117 3955 1467 4020 disrumpctur
1503 3958 1547 4003 et
1583 3946 1878 4014 e/fundetur
1910 3944 2169 4016 pinguedo
2195 3957 2308 4011 qua!
2337 3951 2409 3996 est

795 4057 849 4108 in
875 4071 959 4119 eo,
987 4062 1036 4106 et
1068 4051 1264 4121 factum
1296 4057 1368 4100 est
1400 4055 1450 4097 ut
1480 4042 1676 4095 audivit
1707 4039 1856 4092 verba
1885 4035 2110 4091 hominis
2139 4033 2236 4088 Dei
2265 4035 2410 4087 invo-

798 4149 963 4201 cautis
997 4145 1048 4197 in
1072 4157 1221 4196 aram
1251 4154 1365 4207 qua:
1395 4137 1446 4189 in
1475 4133 1658 4188 Betth
1682 4141 1796 4186 erat
1815 4173 1828 4196 ,
1859 4143 1902 4184 e’
1939 4128 2169 4184 extendit
2198 4142 2407 4180 manum

796 4256 943 4294 suam
986 4237 1052 4290 ad
1093 4249 1258 4294 aram,
1307 4231 1519 4283 dicens:
1571 4223 1960 4296 Apprehendite
1996 4237 2133 4275 eum.
2167 4218 2232 4273 Et
2257 4220 2409 4273 arida

796 4337 936 4405 facta
961 4340 1036 4385 est
1061 4343 1244 4382 manus
1267 4324 1398 4396 regis
1423 4336 1579 4391 quam
1611 4318 1840 4372 extendit
1874 4317 1927 4368 in
1954 4330 2088 4376 eum,
2118 4324 2164 4367 ct
2195 4329 2298 4366 non
2322 4329 2406 4382 po-

798 4427 894 4480 tuit
918 4423 1161 4478 reducere
1189 4433 1302 4472 eam
1342 4414 1408 4468 ad
1437 4429 1509 4466 sc.
1542 4409 1606 4464 Et
1639 4409 1957 4476 sacriﬁcium
1984 4417 2194 4471 ruptum
2227 4414 2320 4469 est,
2361 4414 2408 4457 et

796 4519 974 4589 effusa
996 4523 1068 4569 est
1095 4509 1356 4584 pinguedo
1383 4503 1784 4578 ejusasaerario
1808 4498 2092 4554 secundum
2113 4496 2407 4568 prodigium

795 4622 819 4650 ο
852 4587 992 4677 quod
1022 4605 1158 4660 dixit
1191 4605 1344 4656 homo
1378 4599 1472 4652 Dei
1503 4598 1555 4650 in
1589 4598 1735 4650 verbo
1771 4591 2001 4646 Domini.
2038 4589 2105 4643 Et
2139 4587 2408 4656 respondit

794 4719 886 4757 rex
916 4712 960 4754 et
990 4699 1121 4752 dixit
1154 4694 1348 4749 hontini
1387 4691 1506 4743 Dei:
1546 4689 1690 4756 Roga
1721 4687 1906 4756 {aciem
1937 4683 2150 4737 Domini
2179 4679 2275 4734 Dei
2307 4680 2404 4745 tui,

795 4807 848 4851 ut
882 4801 1167 4848 revertatur
1192 4802 1376 4842 manus
1417 4798 1528 4836 mea
1558 4781 1624 4835 ad
1658 4796 1755 4832 nte.
1787 4776 1854 4832 Et
1885 4778 2084 4848 rogavit
2131 4776 2282 4830 homo
2309 4771 2409 4827 Dei

794 4889 981 4959 facient
1012 4881 1256 4947 Domini,
1289 4889 1336 4933 et
1358 4892 1566 4932 reversa
1594 4883 1665 4928 est
1698 4889 1882 4926 manus
1911 4871 2046 4942 regis
2084 4869 2150 4922 ad
2175 4884 2326 4936 eum,
2358 4878 2406 4921 et

797 4985 935 5050 facta
962 4989 1034 5032 est
1063 4970 1504 5046 quemadmodum
1530 4968 1754 5038 primunt
1784 4964 1801 5004 τ
1849 4962 2012 5037 (Ibid.
2042 4978 2154 5016 xm.
2190 4964 2265 5032 1).
2299 4961 2406 5017 Ιιη-

797 5073 944 5145 pleta
970 5083 1092 5126 cum
1121 5065 1323 5121 viderit
1345 5063 1460 5117 haec
1487 5061 1754 5132 prodigia,
1788 5073 1910 5128 qua:
1937 5055 2159 5111 fuerant
2181 5070 2278 5111 ore
2309 5055 2406 5112 lto-

869 5253 893 5276 υ
938 5240 1291 5302 Desumptum
1325 5239 1412 5287 est
1440 5230 1544 5284 hoc
1570 5226 1962 5302 testimonium,
1999 5222 2140 5302 quod
2173 5222 2392 5302 ad‘sen-

794 5328 912 5370 sum
966 5295 1194 5377 Spectat,
1221 5322 1250 5358 e
1278 5303 1436 5377 Vulg.
1463 5311 1518 5356 et
1556 5315 1586 5377 c
1625 5300 1883 5377 Septuag.
2040 5295 2188 5377 E_dit.
2235 5295 2390 5376 Rom.

791 5365 912 5453 cap.
948 5365 1041 5444 sti,
1072 5390 1124 5434 ct
1153 5365 1608 5453 a'hlunntfiuconio
1643 5367 1975 5453 itLlicxaplis
2006 5367 2310 5422 collocatur
2338 5365 2392 5420 itt

811 5442 883 5525 3.:
919 5455 973 5509 '2.
1010 5442 1130 5525 cap.
1162 5465 1268 5504 xw.
1303 5447 1641 5525 0mi_tti_t_ur_a
1675 5442 1863 5525 subat.
1889 5510 1899 5525 .
1950 5510 1980 5525 _
2028 5508 2054 5525 ν

865 5507 889 5565 Β
934 5507 1213 5590 νίάθἐυρ.
1263 5534 1382 5588 pag.
1417 5519 1439 5572 1
1487 5517 1622 5587 (huj.
1661 5513 1786 5567 edit.
1820 5510 1916 5564 ωι.
1950 5510 1980 5562 7
2006 5508 2119 5577 r5),
2151 5519 2202 5563 et
2233 5507 2394 5564 Luci-

797 5601 892 5707 fucl
923 5609 1436 5736 Yg'ii'zgiﬁcaretapud
1467 5659 1653 5736 Sabat.
1686 5668 1740 5713 ct
1770 5656 1985 5736 melius.
2013 5663 2070 5736 tl}
2101 5667 2225 5736 ξαρ.

866 5739 891 5775 d
934 5738 999 5791 In
1023 5751 1070 5793 te
1093 5724 1391 5806 'Iegendum
1420 5749 1518 5804 pro
1553 5733 1682 5784 inter
1711 5729 1993 5806 contendit
2023 5724 2217 5806 Sabat.

867 5812 886 5833 '
935 5794 1244 5882 Prodigiiim
1275 5794 1541 5862 omittitur
1573 5817 1732 5873 supra
1756 5800 1850 5855 lib.
1881 5799 1943 5854 de
1965 5813 2066 5853 non
2094 5794 2255 5851 Conv.
2286 5811 2404 5849 cum

799 5885 1408 6024 Ιιωῖᾯιιειηαάπιοάκοη
1449 5950 1674 6019 primum
1702 5944 1894 6017 legitur
1924 5940 2088 6002 etiam
2138 5953 2300 6010 supra
2346 5936 2410 5992 de

2512 3383 2681 3437 tilium
2717 3381 3031 3439 Salomonis
3061 3381 3288 3436 totidem
3336 3390 3392 3436 et
3435 3378 3820 3435 idololatrian:
3852 3391 4143 3452 gerentem

2512 3477 2563 3531 in
2586 3473 3508 3537 eodemdefunctumscelere;itetn
3538 3471 3661 3542 ejus
3689 3472 4070 3529 liliumAbiud
4098 3472 4139 3534 ί.

2511 3571 2580 3626 de
2623 3586 2733 3640 quo
2777 3569 3039 3639 scriptum
3093 3568 3311 3623 invenio
3365 3566 3547 3638 (Ibid.
3585 3584 3680 3634 xv,
3744 3569 3820 3639 5)
3861 3586 3872 3622 :
3911 3567 3981 3622 Et
4018 3567 4144 3622 obiit

2511 3665 2564 3716 in
2605 3663 2830 3730 peccatis
2861 3662 3025 3732 patris
3053 3662 3156 3722 sui,
3203 3676 3318 3730 qua:
3343 3659 3462 3729 fecit
3495 3661 3549 3713 in
3592 3671 3880 3732 conspectu
3910 3661 4026 3732 ejus
4052 3701 4067 3726 ,
4094 3670 4142 3714 et

2512 3772 2613 3810 non
2641 3765 2751 3811 erat
2779 3772 2869 3808 cor
2898 3758 3011 3827 ejus
3035 3763 3445 3808 consummatum
3472 3770 3588 3807 cum
3621 3751 3858 3808 Domino
3890 3754 4004 3808 Deo
4025 3769 4140 3819 suo,

2509 3852 2642 3906 sicut
2665 3861 2774 3904 erat
2805 3866 2892 3904 cor
2925 3848 3093 3902 David
3123 3849 3289 3917 patris
3317 3851 3464 3921 ejus;
3495 3857 3549 3902 et
3583 3857 3769 3904 tamen
3795 3864 3927 3905 cum
3963 3847 4142 3903 servi-

2513 3953 2631 3997 rent
2662 3942 2845 4005 idolis,
2883 3940 3082 4000 fuerittt
3115 3940 3166 3994 in
3204 3953 3372 4009 regno
3406 3948 3460 3994 et
3490 3938 3698 3994 mortui
3723 3940 3840 3994 sint
3869 3938 3926 3994 in
3957 3955 4020 3994 ea
4060 3937 4140 3992 di-

2509 4037 2742 4108 gnitate,
2778 4043 2832 4090 et
2859 4032 3185 4088 tradiderint
3219 4032 3346 4086 tiliis
3382 4031 3496 4086 suis
3526 4033 3927 4087 auctoritatem
3963 4030 4135 4102 regni.

2510 4130 2588 4184 Ne
2620 4131 2803 4198 itaque
2835 4129 2997 4182 etiam
3022 4126 3076 4180 in
3104 4141 3170 4182 eo
3200 4124 3449 4195 plaudas,
3474 4124 3622 4193 quod
3652 4126 3800 4181 enim
3828 4136 3990 4196 pater
4020 4138 4140 4178 ves-

2512 4233 2595 4278 ter
2636 4221 2788 4275 vobis
2840 4218 3124 4274 tradiderit
3177 4231 3441 4287 regnum,
3489 4215 3724 4273 dicens:
3785 4217 3913 4272 Nisi
3945 4216 3958 4267 i
3995 4225 4139 4286 pater

2511 4332 2655 4370 meus
2685 4315 2809 4368 bene
2851 4313 3073 4384 fecisset,
3111 4309 3345 4380 conferre
3368 4325 3421 4364 se
3460 4308 3527 4362 ad
3559 4309 3827 4376 Arianos,
3861 4325 3968 4364 non
4027 4309 4138 4378 ejus

2512 4409 2609 4477 ﬁlii
2641 4423 2992 4478 regnaremus.
3015 4404 3149 4459 Nolo
3173 4403 3355 4459 dicas:
3380 4401 3442 4458 Si
3469 4403 3758 4461 Itwt'eticus
3781 4420 3966 4468 essent,
3993 4416 4138 4455 nunt-

2510 4516 2661 4570 quam
2685 4508 2883 4553 tantum
2905 4497 3241 4565 imperarem,
3255 4511 3540 4568 numquam
3556 4513 3642 4552 nte
3666 4498 3990 4569 permitteret
4006 4489 4136 4546 Deus

2512 4592 2684 4646 adhuc
2727 4593 2778 4645 in
2809 4608 2965 4663 regno
2997 4607 3126 4658 esse,
3179 4588 3402 4661 quando
3431 4587 3627 4643 videas
3684 4588 3882 4662 viginti
3912 4595 4141 4659 quatuor

2439 4672 2488 4732 Ι)
2515 4686 2675 4740 annis
2701 4699 2960 4754 regnasse
2990 4683 3204 4738 Basiam
3233 4683 3258 4719 ιε
3287 4683 3459 4737 tilium
3495 4681 3701 4738 AChi‘JB
3749 4697 3918 4752 super
3943 4675 4135 4742 Israel,

2516 4778 2720 4848 dequo
2748 4778 3012 4847 scriptum
3047 4775 3305 4832 invenisti
3336 4776 3389 4828 in
3415 4772 3751 4843 Regnorum
3782 4773 3926 4829 libro
3954 4769 4136 4827 tertio:

2517 4869 2685 4942 (Ibid.
2717 4868 2810 4940 34)
2837 4887 2849 4924 τ
2879 4869 2946 4924 Et
2975 4870 3096 4940 fecit
3122 4869 3411 4941 malignum
3435 4881 3620 4920 coram
3641 4867 3905 4934 Domino,
3937 4874 3988 4920 et
4021 4861 4138 4918 abiit

2515 4964 2570 5018 in
2600 4963 2732 5016 viam
2779 4961 3096 5018 Hist-obeam
3125 4961 3224 5032 ﬁlii
3264 4959 3501 5023 Nabath,
3540 4969 3589 5014 et
3642 4963 3717 5020 in.
3740 4961 3966 5037 peccatis
3992 4959 4098 5030 ejus
4120 4992 4134 5017 ο

2514 5056 2949 5126 quemadmodum
2981 5054 3205 5125 peccavit
3238 5051 3253 5091 ι
3283 5051 3338 5108 in
3367 5051 3582 5117 Israel;
3607 5057 3712 5127 qui
3751 5055 3911 5114 Basia
3935 5065 4030 5106 res
4051 5047 4136 5102 de-

2506 5235 2610 5302 non
2644 5218 2804 5302 C_onv.
2843 5236 2959 5274 cum
2983 5219 3257 5276 haraicis.
3289 5216 3396 5274 Sed
3430 5217 3633 5277 Sabat.
3671 5222 3861 5282 habet
3885 5217 3990 5285 hic,
4018 5215 4133 5272 sicut

2541 5307 2565 5342 I‘
2777 5309 2787 5319 ‘
2851 5334 2864 5348 .

2503 5307 2536 5360 ρ
2570 5293 3000 5446 ἓωιίὲἓῗέεευω
3035 5362 3132 5418 sed
3149 5362 3340 5419 Sabat.
3364 5360 3487 5416 loco
3511 5357 3807 5426 Reuersus
3827 5374 3900 5418 est
3922 5373 3986 5430 et,
4015 5358 4130 5428 legit

2503 5449 2530 5487 ε
2560 5446 2784 5489 εοηιναη
2829 5475 2840 5488 .

2578 5504 2606 5542 δ
2643 5452 2928 5576 ῡίεετέρειι
2949 5505 3171 5577 omnino
3200 5521 3228 5558 a
3259 5501 3468 5559 Graecis
3491 5513 3548 5560 et
3569 5504 3846 5575 Latinis,
3881 5505 3931 5560 in
3957 5501 4131 5577 quibus

2505 5579 2855 5662 estdrrképou',
2888 5576 3157 5662 implebat.

2589 5649 2604 5686 ί
2649 5649 2798 5705 Abiu.
2830 5649 3008 5704 Latin.

2584 5724 2597 5801 ξ
2629 5719 3133 5801 \’_ideltattc_inrem
3159 5717 3662 5778 notationesinlib.
3697 5728 3725 5783 1
3757 5737 3863 5801 pro
3887 5716 4123 5778 $.Atlntn.

2583 5791 2607 5829 ιε
2651 5792 2880 5848 Baasan.
2914 5790 3092 5846 Latin.

2591 5861 2605 5900 ¹
2652 5863 2832 5921 Grtec.
2868 5863 3120 5938 ἐξήμαρτε
3149 5862 3233 5921 τόν
3263 5863 3488 5937 Ἰσραήλ.
