4636 6386
785 409 891 466 8οἹ

783 542 948 600 quatn
970 522 1104 579 nihil
1136 533 1197 576 se
1216 516 1419 573 habere
1438 509 1741 577 Israelitas,
1766 516 1827 565 ut
1846 522 2013 564 unum
2040 521 2098 561 se
2123 503 2399 560 hominem
2430 501 2482 562 Α

783 633 1007 676 onmem
1040 610 1446 669 multitudinem
1482 602 1857 661 Israelitarum
1911 610 1938 638 ιι
1982 607 2395 668 superaturum.

786 712 940 770 Hunc
962 709 1324 779 alienigenam
1375 700 1504 757 fecit
1546 698 1684 754 nihil
1724 705 1853 751 ante
1881 694 2050 750 Israel
2100 693 2267 747 Deus.
2299 689 2399 745 Cui

784 806 917 863 vicit
966 804 1114 860 Deus
1141 798 1297 871 regi?
1348 808 1547 866 nempe
1588 790 1803 856 Achab,
1836 789 1886 845 ei
1904 790 1993 858 qui
2024 799 2147 841 eum
2198 780 2399 838 dereli-

786 907 1005 971 querat.
1028 896 1121 969 qui
1150 891 1296 949 Baali
1328 898 1385 945 et
1410 886 1667 945 omnibus
1689 880 1977 938 daemoniis
2004 876 2214 933 servire
2238 872 2402 929 Israel

786 995 1016 1056 fecerat,
1069 990 1193 1063 quia
1226 987 1253 1026 ι»
1289 996 1578 1057 propterea
1626 979 1920 1035 auxiliatus
1950 983 2059 1040 est,
2089 983 2290 1040 nempe
2347 974 2404 1021 ut

784 1087 1045 1144 crederet
1071 1060 1198 1155 quia
1228 1080 1301 1136 sit
1326 1079 1469 1135 Deus
1494 1074 1646 1131 solus
1676 1073 1799 1137 iste,
1828 1069 1983 1139 cujus
2024 1073 2145 1121 erat
2164 1060 2399 1134 populus

788 1179 980 1247 Israel,
1009 1186 1066 1233 et
1094 1191 1205 1231 non
1232 1172 1368 1227 alius
1416 1177 1614 1241 printer
1638 1167 1813 1236 ipsum
1864 1160 1956 1231 qui
1989 1158 2040 1214 ei
2089 1156 2319 1215 vicerat,
2350 1158 2409 1205 ut

787 1277 1006 1333 videret
1035 1270 1225 1330 Achab
1241 1267 1369 1338 quia
1385 1264 1579 1320 fuisset
1600 1273 1840 1330 aequum,
1866 1252 2083 1311 tandem
2106 1248 2410 1317 corrigeret

787 1383 1011 1429 errores
1048 1379 1205 1428 suos,
1248 1376 1376 1416 mox
1405 1370 1465 1413 ut
1514 1353 1791 1410 aedificare
1832 1343 2187 1404 adversarius
2244 1336 2415 1408 erepit

788 1464 1133 1523 obsidionem
1167 1458 1235 1514 ad
1258 1454 1541 1513 civitatem
1568 1447 1965 1505 lsraelitarum.
1994 1440 2061 1496 Rt
2083 1455 2220 1503 ecce,
2241 1434 2412 1506 inquit

790 1559 1060 1629 scriptura
1077 1566 1254 1617 sacra,
1277 1550 1551 1618 prophetes
1568 1558 1700 1597 unus
1720 1538 1933 1594 accessit
1949 1536 2017 1589 ad
2036 1548 2201 1604 regem
2218 1527 2408 1590 Israel,

789 1663 838 1707 et
868 1650 1031 1705 dixit:
1058 1646 1185 1701 Hart:
1208 1643 1335 1696 dicit
1361 1638 1640 1693 Dominus.
1666 1633 1726 1689 Si
1748 1631 1942 1685 audisti
1965 1643 2150 1682 sonum
2169 1636 2410 1694 magnunt

790 1743 983 1799 istum?
1002 1739 1135 1795 Ecce
1150 1753 1243 1807 ego
1256 1733 1410 1788 hodie
1425 1719 1627 1783 Iradam
1649 1742 1766 1781 eum
1779 1726 1832 1778 in
1852 1737 2035 1775 manus
2054 1730 2189 1781 tuas,
2214 1726 2259 1769 et
2284 1714 2414 1768 scies

791 1836 1043 1908 quoniam
1069 1847 1163 1903 ego
1190 1843 1308 1883 sum
1348 1823 1627 1879 Dominus.
1671 1817 1738 1872 Et
1775 1815 1907 1870 dixit
1935 1828 2057 1867 rex:
2100 1809 2164 1864 In
2187 1807 2327 1878 quo?
2368 1817 2415 1859 et

795 1899 932 1983 dixit
947 1899 1256 1997 prophetes:
1274 1917 1341 1973 In
1368 1915 1543 1987 pueris
1562 1911 1863 1984 principum
1883 1908 2175 1980 regionum.
2193 1900 2262 1954 Et
2284 1899 2418 1952 dixit
2450 1900 2496 1961 Β

793 2037 888 2078 rea:
910 1990 1091 2084 :VQuis
1142 2012 1425 2069 committet
1450 2006 1721 2078 pugnam?
1743 2012 1791 2056 et
1820 2000 1956 2053 dixit
1978 1995 2251 2068 prophetes
2288 2009 2305 2045 :
2338 1990 2417 2045 Tu

796 2116 892 2189 (Ill
926 2109 1272 2187 Reg.xx,l5).
1299 2105 1369 2162 Et
1396 2104 1532 2158 inira
1562 2116 1575 2153 :
1610 2097 1679 2152 Et
1704 2096 1944 2151 exierunt
1966 2090 2113 2162 pueri
2140 2090 2203 2141 de
2234 2087 2417 2140 civita-

798 2223 846 2267 te
887 2183 1184 2283 principum
1214 2203 1503 2274 regionum,
1535 2206 1587 2249 et
1631 2191 1888 2248 exercitus
1916 2190 2004 2254 qui
2049 2194 2161 2254 post
2195 2183 2333 2244 illos,
2370 2190 2417 2233 et

796 2277 1049 2375 percussit
1072 2295 1421 2366 unusquisque
1448 2304 1599 2361 quem
1619 2286 1812 2340 invenit
1830 2297 1977 2337 secus
1998 2295 2072 2345 se,
2098 2287 2146 2331 et
2175 2277 2419 2346 fugerunt

800 2366 948 2470 Syri,
981 2405 1027 2450 et
1059 2400 1357 2463 persecutus
1406 2394 1482 2441 est
1535 2381 1706 2436 Israel
1749 2376 1857 2449 (Ib.
1880 2390 1971 2439 xx,
1999 2373 2111 2441 19).
2132 2366 2421 2437 Quomodo

798 2493 961 2559 dicis,
1005 2484 1291 2545 Constanti
1334 2500 1348 2535 :
1382 2480 1443 2536 Si
1499 2494 1603 2533 non
1656 2476 1780 2529 bene
1809 2471 2054 2525 servirem
2087 2465 2218 2530 Deo,
2245 2463 2289 2515 si
2320 2476 2422 2514 non

800 2598 936 2641 recte
962 2583 1173 2637 credens
1220 2578 1455 2649 fuissem,
1491 2584 1779 2639 numquam
1802 2579 2019 2636 regnum
2066 2560 2423 2615 Romanorum

799 2680 851 2735 in
865 2646 1234 2733 meavidissern
1270 2673 1521 2739 potestate
1542 2662 1886 2723 collocatum,
1917 2663 2009 2708 aut
2054 2652 2128 2705 sic
2164 2649 2256 2702 diu
2294 2646 2424 2715 fuis-

796 2788 907 2829 sem
923 2768 1162 2825 vivensin
1190 2760 1397 2835 regno?
1422 2754 1643 2829 quando
1672 2752 1859 2806 videas
1890 2744 2079 2803 Achab
2110 2742 2220 2811 regi
2252 2736 2423 2793 Israel

798 2878 955 2921 more
985 2832 1272 2932 gentilium
1299 2850 1532 2913 viventi,
1562 2856 1621 2903 et
1652 2843 1912 2915 populum
1943 2836 2061 2899 Dei.
2092 2832 2253 2890 sicuti
2285 2839 2340 2884 et
2370 2838 2425 2883 tu

802 2955 1038 3021 avertis,
1062 2948 1297 3007 vertenti
1339 2961 1369 2999 a
1399 2944 1534 3007 Deo,
1565 2939 1774 2995 dictum
1824 2933 1896 2988 ab
1925 2945 2016 2996 eo,
2052 2929 2104 2983 in
2137 2938 2299 2995 quem
2333 2919 2429 2975 de-

801 3013 1110 3122 linqucb'at,
1143 3042 1300 3113 cujus
1324 3043 1600 3109 praecepta
1629 3028 1863 3086 ducebat
1890 3038 1992 3095 pro
2023 3019 2225 3076 nihilo:
2254 3013 2429 3069 Trado

803 3161 922 3201 eum
964 3144 1018 3196 in
1070 3152 1257 3192 manus
1288 3144 1424 3195 tuas,
1450 3137 1505 3182 ut
1536 3124 1674 3180 scias
1701 3119 1945 3193 quoniam
1998 3129 2093 3186 ego
2122 3126 2235 3166 sum
2264 3106 2425 3161 Deus.

803 3239 878 3297 Ut
907 3236 1070 3309 igitur
1095 3233 1250 3287 illum
1278 3224 1483 3295 eripuit
1511 3236 1539 3275 a
1573 3218 1686 3274 lilio
1705 3214 1918 3271 Jaderis
1940 3209 2113 3281 Syriae
2146 3204 2313 3275 regis,
2342 3198 2422 3255 sic

804 3288 975 3389 etiaiit
1008 3336 1063 3382 te
1104 3323 1175 3379 ab
1214 3288 1471 3376 omnibus
1525 3311 1798 3383 perimere
1838 3300 2187 3374 cupientibus
2232 3294 2430 3365 eripuit
2458 3288 2503 3351 C

802 3435 970 3494 atque
994 3419 1179 3489 eripit,
1198 3413 1268 3469 ad
1303 3412 1405 3466 hoc
1434 3407 1624 3475 utique
1654 3412 1712 3456 ut
1734 3398 1911 3471 possis
1943 3404 2278 3465 COgnoscere
2298 3386 2425 3458 quia

804 3523 926 3594 ipse
953 3518 1025 3573 sit
1053 3515 1200 3569 Deus
1246 3504 1687 3579 patriarcharum
1736 3510 1801 3550 ac
1846 3502 2170 3561 martyrum,
2223 3484 2289 3539 ad
2324 3482 2427 3536 hoc

805 3575 871 3672 tit
906 3610 1184 3680 conjicere
1212 3575 1391 3674 possis
1419 3612 1527 3651 non
1562 3605 1662 3664 pro
1689 3586 1900 3644 meritis
1925 3582 2051 3638 fidei
2077 3590 2181 3633 tuac
2212 3590 2276 3631 ac
2301 3575 2426 3629 vita:

804 3667 1229 3762 t—ibi‘vic'turiam-
1269 3692 1555 3751 tributam,
1589 3680 1808 3753 quando
1836 3678 1913 3732 sis
1938 3671 2129 3731 Achab
2152 3669 2206 3725 in
2249 3667 2428 3722 omni-

803 3800 911 3857 bus
956 3794 1070 3866 regi
1115 3786 1335 3851 similis,
1364 3780 1461 3837 sed
1503 3780 1582 3833 sic
1623 3774 1721 3831 tibi
1760 3780 1951 3827 contra
1982 3766 2173 3822 merita
2201 3771 2289 3817 tua
2330 3776 2427 3815 ex-

806 3853 1051 3949 hibitau:
1066 3874 1508 3939 misericordiam
1540 3870 1609 3925 ab
1634 3882 1721 3931 eo,
1776 3878 1940 3934 quem
1967 3853 2334 3925 dereliquisti,
2369 3861 2427 3907 ut

806 3984 975 4042 fuerit
1006 3973 1197 4035 Achab
1224 3965 1495 4028 exhibita.
1533 3961 1592 4017 Si
1621 3957 1769 4014 enim
1799 3952 2006 4009 dixeris
2039 3957 2329 4019 propterea
2373 3950 2426 3997 te

806 4078 1031 4133 vincere
1083 4061 1433 4123 adversarios
1472 4064 1617 4120 tuos,
1678 4048 1805 4121 quia
1846 4046 1988 4101 bene
2041 4041 2118 4096 sis
2170 4036 2423 4099 credens,

802 4171 984 4246 potuit
1023 4174 1080 4223 et
1111 4159 1300 4219 Achab
1325 4154 1532 4211 dixisse
1563 4148 1839 4204 idolorum
1866 4140 2067 4204 cultor,
2102 4144 2159 4193 et
2192 4133 2426 4205 prophe-

805 4233 985 4322 larum
1013 4263 1334 4313 sanctorum
1369 4248 1753 4311 interemptor.
1776 4233 1861 4290 Ad
1886 4233 1990 4287 hoc
2018 4243 2151 4300 ergo
2170 4236 2223 4282 te
2244 4239 2423 4280 reser-

805 4369 993 4415 vatqu
1026 4360 1085 4407 ut
1154 4357 1376 4403 errores
1430 4337 1738 4403 corrigeres
1802 4342 1821 4367 ε
1880 4336 2024 4389 tuos,
2074 4338 2185 4377 nun
2234 4317 2424 4373 vides?

804 4453 957 4509 Illico
990 4456 1049 4502 ut
1076 4436 1355 4509 occupasti
1391 4431 1416 4469 ἀ
1442 4430 1677 4492 Italiam,
1731 4421 2020 4480 ecclesiam
2046 4418 2166 4487 ejus
2204 4412 2423 4469 tentasti

804 4554 1024 4603 vertere
1045 4557 1060 4606 ;
1079 4507 1268 4593 dixisti
1298 4531 1469 4586 Deum
1499 4524 1719 4579 Patrem
1748 4532 1859 4573 non
1878 4526 2000 4570 esse
2029 4522 2219 4564 verum
2256 4507 2422 4560 Deum

806 4603 1052 4698 Patrem,
1079 4630 1303 4687 unicum
1346 4622 1466 4689 ejus
1497 4626 1704 4685 negans
1742 4609 1965 4670 Filium,
2004 4603 2288 4659 affirmans
2316 4613 2422 4652 non

806 4747 936 4792 esse
964 4728 1115 4783 illum
1160 4732 1351 4775 verum
1396 4712 1615 4771 Filium;
1642 4702 1904 4760 astruxist

880 4883 907 4912 ⁸
949 4870 1115 4927 Forte
1142 4856 1454 4918 addendum
1486 4848 1737 4927 crederet,
1768 4850 1870 4927 au't‘
1885 4839 2099 4892 diceret.

878 4945 906 4985 δ
1142 4910 1445 5003 legendum
1474 4922 1589 4993 qui,
1622 4918 1675 4972 id
1710 4922 1795 4971 est
1824 4910 1986 4965 Deus.

884 5028 905 5055 ε
951 5008 1259 5059 Corriaeris.
1297 5001 1472 5055 Vatic.
1756 5057 1771 5059 _
1965 5053 1975 5059 .

884 5028 905 5055 ε
951 5012 1259 5079 ϐοντίρεηξς
1299 5012 1472 5079 ῊΨΞΣ
1566 5078 1573 5079 ,
1640 5077 1670 5079 ,_
1703 5054 1911 5079 Δικιιε..
1964 5048 2147 5079 ζ..11η1ἶ

878 5086 904 5125 tt
1376 5046 1505 5130 Egi,
1553 5054 1915 5141 cumeQallia
1964 5046 2423 5141 ittltaliants'enit.

806 5173 862 5221 el
882 5117 1601 5221 (χέλίξξίῖοωξδίιξάξυιδιρρῖιξίΙ
1625 5128 1887 5209 interfuit
1922 5140 2093 5221 anno.
2110 5118 2274 5221 353?.Q
2298 5117 2425 5221 Cum

1514 5204 1851 5288 Athanasius
1876 5197 1929 5252 in
1955 5194 2119 5275 epist.
2147 5194 2213 5288 ad
2238 5191 2424 5288 Siolkit”

807 5261 1084 5360 3:33:53;
1111 5261 1481 5347 iitvreiicor‘um
1509 5275 1730 5332 consilio
1760 5268 2157 5360 e‘t'suggcstione
2189 5261 2425 5330 faciebat,

1335 5354 1700 5443 agrbaqtnjutc
1727 5340 1934 5396 rcllent.
1970 5344 2427 5443 potestatemlco'n-

1250 5434 1257 5441 .
1339 5439 1349 5443 ,
1437 5440 1445 5443 .
1558 5424 1681 5443 Δ..;..ι-.
1744 5420 1925 5443 ...ηις-ιιι
2002 5416 2131 5443 ιιιιιιΙ
2167 5424 2218 5443 tn
2300 5416 2347 5443 In
2378 5418 2424 5443 t1]

809 5404 889 5501 ii:
914 5404 1093 5497 57.3.2;
1336 5404 1453 5480 irim
1513 5404 1686 5501 fusius
1744 5420 1960 5501 narrat,I
2001 5416 2135 5472 quot
2167 5409 2219 5459 in
2274 5404 2424 5458 Italia

807 5480 1510 5573 {ﬁliifilii}dilaniata:
1542 5480 2157 5573 ςξςιηκιειςιιίἰ.ειάνρυιιι,
2194 5490 2426 5543 prmser-

808 5552 1333 5643 ii’tituitt'"indicium
1392 5564 1702 5622 Concilium
1756 5559 1808 5611 in
1866 5552 2247 5605 hmrcticorum
2299 5561 2421 5600 scu-

814 5660 1016 5717 tentias
1045 5652 1289 5707 cederet.
1308 5715 1317 5717 _
1406 5704 1436 5717 Δ,

886 5694 1548 5783 :"Eic‘éiiiiéétto..asuts
1578 5694 2204 5759 Pneutnatnmaehorum
2258 5703 2418 5741 voea-

1402 5781 1412 5783 _
1732 5774 1741 5783 _
1809 5780 1816 5783 _
2049 5766 2058 5783 τ
2109 5761 2391 5783 μ,η..;ρ..ξ

808 5761 1010 5859 ιλιιυὲ
1026 5761 1377 5867 εὖξαι-γετί.
1393 5781 1562 5837 fuerit
1594 5774 1943 5867 adeuntium.
1970 5761 2421 5867 ‘li'illffitll'lif‘lii;

807 5836 1163 5930 :iihs'usri’nr‘ii
1205 5858 1557 5930 tlivmitatetn
1603 5844 1967 5930 negaverin‘r,’
1996 5836 2185 5919 Ariani
2239 5842 2417 5885 tamen

814 5910 1338 6012 iit‘u‘lioj‘quamuilli,
1373 5910 1753 5997 impudentius
1784 5916 1836 5968 in
1880 5910 2139 5981 Spiritum
2168 5914 2415 5961 sanctum

1884 386 2208 450 LUCIFERI
2251 382 2558 445 EPISCOPI
2599 377 3026 439 CALARITANI

1910 4701 1924 4755 i
1955 4712 1978 4737 υ
1997 4698 2161 4754 etiam
2177 4702 2426 4751 sanctum
2456 4685 2508 4746 D
2535 4684 2970 4756 interrogabimus
2992 4677 3271 4733 Dominum

4042 362 4149 420 808

2510 498 2844 569 paraclctum
2879 493 3140 563 Spiritum
3173 488 3493 545 fabricatum
3524 497 3648 541 esse
3674 499 3743 539 ex
3767 477 3989 543 nihilo,
4019 476 4152 533 des-

2506 588 2746 644 cendere
2800 602 2867 642 ex
2913 584 3085 639 nihilo
3128 579 3426 638 defendere
3475 575 3723 643 tentasti,
3752 571 3915 646 quod
3951 569 4155 625 unicus

2506 683 2605 737 Dei
2644 682 2815 738 Filius
2845 679 3013 735 fuerit
3040 675 3259 749 quando
3286 690 3394 730 non
3428 673 3611 737 fuerit;
3641 666 4034 741 apestolicam
4066 669 4152 716 at-

2508 792 2615 846 que
2635 773 3009 845 evangelicum
3040 770 3388 827 traditionem
3413 781 3523 837 quo
3543 764 3831 837 potuisses
3862 758 4077 815 tollere
4122 768 4153 809 c

2510 868 2717 934 medio,
2750 882 2970 937 operam
3026 866 3155 920 totis
3182 863 3290 919 tuis
3334 859 3530 916 dedisti
3559 859 3792 923 viribus,
3831 853 4149 923 episcopus

2514 960 2532 997 ί
2569 961 2663 1016 Dei
2694 959 2906 1031 judicio
2931 948 3221 1013 ordinatos'
3237 962 3343 1009 tua‘
3374 950 3619 1007 amoveri
3671 947 3866 1005 fecisti
3902 944 4152 999 auctori-

2513 1062 2645 1119 tate,
2669 1050 3103 1107 hzcretieoslocis
3121 1046 3438 1103 eorumdcm
3462 1040 3896 1099 constituendos
3912 1034 4151 1100 duxisti,

2511 1146 2602 1216 qui
2636 1144 2848 1215 possint
2880 1153 3029 1197 tuam
3061 1141 3360 1212 praedicare
3417 1135 3697 1199 haeresim;
3758 1146 3940 1189 manu
3983 1140 4010 1176 κ
4045 1127 4151 1182 mi-

2512 1239 2657 1294 litari
2678 1236 2925 1309 pugnasti
2950 1246 3141 1291 contra
3164 1232 3451 1290 ecclesiam
3479 1232 3533 1285 in
3555 1226 3809 1285 Alesand
3820 1227 3933 1289 ria,
3955 1237 4158 1294 quam-

2517 1330 2783 1401 plurimos
2810 1330 3191 1399 episcoporum
3242 1322 3499 1394 relegasti
3546 1320 3601 1376 in
3645 1316 3893 1381 exsiliis,
3927 1315 3985 1369 in
4038 1327 4153 1369 me-

2515 1422 2685 1487 tallis,
2708 1420 2993 1490 conjecisti
3018 1419 3070 1472 in
3093 1431 3397 1479 carcerem,
3416 1422 3626 1470 certum
3651 1410 3822 1467 etiam
3846 1422 4154 1464 numerum

2516 1514 2851 1570 interfecisti
2880 1528 2946 1568 ex
2978 1510 3233 1566 onmibus
3291 1508 3387 1563 Dei
3433 1504 3761 1561 cultoribus.
3826 1502 3975 1557 Cum
4035 1499 4153 1554 Item:

2516 1610 2718 1679 egeris,
2752 1619 2931 1663 tamen
2963 1606 3105 1660 dicis
3136 1622 3149 1656 :
3185 1602 3305 1657 Nisi
3345 1602 3469 1655 bene
3496 1615 3656 1655 essent
3718 1597 3957 1669 faciens,
4001 1602 4049 1649 et
4074 1595 4155 1646 in-

2518 1713 2658 1771 tegre
2708 1715 2868 1754 essent
2898 1698 3133 1762 credens,
3178 1710 3459 1763 numquam
3502 1690 3675 1745 adhuc
3736 1706 3820 1744 me
3854 1689 4008 1743 Deus
4039 1703 4154 1759 reg-

2518 1810 2644 1848 nare
2673 1792 3021 1863 permitteret?
3055 1800 3326 1859 tamquam
3368 1787 3567 1841 iccirco
3600 1795 3653 1840 et
3681 1784 3835 1839 circa
3866 1780 4069 1837 Achab
4093 1793 4155 1833 ac

2525 1897 2757 1941 caeteros
2788 1883 3180 1938 coidololatras
3205 1890 3326 1933 tuos
3354 1878 3516 1932 fuerit
3548 1877 3693 1930 Deus
3723 1876 3974 1945 patiens,
4027 1872 4154 1944 quia

2527 1979 2727 2033 fuerint
2760 1985 2960 2031 rectam
2993 1982 3239 2028 tenentes
3266 1973 3431 2025 viam.
3464 1969 3542 2024 Tu
3570 1984 3700 2039 ergo
3738 1969 3873 2040 quia
3904 1969 3981 2023 sit
4029 1980 4154 2036 pcc-

2527 2070 2665 2125 catis
2698 2070 2804 2123 tuis
2849 2069 3061 2138 patiens
3093 2082 3191 2136 pro
3222 2080 3321 2119 sua
3373 2063 3693 2134 infatigabili
3744 2062 3958 2133 pietate
3988 2060 4153 2115 sicuti

2528 2165 2689 2219 fuerit
2721 2172 2775 2217 et
2806 2160 2995 2215 Achab
3040 2159 3175 2230 regi,
3210 2157 3497 2214 arbitraris
3525 2171 3631 2210 non
3683 2165 3740 2210 te
3793 2155 4151 2221 delinquere,

2529 2258 2625 2314 sed
2652 2273 2751 2327 pro
2775 2256 2987 2311 meritis
3017 2254 3124 2308 tuis
3156 2252 3249 2307 tibi
3276 2250 3456 2322 parci;
3486 2265 3645 2321 quem
3676 2248 3875 2303 Achab
3895 2247 4067 2303 etiam
4098 2245 4151 2299 itt

2533 2352 2636 2407 hoc
2666 2350 2918 2414 imitaris,
2951 2348 3095 2418 quod
3149 2347 3295 2401 enim
3347 2346 3423 2399 sis
3476 2358 3574 2398 eos
3620 2340 3861 2412 diligens
3910 2340 4009 2409 qui
4060 2338 4151 2392 tibi

2533 2444 2674 2500 mala
2700 2443 2988 2507 suadeant,
3016 2455 3113 2495 eos
3142 2453 3272 2492 vero
3299 2436 3541 2507 perdens
3560 2435 3651 2504 qui
3683 2432 3782 2489 tibi
3816 2432 4021 2487 salutis
4047 2438 4151 2482 tuac

2530 2550 2696 2591 causa
2749 2548 2871 2602 qua:
2918 2540 3045 2586 sunt
3090 2544 3217 2584 vera
3265 2527 3469 2582 dicant.
3521 2524 3591 2581 Ut
3637 2525 3787 2579 enim
3837 2523 3910 2578 ad
3964 2521 4155 2578 Achab

2532 2624 2913 2699 quadringenti
2929 2623 3005 2677 illi
3032 2618 3548 2691 pseudoprophetze,
3570 2616 3717 2687 quod
3750 2624 3981 2686 possent
4004 2615 4152 2668 illum

2533 2723 2714 2777 omnia
2747 2718 2922 2775 felicia
2953 2718 3215 2786 consequi
3249 2713 3634 2785 loquebantur,
3664 2723 3859 2766 contra
3895 2724 4032 2763 vero
4061 2706 4154 2761 Dei

2534 2815 2753 2870 dicebat
2786 2811 3048 2883 propheta
3084 2806 3524 2876 llIichtras,quod
3554 2814 3739 2859 essent
3770 2803 3926 2857 illum
3958 2811 4151 2856 cuncta

2535 2917 2897 2965 consecutura
2927 2905 3093 2969 mala,
3123 2911 3179 2957 et
3209 2901 3302 2956 ille
3340 2900 3514 2968 magis
3551 2896 3821 2967 diligebat
3847 2912 3947 2951 eos
3995 2908 4154 2963 pseu-

2535 3002 2909 3074 doprophetas
2930 3011 3092 3068 quam
3126 3008 3315 3050 verum
3349 2990 3565 3045 Domini
3593 2988 3951 3061 prophetam,
3990 2987 4063 3040 ita
4098 2992 4153 3038 ut

2535 3098 2556 3131 ἰ
2605 3106 2659 3151 ιιι
2729 3108 2881 3148 amas
2934 3088 3295 3145 euha2reticos
3373 3093 3498 3138 tuos
3551 3082 3813 3147 Arianos,
3901 3082 4147 3149 ipsorum

2535 3193 2696 3247 dictis
2746 3189 3117 3256 obtemperas,
3171 3197 3271 3237 nos
3314 3194 3505 3235 omnes
3561 3176 3774 3232 Domini
3826 3174 4150 3232 sacerdotes

2535 3285 2862 3346 exsecraris;
2915 3281 3089 3351 primo
3116 3276 3387 3341 onmium,
3415 3289 3512 3328 cur
3564 3271 3658 3326 Dei
3700 3270 3904 3325 Filium
3962 3282 4148 3322 verum

2542 3379 2635 3434 Dei
2668 3377 2864 3432 Filium
2898 3375 3288 3430 contiteamur:
3321 3366 3564 3423 secundo
3588 3381 3684 3421 cur
3735 3380 3842 3418 non
3892 3362 3990 3418 tibi
4017 3359 4147 3415 adu—

2536 3475 2735 3537 lcmur,
2786 3485 2884 3525 cur
2941 3476 2993 3522 te
3042 3467 3093 3520 in
3143 3462 3384 3535 periculo
3424 3476 3549 3516 esse
3598 3470 4022 3523 asseveramus,
4095 3460 4149 3507 et

2533 3569 2779 3623 dicamus
2810 3565 2913 3619 nisi
2973 3572 3025 3617 te
3075 3558 3417 3616 converteris
3447 3555 3514 3610 ad
3550 3555 3742 3616 Deum,
3785 3550 3937 3621 quod
3992 3546 4066 3602 sis
4095 3548 4143 3599 in

2537 3672 2803 3717 :eternam
2830 3670 3047 3728 poenam
3075 3662 3362 3709 venturus.
3400 3649 3464 3703 Et
3488 3657 3546 3701 ut
3575 3645 3806 3700 credere
3842 3644 4029 3712 possis
4054 3638 4142 3693 Dei

2532 3771 2752 3826 semper
2776 3752 2902 3808 odio
2941 3750 3156 3807 habitos
3190 3745 3443 3801 homines
3484 3742 3552 3797 ab
3582 3738 4137 3805 hominibusapostm

2534 3852 2677 3915 ticis,
2733 3855 2947 3903 amatos
2977 3857 3108 3897 vero
3140 3838 3396 3895 inimicos
3440 3835 3532 3890 Dei
3566 3830 3876 3903 religionis,
3918 3829 4024 3883 hoc
4060 3833 4141 3881 est

2534 3942 2734 3998 diaboli
2774 3941 3041 4003 cultores,
3088 3936 3277 4004 accipe
3322 3946 3459 4002 quos
3506 3927 3775 3983 amaverit
3824 3923 4037 3984 Achab,
4088 3926 4141 3973 et

2533 4052 2695 4109 quem
2729 4034 2855 4089 odio
2883 4028 3153 4087 habuerit.
3185 4027 3253 4081 Et
3283 4026 3417 4079 dixit
3447 4021 3704 4091 Iosophat
3754 4034 3843 4072 rea:
3883 4015 4030 4071 Juda
4072 4011 4136 4064 at!

2533 4147 2702 4202 regem
2728 4127 2931 4183 Israel:
2971 4121 3301 4193 Interrogate
3331 4133 3466 4171 nunc
3514 4113 3668 4167 hodie
3729 4109 4031 4165 Dominum.
4072 4103 4135 4158 Et

2532 4221 2831 4277 convocavit
2862 4233 2953 4271 rea:
2984 4214 3154 4269 Israel
3176 4227 3350 4266 omnes
3373 4207 3680 4279 prophetas,
3713 4202 3857 4273 quasi
3887 4198 4135 4269 quadrin-

2530 4327 2710 4390 gentos
2730 4316 2892 4378 riros,
2924 4321 2971 4364 et
2997 4308 3128 4362 dixit
3154 4306 3260 4359 illis
3287 4319 3379 4357 rex
3401 4300 3613 4354 Achab:
3645 4296 3709 4352 Si
3740 4295 3823 4348 ibo
3838 4294 3893 4348 in
3924 4293 4133 4349 Remtna

2530 4386 2598 4464 ad
2635 4406 2861 4462 (.‘aiaath
2909 4406 2962 4457 in
3007 4414 3258 4471 pugnam,
3309 4405 3398 4448 aut
3442 4389 3694 4447 cessabo?
3750 4397 3799 4441 et
3855 4386 4131 4439 dixerunt:

2532 4501 2761 4557 Asccnde
2823 4498 2842 4568 (
2878 4495 2956 4549 Ib.
2983 4509 3114 4556 xxn,
3139 4492 3171 4545 5
3202 4492 3241 4559 ).
3278 4488 3342 4543 Et
3382 4486 3553 4540 infra:
3612 4481 3678 4535 Et
3711 4480 3842 4533 dixit
3880 4475 4129 4544 Josapltat

2530 4596 2598 4650 ad
2624 4608 2793 4665 regem
2827 4588 3034 4645 Israel:
3068 4585 3191 4639 Non
3236 4593 3309 4636 est
3353 4580 3435 4632 hic
3486 4576 3760 4645 praphetes
3802 4570 4034 4631 Domini,
4087 4573 4129 4617 ct

3290 4675 3311 4727 ?
3342 4672 3408 4727 Et
3438 4669 3570 4724 dixit
3621 4665 3796 4721 Achab
3824 4679 3915 4717 rea:
3968 4656 4127 4715 Israel

2531 4822 2840 4883 sentiebant
2868 4861 2882 4881 ,
2953 4828 3113 4887 quem
3141 4854 3157 4878 ,
3206 4825 3359 4887 ajque
3380 4822 3473 4887 _ac
3531 4802 3729 4858 Filium
3763 4808 4122 4887 “creaturam

2532 4871 2759 4960 i'ocare,
2803 4871 3051 4959 ideoque
3078 4871 3155 4960 ex,
3178 4871 3353 4938 nihilo
3377 4879 3580 4960 factum
3634 4890 3741 4955 non
3778 4871 4119 4960 dubitarunt:

2534 4942 3023 5038 prdiuchﬁaiio
3076 4951 3405 5038 Imperatori
3448 4948 3591 5028 hanc
3647 4946 3809 5038 etiam
3844 4942 4121 5038 expjuhrat

2534 5015 2760 5096 Lucifer
2790 5015 3197 5090 iri—Trinitatem
3231 5020 3681 5096 blasphemiam,
3705 5017 3776 5096 de
3804 5030 3907 5084 qua
3938 5015 4116 5096 d_i_cer-

2532 5083 2722 5167 iabant
2752 5083 3264 5175 aliquan‘do'A-riani
3289 5083 3420 5175 cum
3454 5083 3831 5175 Setnirarianis,
3875 5096 3929 5140 et
3958 5083 4119 5137 Illaec-

2531 5159 2806 5241 tlonia‘nirs,
2839 5159 2930 5247 qui
2977 5171 3175 5247 paulltr
3195 5166 3549 5247 pudentiores
3597 5159 3859 5241 Spiritum
3886 5167 4115 5209 sanetum

2531 5265 2585 5310 et
2608 5232 3057 5307 ii-ctnninitnio'ne
3088 5232 3306 5309 quidem
3360 5232 3686 5310 diVlItl-Iillli,
3716 5240 3770 5285 et
3803 5247 3829 5281 a
3852 5233 4114 5310 creatura:

2533 5294 3436 5396 ἰιέιὲίιὶῖἧόἶίᾇιζέὀἑειυάυικιιιμ
3478 5304 3598 5359 vae.
3630 5303 3817 5357 I’etav.
3852 5298 3947 5354 nu.
3980 5298 4027 5351 t.
4054 5294 4113 5347 de

2534 5391 2731 5453 ‘I‘rinit.
2764 5408 2883 5462 cap.
2923 5391 3009 5445 14.

2612 5466 2627 5503 r
2675 5444 2750 5520 Ea
2774 5444 2979 5523 iurauit,
3014 5473 3133 5529 qua:
3163 5453 3570 5529 Mediolancnse
3602 5444 3905 5529 Concilium
3937 5449 4112 5529 cense:

2533 5549 2656 5593 ruta
2675 5513 3097 5602 sunt—:tjnaiqite
3132 5524 3464 5602 Athanasius
3498 5525 3550 5575 in
3581 5519 3745 5602 epist.
3774 5515 3840 5602 ad
3869 5513 4026 5602 Solit.
4066 5514 4109 5558 et

2919 5587 3207 5658 ConStant.
3241 5598 3358 5679 fuse
3384 5590 3749 5671 persequitur.
3786 5587 3917 5641 Vide
3964 5590 4108 5637 etiam

2533 5668 2703 5739 Ililar.
2736 5681 2787 5733 in
2820 5678 2917 5732 lib.
2947 5693 3039 5730 un.
3074 5680 3264 5729 contra
3296 5668 3700 5739 Constantium.

2605 5765 2627 5799 r'
2671 5752 2805 5807 Vide
2838 5751 2938 5804 hac
2962 5762 3130 5815 super
3158 5759 3218 5798 re
3263 5718 3575 5796 notationes
3620 5737 3673 5790 in
3708 5732 3801 5788 lib.
3829 5727 3884 5781 2.
3917 5739 4009 5796 pro
4054 5718 4107 5772 9.

2530 5826 2729 5881 Athan.

2608 5896 2631 5933 υ
2676 5896 2813 5951 Ρυιο
2846 5889 3135 5963 legendum
3166 5897 3235 5940 et.
