4292 6374
634 363 732 418 8H

1716 352 2040 410 LUCIFERI
2087 350 2389 410 EPISCOPI
2427 351 2855 409 CALARITANI

3827 357 3920 415 Sl‘Z

631 498 788 553 usque
814 482 868 535 in
898 480 1045 533 hunc
1076 477 1236 532 diem.
1262 476 1333 531 Et
1363 483 1551 531 scelera
1593 474 1862 529 verborum
1897 473 2164 542 Manasse,
2196 483 2245 529 et
2273 493 2325 554 Α
2349 474 2608 544 quoniam
2637 472 2860 543 quidem
2894 485 2999 526 una
3027 481 3176 529 esset
3204 472 3308 530 illis
3339 485 3490 530 mens
3533 471 3922 544 derelinqucndi

634 575 805 630 omnia
843 588 958 643 qua:
982 571 1125 639 fecit,
1154 569 1592 640 quemadmodum
1624 583 1840 638 peccare
1881 568 2002 638 fecit
2050 566 2244 632 Israel,

636 684 803 722 nonne
830 668 940 719 lucc
962 664 1159 734 scripta
1186 671 1302 717 sunt
1328 662 1382 716 in
1435 661 1568 715 libro
1599 660 1868 715 verborum
1913 659 2116 714 dierum
2164 676 2246 715 re-

635 780 757 836 gum
787 761 820 814 J
828 759 956 826 uda,
987 769 1034 813 et
1059 757 1502 829 quemadmodum
1549 756 1858 827 sanguinem
1896 755 2248 810 innocentium

635 858 770 929 fudit
797 856 1018 910 multum
1069 851 1242 920 valde,
1273 867 1434 922 usque
1455 849 1580 904 dum
1628 849 1864 921 impleret
1917 847 2250 903 Hierusalem

633 966 789 1020 super
843 966 898 1003 os
947 958 974 985 α
1021 988 1037 1014 ,
1092 954 1240 1000 extra
1271 953 1562 1015 peccatum,
1604 957 1720 1012 qua:
1767 940 1796 979 ι)
1841 956 2054 1011 peccare
2129 939 2250 1010 fecit

633 1042 810 1108 Juda,
869 1053 924 1096 ut
967 1045 1179 1112 faceret,
1227 1038 1362 1111 quod
1413 1037 1700 1109 malignum
1750 1045 1824 1090 est
1870 1034 1926 1088 in
1973 1042 2252 1104 conspectu

640 1134 848 1190 Domini
880 1134 1015 1187 Dei?
1041 1131 1108 1186 Et
1135 1131 1378 1185 dormivit
1420 1128 1692 1183 Manasses
1713 1143 1830 1181 cum
1857 1126 2093 1197 patribus
2119 1127 2249 1192 suis,

632 1236 678 1281 et
719 1225 948 1298 regnavit
975 1223 1118 1292 ﬁlius
1136 1223 1250 1293 ejus
1277 1237 1371 1292 pro
1394 1237 1476 1286 eo,
1508 1236 1626 1272 cum
1651 1227 1779 1273 esset
1793 1235 2049 1272 annorum
2076 1217 2255 1291 viginti

633 1321 737 1372 duo
779 1318 933 1372 Amos
980 1313 1146 1388 (Ibid.
1177 1314 1387 1384 uni).
1440 1312 1581 1379 Quid
1636 1310 1794 1378 dicis,
1825 1311 2139 1378 Constanti,
2187 1310 2253 1365 ad

636 1411 802 1466 haec?
874 1409 1059 1465 Credo
1117 1409 1232 1479 jam
1299 1407 1552 1461 desinere
1615 1413 1668 1461 te
1726 1405 1945 1462 dicere:
2023 1406 2085 1462 Si
2152 1422 2255 1460 non

639 1503 765 1558 bene
818 1519 1067 1574 agerem,
1124 1519 1226 1556 ιιοη
1275 1516 1436 1554 (⁷880118
1508 1509 1654 1554 tanto
1688 1511 1921 1568 tempore
1990 1515 2254 1573 regnans;

634 1595 853 1667 quando
887 1593 1073 1650 videas
1113 1603 1167 1648 te
1225 1604 1246 1631 ο
1302 1592 1541 1648 alterum
1570 1594 1733 1648 istum
1767 1593 2077 1649 Manassem
2130 1593 2257 1648 talia

636 1694 887 1758 agentem
938 1684 1334 1757 quinquaginta
1393 1694 1606 1754 septem
1650 1685 1813 1740 annis
1861 1700 2143 1756 regnasse;
2203 1694 2258 1741 et

634 1783 758 1852 quia
783 1780 1023 1835 diximus
1055 1791 1108 1835 te
1146 1780 1378 1834 alterum
1424 1795 1548 1835 esse
1596 1779 1932 1846 Manassen),
1965 1781 2146 1836 omnia
2170 1781 2255 1850 ip-

2351 579 2680 630 creatorem,
2706 575 2763 622 et
2783 567 2992 623 servire
3035 577 3322 634 creaturis,
3359 568 3426 623 ita
3457 581 3595 622 nunc
3617 567 3926 638 uiliilexigat

2351 662 2600 718 diabolus
2630 677 2658 716 a
2690 668 2760 728 te,
2801 662 2900 716 nisi
2936 669 2996 716 ιιι
3020 675 3185 731 neges
3207 663 3422 717 unicum
3471 661 3655 716 Filiqu
3689 660 3811 715 Dei?
3834 662 3927 716 hoc

2352 763 2436 808 est
2493 753 2569 808 illi
2618 753 3057 822 acceptissimum
3102 753 3459 818 sacrillcium,
3491 765 3542 806 ut
3597 753 3669 808 sis
3710 751 3927 807 credens

2353 847 2627 918 quomodo
2657 858 2712 902 et
2741 847 2903 902 Arius
2941 846 3236 902 crediderit
3276 863 3290 900 :
3332 847 3452 916 plus
3495 857 3576 903 est
3618 847 3693 901 illi
3738 846 3930 900 nostris

2354 941 2699 1010 temporibus
2727 939 2852 1007 hoc,
2879 948 2939 994 ut
2965 941 3057 996 Dei
3089 954 3252 1010 neges
3285 939 3492 1003 Filium,
3525 955 3677 1012 quam
3704 940 3746 995 si
3775 948 3930 994 temet

2358 1033 2411 1088 in
2442 1033 2654 1090 honore
2681 1034 2924 1088 omnium
2966 1034 3270 1088 daemonum
3313 1033 3525 1104 ignibus
3556 1035 3783 1090 volueris
3810 1048 3933 1088 con-

2357 1127 2610 1180 cremari.
2640 1125 2797 1180 Videt
2827 1127 2970 1180 enim
2999 1128 3066 1180 ab
3096 1125 3342 1180 omnibus
3377 1125 3636 1182 idolorum
3677 1128 3931 1181 culturam

2357 1217 2674 1290 despectam
2702 1260 2716 1284 ,
2759 1219 2902 1289 quod
2980 1233 3118 1273 vana
3176 1218 3333 1273 fuerit
3389 1220 3645 1285 inventio;
3677 1235 3816 1274 mine
3859 1229 3935 1273 est

2357 1313 2585 1380 cupiens
2605 1327 2698 1380 per
2727 1327 2824 1365 vos
2846 1327 2977 1366 suos
3009 1312 3234 1367 famulos
3264 1314 3542 1368 h:l:l‘0llcos
3566 1313 3814 1383 decipere
3844 1329 3935 1366 nos

2360 1403 2456 1460 Dei
2481 1418 2693 1459 senos.
2723 1404 3032 1472 Quomodo,
3065 1407 3266 1476 inquis,
3288 1406 3569 1476 decipere?
3598 1409 3860 1475 quomodo
3887 1418 3939 1462 et

2362 1506 2415 1551 te
2466 1495 2575 1566 jam
2607 1495 2910 1567 deceperit,
2961 1497 3033 1552 ita
3072 1508 3129 1552 et
3170 1513 3270 1553 nos
3302 1498 3413 1553 vult
3453 1498 3652 1569 decipi:
3701 1515 3821 1554 cum
3868 1501 3938 1554 sis

2360 1587 2619 1653 Arianus,
2647 1587 2717 1644 ad
2742 1588 2846 1644 lioc
2875 1599 2927 1644 te
2953 1589 3114 1661 lingis
3130 1587 3516 1658 Christianum,
3535 1592 3701 1648 donec
3736 1609 3940 1649 veneno

2365 1679 2589 1736 literesis
2623 1695 2727 1736 tua:
2759 1682 2940 1754 possis
2974 1697 3185 1739 vermes
3234 1692 3259 1731 ε
3311 1684 3575 1751 sauciare,
3607 1701 3711 1754 quo
3736 1687 3941 1756 possint

2362 1773 2624 1846 deinceps
2655 1790 2765 1832 non
2793 1790 2916 1832 esse
2943 1777 3267 1842 Christiani,
3298 1778 3442 1848 quod
3479 1794 3575 1834 nos
3611 1795 3818 1840 sumus.
3849 1779 3938 1834 sed

633 1878 747 1932 sius
778 1888 829 1933 te
879 1877 1086 1932 habere
1129 1878 1414 1946 eou5picc.
1470 1877 1569 1931 llle
1610 1877 1664 1930 iu
1702 1877 1795 1932 Dei
1825 1881 1992 1932 domo
2026 1877 2256 1932 idololav
2294 1894 2340 1954 Β
2368 1872 2511 1940 quod
2547 1885 2642 1924 VOS
2685 1871 2820 1927 estis
2873 1872 3087 1926 Ariani.
3117 1871 3246 1927 Haec
3296 1882 3382 1929 est
3426 1873 3604 1944 sagina
3642 1874 3936 1928 ciliciorum

635 1971 794 2025 triam
825 1969 1134 2034 constituit,
1165 1969 1393 2023 totidem
1449 1971 1566 2035 ipse
1615 1969 1793 2023 fecisti
1849 1967 1900 2023 in
1953 1968 2162 2039 templo
2209 1979 2268 2026 et

633 2065 842 2120 rudibus
880 2063 1119 2128 Domini;
1155 2064 1247 2118 ille
1290 2063 1437 2116 idola
1484 2061 1614 2117 fecit
1673 2063 1918 2128 adorari,
1984 2064 2269 2134 usurpavit

637 2161 741 2215 sibi
770 2159 915 2229 quod
951 2153 1166 2212 Domini
1197 2156 1504 2219 dicebatur,
1541 2165 1599 2209 ut
1632 2155 1898 2226 deinceps
1948 2157 2059 2212 diri
2093 2157 2266 2227 possit

639 2253 906 2307 idolorum
941 2251 1142 2314 cultor;
1171 2250 1353 2304 omnia
1385 2249 1501 2302 lucc
1541 2258 1596 2303 et
1620 2257 1674 2303 tu
1711 2249 1913 2316 fecisti,
1943 2250 2070 2319 quia
2101 2250 2262 2304 Aria-

637 2361 758 2399 nam
793 2343 1050 2399 haeresim
1109 2342 1461 2397 introduxiin
1521 2342 1574 2394 in
1619 2342 1951 2410 ecclesiam,
2001 2351 2057 2396 et
2111 2344 2204 2413 qui
2234 2340 2262 2376 ιλ

637 2439 1038 2508 blasphemiam
1113 2447 1260 2490 tuam
1345 2445 1616 2505 tamquam
1684 2436 1845 2491 [idem
1931 2437 2261 2492 catholicam

633 2531 873 2586 statuisti
909 2528 1344 2598 suscipiendam,
1367 2529 1513 2582 illam
1544 2543 1676 2583 vero
1715 2529 1858 2596 apud
1892 2529 2094 2582 Niciam
2126 2529 2264 2584 scri-

645 2635 812 2693 ptam,
865 2636 1026 2691 quam
1105 2635 1206 2674 nos
1230 2621 1436 2674 scimus
1467 2619 1824 2688 apostolicam
1859 2621 2262 2689 evangelicam-

630 2732 760 2786 qttc,
794 2711 1172 2784 tlcspuendam
1221 2712 1524 2771 mandaris;
1574 2722 1632 2765 ιιι
1667 2721 1720 2765 ιιι
1772 2726 1919 2766 nunc
1977 2712 2093 2767 lucc
2139 2711 2261 2768 ﬁeri

633 2807 964 2876 concupisti,
1003 2806 1076 2859 ita
1107 2815 1161 2860 ct
1192 2804 1472 2858 Manasses
1508 2803 1765 2858 omnibus
1815 2803 1977 2859 idolis
2018 2805 2258 2860 servien-

635 2903 762 2958 dum
795 2916 921 2955 esse
953 2898 1257 2963 mandavit,
1308 2897 1680 2952 recedendum
1725 2912 1854 2950 vero
1893 2915 1921 2950 a
1961 2899 2091 2952 Deo.
2141 2897 2261 2952 Non

640 3010 770 3065 ergo
797 2995 904 3048 erit
959 2991 1266 3046 mirandum
1299 2992 1342 3043 si
1379 2989 1477 3044 tibi
1533 2990 1822 3044 vindicasti
1853 2988 2001 3044 azdes
2023 3030 2036 3053 ,
2071 3005 2207 3059 quas
2235 3000 2257 3026 ο

643 3090 914 3159 colligere
963 3101 1153 3141 sumus
1197 3085 1343 3139 soliti
1386 3085 1482 3139 Dei
1535 3085 1830 3155 potiulum,
1863 3095 1916 3139 et
1946 3085 2258 3139 teidolola-

641 3193 778 3238 tram
816 3182 1002 3237 dixisti
1031 3196 1155 3236 esse
1190 3179 1551 3245 catholicum,
1580 3179 1800 3248 quando
1829 3178 2016 3232 videas
2068 3189 2123 3233 et
2149 3176 2259 3232 Ma-

2373 1975 2594 2020 tuorum
2622 1980 2745 2036 qua
2775 1981 2874 2036 per
2895 1975 2947 2020 te
2987 1965 3276 2022 exhibetur
3299 1965 3595 2022 daemoniis.
3623 1968 3719 2034 Qui
3744 1970 3936 2022 etenim

2371 2058 2475 2111 nisi
2504 2057 2758 2114 diabolus
2809 2065 2867 2112 et
2903 2057 3023 2128 ejus
3051 2056 3148 2113 ﬁlii
3192 2058 3373 2114 dicere.
3425 2073 3640 2131 pOSSImI
3693 2061 3756 2114 de
3791 2060 3939 2115 unico

2369 2147 2464 2204 Dei
2489 2149 2651 2214 Filio;
2687 2148 2862 2205 Filius
2892 2159 2988 2216 est,
3013 2161 3061 2205 et
3090 2168 3192 2206 non
3221 2161 3292 2206 est
3310 2167 3455 2206 verus
3492 2152 3669 2217 Filius;
3699 2153 3830 2206 Deus
3849 2168 3936 2214 est,

2369 2252 2542 2297 etnon
2565 2256 2640 2298 est
2665 2260 2813 2300 verus
2836 2245 2976 2300 Deus
2999 2247 3025 2300 ?
3054 2244 3198 2317 Ergo
3220 2256 3274 2300 tu
3303 2262 3424 2302 cum
3451 2246 3605 2312 dicis,
3637 2247 3938 2301 Christianus

2369 2354 2507 2405 sum,
2549 2339 2639 2393 sed
2663 2355 2767 2394 non
2819 2340 2976 2394 credo
3030 2338 3197 2395 Deum
3225 2357 3396 2395 verum
3427 2341 3605 2394 habere
3629 2338 3936 2403 b'ilium,uon

2369 2432 2524 2486 credo
2554 2449 2712 2486 uuam
2740 2436 3020 2503 potentiam
3047 2433 3222 2488 Patris
3251 2445 3296 2487 et
3321 2433 3449 2487 lt‘itii
3475 2450 3490 2498 ;
3515 2449 3632 2488 cum
3681 2431 3811 2486 dicis
3858 2431 3937 2486 Fi-

2369 2525 2499 2579 lium
2532 2533 2864 2593 creaturam,
2901 2528 3099 2582 factum
3129 2527 3278 2581 illum
3325 2543 3392 2582 ex
3445 2527 3630 2593 nihilo;
3659 2542 3773 2581 cum
3813 2527 3938 2580 dicis

2367 2619 2559 2683 fuisse,
2599 2619 2816 2689 qumdo
2846 2637 2955 2676 non
2997 2621 3182 2688 luerit,
3230 2621 3417 2678 melius
3461 2632 3518 2677 tu
3545 2621 3802 2678 sacriﬁcas
3828 2622 3938 2676 dia-

2369 2713 2520 2778 bolo,
2555 2728 2717 2783 quam
2767 2724 2896 2769 tunc
2939 2715 3217 2771 Manasses
3263 2716 3477 2786 quando
3515 2715 3650 2771 ﬁlios
3699 2731 3819 2771 suos
3854 2725 3940 2771 aut

2371 2822 2466 2876 per
2496 2823 2673 2877 ignem
2701 2809 2955 2864 omnibus
2979 2810 3337 2866 consecrabat
3383 2811 3679 2876 darnmniis,
3709 2820 3796 2865 aut
3822 2827 3934 2866 cum

2366 2901 2773 2955 concretnabat.
2831 2901 2997 2957 Doleo
3027 2902 3147 2968 tibi,
3179 2895 3492 2972 imperator,
3523 2919 3639 2958 cum
3673 2911 3825 2957 tantm
3864 2904 3936 2956 sis

2364 2991 2718 3060 insipientim,
2751 3003 2805 3048 et
2833 3008 2955 3049 cum
2986 2996 3062 3049 sis
3093 3004 3238 3049 tanta
3273 2993 3475 3051 faciens
3525 2995 3678 3060 mala,
3712 2995 3935 3065 digneris

2367 3097 2547 3141 tamen
2580 3087 2806 3143 dicere:
2865 3087 2927 3144 Si
2957 3106 3059 3143 non
3082 3091 3206 3144 bene
3258 3093 3497 3160 facerem,
3553 3105 3650 3142 non
3691 3089 3849 3141 adhuc
3885 3089 3935 3139 in

2365 3197 2525 3251 regno
2547 3197 2733 3247 essent;
2759 3187 2874 3253 jam
2902 3200 2980 3236 nte
3010 3184 3146 3236 [lens
3176 3184 3511 3238 exstinxisset.
3542 3181 3657 3237 Non
3684 3183 3937 3250 conspicis

637 3293 856 3332 nossem
879 3273 1422 3342 iecisscistud,quod
1445 3272 1892 3336 tuuuncleceris;
1918 3273 1998 3326 sic
2020 3272 2262 3343 denique
2291 3295 2338 3359 ρ
2371 3272 2534 3326 istum
2583 3274 2885 3328 Manassem
2935 3276 2986 3329 in
3018 3275 3305 3345 sacrilegio
3361 3285 3411 3331 et
3442 3274 3806 3331 incredulitate
3846 3274 3934 3330 tibi

637 3382 692 3427 et
709 3372 802 3426 tibi
823 3379 1010 3439 parcet
1031 3367 1289 3422 Dominus
1305 3366 1443 3419 viam
1462 3364 1674 3420 tenenti
1693 3364 1968 3426 Manasse,
1988 3365 2263 3434 quomodo

637 3464 716 3518 illi
751 3461 1081 3533 pepercerit,
1117 3469 1171 3513 et
1201 3472 1489 3527 quousque
1520 3455 1857 3525 pepercerit,
1896 3465 1956 3510 ut
1993 3457 2262 3525 scriptum

639 3561 712 3614 sit
757 3559 1030 3614 dormisse
1063 3556 1216 3609 illum
1259 3569 1382 3608 cum
1419 3552 1666 3622 patribus
1712 3551 1848 3615 suis,
1898 3561 1955 3606 et
1989 3551 2261 3620 sepultum

640 3657 690 3708 in
740 3649 1105 3711 Hierusalem,
1170 3655 1222 3700 et
1274 3644 1591 3714 suscepisse
1653 3643 1774 3698 loco
1828 3643 1972 3696 illius
2037 3658 2261 3712 regnum

644 3750 812 3804 lilium
845 3747 985 3816 ejus.
1045 3741 1315 3812 Nunquid
1365 3739 1500 3810 legis
1530 3740 1580 3794 in
1618 3739 1762 3792 bello
1803 3738 1953 3792 illum
1987 3738 2264 3793 interiisse

648 3852 705 3896 ιιι
758 3841 937 3910 aliqua
972 3837 986 3874 ί
1024 3836 1337 3890 valetudine
1371 3835 1814 3903 prargravatum'.’
1857 3835 2112 3897 minime;
2168 3831 2262 3887 sed

651 3934 777 4007 quid
836 3933 1033 3995 sentis,
1083 3929 1267 3995 credo,
1318 3943 1418 3996 pro
1475 3936 1561 3980 tua
1617 3926 1707 3979 illa
1763 3926 2074 3994 prudentia,
2129 3927 2268 3981 dicis

651 4031 868 4097 impune
898 4025 1079 4080 omnia
1109 4023 1183 4076 illi
1213 4022 1453 4076 cessisse
1484 4019 1734 4074 lllauassc
1759 4019 1895 4088 regi.
1923 4019 2074 4073 Talis
2102 4034 2161 4073 es
2187 4027 2265 4082 tu,

647 4136 702 4180 ut
727 4125 799 4178 ita
847 4121 1055 4176 sentias
1086 4117 1153 4172 de
1181 4116 1448 4180 Manasse;
1476 4114 1622 4184 quod
1655 4113 1799 4168 enim
1831 4113 1957 4183 quia
1998 4115 2270 4184 quinqua-

647 4224 793 4291 ginta
826 4226 1036 4286 septem
1070 4215 1226 4267 annis
1260 4224 1498 4280 regnans
1532 4208 1644 4262 lilio
1679 4206 1904 4262 tradidit
1945 4224 2193 4278 regnum,
2216 4215 2272 4262 ct

649 4317 765 4385 ipse
791 4314 843 4366 in
881 4324 1010 4380 pace
1036 4306 1324 4370 deiecerit,
1372 4303 1652 4372 potuerint
1696 4301 1917 4369 impune
1956 4301 2004 4354 ei
2036 4301 2272 4355 cessisse

651 4417 798 4462 tanta
849 4403 1109 4457 admissa.
1143 4398 1262 4452 Noli
1297 4396 1393 4451 tibi
1447 4397 1563 4464 ipse
1597 4395 1845 4447 misereri
1899 4401 1955 4446 ut
1995 4403 2162 4447 tentet
2205 4394 2272 4448 ad

655 4503 824 4558 Deum
857 4506 1059 4558 vertas,
1089 4492 1202 4547 noli
1248 4491 1530 4560 corrigere
1563 4488 1806 4542 nefarios
1849 4496 2004 4542 actus
2044 4496 2188 4553 tuos,
2220 4495 2276 4542 et

659 4596 904 4652 invenies
937 4601 990 4645 te
1026 4589 1265 4656 torqueri
1300 4599 1423 4639 cum
1474 4582 1742 4645 Manasse,
1778 4596 1940 4651 quem
1969 4579 2272 4635 Mauasscm

2371 3367 2828 3437 comparandum,
2859 3369 3000 3438 quod
3030 3367 3411 3440 quinquaginta
3439 3380 3639 3439 septem
3684 3369 3852 3429 anuis,
3878 3379 3930 3420 ut

2372 3477 2518 3528 sepe
2548 3461 2684 3527 dixi,
2728 3478 2956 3532 regnum
3007 3464 3242 3519 tenuerit
3274 3466 3326 3519 in
3372 3463 3593 3519 ludam?
3633 3462 3716 3518 hic
3765 3465 3935 3532 utique

2371 3555 2462 3623 qui
2498 3556 2691 3609 fecerit
2722 3555 3043 3626 delinquere
3070 3555 3093 3592 ¹ι
3126 3559 3381 3627 populum
3414 3557 3632 3621 Domini,
3657 3567 3708 3612 ct
3745 3558 3936 3612 servire

2372 3646 2553 3710 idolis;
2582 3648 2670 3701 llic.
2699 3649 2883 3718 utique
2909 3649 2998 3719 qui
3024 3651 3075 3702 in
3107 3650 3309 3718 templo
3337 3649 3545 3704 Domini
3571 3661 3622 3706 et
3669 3652 3716 3703 in
3747 3649 3938 3703 a-dibus

2375 3741 2470 3796 Dei
2496 3742 2792 3795 simulacra
2825 3743 3196 3810 collocaverit,
3223 3745 3316 3813 qui
3338 3745 3552 3798 domum
3597 3744 3707 3807 Dei,
3738 3745 3821 3813 qui
3861 3759 3940 3798 Sa-

2371 3838 2604 3892 crarium
2628 3838 2750 3908 ejus
2769 3839 3090 3907 inajestatis,
3125 3839 3388 3894 idolorum
3431 3839 3612 3894 fecerit
3638 3839 3938 3893 sacrarium.

2371 3928 2461 3984 Sic
2492 3937 2547 3983 et
2573 3938 2624 3984 te
2660 3931 2862 3997 patitur
2909 3931 3071 3999 Deus,
3099 3933 3176 3987 sic
3203 3932 3432 3988 sustinet
3462 3932 3632 4003 quoad
3660 3947 3822 4001 uSqtte
3871 3933 3936 3984 ta-

2376 4020 2580 4074 tuiliatn
2617 4021 2809 4089 probet
2836 4038 3010 4088 suam,
3055 4034 3108 4078 et
3135 4023 3326 4094 dignos
3360 4035 3601 4091 coronet,
3629 4035 3680 4078 ct
3710 4024 3938 4094 indiguus

2377 4124 2554 4170 tecum
2587 4116 2686 4170 nisi
2721 4127 2770 4170 te
2799 4118 3112 4172 correxeris
3139 4118 3205 4172 ad
3234 4128 3486 4172 aeternam
3520 4119 3696 4187 puniat
3719 4133 3936 4186 pruriant.

2375 4212 2646 4264 Craterum
2676 4211 2841 4266 crede
2861 4210 3005 4281 quod
3044 4214 3209 4282 possit
3252 4214 3330 4267 sic
3359 4222 3414 4266 et
3441 4221 3564 4267 tunc
3586 4211 3869 4266 Maluissem
3895 4223 3940 4266 ct

2380 4320 2524 4359 nunc
2576 4315 2629 4358 te
2661 4306 2714 4358 in
2783 4320 2890 4360 uno
2955 4317 3138 4361 atomo
3189 4307 3201 4343 ί
3261 4309 3600 4378 exstinguere
3643 4308 3938 4361 oculorum:

2378 4398 2472 4452 sed
2506 4400 2699 4468 parcit,
2732 4414 2838 4454 non
2867 4401 2993 4470 quia
3019 4416 3124 4455 non
3173 4402 3359 4471 possit,
3384 4402 3475 4456 sed
3499 4401 3616 4472 quia
3648 4401 3854 4469 dignum
3884 4401 3946 4452 sit

2377 4500 2430 4544 et
2462 4491 2580 4560 ejus
2605 4494 2854 4547 coronari
2897 4494 3137 4549 cultores
3189 4504 3376 4550 contra
3407 4506 3629 4551 vestram
3681 4502 3946 4548 tuaucutcs

2379 4586 2763 4640 crudelitatem
2799 4587 3129 4651 immobiles,
3162 4596 3216 4641 ct
3258 4603 3354 4642 vos
3391 4589 3635 4642 initnicos
3687 4586 3798 4654 t'jus
3843 4585 3944 4639 cle-

657 4690 709 4744 in
738 4706 804 4743 eo
830 4684 1032 4739 videris
1061 4691 1114 4734 tu
1165 4677 1516 4748 pra-cedere;
1561 4674 1706 4744 quod
1735 4674 1880 4728 enim
1931 4674 2021 4728 illc
2063 4682 2272 4728 tantum
2307 4699 2355 4757 ι)
2383 4680 2623 4744 mentite,
2678 4680 2723 4732 si
2778 4679 2917 4733 tales
2974 4689 3031 4732 ut
3081 4679 3211 4734 estis
3248 4681 3445 4736 durare
3499 4681 3830 4742 censuerili~,
3884 4679 3939 4732 ad

657 4785 797 4838 intra
822 4778 1091 4833 terminos
1111 4771 1451 4824 Hierusalem
1471 4767 1794 4837 sanguinem
1824 4767 2097 4836 jnstorum
2126 4765 2279 4822 fude-

657 4878 746 4940 rit,
773 4887 827 4930 tu
857 4880 1039 4928 autem
1075 4877 1190 4920 toto
1219 4863 1405 4918 fudisti
1440 4876 1501 4914 ac
1531 4859 1711 4914 [undis
1731 4859 1782 4913 in
1811 4875 1981 4930 regno
2007 4860 2274 4918 Romano.

659 4973 788 5035 Sed,
823 4968 1024 5037 inquis,
1058 4962 1151 5016 ille
1194 4959 1335 5013 filios
1365 4970 1495 5010 suos
1541 4964 1670 5008 ante
1701 4954 1997 5008 simulacra
2045 4955 2274 5011 deorum

659 5079 882 5118 suorum
939 5052 1311 5112 concremavit
1371 5051 1452 5104 vel
1515 5047 1905 5101 consecravit:
1961 5055 2015 5101 et
2084 5050 2180 5102 tibi
2234 5051 2281 5104 si

661 5158 911 5216 fuissem,
959 5152 1186 5204 l'ccisses
1217 5146 1334 5199 sine
1370 5143 1535 5198 dubio
1567 5141 1790 5196 eosdem
1845 5139 2104 5194 Ariauaui
2163 5157 2282 5198 sns-

658 5252 839 5320 cipcre
890 5237 1308 5310 blasphemiam.
1366 5241 1445 5290 An
1496 5234 1739 5305 ignoras,
1791 5235 1915 5303 quia
1965 5234 2106 5289 sicut
2147 5243 2274 5293 tunc

661 5344 945 5416 placebant
974 5335 1193 5393 diabolo
1237 5332 1289 5386 lii
1339 5332 1426 5401 qui
1480 5330 1623 5384 ﬁlios
1669 5343 1804 5384 suos
1849 5328 2264 5399 cotnburcbaut,

731 5494 752 5519 η
801 5482 870 5532 (is
894 5494 1048 5546 super
1073 5493 1148 5529 os.
1179 5475 1356 5528 Latin.
1383 5481 1642 5546 relgrertc.

728 5557 754 5593 b
799 5543 1074 5619 Quod-pro
1104 5563 1240 5615 qurc,
1280 5555 1336 5600 et
1381 5543 1519 5597 infra
1561 5545 1737 5613 viginti
1785 5543 1916 5597 duos
1950 5557 2047 5613 pro
2092 5544 2268 5616 viginti

663 5630 764 5679 duo
795 5624 955 5677 liabet
984 5623 1170 5676 Saliat.

735 5710 754 5736 ε
801 5695 854 5749 ιιι
887 5705 988 5755 est,
1021 5694 1105 5760 qui
1137 5694 1269 5744 alter
1297 5698 1369 5740 est
1400 5685 1585 5740 similis
1615 5687 1723 5740 tibi.

730 5769 752 5804 «1
799 5768 954 5830 Quia.
993 5765 1164 5816 Latin.
1193 5774 1246 5814 et
1279 5769 1448 5815 recte.

729 5862 740 5877 .,
787 5844 887 5894 pm
948 5836 1087 5904 apud
1142 5851 1284 5900 ςμιιιδ,
1339 5833 1424 5887 vel
1478 5831 1532 5883 in
1579 5829 1785 5898 quibus.
1837 5831 1940 5885 'l‘il.
1998 5832 2058 5886 In
2113 5849 2262 5903 quas.

652 5912 827 5967 Latin.

2384 4788 2599 4839 prauam
2651 4771 2880 4828 damnet
2933 4774 3339 4844 sempiternam.
3372 4776 3448 4829 Tu
3487 4785 3540 4829 ut
3568 4775 3745 4829 dicas:
3778 4774 3835 4829 Si
3856 4789 3944 4826 nou

2381 4867 2508 4920 bene
2537 4882 2763 4935 agt-rent,
2789 4883 3064 4936 numquam
3103 4867 3273 4922 adhuc
3300 4869 3616 4940 imperarem,
3653 4867 3847 4921 faciunt
3877 4866 3942 4919 illi

2382 4961 2474 5032 qui
2501 4972 2551 5014 te
2578 4968 2852 5014 errantem
2904 4975 3009 5016 non
3034 4962 3210 5016 solum
3241 4963 3435 5032 corrigi
3471 4961 3672 5025 nolunt,
3701 4960 3792 5013 scd
3821 4969 3874 5013 ut
3899 4971 3944 5012 et

2385 5068 2580 5123 pereas
2630 5054 2932 5122 impellunt.
2980 5053 3096 5110 Non
3129 5057 3344 5122 mirutn;
3375 5057 3631 5126 scriptmu
3683 5063 3763 5108 cst
3791 5056 3938 5118 enim,

2385 5157 2441 5202 et
2471 5155 2523 5202 te
2545 5159 2599 5200 et
2627 5145 2749 5200 illos
2775 5148 2912 5202 tales
2937 5149 3179 5204 futuros:
3208 5148 3473 5203 Laudatur
3499 5157 3725 5216 peccator
3749 5149 3799 5200 in
3826 5148 3942 5199 orsi-

2386 5242 2546 5296 rleriis
2591 5244 2779 5297 animrv
2833 5259 2959 5309 suat,
2989 5254 3034 5298 et
3076 5245 3163 5315 qui
3212 5246 3388 5315 iniqua
3434 5245 3561 5315 gerit
3609 5243 3941 5296 brurdicetur:

2377 5335 2985 5391 exacerbavitDontinum
3017 5347 3258 5407 peccator
3278 5335 3554 5391 secundum
3592 5336 3939 5389 multitudinem

2462 5474 2478 5511 ί
2533 5475 2625 5528 Vel
2653 5476 2846 5546 aliqua.
2871 5477 2978 5532 ἰἰΙ.
3013 5494 3019 5501 ’

2456 5557 2479 5593 ε
2523 5547 2730 5602 Sensus
2761 5547 3051 5613 obscurus;
3097 5551 3238 5604 forte
3271 5558 3324 5602 ut
3375 5550 3534 5620 possis
3582 5565 3734 5617 usque
3771 5562 3937 5602 termes

2380 5620 2640 5684 sauciare;
2670 5621 2778 5685 Vel,
2827 5632 2880 5674 tu
2913 5637 3125 5683 termes,
3153 5636 3247 5690 pro
3292 5623 3470 5674 renuis
3513 5622 3738 5675 sauciare
3787 5621 3937 5674 Chris-

2381 5691 2571 5753 tianos,
2599 5699 2650 5744 ul
2684 5709 2784 5746 non
2810 5694 3006 5762 possint
3033 5709 3139 5746 csse
3164 5694 3268 5746 veri
3291 5691 3582 5747 Christiani.

2453 5761 2479 5834 ll
2521 5761 2892 5834 Derelinquerc
2921 5765 3164 5833 pupulum
3192 5762 3376 5818 Deum.
3410 5763 3581 5820 Vatic.

2459 5832 2470 5868 ί
2522 5835 2572 5889 Id
2599 5847 2703 5901 est,
2728 5832 2781 5890 in
2806 5837 2910 5890 ictu
2939 5832 3074 5890 oculi
3103 5838 3440 5909 exstinguere.
3462 5837 3562 5894 Til.
3592 5848 3645 5895 et
3669 5836 3740 5893 La
3766 5834 3932 5892 Cerda.
