3900 6434
456 310 559 369 199

837 418 1068 476 CODEX
1097 415 1630 474 VERCELLENSIS.

1270 523 1365 563 vos
1386 508 1436 560 in
1458 505 1668 560 concili-

1271 578 1337 639 is,
1361 586 1413 631 et
1433 576 1663 643 ﬂagella-

1268 649 1355 701 18.
1398 646 1526 699 bunt
1555 659 1687 698 vos:
1722 653 1777 697 et
1801 657 1895 696 an-

1269 725 1321 768 te
1344 728 1494 783 rcges
1519 723 1571 767 et
1599 727 1752 783 prae.

1267 781 1508 851 sides'(a)
1533 782 1741 837 stabitis
1763 781 1803 850 -ι-

453 514 630 582 digna,
658 511 836 566 veniet

454 599 556 652 pax
581 590 757 637 vestra
781 596 870 652 su-

455 651 552 722 per
576 668 737 722 eam;
770 651 816 704 si
845 658 1020 706 autem

453 720 558 776 non
584 720 744 776 fuerit

450 792 629 860 digna,
661 805 762 857 pax
791 803 916 844 ves-

451 851 534 914 tra
555 851 624 913 ad
647 851 742 912 vos
764 872 846 913 re-
1269 863 1482 934 propter
1510 867 1614 932 me,
1647 851 1701 904 in

450 937 706 985 vertetur.
1270 929 1630 977 testimonium

451 998 541 1054 14.
579 997 648 1054 Et
676 997 998 1067 quicumque
1268 992 1472 1067 i_|lis,_et
1493 989 1758 1058 gentibus.

449 1084 554 1123 non
583 1059 801 1135 recepe-
909 1059 928 1066 “
1269 1061 1353 1135 19.
1393 1059 1525 1114 Cum
1547 1068 1725 1135 autem
1748 1067 1858 1114 tra-

1265 1130 1395 1185 dent
1425 1144 1540 1194 vos,
1568 1127 1698 1182 noli-

1265 1209 1318 1253 te
1338 1199 1573 1268 cogitare
1597 1197 1712 1268 quit

1264 1266 1552 1338 loquamini
1577 1282 1589 1319 :
1613 1266 1712 1338 da-

1264 1336 1405 1392 bit—ur
1431 1336 1582 1390 vobis
1610 1336 1663 1388 in

1265 1407 1351 1460 illa
1383 1408 1535 1469 hora,
1564 1403 1692 1475 quid

1263 1475 1572 1547 loquamini.

1259 1543 1353 1600 2οῖ
1387 1545 1502 1600 Νοη
1531 1543 1675 1598 enim
1700 1558 1796 1598 vos

1261 1616 1391 1668 estis
1417 1615 1506 1683 qui
1522 1613 1703 1683 loqui~

1265 1683 1414 1761 mini,
1439 1682 1536 1736 Sed
1559 1682 1801 1761 Spiritus

1263 1753 1435 1807 Patris
1458 1751 1653 1816 vestri,
1674 1751 1683 1765 '

1263 1823 1351 1901 qui
1384 1821 1614 1901 loquitur

1263 1893 1315 1945 in
1344 1892 1514 1944 vobis.

1259 1961 1348 2015 21.
1391 1959 1588 2015 Tradet
1612 1969 1789 2014 autem

1263 2032 1426 2085 frater
1438 2029 1655 2085 fratrem

1262 2102 1316 2155 in
1343 2109 1589 2164 mortem,
1616 2109 1670 2154 et

1258 2169 1416 2225 Pater
1441 2169 1609 2224 filium
1640 2186 1654 2224 :
1677 2179 1732 2224 et

1259 2241 1537 2309 insurgent
1565 2237 1639 2292 fili

1260 2311 1312 2363 in
1346 2316 1616 2378 parentes,

1259 2388 1313 2432 ει
1339 2389 1510 2432 morte
1539 2391 1634 2431 COS

1259 2447 1350 2500 22.
1392 2445 1638 2500 adiicient
1664 2463 1676 2499 :
1705 2456 1758 2500 et

1261 2517 1413 2571 eritis
1432 2515 1555 2570 odio
1583 2530 1699 2567 om-

1261 2587 1418 2640 nibus
1446 2585 1689 2654 gentibus

1261 2667 1475 2725 propter
1498 2669 1692 2709 nomen

1259 2741 1433 2781 tneuin
1465 2743 1478 2778 :
1504 2725 1593 2791 qui
1613 2737 1706 2778 au—‘

1259 2806 1366 2850 tem
1399 2809 1642 2862 perseve-

1258 2866 1455 2920 raverit
1488 2877 1653 2920 usaue

1257 2936 1322 2989 ad
1358 2935 1539 2997 ﬁnem,
1571 2933 1660 2987 hic

1256 3005 1435 3058 salvus
1461 3005 1580 3059 erit.

1254 3075 1343 3127 25.
1384 3075 1517 3128 Cum
1549 3080 1724 3128 autem

851 3189 1079 3246 CODEX
1105 3185 1568 3244 CORBEIENSIS.

380 3307 382 3310 τ
435 3286 592 3355 digna
612 3282 838 3355 ,gveniet
875 3296 977 3350 pax
1005 3287 1181 3334 vestra
1209 3291 1371 3355 super
1408 3290 1526 3330 eam
1556 3294 1570 3329 :
1598 3275 1662 3355 si
1688 3283 1863 3355 autem
1893 3289 1998 3354 non

437 3345 811 3422 fuérit'digna,
853 3345 956 3421 pax
984 3360 1161 3422 vestra
1208 3348 1275 3400 ad
1314 3361 1410 3400 vos
1437 3353 1755 3422 revertetur.
1794 3345 1859 3398 Et
1886 3347 2001 3414 qui-

435 3414 704 3494 quumqué
730 3414 836 3477 non
854 3414 882 3452 ’ί
915 3419 1178 3494 receperit
1203 3431 1320 3494 vos,
1349 3414 1774 3494 neque_audierit
1799 3429 2003 3494 sermo-

436 3484 532 3548 ties
557 3484 767 3547 vestros
794 3510 806 3544 :
841 3484 1097 3545 exeuntes
1126 3488 1268 3542 foras
1296 3488 1316 3518 ³
1341 3496 1488 3540 extra
1519 3484 1732 3538 domtnn
1763 3486 1844 3538 vel
1873 3486 2004 3539 civi-

438 3572 623 3626 tatem,
647 3562 880 3615 exeutite
901 3561 1174 3626 pulverem
1203 3558 1269 3612 de
1296 3557 1517 3626 pedibus
1543 3555 1798 3626 vestris}.
1832 3555 2002 3610 Amen

437 3633 556 3688 dico
583 3623 735 3685 vobis
759 3648 770 3681 :
801 3623 1155 3683 Tolerabilius
1176 3628 1279 3681 erit
1300 3623 1322 3655 ι
1352 3625 1614 3678 Sodomae
1635 3633 1687 3677 et
1713 3623 2003 3680 Gomorrae

437 3705 490 3758 in
518 3701 605 3757 die
641 3698 827 3769 iudicii
849 3739 864 3764 ,
915 3712 1072 3769 quam
1121 3695 1216 3769 illi_
1241 3694 1466 3748 civitati.
1504 3693 1652 3769 _Ecce
1682 3693 1702 3721 ⁸
1729 3693 1880 3769 mitto
1908 3710 2002 3748 vos

437 3775 574 3827 sicut
603 3761 730 3826 oves
757 3770 778 3799 ⁸
805 3761 947 3822 inter
971 3766 1144 3834 lupos.
1178 3764 1359 3819 Estote
1387 3761 1674 3834 prudentes
1713 3762 1850 3815 sicut
1891 3779 2003 3817 ser-

437 3852 657 3912 pentes,
691 3850 745 3896 et
791 3831 1060 3912 simplices
1110 3835 1127 3865 ⁷
1172 3834 1554 3912 ut_eolumbae.
1594 3831 1786 3912 Cavete
1820 3842 2000 3912 autem

438 3901 505 3965 ab
533 3901 853 3966 hominibus.
881 3901 1118 3962 Tradent
1155 3906 1296 3959 enim
1329 3916 1422 3956 vos
1451 3902 1500 3954 in
1547 3901 1817 3961 conciliis.
1861 3914 1914 3956 et
1946 3903 2001 3956 in

439 3981 719 4050 synagogis
755 3981 881 4051 suis,
903 3974 1246 4051 llagellabunt
1277 3989 1371 4026 vos
1390 3988 1410 4051 _:
1447 3981 1500 4026 et
1529 3971 1697 4051 3ante
1720 3973 2000 4051 praesides

438 4042 494 4104 ei
519 4042 672 4118 reges
698 4061 720 4087 ε
752 4048 963 4103 stabitis
977 4042 1207 4118 propter
1238 4058 1323 4097 me
1343 4083 1358 4107 ,
1388 4043 1438 4096 in
1467 4042 1826 4118 testimonium
1860 4042 2000 4118 ipso-

440 4113 605 4181 rum:
631 4129 685 4173 et
712 4120 966 4188 gentium.
996 4113 1186 4188 'Quum
1220 4113 1785 4188 autemtradentvos,
1806 4183 1817 4188 _
1837 4113 2001 4188 nolite

439 4188 650 4264 solliciti
680 4182 809 4264 esse
848 4182 1114 4264 quomodo
1140 4193 1230 4238 aut
1254 4182 1378 4264 quid
1416 4182 1755 4264 loquamini“:
1788 4183 2000 4262 dabitur

439 4261 579 4312 enim
611 4257 759 4309 vobis
786 4258 839 4308 in
867 4250 963 4307 illa
1003 4257 1131 4307 liora
1152 4295 1166 4319 ,
1197 4250 1320 4323 quid
1364 4252 1669 4323 loquamini.
1702 4250 1814 4323 Non
1857 4254 1998 4305 enim

439 4344 534 4382 vos
561 4326 691 4381 estis
731 4325 822 4392 qui
865 4323 1168 4392 loquimini,
1210 4321 1304 4392 sed
1334 4322 1566 4392 Spiritus
1583 4321 1769 4392 _Patris
1790 4325 1998 4392 Avestri,

438 4399 528 4469 qui
559 4388 788 4465 loquitur
831 4394 883 4447 in
912 4388 1081 4446 vobis.
1114 4389 1309 4469 Thr-adet
1342 4392 1362 4420 '
1394 4390 1532 4469 enim
1577 4389 1760 4469 frater
1781 4388 1998 4469 fratrem

439 4458 504 4523 :id
534 4458 780 4530 mortem,
832 4473 886 4518 et
943 4471 1091 4530 pater
1139 4458 1305 4512 ﬁlium
1341 4465 1463 4530 τρι.
1493 4459 1769 4525 insurgent
1819 4458 1910 4530 filii
1951 4460 2002 4512 in

437 4529 722 4610 parentes,
766 4526 832 4610 ret
882 4526 1152 4584 1o'morte
1191 4544 1282 4583 eos
1327 4526 1560 4580 afficient
1603 4541 1616 4577 :
1667 4528 1916 4610 eteritis
1960 4531 1998 4559 ίί

439 4598 622 4664 odium
663 4598 911 4661 omnibus
950 4611 1183 4674 propter
1210 4613 1414 4674 nomen
1454 4612 1628 4674 meum
1659 4613 1674 4648 :
1705 4598 1794 4674 qui
1824 4607 2000 4674 autem

440 4676 858 4748 perseveraverit
883 4667 1129 4746 usque—in
1158 4671 1337 4734 linem,
1366 4667 1453 4722 hic
1478 4668 1654 4722 salvus
1679 4667 1802 4721 erit.
1829 4668 1998 4733 Quum

447 1138 520 1193 rit
544 1151 642 1191 vos
667 1151 862 1204 neque,

446 1206 676 1261 audierit
701 1220 817 1258 ser-

445 1289 632 1332 mones
663 1283 873 1327 VCSH‘OS
904 1288 919 1324 2

445 1353 705 1401 exeuntes
734 1342 862 1397 foris

446 1415 514 1470 de
537 1414 695 1468 domo
720 1412 805 1466 vel
829 1409 959 1465 civi-

445 1494 573 1550 tate,
604 1483 840 1538 exeutite

443 1554 716 1625 pulverem
742 1552 811 1606 de

444 1623 670 1692 pedibus
697 1636 818 1677 ves-

573 1762 743 1816 Amen
765 1759 888 1813 dico
913 1771 1005 1812 v0-

442 1831 525 1885 bis
555 1848 570 1886 :
601 1829 922 1884 Tolerabili-

443 1916 507 1955 us
535 1900 635 1955 erit
664 1908 839 1952 terrae

439 1971 795 2026 Sodomorum

439 2049 496 2094 et
518 2039 838 2095 Gomorrae-

439 2125 593 2164 orum
621 2111 674 2162 in
701 2106 788 2162 die

433 2179 620 2250 judicii
642 2219 655 2243 ,
681 2190 839 2250 quam

440 2248 522 2303 illi
545 2248 776 2303 civitati.

441 2317 527 2373 16.
569 2317 712 2371 Ecce
735 2329 836 2383 ego
861 2312 1015 2367 mitto

437 2402 535 2442 vos
562 2387 701 2440 sicut
721 2399 853 2439 oves

439 2458 490 2511 in
523 2455 700 2510 medio
727 2455 814 2508 lu-

437 2541 647 2596 porum.
681 2524 866 2596 Estote

438 2595 837 2675 ergopruden-

437 2674 519 2722 tes
548 2673 686 2720 sicut
708 2679 822 2718 ser-

439 2742 733 2806 pentes,get
755 2733 883 2786 sim-

476 2805 606 2858 lices
631 2804 770 2858 sicut
791 2815 884 2857 co-

462 2873 670 2928 umbae.

439 2946 526 2999 17.
569 2941 842 2996 Attendite
869 2938 1020 2995 vobis

437 3015 505 3067 ab
539 3012 863 3065 hominibus.

436 3081 670 3139 Tradcnt
697 3081 840 3136 enim

977 303 1240 366 EUSEBll
1279 299 1612 360 VERCELL.
1647 299 2087 358 EVANGELIUM
2125 297 2266 368 CUM
2307 299 2529 359 VARIIS
2555 298 2712 358 COD.
2749 295 3139 364 COLLATUM.

3585 294 3701 352 200

2528 414 2759 471 CODEX
2799 411 3238 471 VERONENSIS.

2114 507 2294 580 digna,
2327 522 2429 576 pax
2449 516 2626 563 vestra
2927 521 3024 580 vos
3051 501 3358 580 in_concili-
3428 569 3440 580 θ

2116 574 2292 630 veniet
2319 574 2407 631 su-
2930 576 2998 635 is,
3026 581 3080 629 et
3105 574 3157 626 in
3187 574 3472 641 synagogis

2113 661 2212 715 per
2239 660 2358 715 eam
2384 663 2395 697 :
2427 647 2469 715 si
2496 654 2675 702 autem
2929 644 3041 715 suis
3060 641 3301 715 flagella-

2111 712 2220 768 non
2242 714 2404 770 fuerit
2426 714 2605 784 digna,
2930 713 3018 767 18.
3058 712 3191 765 bunt
3213 723 3308 764 vos
3334 726 3348 764 :
3379 717 3435 764 et
3456 717 3588 778 aput

2113 797 2217 852 pax
2250 794 2425 839 vestra
2931 796 3084 852 reges
3104 789 3162 852 et
3180 792 3330 852 prae:

2113 798 2217 852 pax
2250 798 2425 839 vestra
2931 798 3084 906 reges
3104 798 3157 834 et
3180 798 3330 860 prae:
3359 845 3372 857 .

2112 851 2179 906 ad
2208 869 2301 906 vos
2327 868 2405 909 re-
2931 867 2975 905 ει
3016 866 3073 906 es
3097 848 3171 920 (a)
3195 848 3403 930 subitis
3427 848 3470 916 ’ί-

2112 932 2371 1002 vertetur.
2409 993 2421 1002 I
2932 931 3154 1002 propter
3175 931 3280 1000 me,
3311 928 3364 972 in

2929 988 3292 1044 testimonium

2927 1061 3053 1124 illis,
3070 1068 3139 1128 iet
3163 1057 3430 1128 gentibus.

2851 1147 2853 1150 ·
2930 1129 3015 1184 19.
3054 1127 3186 1183 Cum
3217 1136 3393 1182 autem
3422 1134 3530 1181 tra-

2928 1199 3058 1254 dent
3083 1212 3198 1262 vos,
3230 1197 3363 1251 noli-

2931 1279 2983 1324 te
3008 1268 3247 1337 cogitare
3267 1265 3395 1337 quid

2928 1337 3221 1407 loquamini
3247 1357 3260 1389 ;
3286 1339 3385 1407 dae

2927 1405 3070 1462 bitur
3093 1405 3236 1463 enim
3269 1406 3420 1461 vobis
3446 1407 3500 1461 in

2928 1477 3020 1547 illa
3042 1477 3194 1540 liora,
3223 1475 3352 1547 quid

2929 1546 3236 1614 loquamini.

2927 1615 3017 1671 20.
3057 1615 3170 1670 Νοη
3194 1615 3337 1671 enim
3367 1631 3464 1672 vos

2928 1686 3061 1741 estis
3087 1685 3175 1754 qui
3192 1685 3376 1756 loqui-

2927 1756 3077 1836 mini,
3108 1753 3204 1810 sed
3228 1753 3465 1836 Spiritus

2927 1825 3100 1879 Patris
3125 1825 3323 1888 vestri,

2927 1893 3160 1963 loquitur
3181 1895 3234 1948 in
3263 1895 3434 1950 vobis.

2113 992 2200 1044 M.
2241 991 2310 1045 Et
2333 993 2656 1062 quicumque

2112 1075 2218 1114 non
2246 1076 2468 1130 recepe-

2111 1130 2218 1184 rint
2239 1145 2352 1196 vos,
2383 1146 2552 1199 neque

2110 1200 2374 1254 audierint
2393 1216 2508 1255 ser-

2111 1284 2296 1323 mones
2323 1282 2531 1324 veStros
2558 1288 2571 1322 ε

2110 1348 2373 1394 exeuntes
2398 1340 2539 1393 foras

2109 1407 2178 1462 de
2203 1409 2361 1462 domo
2392 1409 2478 1462 illa
2511 1409 2595 1461 vel

2110 1477 2348 1540 civitate,
2380 1477 2610 1533 excutite

2111 1546 2387 1612 pulverem
2415 1547 2481 1601 de

2111 1614 2338 1682 pedibus
2357 1629 2475 1670 ves-

2113 1685 2226 1738 tris.

2107 1753 2195 1808 15.
2235 1757 2402 1808 Amen
2433 1752 2553 1809 dico
2575 1767 2667 1809 v0-

2107 1823 2190 1877 his
2214 1823 2578 1890 :jTolerabili-

2108 1907 2173 1945 us
2201 1892 2306 1945 erit
2331 1902 2507 1948 terrae

2109 1962 2462 2017 Sodomorum
2922 1962 3014 2017 21.
3055 1963 3253 2019 Tradet
3277 1974 3455 2021 autem

2108 2040 2162 2087 et
2185 2032 2472 2088 Gomorre—
2925 2031 3091 2086 frater
3112 2034 3329 2088 fratrem

2107 2116 2258 2154 orum
2292 2103 2342 2156 in
2373 2102 2459 2156 die
2927 2103 2981 2156 in
3010 2111 3260 2166 mortem,
3283 2113 3338 2157 et

2924 2171 3083 2226 Pater
3106 2171 3272 2226 filium
3299 2189 3312 2226 :
3339 2181 3397 2228 et

2924 2241 3201 2311 insurgent
3227 2241 3302 2296 fili

2924 2313 2978 2366 in
3009 2319 3262 2381 parentes
3281 2351 3296 2376 ,

2925 2392 2980 2436 et
3006 2390 3179 2435 morte
3204 2396 3299 2436 €08

2922 2450 3012 2504 22.
3053 2450 3300 2505 adiicient
3333 2468 3347 2504 :
3379 2461 3434 2505 et

2924 2520 3073 2575 eritis
3099 2519 3224 2574 odio
3249 2521 3426 2574 omni-

2925 2589 3028 2644 bus
3051 2587 3360 2643 hominibus

2925 2667 3143 2726 propter
3169 2671 3364 2712 nomen

2927 2742 3104 2782 meum
3135 2744 3150 2780 :
3181 2727 3269 2797 qui

2927 2808 3105 2852 autem
3133 2812 3384 2867 perseve-

2929 2868 3129 2922 raberit
3156 2882 3322 2933 usque

2931 2938 2984 2992 in
3009 2939 3164 2992 linem
3181 2977 3198 3004 ,
3230 2937 3318 2992 hic

2930 3007 3107 3062 salvus
3129 3009 3250 3062 erit.

2928 3076 3020 3130 25.
3061 3074 3194 3131 Cum
3213 3083 3390 3131 autem

2560 3188 2790 3244 CODEX
2826 3189 3102 3245 BRIXIAN
3111 3190 3214 3248 US.

2106 3281 2262 3349 digna
2293 3280 2471 3335 veniet
2513 3295 2613 3349 pax
2644 3289 2820 3336 vestra
2863 3295 3025 3350 super
3063 3297 3204 3336 eam.
3254 3281 3298 3335 si
3344 3293 3520 3336 autem
3566 3299 3668 3338 non

2109 3350 2265 3404 fuerit
2295 3352 2470 3419 digna.
2518 3365 2618 3417 pax
2663 3359 2836 3430 vestra
2877 3351 2944 3404 ad
2981 3366 3074 3405 vos
3103 3359 3418 3430 revertetur.
3465 3353 3530 3405 Et
3557 3355 3674 3422 qui—

2103 3435 2330 3490 cumque
2371 3437 2474 3473 non
2502 3420 2767 3486 receperit
2791 3435 2906 3474 vos.
2949 3435 3118 3488 neque
3139 3420 3368 3474 audierit
3390 3420 3671 3476 sermones

2102 3502 2312 3546 vestros
2349 3501 2606 3546 exeuntes
2630 3492 2656 3530 b
2683 3491 2830 3546 foras
2855 3491 2920 3544 de
2948 3491 3106 3546 domo
3132 3491 3213 3544 vel
3252 3490 3318 3545 de
3342 3491 3559 3545 civitate
3588 3493 3670 3545 illa

2103 3563 2336 3615 exeutite
2383 3561 2650 3629 pulverem
2697 3562 2764 3616 de
2805 3561 3028 3631 pedibus
3075 3561 3289 3631 vestris.
3337 3564 3507 3615 Amen
3555 3563 3670 3616 dico

2104 3631 2272 3684 vobis.
2300 3631 2653 3685 Tolerabilius
2685 3630 2820 3685 erit.
2856 3642 3030 3688 terrae
3054 3630 3428 3686 Sodomorum.
3477 3642 3532 3687 et
3569 3632 3672 3688 Go—

2105 3715 2456 3754 morreorum.
2485 3702 2535 3754 in
2565 3701 2850 3769 diejudicii
2880 3717 3035 3770 quam
3063 3701 3140 3756 illi
3162 3702 3388 3756 civitati.

2177 3771 2311 3823 Ecce
2338 3786 2454 3839 ego.
2481 3774 2634 3826 mitto
2659 3788 2752 3827 vos
2779 3773 2909 3826 sicut
2950 3787 3078 3826 oves
3109 3772 3162 3825 in
3193 3773 3368 3827 medio
3400 3772 3666 3840 luporum.

2107 3841 2285 3894 Estotc
2325 3842 2613 3909 prudentes
2654 3842 2791 3896 sicut
2821 3849 3096 3907 serpentes
3123 3851 3180 3895 et
3221 3843 3492 3908 simplices
3532 3845 3668 3895 sicut

2106 3910 2405 3964 columbae.
2433 3910 2628 3964 Cavete
2641 3921 2816 3962 autem
2843 3921 2864 3947 ο
2891 3924 2985 3961 vos
3005 3912 3071 3962 ab
3093 3909 3518 3963 hishominibus.
3542 3912 3670 3964 Tra-

2103 3979 2227 4033 dent
2256 3980 2398 4033 enim
2429 3995 2522 4033 vos
2552 3979 2604 4032 in
2631 3979 2902 4038 conciliis,
2935 3987 2987 4031 et
3018 3979 3069 4031 in
3117 3979 3400 4046 synagogis
3425 3981 3539 4032 suis
3579 3981 3671 4032 lla-

2102 4049 2374 4117 gellabunt
2402 4064 2514 4102 vos.
2547 4058 2602 4102 et
2637 4058 2760 4101 ante
2799 4047 3067 4114 praesides
3115 4055 3169 4100 et
3215 4061 3372 4114 reges
3415 4049 3667 4102 ducimini

2106 4129 2321 4188 propter
2345 4134 2430 4172 me
2451 4119 2502 4172 in
2528 4118 2888 4172 tesumonium
2917 4117 3025 4188 illis
3047 4123 3102 4169 et
3126 4117 3392 4188 gentibus.
3418 4117 3550 4168 Cum
3580 4133 3670 4188 ang

2105 4184 2219 4244 ient
2235 4189 2550 4244 tradiderint
2570 4204 2684 4243 vos.
2706 4189 2870 4242 nolite
2891 4187 3123 4256 cogitare
3148 4184 3413 4256 quomodo
3433 4197 3524 4256 aut
3547 4187 3668 4254 quid

2107 4260 2393 4329 loquamini
2424 4260 2635 4315 dabitur
2660 4260 2802 4314 enim
2831 4254 3057 4329 vobisin
3086 4254 3669 4329 illa‘bora.quidloquri-

2109 4323 2255 4382 mini.
2301 4329 2418 4384 Non
2442 4331 2584 4385 enim
2605 4345 2697 4384 vos
2726 4331 2852 4383 estis
2870 4330 2958 4398 qui
2983 4325 3280 4398 loquimini.
3319 4325 3414 4377 sed
3441 4323 3671 4398 Spiritus

2109 4398 2279 4467 Patris
2291 4401 2451 4452 vestri
2465 4402 2550 4466 qui
2572 4401 2816 4467 loquetur
2838 4393 2899 4451 in'
2913 4393 3492 4467 vobis.Tradet_autem.
3509 4393 3670 4467 frater

2109 4466 2324 4522 fratrem
2357 4469 2408 4520 in
2437 4464 2687 4522 mortem.
2716 4477 2766 4522 et
2794 4468 2950 4521 Pater
2978 4466 3164 4520 lilium.
3195 4474 3251 4518 et
3275 4465 3554 4531 insurgent
3580 4464 3669 4516 filii

2108 4536 2157 4586 in
2180 4545 2447 4605 parentes.
2472 4545 2525 4590 et
2541 4548 2714 4591 morte
2740 4551 2834 4590 eos
2863 4537 3132 4589 adiicient.
3157 4544 3209 4588 et
3229 4535 3376 4589 eritis
3411 4533 3537 4588 odio
3560 4549 3672 4605 om-

2107 4603 2260 4660 nibus
2285 4619 2500 4676 propter
2515 4622 2705 4662 nomen
2725 4621 2899 4661 meum
2927 4605 3022 4676 qui
3047 4613 3222 4676 autem
3244 4603 3672 4673 perseveraverit

2108 4674 2294 4745 usque
2321 4674 2576 4733 in_finem
2626 4676 2712 4732 hic
2736 4677 2910 4731 salvus
2950 4675 3070 4730 erit.
3109 4674 3244 4730 Cum
3271 4682 3447 4733 autem
3497 4689 3673 4745 perse-

2101 2172 2313 2239 judicii,
2345 2187 2502 2240 quam

2106 2241 2433 2295 illi'civitati.

2109 2311 2195 2362 16.
2237 2313 2376 2366 Ecce
2403 2325 2500 2378 ego
2530 2313 2681 2366 mitto

2106 2394 2203 2432 vos
2233 2381 2371 2432 sicut
2396 2394 2524 2432 oves

2109 2448 2160 2501 in
2191 2447 2367 2502 medio
2395 2448 2480 2502 lu-

2111 2533 2317 2585 porum.
2350 2519 2533 2572 Estote

2107 2603 2234 2653 ergo
2265 2588 2496 2657 pruden-

2110 2665 2191 2711 tes
2221 2660 2358 2712 sicut
2387 2673 2502 2711 ser-

2107 2737 2318 2795 pentes,
2348 2737 2404 2781 et
2431 2728 2560 2782 sim-

2145 2797 2277 2851 liccs
2306 2799 2444 2852 sicut
2465 2811 2558 2852 co-

2130 2867 2339 2922 umbae.

2110 2936 2196 2988 17.
2237 2936 2306 2990 Ει
2335 2936 2609 2994 adtendite
2639 2925 2788 2994 vobis

2109 3005 2177 3057 ab
2210 3005 2537 3061 hominibus.

2109 3073 2343 3130 Tradent
2364 3078 2504 3132 enim

1134 4784 1521 4844 VARIANTES
1544 4781 1921 4843 LECTIONES
1957 4786 2221 4846 CODlClS
2251 4791 2356 4846 MS.
2386 4792 2443 4848 S.
2485 4788 2987 4848 GERMANENSIS.

505 4886 523 4918 ³
556 4883 918 4943 receperint...,
945 4879 1188 4943 audierint

503 4949 525 4980 ³
556 4946 620 4996 de
642 4940 782 4994 domo
804 4940 885 4990 vel
904 4940 1103 4989 eivitate

505 5012 528 5044 ³
559 5010 608 5057 in
627 5005 953 5058 testimonium
976 5000 1088 5048 illis.

504 5072 526 5103 δ
561 5078 724 5120 terrae
745 5065 1066 5117 Sodomorum
1089 5067 1142 5111 et
1161 5059 1559 5110 Gomorraeorum

503 5133 655 5180 I’etato

505 5145 527 5224 ἓ
559 5145 790 5252 ῗὲἓιεᾱὶρ
812 5187 1050 5252 luporum.
1069 5182 1242 5252 AEstote
1263 5193 1463 5252 ergo....

503 5255 524 5288 ⁷
558 5253 681 5303 sicut
703 5244 974 5300 columbae.
999 5244 1252 5299 Attendite
1274 5244 1411 5295 vobis

2171 4881 2192 4911 θ
2224 4889 2338 4944 ante
2361 4893 2511 4944 reges
2533 4890 2586 4932 et
2609 4881 2854 4944 praesides
2874 4880 3060 4944 stabilis
3093 4886 3288 4942 propter
3311 4891 3487 4928 nomen
3511 4889 3670 4944 meum

2110 4944 2237 5016 im...
2263 4943 2361 4992 illis
2391 4939 2445 4995 ei.
2465 4939 2711 5006 gentibus.
2737 4943 2854 4994 Cum
2888 4939 3170 4994 tradiderint
3181 4939 3356 4992 autem
3377 4954 3487 5002 vos,
3523 4939 3671 4989 nolite

2107 5012 2469 5118 w§|?iiﬁam....
2494 5068 2546 5117 in
2569 5074 2773 5118 mortem

2169 5129 2214 5221 1:
2245 5135 2602 5242 $5:me
2623 5189 2894 5240 hominibus

1767 5322 2127 5382 BLANCHINI
2162 5327 2389 5386 NOTIE.

512 5441 541 5471 ⁸
577 5431 669 5487 lita
691 5437 775 5487 est
806 5441 911 5484 vox
941 5434 1128 5482 autem.

2184 5437 2207 5466 ο
2246 5429 2432 5486 vocula
2460 5428 2547 5484 illa
2570 5445 2654 5484 vos
2681 5429 2890 5486 videtur
2910 5429 3001 5485 lita
3029 5429 3096 5485 ab
3118 5424 3452 5495 exscriptore
3470 5421 3667 5480 duabus

508 5503 540 5543 δ
576 5501 876 5574 Cyprianus
925 5496 1054 5568 legit
1095 5497 1296 5551 ambitis
1352 5504 1410 5552 ut
1454 5495 1560 5552 duo
1609 5509 1741 5554 mss.
1793 5491 2011 5552 codices
2111 5497 2318 5556 lineolis
2343 5501 2498 5571 quasi
2521 5500 2798 5559 abundans
2825 5502 2880 5557 in
2908 5509 3075 5557 textu.

446 5575 635 5627 nostri.

519 5683 597 5774 (a)
632 5684 709 5742 ιω
734 5694 790 5743 et
807 5682 929 5743 cod.
949 5681 1105 5742 Cant.
1139 5677 1230 5738 Gr.
1259 5688 1314 5736 et
1334 5678 1450 5737 Lat.
1478 5680 1817 5745 σταθήσεσθε.

3835 716 3839 914 1
