4636 6404
803 367 906 423 815

1895 355 2218 417 LUCIFERI
2261 353 2572 414 EPISCOPI
2612 353 3038 412 CALABITANI

4024 354 4130 412 8l6

797 498 952 551 quam
977 478 1295 540 abortavit“,
1319 492 1522 548 semper
1545 477 1661 530 tulit
1685 483 1910 528 ventrem
1933 492 2086 530 suum
2108 491 2125 539 ;
2148 473 2425 544 ipsibvero
2452 486 2506 543 Α
2532 473 2665 525 viain
2685 472 2932 546 justitiw.
2965 469 3323 524 Maledicatur
3375 484 3497 538 pars
3528 469 3738 524 illorum
3766 466 3979 522 interris
4005 469 4138 536 Qua?

798 587 1097 647 permanent
1120 585 1385 636 tamquam
1409 589 1525 626 oves
1548 572 1599 624 in
1624 581 1897 641 perpetuo,
1923 581 1966 625 et
1989 571 2087 639 ﬁlii
2106 586 2306 632 eorum,
2332 587 2416 624 ac-

797 678 943 736 cepto
967 682 1160 736 organo
1188 677 1235 729 ο,
1259 667 1579 719 luduntcunt
1604 663 1996 727 delectamento,
2022 673 2073 715 ut
2092 666 2245 715 vitam
2265 664 2416 734 dege-

791 771 906 813 rent
943 760 996 811 in
1041 759 1212 824 bonis,
1250 775 1367 811 cum
1416 759 1554 810 dicat
1606 755 1900 820 Dominus;
1957 756 2199 810 Recedite
2238 773 2268 808 a
2311 772 2409 821 me,

791 855 980 919 iniqui,
1009 855 1118 908 vias
1142 854 1352 906 illorum
1379 853 1500 906 nolo
1524 869 1709 906 nosse:
1732 853 1974 919 quoniam
2000 851 2208 904 lucerna
2229 848 2413 918 impio-

792 965 910 1001 rum
935 949 1312 1019 exstinguetur,
1338 957 1385 1000 et
1408 948 1597 1016 gemitu
1622 946 1868 999 dolebant
1896 945 1947 998 in
1975 946 2075 996 vita
2103 960 2196 996 sua
2222 959 2239 996 :
2262 950 2414 997 erunt

792 1049 1055 1110 tamquam
1081 1044 1231 1109 palea
1251 1057 1366 1108 qua‘
1393 1057 1423 1092 α
1445 1050 1594 1092 vento
1621 1040 1847 1107 rapitur,
1881 1047 1968 1090 aut
1996 1047 2260 1104 tamquam
2289 1035 2410 1102 pul-

791 1137 887 1199 vis,
932 1137 1019 1201 qui
1066 1152 1097 1188 a
1139 1145 1440 1204 tempestate
1482 1135 1733 1197 volvitur;
1778 1133 1984 1186 videant
2015 1127 2039 1166 ιλ
2070 1141 2245 1184 autent
2276 1129 2413 1183 oculi

788 1233 1001 1286 illorum
1018 1241 1235 1284 mortem
1262 1228 1388 1296 (Job
1407 1246 1520 1294 XXI,
1539 1228 1618 1295 6).
1640 1226 1776 1281 Cum
1797 1226 1913 1280 luce
1926 1225 2095 1280 sciam
2117 1225 2408 1278 Dominum

786 1325 856 1380 de
890 1327 1000 1379 illis
1033 1325 1266 1388 dixisse,
1303 1323 1502 1380 Scitote
1528 1333 1549 1358 ο
1573 1324 1696 1389 quia
1722 1337 1868 1375 nemo
1895 1331 2120 1374 vestrum
2144 1329 2308 1389 potest
2330 1334 2410 1371 me

787 1434 1116 1488 compescere
1134 1429 1190 1470 ut
1209 1427 1403 1472 taceam
1415 1459 1428 1478 ,
1444 1432 1541 1472 cur
1555 1415 1670 1469 hmc
1693 1415 2124 1485 gloriosissimus
2137 1415 2268 1467 dicit
2283 1411 2411 1467 Job?

789 1513 894 1565 nisi
918 1511 1040 1580 quin
1066 1511 1407 1579 sciretquani
1435 1507 1704 1578 plurimos
1735 1507 1953 1577 quidem
1975 1506 2116 1560 male
2145 1519 2327 1576 agere,
2355 1511 2410 1558 et

783 1612 968 1656 tamen
992 1603 1158 1657 certis
1176 1600 1193 1638 τ
1213 1618 1320 1656 non
1337 1600 1520 1655 statim
1536 1601 1716 1667 reddi,
1738 1601 1831 1656 sed
1856 1601 2062 1655 servari
2078 1615 2173 1655 eos
2192 1600 2256 1653 ad
2280 1599 2402 1663 hoc,

782 1705 1023 1750 utautse
1038 1694 1426 1763 corrigantant
1448 1703 1599 1749 certe
1626 1705 1743 1763 post
1769 1693 1980 1747 obitum
2006 1694 2245 1748 sentiant
2265 1691 2405 1746 deli-

781 1797 999 1842 ctorum
1027 1803 1254 1842 suorum
1281 1803 1494 1857 pcenas,
1519 1788 1762 1842 sentiant
1784 1788 1911 1858 quid
1938 1787 2098 1841 fuerit
2119 1802 2226 1841 non
2255 1800 2404 1854 qua:-

2530 566 2710 638 (lbid.
2745 566 2845 634 18)
2877 566 2892 616 l
2927 575 3001 620 est
3029 565 3163 618 enim
3188 579 3302 634 spes
3330 562 3502 633 impiis
3533 563 3957 625 hominibusmut
3984 578 4138 631 quem

2521 662 2722 714 aditum
2763 669 2976 732 possunt
3009 659 3207 725 habere
3252 658 3394 728 apud
3424 656 3740 711 Domuum?
3801 656 3909 712 Sed
3952 654 4132 726 (Ibid.

2520 753 2810 825 xxvn,8).
2856 766 2901 807 et
2947 749 2970 787 ¹ί
3031 752 3074 804 si
3132 750 3147 787 1
3203 749 3696 818 corroboraverint,
3749 749 3818 802 ad
3881 747 4139 818 egentium

2521 848 2743 908 venient,
2769 857 2816 900 et
2839 845 2925 914 qui
2949 844 3289 898 remanserint
3313 860 3379 898 ex
3399 843 3530 907 illis,
3560 843 3700 896 mala
3726 852 3890 896 morte
3909 840 4140 894 morien-

2518 948 2623 1002 tur,
2645 951 2693 993 et
2714 939 2880 992 viduis
2900 938 3113 991 illorum
3138 952 3284 990 nemo
3308 934 3650 996 miserebitur,
3675 945 3722 989 et
3745 935 3788 988 si
3808 932 4137 992 collexerint,

2515 1050 2703 1087 aurum
2733 1045 2823 1086 aut
2849 1041 3120 1102 argentum
3154 1043 3414 1100 tamquam
3448 1030 3637 1094 lutum,
3668 1028 3780 1084 lucc
3806 1030 3979 1084 omnia
3997 1029 4140 1100 justi

2515 1129 2847 1200 passidebunt
2862 1125 2966 1198 (Ib.
2992 1127 3106 1197 14).
3125 1127 3203 1182 Ne
3224 1129 3404 1198 itaque
3419 1126 3532 1195 jam
3552 1124 3797 1196 digneris
3812 1123 4014 1194 injuste
4037 1123 4139 1178 tibi

2515 1220 2775 1286 blandiri,
2794 1221 3118 1291 imperator.
3140 1222 3263 1291 quia
3285 1235 3406 1275 cum
3428 1218 3503 1272 sis
3523 1219 3663 1284 talis,
3686 1218 3906 1288 qualem
3924 1231 4143 1271 asseve-

2515 1316 2779 1382 ravimus,
2813 1325 2870 1372 et
2901 1315 3210 1381 arbitreris,
3251 1325 3302 1369 te
3344 1313 3670 1368 homicidam
3709 1327 3774 1368 ac
3805 1311 4139 1381 sacrilegum

2514 1417 2803 1478 propterea
2832 1406 3144 1462 diutissime
3169 1408 3372 1476 degere
3403 1407 3457 1460 iu
3489 1404 3591 1460 hac
3621 1405 3730 1459 vita
3759 1443 3774 1468 ,
3805 1403 3950 1474 quod
3983 1405 4138 1458 enim

2515 1511 2604 1556 tua
2651 1517 2823 1572 opera
2870 1503 2980 1556 sint
3022 1501 3134 1558 Deo
3162 1509 3388 1569 accepta
3423 1516 3435 1552 :
3469 1497 3604 1554 talia
3641 1508 3766 1553 sunt
3805 1513 3971 1569 opera
4013 1508 4138 1565 tua,

2510 1598 2692 1667 qualia
2715 1606 2770 1652 et
2793 1597 3037 1662 illorum,
3063 1595 3116 1650 in
3140 1610 3278 1666 quos
3302 1595 3578 1649 invehitur
3596 1608 3691 1649 ore
3712 1593 3870 1648 Isaiae
3893 1591 4141 1662 Spiritus

2509 1702 2734 1749 sanctus
2762 1694 2957 1748 dicens
2985 1710 2998 1747 :
3031 1691 3122 1748 Sic
3144 1691 3270 1746 dicit
3297 1689 3552 1744 Dominils
3574 1689 3664 1760 qui
3686 1688 3921 1743 liberavit
3943 1698 3990 1742 te
4010 1705 4142 1742 san-

2510 1800 2622 1844 ctus
2652 1787 2823 1843 Israel
2852 1803 2870 1842 :
2901 1786 3010 1858 Ego
3038 1803 3154 1841 sum
3196 1783 3358 1850 Deus,
3391 1785 3593 1838 ostendi
3633 1783 3726 1837 tibi
3762 1783 3900 1836 viam
3939 1783 3993 1835 in
4028 1798 4142 1850 qua

775 1881 973 1936 sivisse
1005 1880 1322 1945 Dominum,
1352 1895 1461 1935 non
1487 1881 1534 1934 ei
1559 1881 1819 1944 servisse,
1845 1879 1972 1934 dum
1998 1878 2228 1932 facultas
2256 1885 2398 1944 erat,
2433 1891 2481 1952 Β
2507 1883 2774 1946 ambules;
2807 1892 2853 1936 et
2879 1883 2923 1935 si
2955 1881 3191 1936 audisses
3213 1880 3461 1934 mandata
3490 1894 3621 1942 mea,
3647 1880 3788 1948 facta
3817 1877 3999 1946 fuisset
4032 1877 4143 1944 flu-

775 1972 1059 2027 credendo
1087 1973 1142 2026 in
1172 1988 1298 2028 eum
1333 1973 1509 2027 solum
1531 2017 1544 2039 ,
1584 1972 2011 2041 lamnlanquue
2039 1971 2088 2026 ei
2117 1986 2240 2026 eum
2274 1987 2400 2041 pro-

775 2069 1001 2120 mereri.
1031 2065 1148 2118 Jnm
1182 2065 1350 2121 crede
1382 2076 1406 2111 Β
1437 2067 1729 2120 convictus
1761 2064 1895 2118 tanti
1920 2065 2021 2118 viri
2053 2064 2393 2128 testimonio,

772 2159 993 2214 desinas
1017 2160 1208 2215 dicere
1229 2171 1280 2213 te
1300 2160 1448 2229 joste
1475 2159 1692 2220 fecisse.
1715 2159 1859 2228 quod
1884 2159 2161 2212 amoveris
2179 2158 2398 2212 Domini

774 2251 1115 2313 sacerdotes,
1147 2262 1203 2304 et
1231 2252 1579 2306 ordinaveris
1606 2253 1771 2306 etiam
1805 2252 2021 2305 Arianae
2052 2249 2179 2305 ﬁdei
2215 2250 2395 2304 homi-

773 2359 898 2412 nes,
951 2355 1005 2399 et
1049 2346 1282 2412 iusseris
1329 2343 1488 2397 ﬁdem
1535 2345 1824 2414 prmdicari
1875 2344 2063 2398 Ariani
2102 2344 2395 2416 dogmatis,

771 2436 919 2506 quod
955 2437 1352 2506 proscripseris
1383 2447 1438 2490 et
1470 2436 1885 2506 deportat-eris,
1920 2447 1974 2490 et
2004 2447 2272 2491 tormenta
2303 2437 2399 2490 ad-

769 2534 1014 2587 moveris
1044 2543 1206 2601 atque
1242 2531 1594 2586 inter-feceris
1623 2532 1916 2585 credentes
1950 2534 2001 2586 in
2044 2533 2261 2585 unicum
2298 2530 2395 2585 Dei

766 2623 998 2689 Filium;
1044 2625 1237 2678 desine
1271 2624 1492 2692 inquam
1526 2623 1737 2688 dit-ere,
1776 2633 2067 2693 propterea
2102 2634 2153 2678 te
2180 2625 2390 2688 vivere,

773 2728 828 2774 et
856 2719 1014 2773 sicin
1047 2731 1218 2786 regno
1248 2719 1441 2771 llorero
1467 2717 1610 2786 quod
1645 2717 1733 2770 illa
1762 2717 1963 2786 egeris,
1989 2731 2052 2770 ac
2073 2717 2150 2769 sis
2171 2729 2394 2786 gerens,

765 2811 989 2881 quando
1041 2809 1234 2863 audias
1277 2809 1551 2863 dicentem
1581 2808 1792 2877 justum
1845 2811 2024 2861 virum
2065 2806 2189 2868 Job,
2233 2822 2393 2877 quem

768 2903 914 2959 Deus
947 2905 1065 2958 sine
1093 2904 1318 2972 querela
1347 2903 1548 2956 dixerit
1581 2902 1686 2956 sibi
1721 2905 1980 2962 servisse.
2008 2917 2172 2971 quem
2200 2917 2393 2957 verum

763 3008 922 3050 suum
956 2994 1226 3048 cultorem
1262 3003 1506 3047 narrant
1528 3035 1541 3055 .
1579 2993 1722 3062 quod
1755 2995 1900 3046 enim
1935 3009 2057 3047 cum
2087 2994 2195 3047 sint
2226 2993 2392 3063 impie

762 3103 926 3158 quam
955 3088 1175 3156 plurimi
1201 3096 1448 3157 agentes,
1473 3099 1654 3141 tamen
1681 3089 1731 3140 in
1759 3087 1857 3140 bac
1882 3088 1987 3141 vita
2020 3104 2038 3138 ι
2057 3087 2204 3141 ivztnt
2225 3103 2389 3155 quam

761 3179 1191 3250 jucundissinic.
1224 3178 1417 3233 Adhuc
1445 3181 1678 3248 dignare
1709 3182 1960 3249 accipi-re
1987 3197 2107 3249 qua:
2138 3181 2276 3235 infra
2304 3180 2388 3235 di-

2501 1979 2612 2032 vius
2657 1993 2758 2048 pax
2803 1987 2910 2041 tua,
2953 1985 2998 2028 et
3035 1975 3248 2047 justitia
3284 1983 3339 2026 ut
3383 1973 3574 2042 fluctus
3619 1970 3803 2035 maris,
3842 1980 3892 2025 et
3928 1973 4136 2040 factum

2505 2081 2632 2125 esset
2675 2070 2807 2123 sicut
2848 2084 3006 2122 arena
3043 2068 3201 2121 maris
3230 2081 3398 2120 semen
3433 2075 3581 2118 tuum
3613 2073 3658 2117 et
3700 2063 3811 2116 nati
3838 2063 4029 2116 ventris
4058 2064 4141 2116 tui

2505 2162 2608 2235 (Is.
2627 2177 2812 2224 vaut,
2832 2161 2942 2226 17).
2965 2159 3096 2224 Sed,
3119 2159 3320 2230 inquis.
3340 2157 3456 2212 ltrcc
3477 2157 3542 2211 ad
3562 2155 3782 2211 Judzeos
3800 2154 3941 2210 dicta
3962 2163 4133 2219 sunt;

2504 2271 2702 2324 nempe
2727 2253 2793 2308 ad
2818 2268 2935 2320 eos,
2960 2268 3196 2323 quorum
3222 2262 3273 2305 te
3296 2250 3472 2306 fecisti
3496 2250 3830 2304 imitatorem
3851 2267 3863 2314 ;
3883 2258 3935 2304 et
3955 2263 4136 2316 mine,

2505 2357 2562 2400 ut
2589 2356 2676 2402 est
2702 2346 2903 2401 crebro
2927 2344 3155 2404 dictum.
3180 2353 3328 2398 muta
3355 2342 3621 2411 malignas
3645 2341 3761 2396 vias
3789 2350 3932 2405 tuas,
3960 2341 4138 2397 crede

2504 2447 2564 2492 ut
2586 2439 2754 2493 credit
2781 2445 2968 2490 sancta
2994 2435 3263 2498 Ecclesia,
3296 2446 3347 2489 et
3375 2436 3427 2488 in
3451 2433 3711 2488 omnibus
3737 2431 3830 2486 tibi
3858 2433 4136 2501 propitia-

2500 2531 2669 2585 bitur.
2707 2530 2847 2583 Dicit
2879 2530 3024 2584 cnim
3060 2529 3178 2598 ipse
3210 2545 3222 2581 :
3261 2527 3603 2582 Revertimini
3633 2536 3671 2563 ιιι
3707 2527 3778 2580 ad
3808 2543 3889 2580 me
3923 2544 3985 2582 eo;
4015 2537 4134 2580 toto

2501 2623 2656 2676 corde
2683 2631 2848 2675 vestro
2880 2622 3136 2688 simulque
3166 2631 3212 2674 et
3235 2620 3446 2693 jejunio
3476 2629 3524 2673 et
3557 2622 3682 2689 ﬂetu
3717 2629 3764 2673 et
3794 2620 4005 2691 planctu
4028 2661 4045 2686 ,
4084 2628 4135 2672 et

2499 2714 2782 2767 discindite
2805 2713 2969 2766 corda
2993 2722 3161 2766 vestra
3184 2723 3234 2766 et
3258 2729 3362 2766 non
3384 2712 3687 2767 vestimenta
3711 2712 3872 2785 (Joel.
3899 2755 3914 2778 ,
3941 2729 3978 2766 ιι
4008 2713 4132 2782 1'2).

2499 2808 2799 2864 Revertere
2844 2818 2958 2861 toto
2984 2809 3152 2863 corde
3189 2808 3254 2861 ad
3300 2807 3468 2862 Deum
3489 2849 3503 2872 ,
3538 2808 3827 2877 acquiesce
3858 2806 3943 2862 his
3969 2808 4132 2862 salu-

2499 2904 2691 2958 bribus
2713 2904 2974 2957 remediis
2988 2903 3052 2956 ad
3080 2903 3327 2957 criminis
3349 2902 3425 2956 tui
3455 2901 3870 2970 intelligentiam
3894 2901 4134 2968 consitio

2495 2998 2744 3052 ciendam
2773 3013 2787 3058 ;
2822 2997 2973 3065 aperi
3003 2997 3186 3050 cordis
3217 2996 3438 3062 oculos,
3475 2995 3778 3065 ingemisce
3807 3003 3920 3048 toto
3950 2995 4133 3051 Corde

2497 3101 2605 3146 tam
2638 3102 2686 3144 te
2711 3094 2950 3161 graviter
2976 3091 3274 3159 deliquisse
3299 3091 3600 3161 colligens;
3627 3099 3757 3144 tunc
3782 3091 3858 3144 tui
3886 3090 4130 3146 misere-

2495 3183 2642 3237 bitur
2669 3183 2762 3237 ille
2800 3185 2889 3253 qui
2919 3183 3052 3236 dicit
3091 3201 3102 3234 :
3146 3183 3277 3236 Cum
3304 3198 3581 3237 conversus
3607 3183 3923 3253 ingemueris
3945 3225 3960 3248 ,
3992 3193 4129 3236 tunc

763 3285 851 3330 εειι
877 3275 946 3330 de
976 3273 1130 3327 vobis
1157 3273 1360 3343 impiis,
1395 3285 1450 3329 et
1476 3289 1749 3342 cognosce
1781 3276 2060 3344 quomodo
2089 3292 2211 3330 cum
2246 3277 2384 3331 male
2413 3272 2458 3335 C
2491 3278 2663 3330 salvus
2719 3277 2839 3340 eris,
2872 3285 2919 3330 et
2965 3277 3093 3330 scies
3121 3275 3204 3329 ubi
3244 3277 3408 3346 fueris
3443 3284 3502 3329 ιι.
3534 3275 3918 3330 Retniniscere
3942 3283 3966 3311 ο
3999 3275 4127 3330 Deo

761 3373 936 3440 agatis
973 3371 1197 3423 interim
1236 3369 1390 3422 vobis
1428 3380 1708 3439 parcatur,
1749 3381 1798 3422 et
1839 3379 2007 3424 temet
2039 3371 2154 3424 Deo
2183 3387 2386 3441 rcprm-

762 3473 918 3519 scuta
962 3478 1058 3534 per
1105 3462 1508 3530 paenitentiam.
1547 3461 1851 3515 Nesciebam
1886 3461 2050 3532 (Ibid.
2085 3479 2253 3526 XXIII,
2290 3467 2382 3534 17)

760 3557 1008 3626 quoniam
1037 3562 1064 3602 ιι
1118 3555 1244 3608 tales
1298 3558 1521 3609 tenebra:
1565 3567 1791 3609 ventura:
1830 3568 1996 3610 essent
2036 3569 2156 3610 ante
2194 3558 2382 3627 {aciem

762 3666 949 3702 uicani.
985 3649 1160 3716 Quare
1181 3646 1346 3717 (Ibid.
1373 3664 1520 3710 XXIV.
1546 3649 1598 3718 Ι)
1632 3649 1642 3684 ί
1668 3666 1812 3721 ergo,
1839 3647 2084 3713 Domine,
2113 3669 2210 3704 non
2235 3653 2382 3720 potui

760 3759 865 3795 una
895 3741 1024 3794 liora
1049 3742 1251 3795 latere?
1287 3743 1435 3810 impii
1466 3752 1636 3793 autem
1666 3752 1929 3796 transeunt
1957 3747 2006 3795 in
2037 3745 2227 3811 ﬁnibus
2249 3746 2377 3800 alie-

759 3834 864 3897 nis,
903 3845 949 3888 et
979 3851 1158 3905 greges
1199 3835 1371 3886 ovium
1405 3851 1518 3885 cunt
1553 3835 1845 3903 pastoribus
1874 3849 2181 3905 rapuerunt,
2213 3848 2260 3891 et
2292 3857 2376 3907 pe-

759 3945 883 3982 cora
910 3930 1262 3998 orplianornm
1296 3927 1625 3997 afﬂixerunt,
1657 3937 1704 3981 ct
1731 3929 1906 3982 bovem
1935 3929 2103 3982 vidum
2128 3931 2373 4003 pignera-

757 4033 957 4086 rcrunl,
997 4039 1182 4094 agrum
1214 4038 1315 4075 non
1350 4039 1500 4074 suum
1532 4032 1652 4076 ante
1673 4033 1876 4091 tempus
1905 4024 2124 4077 demessi
2153 4039 2294 4088 sunt,
2327 4035 2376 4078 et

756 4126 1034 4188 coegerunt
1061 4115 1293 4169 homines
1325 4116 1375 4167 in
1400 4115 1559 4169 vineis
1582 4118 1688 4168 suis
1720 4117 1880 4186 gratis
1911 4118 2138 4181 operari,
2165 4126 2212 4171 et
2237 4117 2375 4170 mul-

758 4222 836 4263 tos
866 4211 1288 4279 despoliaverunt
1312 4251 1327 4272 ,
1357 4220 1401 4262 et
1430 4210 1767 4264 esurientibus
1799 4227 1982 4280 panem
2015 4213 2370 4276 abstulerunt,

759 4312 806 4357 et
838 4305 890 4356 in
921 4303 1165 4374 faucibus
1203 4301 1384 4355 multis
1413 4301 1743 4367 obsederunt,
1781 4311 1826 4356 et
1868 4319 1968 4356 non
2007 4305 2373 4359 intellexerunt

833 4497 856 4524 ει
907 4489 976 4543 Ita
1007 4486 1215 4560 Symm.
1247 4487 1348 4540 067.
1379 4487 1649 4562 ἐξέτρωσε,
1679 4499 1779 4556 pro
1809 4485 2046 4539 abortum
2084 4503 2186 4541 non
2217 4504 2369 4558 passa

757 4574 850 4618 est.
885 4561 990 4614 'l‘il.

828 4633 854 4670 ιι
897 4633 1032 4685 Cum
1060 4630 1320 4697 Scplttag.
1346 4632 1567 4683 Μένονσι
1593 4628 1645 4683 δὲ
1671 4632 1738 4688 ὡς
1762 4631 1998 4705 πρὸξατα
2027 4634 2225 4686 αἰώνια.

835 4718 853 4738 ·’
899 4703 1162 4774 Septuag.
1196 4700 1558 4774 έΛ-ιαλαεὸντες
1581 4700 1880 4774 ψαλτηρίων.
1909 4704 2126 4770 Aquila,
2162 4721 2372 4773 [ιι-πορη-

754 4777 862 4830 sito
905 4775 956 4828 in
1004 4773 1228 4840 llcxapl.
1271 4775 1560 4844 asterisco,
1613 4773 1851 4844 ὀργά-λον.
1902 4779 2108 4829 Caetera
2147 4779 2370 4832 omnino

763 4846 1013 4902 Lucifero
1046 4843 1359 4911 peculiaria.

829 4917 852 4954 ι¹
898 4919 1003 4972 Pro
1036 4916 1296 4969 ridebunt.
1332 4913 1439 4967 Til.
1471 4924 1522 4965 ut
1552 4913 1604 4966 in
1643 4915 1794 4982 Vulg.

831 4999 853 5025 ο
901 4990 1060 5042 llisce
1090 4986 1309 5042 annl‘er
1333 5000 1554 5038 sensum
1580 4985 1682 5039 .loli
1705 4988 1942 5055 explicat
1974 4989 2023 5042 in
2057 4989 2122 5042 iis
2146 4993 2362 5045 verbis:

753 5059 948 5184 findite
992 5076 1094 5123 me,
1139 5058 1379 5127 quoniam
1416 5058 1622 5111 dolores
1660 5060 1885 5112 vulturis
1930 5063 2026 5113 inci
2057 5073 2245 5132 cogunt
2288 5081 2366 5117 me

776 5148 918 5184 OGUL

776 5148 918 5198 oquu

835 5203 852 5240 ί
902 5203 1076 5256 Locus
1113 5198 1357 5254 mutilus.
1385 5199 1548 5254 Forte
1573 5205 1722 5255 certis
1748 5204 1926 5270 paenis.
1962 5204 2225 5258 Latinius.
2259 5206 2362 5262 Ve-

752 5289 872 5328 rum
916 5277 959 5326 si
1005 5274 1158 5326 certis
1207 5287 1304 5341 pro
1345 5273 1602 5339 aliquibus
1641 5276 1995 5344 intelligatur,
2033 5291 2228 5331 sensus
2258 5281 2359 5334 erit

746 5347 980 5414 integer.

825 5428 848 5464 ες
891 5417 1078 5471 Credo.
1109 5415 1285 5470 Vatic.

822 5486 848 5522 ιι
895 5489 1048 5542 Vers.
1078 5490 1205 5541 Ant.
1236 5487 1641 5558 Supervenirent
1660 5490 1783 5541 milii
1807 5491 2042 5557 tenebra’,
2070 5503 2117 5546 et
2138 5503 2256 5546 ante
2277 5497 2355 5562 fu-

749 5559 881 5610 cient
908 5576 1071 5610 nteant
1104 5569 1289 5628 tegeret
1319 5562 1505 5629 caligo.

829 5631 839 5666 ι
894 5630 1047 5683 Vers.
1084 5635 1210 5705 Ant.
1265 5630 1544 5705 Dominum
1576 5648 1678 5684 non
1712 5634 1968 5688 latuerunt
2000 5635 2175 5697 horas,
2212 5636 2354 5705 impii

745 5712 918 5754 autem
955 5704 1248 5753 nescierunt
1293 5703 1402 5754 dies
1444 5703 1596 5776 ejus?
1631 5703 1812 5758 Finem
1847 5709 2152 5776 transgressi
2183 5703 2300 5759 sunt
2332 5727 2349 5763 :

741 5790 949 5840 {Net/Cm
1002 5790 1117 5824 cum
1164 5785 1373 5838 pastore
1417 5774 1678 5841 rapientes
1726 5774 2004 5842 pararunt.
2050 5777 2348 5834 .lunmnnm

744 5848 1067 5914 pupillorum
1089 5846 1390 5916 abegeritrit.
1519 5845 1908 5900 (leniessuerunt
1930 5867 1945 5902 :
1970 5851 2162 5916 in/irmi
2179 5853 2348 5905 tineas

733 5916 1010 5983 impiorum
1056 5915 1248 5986 absque
1287 5917 1522 5972 mercede
1568 5925 1614 5970 et
1667 5919 1780 5973 cibo
1820 5915 2109 5976 coluerunt.
2158 5920 2345 5979 Nudos

2489 3369 2731 3424 dicatum
2778 3369 2985 3424 dixisse
3035 3371 3406 3440 prophetam:
3455 3368 3600 3424 Nolo
3634 3381 3852 3426 mortem
3886 3373 4128 3426 morien-

2489 3465 2554 3518 tis
2588 3474 2637 3528 t‘,
2677 3464 2803 3518 dicit
2853 3463 3128 3529 Dontinns,
3174 3474 3426 3534 quantum
3472 3476 3529 3517 ut
3571 3473 3858 3519 revertatur
3899 3475 3947 3520 et
3977 3467 4126 3520 vivat

2489 3557 2705 3628 (Ezecli.
2761 3573 2963 3620 xxxiii,
3021 3555 3134 3628 Η).
3184 3557 3303 3612 Noli
3349 3557 3462 3626 jam
3515 3559 3742 3621 sentire,
3787 3559 3929 3628 quod
3984 3575 4120 3614 eum

2486 3655 2627 3708 mala
2658 3653 2768 3707 sint
2797 3668 2965 3722 opera
2999 3662 3110 3716 tua,
3148 3662 3206 3706 ut
3234 3653 3372 3707 bene
3400 3662 3455 3708 te
3483 3667 3646 3722 agere
3673 3653 3972 3716 cxisdmes,
4009 3670 4120 3708 cur

2485 3763 2593 3801 non
2643 3748 2827 3802 statim
2876 3762 2976 3817 pro
3035 3747 3192 3801 laetis
3238 3761 3426 3818 ptenas
3476 3749 3754 3816 receperis
3804 3749 3946 3812 tuis,
4004 3751 4110 3804 sed

2485 3839 2669 3908 aspice
2692 3840 2956 3906 scriptum
2976 3883 2988 3902 ,
3023 3839 3314 3894 Dominum
3346 3841 3644 3910 patientem
3679 3856 3803 3897 esse
3833 3851 3893 3896 ut
3919 3845 4111 3911 patui-

2487 3932 2675 3986 tearis.
2704 3932 2786 3985 Ne
2810 3933 3005 3986 dixeris
3030 3949 3047 3986 :
3074 3932 3316 3996 Peccavi,
3341 3944 3388 3988 et
3413 3935 3536 4003 quid
3558 3935 3749 3989 accidit
3770 3936 3893 3989 mihi
3915 3938 4114 3993 triste?

2485 4038 2560 4083 est
2590 4029 2727 4082 enim
2753 4027 3046 4082 Altissimus
3071 4029 3270 4094 patiens
3292 4029 3526 4082 rcdditor
3548 4028 3740 4100 (Eccli.
3770 4047 3822 4097 v,
3847 4029 3923 4100 4).
3949 4031 4108 4087 Audi

2485 4123 2648 4178 etiam
2682 4122 2908 4177 Paulum
2944 4122 3163 4178 beatum
3195 4121 3511 4178 invitantem
3544 4133 3599 4179 te
3627 4124 3694 4178 ad
3723 4125 3915 4188 Deum,
3949 4127 4108 4182 circa

2482 4224 2535 4271 te
2561 4215 2889 4284 placandum
2920 4217 3260 4286 aperientem
3294 4215 3413 4281 tibi,
3442 4217 3586 4287 quod
3616 4218 3761 4273 enim
3791 4218 3998 4273 idcirco
4030 4220 4112 4274 sit

2483 4309 2738 4377 patiens,
2773 4317 2828 4364 et
2856 4324 2962 4364 non
3002 4309 3148 4364 illico
3184 4310 3293 4365 sint
3320 4320 3713 4381 repraesentata
3745 4313 3933 4368 merita
3963 4326 4110 4382 ope-

2479 4489 2672 4543 multos

2715 4493 3067 4565 fecerunt”...
3121 4501 3169 4565 et
3218 4492 3674 4547 esurientiunt.....
3738 4496 3791 4548 in
3834 4498 4107 4565 angustiis

2401 4562 2452 4623 D
2480 4562 2907 4636 iniqtteinsidiati
2935 4570 3078 4636 sunt.
3102 4562 3235 4616 riam
3261 4575 3433 4616 autem
3448 4566 3676 4636 justitiw
3697 4562 4105 4636 ignorat-Erunt.

2559 4636 2571 4683 i
2626 4633 2784 4718 vers.
2819 4636 2964 4718 Ant:
2984 4633 3111 4718 Qun?
3134 4636 3269 4718 enim
3296 4651 3411 4718 spes
3440 4633 3516 4689 est
3536 4633 3734 4718 impio;
3752 4639 3871 4706 quia
3902 4654 4103 4710 exspe-

2477 4714 2600 4767 ctat,
2623 4714 2676 4777 et
2705 4705 2921 4772 conﬁdit
2949 4706 2998 4758 in
3038 4706 3264 4760 Domino
3287 4705 3330 4759 si
3362 4711 3497 4777 forte
3528 4705 3780 4762 solvatur.

2550 4779 2573 4810 κ
2622 4775 2774 4852 Υριε.
2816 4777 2941 4830 Ant.
2988 4778 3049 4832 Si
3078 4790 3248 4832 autem
3287 4787 3336 4832 et
3361 4775 3579 4844 juvenes
3605 4778 3732 4846 facti
3763 4781 4089 4852 fuerint.....

2473 4857 2526 4901 et
2547 4847 2634 4916 qui
2663 4849 2798 4923 circa
2831 4865 2945 4902 eum
2972 4860 3110 4909 sunt,
3144 4860 3308 4902 morte
3335 4847 3773 4910 morientur......'
3794 4855 3935 4923 quod
3963 4857 4011 4908 si
4040 4867 4100 4911 et

2473 4920 2742 4988 collegerit
2773 4932 2825 4973 ut
2859 4929 3050 4975 terram
3072 4931 3359 4991 argentum,
3394 4931 3440 4975 et
3469 4922 3607 4976 velut
3627 4925 3792 4979 lutum
3807 4920 4098 4996 paraverit

2471 5007 2681 5043 aurum.
2696 5031 2706 5042 .
2724 5032 2732 5042 .
2746 5030 2757 5042 .
2770 5031 2782 5043 .
2812 5004 3204 5059 consequentur.

2549 5060 2564 5099 ¹
2613 5061 2674 5115 Si
2706 5079 2758 5116 se
2780 5065 3166 5140 c‘orrobaverint
3204 5063 3337 5134 legit
3367 5062 3550 5121 Sabat.
3583 5076 3639 5123 et
3670 5066 3811 5122 infra
3850 5070 4095 5140 college—

2467 5134 2572 5186 rint
2600 5147 2699 5203 pro
2731 5135 3054 5189 collexerint.

2540 5216 2578 5281 tu
2628 5204 2779 5261 Vers.
2832 5207 2977 5281 Ant._
3023 5207 3514 5265 Convertimini.....
3553 5213 3604 5264 in
3628 5212 3858 5281 jejunio,
3911 5212 3965 5266 in
4004 5216 4092 5268 ci-

2465 5277 2708 5331 licio.....
2743 5289 2787 5332 et
2828 5279 3067 5344 scindite,
3112 5293 3223 5335 etc.
3257 5281 3497 5337 Scindite
3529 5277 3694 5337 etiam
3729 5283 3782 5338 in
3817 5283 4088 5343 Lucifero

2462 5347 2594 5416 legit
2623 5349 2808 5402 Salmt.

2535 5430 2559 5455 η
2605 5419 2769 5499 Forte
2796 5435 2876 5499 ea
2922 5436 3092 5499 sensu
3135 5425 3431 5480 verborum
3472 5424 3647 5499 Ioelis
3685 5425 3800 5482 lucc
3843 5431 4080 5499 repetit,

2457 5506 2581 5546 cum
2618 5492 2809 5546 nullibi
2844 5494 3064 5549 licuerit
3099 5499 3244 5551 hunc
3273 5507 3490 5551 textum
3523 5497 3791 5554 invenire.

2533 5563 2554 5584 °
2597 5563 2832 5618 Sensum
2865 5567 2951 5620 hic
2990 5567 3228 5622 reStituit
3265 5567 3448 5623 Latin.
3485 5569 3694 5625 inserto
3720 5570 3890 5626 verbo
3919 5575 4081 5629 audi.

2455 5635 2566 5715 Nos
2588 5638 2913 5715 cum_\’atic.
2939 5641 3168 5694 verbum
3197 5643 3528 5696 reminiscere
3549 5641 3894 5713 subjicimus,
3921 5648 4082 5715 quod

2455 5708 2505 5760 in
2535 5708 2666 5761 edit.
2700 5708 2908 5765 deerat.

2526 5789 2564 5858 v_
2593 5779 2747 5834 Vers.
2802 5784 3472 5858 Antupeccatorissillnus
3517 5785 3829 5858 Cyprianus
3864 5786 3918 5843 in
3965 5788 4080 5845 lib.

2452 5851 2520 5908 de
2543 5849 2706 5921 Laps.
2739 5849 2998 5911 convenit
3022 5871 3144 5912 cum
3177 5855 3458 5914 Lucifero.
