4292 6426
148 479 239 533 817
1172 468 1305 524 PRO
1336 465 1605 525 SANCTO
1646 462 2046 523 ATHANASIO
2085 463 2295 520 LIBER
2336 465 2377 519 l.
3336 463 3441 521 818

147 612 253 652 rum
282 604 521 655 tuorum,
555 589 679 661 quia
714 589 843 643 velit
873 598 923 644 te
956 586 1171 643 tandem
1198 603 1226 640 a
1259 586 1417 641 malis
1448 601 1731 655 emergere
1759 601 1812 661 Α
1839 584 1990 653 faciet
2023 583 2112 635 tibi
2136 582 2304 651 pulvis
2333 580 2449 652 (Ps.
2485 597 2630 647 xxxx,
2672 581 2793 652 l0)?
2822 580 3121 638 Revertere
3151 580 3219 637 ad
3242 582 3438 649 Deum,

144 704 230 760 per
262 682 664 755 pmnitentiam,
708 698 801 751 per
844 697 1026 736 veram
1062 680 1511 733 satisfactionem.
1562 678 1731 731 Num-

141 782 252 849 quid
291 781 315 808 ⁸
354 778 715 832 sustinentium
758 776 998 828 bonitatis
1034 777 1146 845 ejus
1186 783 1232 826 et
1272 774 1575 843 patientiam
1608 788 1730 824 con-

140 871 331 929 temnis,
366 870 611 937 ignorans
639 868 881 935 quoniam
911 866 1110 918 bonitas
1143 861 1240 916 Dei
1279 865 1347 915 ad
1380 864 1727 930 ptcnitentiant

138 975 180 1016 te
202 960 458 1014 adducit?
484 959 563 1013 Tu
587 970 759 1013 autent
782 958 1060 1013 secundum
1090 958 1337 1009 duritiam
1370 970 1531 1021 tuam,
1566 966 1610 1007 et
1640 973 1727 1008 cor

136 1053 445 1121 itttpwttitens
470 1053 787 1106 thesaurizas
820 1051 910 1103 tibi
943 1050 1073 1101 iram
1104 1050 1154 1100 in
1190 1050 1272 1101 die
1300 1050 1412 1113 έναι,
1447 1058 1490 1099 et
1524 1050 1723 1099 revela—

135 1151 275 1201 tionis
297 1148 643 1220 justijudicii
669 1145 786 1209 Dei,
816 1147 902 1215 qui
934 1145 1113 1197 reddet
1146 1145 1417 1211 unicuique
1443 1142 1725 1194 secundum

133 1256 330 1310 operam
353 1244 470 1312 ejus
499 1240 676 1308 (Rom.
708 1255 767 1303 tt,
793 1240 875 1307 .l),
900 1237 1057 1291 Redi.
1086 1236 1388 1298 Constanti,
1416 1235 1481 1287 ad
1515 1235 1679 1287 Deum
1710 1252 1719 1285 :

129 1344 304 1388 contra
329 1333 531 1388 interni
556 1334 629 1388 tui
656 1333 825 1386 hostis
849 1332 1189 1387 latrocinium
1214 1348 1365 1383 sume
1392 1332 1723 1399 paenitentia:

133 1441 271 1479 arma
301 1442 314 1490 ;
348 1425 473 1495 fuge
500 1426 875 1490 adulatorum,
904 1424 995 1493 qui
1028 1424 1118 1475 tibi
1155 1440 1259 1475 non
1292 1423 1490 1476 fuerint
1520 1422 1722 1490 dignati

126 1535 237 1587 qum
260 1535 318 1574 se
334 1520 539 1575 habent
558 1521 761 1584 dicere,
790 1518 1153 1587 perniciosam
1178 1517 1421 1579 laudem;
1449 1526 1725 1571 memento

125 1626 211 1665 ore
243 1612 397 1666 Isaiae
427 1612 634 1666 dixisse
668 1611 953 1665 Dominum
986 1627 996 1662 :
1030 1610 1054 1646 ιο
1085 1612 1184 1676 Qui
1210 1626 1297 1662 vos
1322 1610 1494 1677 [elices
1518 1610 1721 1674 dicunt,

122 1706 173 1757 in
213 1721 439 1757 errorem
471 1720 559 1758 vos
596 1705 827 1766 mittunt,
867 1714 910 1756 et
951 1704 1181 1755 semitam
1211 1703 1399 1768 pedum
1438 1712 1721 1753 vestrorum

122 1799 317 1853 turbant
363 1798 465 1870 (Is.
516 1815 595 1865 ttt,
644 1799 755 1870 12).
800 1796 972 1853 Crede
1015 1800 1065 1851 in
1110 1797 1327 1849 unicum
1367 1798 1458 1850 Dei
1498 1796 1718 1863 Filium,

126 1892 303 1959 accipe
334 1892 549 1945 veniam
585 1900 799 1945 tuorum
832 1890 1124 1951 scelerum,
1157 1899 1343 1957 repete
1367 1888 1545 1941 dicere
1575 1889 1719 1956 psal-

1836 679 2131 745 ingemisce
2150 676 2582 746 procriminibus
2607 678 2731 737 tuis,
2760 692 2857 745 per
2873 676 3202 731 Hieremiam
3224 674 3443 729 Domini

1835 772 2066 826 dicentis
2089 771 2211 825 audi
2240 786 2424 824 vocem
2454 790 2466 824 ε
2498 768 2763 838 Numquid
2785 774 2873 839 qui
2898 773 3036 825 cadit
3059 788 3159 825 non
3181 781 3443 841 resurget,

1833 877 1923 918 aut
1954 872 2039 935 qui
2066 868 2337 928 avertitur,
2365 882 2464 917 non
2496 875 2819 918 convertetur
2846 864 2982 931 (Jer.
3013 880 3128 929 vttt,
3160 862 3260 931 4)?
3291 863 3448 918 Ceci-

1832 960 1960 1013 disti
1995 958 2083 1013 die
2115 975 2216 1028 qua
2249 960 2456 1027 negasti
2500 958 2591 1012 Dei
2625 958 2855 1020 Filium;
2888 973 3140 1027 resmges
3171 955 3303 1009 hora
3335 971 3444 1025 qua

1834 1054 1999 1109 fueris
2027 1058 2309 1109 confessus
2340 1072 2351 1105 :
2379 1055 2505 1121 quia
2535 1065 2583 1109 te
2610 1056 2763 1124 plaga
2790 1053 3003 1108 hostilis
3038 1053 3260 1119 insedit,
3288 1053 3446 1107 trade

1834 1158 1885 1201 te
1928 1146 2225 1200 curandum
2261 1146 2570 1211 medicinm,
2624 1145 2740 1215 ipse
2779 1145 2876 1199 tibi
2919 1143 3115 1199 adhibe
3152 1144 3441 1197 medelam.

1835 1240 2141 1295 V'ulnerasti
2176 1250 2341 1294 temet
2379 1240 2571 1293 dicens
2605 1256 2616 1291 :
2662 1238 2783 1291 Non
2814 1249 2889 1293 est
2928 1255 3077 1293 verus
3103 1236 3200 1291 Dei
3242 1235 3441 1303 Filius,

1827 1336 2023 1391 iterum
2074 1346 2235 1389 temet
2274 1345 2585 1399 sanaturus,
2624 1335 2669 1388 si
2713 1332 2864 1387 dicas
2895 1343 2951 1387 ut
2994 1348 3092 1387 nos
3126 1330 3357 1386 dicimus
3387 1340 3444 1386 et

1827 1430 2102 1483 credimus
2126 1443 2247 1481 esse
2271 1428 2420 1480 illum
2444 1441 2635 1480 verum
2664 1426 2757 1479 Dei
2782 1424 3000 1477 Filium.
3030 1422 3365 1477 Revertimini
3388 1432 3437 1487 ο,

1827 1524 1955 1578 dicit
1987 1522 2171 1587 Johel,
2199 1521 2267 1574 ad
2291 1519 2574 1573 Dominum
2603 1517 2774 1571 Deum
2797 1528 3044 1581 vestrum,
3070 1516 3313 1579 quoniam
3341 1516 3442 1566 mi-

1827 1618 2041 1669 sericors
2071 1626 2117 1667 et
2143 1617 2257 1683 pius
2288 1624 2335 1665 et
2357 1614 2581 1684 patiens,
2616 1623 2662 1664 et
2687 1612 2862 1664 multa:
2883 1609 3251 1672 miserationis,
3278 1618 3323 1660 et
3352 1610 3441 1676 qui

1825 1711 2130 1762 sententiam
2149 1710 2322 1776 ﬂectat
2342 1707 2589 1760 adversus
2608 1706 2857 1759 malitiam
2876 1705 3163 1773 irrogatam
3187 1701 3347 1771 (Joel.
3374 1716 3433 1765 tt,

1829 1805 1945 1871 15).
1975 1804 2030 1858 Si
2051 1803 2191 1857 hanc
2214 1804 2307 1856 tibi
2341 1803 2667 1869 promissam
2702 1798 3095 1867 indulgentiam
3123 1795 3374 1848 funerum
3413 1793 3428 1829 ί

1824 1904 2039 1949 tuorum
2089 1893 2486 1964 repudiandam
2530 1891 2777 1954 duxeris,
2837 1891 2947 1945 illic
2990 1889 3127 1942 hanc
3171 1886 3435 1956 consequi

118 1984 471 2052 inograplium
506 2000 520 2047 ;
574 1984 723 2052 Αριιιι
769 1984 963 2053 inferos
1016 1992 1037 2018 ε
1096 1983 1207 2050 quis
1261 1982 1588 2049 conﬁtebitur
1630 1982 1719 2035 tibi
1752 1994 1797 2053 Β
1826 1988 2257 2049 desideraturus,
2291 1985 2380 2039 ubi
2406 1984 2543 2039 nihil
2572 1985 2682 2039 eris
2708 1994 2905 2053 praeter
2925 1982 3290 2038 cruciamenta
3314 1993 3438 2049 per—

116 2073 225 2143 (Ps.
272 2090 347 2139 γι,
403 2078 495 2144 6)?
541 2086 597 2132 et.
641 2076 834 2131 iterum
880 2094 890 2128 :
943 2074 1212 2144 Numquid
1252 2074 1275 2110 α
1322 2078 1721 2145 cxomologesim

181 2243 203 2268 ⁸¹
247 2232 410 2287 V'ers.
438 2233 567 2286 Ant.
595 2233 673 2285 An
696 2233 902 2285 divitias
927 2232 1170 2285 bonitatis
1194 2238 1329 2303 ejus,
1353 2240 1401 2285 et
1428 2234 1712 2297 patientiae,

112 2314 155 2358 et
196 2304 609 2374 longanimitatis
648 2305 930 2356 contemnis
959 2345 970 2367 ,
1014 2306 1260 2373 ignorans
1292 2304 1534 2370 quoniam
1565 2304 1712 2357 beni-

112 2378 398 2446 gnitas.....
430 2378 711 2429 secundum
738 2392 916 2443 Opera.

180 2446 203 2483 ι)
247 2446 386 2502 Vers
453 2454 577 2500 Ant.
615 2448 716 2511 Qui
748 2464 831 2499 ros
866 2448 1040 2499 beatos
1068 2447 1274 2509 dicunt,
1312 2448 1568 2499 seducunt
1598 2464 1706 2511 vos,

110 2528 151 2570 et
187 2536 291 2571 vias
323 2521 515 2589 pedum
545 2532 827 2570 vestrorum
856 2518 1171 2571 disturbant.

180 2602 199 2625 ο
248 2590 401 2643 Vers.
440 2596 566 2643 Ant.
597 2599 650 2643 et
681 2590 835 2657 Vulg.
875 2589 935 2641 In
960 2594 1185 2655 inferno.

174 2658 199 2695 ά
245 2660 329 2715 Uti
367 2678 419 2713 Itt
451 2660 667 2733 (Ἴφθα),
698 2667 764 2731 μή
795 2662 1210 2731 ἐξομολογήσεταί
1240 2684 1319 2715 σοι
1352 2670 1505 2733 χοῦς.
1544 2662 1618 2715 Ita
1652 2672 1706 2715 et

109 2730 269 2801 Cypr.
308 2733 406 2785 lib.
451 2746 509 2785 Itl
539 2730 771 2786 'l'estitn.
816 2730 971 2787 νοτε.
1008 2730 1143 2784 Ant.
1190 2742 1244 2785 et
1282 2730 1437 2801 Vulg.
1483 2735 1703 2801 conﬁte-

1830 2091 2087 2149 cepturus
2121 2093 2423 2150 ptenarum.

1820 2238 1977 2289 bitur.

1894 2317 1915 2342 θ
1967 2307 2117 2361 Vers.
2163 2310 2294 2363 Ant.
2338 2305 2833 2359 Convertimini.....
2880 2306 3005 2372 quia
3047 2305 3343 2359 misericors
3384 2315 3433 2359 et

1818 2379 2095 2432 miserutor
2141 2394 2258 2443 est,
2310 2380 2634 2449 patiens”...
2686 2378 3145 2449 pwnitenssuper
3190 2377 3431 2449 malitiis.

1816 2450 1980 2519 tlypr.
2015 2467 2104 2520 ep.
2140 2452 2229 2515 52,
2265 2446 2323 2503 et
2356 2449 2515 2513 Vict.,
2554 2446 2696 2503 Tun.
2741 2448 3081 2502 conveniunt
3119 2463 3241 2501 cum
3276 2446 3435 2501 Luci-

1820 2522 1959 2574 iero.

1841 2540 1959 2575 ero.

1893 2592 1909 2628 ί
1954 2593 2005 2645 ΙιΙ
2056 2603 2167 2656 est,
2220 2592 2516 2659 facinorum
2564 2607 2680 2661 qua:
2726 2601 2871 2644 tanta
2916 2594 3101 2659 funera
3134 2591 3187 2643 in
3234 2588 3430 2643 Christi

1818 2662 2104 2716 Ecclesium
2129 2664 2413 2716 intulerunt
2438 2682 2455 2728 ;
2485 2666 2533 2716 in
2564 2680 2674 2734 «μισ»
2702 2661 2998 2734 δειιδυίιηιρ
3027 2677 3159 2716 voce
3186 2675 3317 2715 usus
3342 2670 3429 2716 est

1811 2733 2030 2789 Lucit'er
2058 2736 2226 2789 etiam
2262 2752 2429 2803 supra
2462 2750 2583 2805 pag.
2614 2735 2707 2799 M,
2737 2735 2835 2788 lin.
2867 2733 2959 2787 24.

938 3033 1081 3148 8.
1169 3036 1344 3155 Ρ.
1430 3038 1619 3148 N.
1707 3035 2577 3150 LUCIPEBI

1312 3228 1663 3290 EPISCOPI
1709 3227 2204 3290 CALARITANI

466 3396 877 3543 PRO
974 3395 1203 3542 SA
1228 3392 1768 3543 NCTO
1867 3384 3051 3538 ATHANASIO

732 3640 891 3720 AD
970 3636 1819 3721 CONSTANTIUM
1902 3632 2781 3717 IMPERATOREM

1440 3814 1733 3885 LIBRI
1808 3813 2062 3886 DUO.

1392 4093 1675 4153 LIBER
1731 4090 2111 4153 PRIMUS.

149 4376 318 4449 Cogis
352 4392 455 4432 nos
475 4418 487 4438 ,
528 4377 806 4432 Constanti
835 4423 847 4445 ,
884 4379 1164 4435 absentem
1212 4381 1478 4438 datnuare
1507 4399 1704 4438 consa-
1734 4400 1779 4462 ρ
1813 4402 1910 4439 me.
1950 4383 2014 4437 Et
2044 4384 2171 4437 dixit
2199 4382 2275 4436 illi
2306 4380 2485 4435 Deus:
2515 4380 2644 4448 Quis
2672 4381 2761 4434 tibi
2788 4379 3055 4446 indicavit,
3089 4379 3210 4448 quia
3241 4379 3416 4434 nudus

80 4474 374 4527 cerdotem
406 4481 656 4525 nostrum
691 4474 1010 4543 religiosum
1043 4476 1406 4530 Athanasium
1435 4495 1448 4531 :
1494 4478 1588 4531 sed
1621 4478 1702 4532 di-

84 4568 204 4619 vina
242 4566 293 4619 itl
327 4565 515 4618 facere
545 4565 897 4632 prohibemur
926 4568 1078 4635 lege;
1116 4568 1349 4636 impellis
1374 4570 1701 4623 auctoritate

80 4658 243 4711 latius
307 4656 482 4726 regali
543 4656 763 4711 Domini
820 4660 1132 4713 sacerdotes
1190 4659 1255 4713 ad
1312 4660 1700 4715 eliundeudutn

78 4766 386 4817 cruorem,
417 4752 676 4821 ignorans
704 4753 826 4821 jura
852 4753 1080 4823 jllSllllLl!
1102 4800 1115 4819 ,
1155 4756 1349 4809 tradita
1383 4757 1538 4811 nobis
1567 4756 1702 4808 divi—

78 4845 258 4906 nitus,
315 4854 373 4899 te
404 4854 663 4899 conatum
696 4861 761 4901 ex
798 4851 1002 4901 nostris
1044 4850 1262 4902 auferre
1292 4849 1585 4902 mentibus.
1619 4849 1703 4901 An

77 4938 351 4991 divinitus
409 4942 615 5007 poteris
660 4955 907 4995 asserere
954 4944 1327 5011 permissum,
1374 4944 1657 4997 absentem
1688 4984 1701 5007 ,

79 5030 449 5093 inauditum,
503 5041 559 5085 et
615 5032 759 5101 quod
812 5043 898 5087 est
953 5038 1293 5101 maximum,
1356 5036 1703 5091 innocentem

74 5124 301 5181 damnat
323 5128 336 5180 i
362 5127 387 5179 ?
416 5126 703 5194 Quomodo
732 5130 937 5183 etenim
968 5132 1257 5186 arbitraris
1286 5132 1543 5187 divinitus
1578 5148 1702 5203 per-

77 5218 315 5274 missum
345 5261 361 5285 ,
412 5220 589 5287 puniri
625 5222 931 5287 inauditos,
965 5224 1187 5293 quando
1222 5227 1407 5282 videas
1446 5228 1616 5281 Adam
1649 5238 1705 5282 et

78 5312 255 5369 Evam
318 5316 600 5385 principes
656 5319 827 5372 nostri
889 5319 1109 5387 generis
1161 5319 1377 5375 auditos
1431 5322 1704 5377 sententia

75 5422 393 5476 percussos
426 5408 564 5463 Dei?
598 5410 664 5464 Et
694 5413 887 5466 vocavit
918 5423 941 5448 ⁸
974 5412 1115 5467 Deus
1148 5415 1339 5480 Adam,
1374 5426 1421 5469 et
1452 5417 1584 5469 dixit
1616 5418 1661 5469 ei
1689 5431 1706 5467 :

72 5504 264 5565 Adam,
308 5503 401 5555 ubi
431 5504 523 5555 es?
555 5502 620 5555 Et
647 5505 818 5558 dixit:
853 5504 1035 5560 Vocem
1064 5516 1206 5559 tuam
1232 5510 1430 5573 audivi,
1460 5508 1703 5571 Domine,

1810 4497 1884 4546 es,
1911 4482 2011 4534 nisi
2035 4482 2098 4534 de
2120 4482 2261 4550 ligno
2290 4480 2353 4533 de
2373 4494 2473 4545 quo
2496 4492 2840 4546 prteceperam
2865 4476 2981 4537 tibi,
3010 4482 3073 4528 de
3094 4474 3189 4527 hoc
3215 4476 3326 4528 solo
3354 4492 3420 4529 ne

1812 4575 2173 4634 manducares,
2193 4590 2255 4625 ea:
2278 4589 2333 4625 eo
2355 4570 2681 4623 manducasti
2700 4570 2723 4621 ζ’
2745 4566 2811 4620 Et
2834 4568 2967 4621 dixit
2992 4567 3192 4620 Adam:
3218 4565 3417 4623 Mulier

1811 4683 1962 4733 quam
1992 4666 2203 4730 dedisti,
2233 4666 2345 4735 ipsa
2376 4664 2499 4715 milii
2529 4663 2669 4715 dedit
2702 4661 2765 4714 de
2805 4662 2968 4731 ligno,
3004 4669 3051 4713 et
3078 4660 3410 4713 manducavi.

1814 4756 1881 4810 Et
1932 4758 2062 4811 dixit
2111 4756 2248 4811 Deus
2292 4758 2497 4809 mulieri
2542 4772 2558 4808 :
2602 4754 2742 4820 Quid
2786 4754 2882 4807 hoc
2926 4753 3135 4821 fecisti?
3177 4751 3244 4805 Et
3284 4754 3416 4807 dixit

1812 4854 1999 4906 mulier
2018 4868 2034 4905 :
2052 4853 2276 4921 Serpens
2296 4850 2552 4922 persuasit
2576 4849 2723 4912 mihi,
2749 4857 2796 4901 et
2819 4848 3127 4901 manducavi
3152 4844 3305 4919 (Cen.
3330 4862 3413 4915 ιιι,

1811 4946 1899 5016 9).
1932 4944 2066 5001 Cum
2097 4949 2263 5016 igitur
2293 4944 2600 5014 huiusmodi
2637 4944 2865 4997 formam
2886 4941 3166 5011 iudicandi
3195 4942 3416 4997 dedisse

1821 5040 1986 5093 Deum
2012 5040 2291 5105 advertas,
2316 5054 2438 5093 cum
2468 5054 2495 5089 a
2522 5036 2747 5091 latebris
2772 5039 3013 5089 evocatis
3035 5034 3416 5106 confessisque

1813 5133 1977 5186 Deum
2028 5132 2356 5186 sententiam
2402 5129 2622 5185 dedisse
2667 5128 2735 5182 de
2783 5127 2958 5183 sacris
3005 5127 3416 5197 Scripturarnm

1805 5227 2093 5295 collegeris
2118 5225 2381 5289 totitibus,
2413 5224 2566 5293 cujus
2592 5221 2741 5276 fuisti
2770 5233 2935 5291 atque
2967 5236 3028 5276 es
3061 5220 3414 5290 impudentia:

1804 5318 2089 5389 judicandi
2126 5317 2224 5372 Dei
2259 5332 2449 5372 servos
2487 5314 2512 5352 ι’
2542 5330 2662 5369 eam
2690 5313 2824 5368 dare
2852 5314 3078 5367 formam
3101 5355 3113 5372 .
3156 5328 3277 5381 qua:
3305 5328 3414 5368 non

1808 5416 2001 5469 luisset
2044 5414 2110 5469 de
2155 5412 2277 5483 lege
2322 5413 2551 5468 veniens
2594 5410 2846 5467 Domini?
2884 5408 2993 5463 Nec
3037 5408 3298 5473 timuisti,
3340 5423 3412 5464 ne

1813 5508 2007 5563 fuisset
2030 5508 2236 5563 dictum
2267 5507 2334 5562 ad
2368 5509 2531 5561 Deum
2556 5522 2586 5561 a
2616 5506 2770 5560 nobis
2800 5504 2867 5558 de
2893 5514 2965 5563 te,
2990 5502 3268 5572 quomodo
3299 5501 3417 5557 fue-

74 5598 125 5650 in
153 5598 446 5667 paradiso,
472 5608 517 5650 et
541 5598 712 5666 timui,
745 5602 991 5665 quoniam
1021 5602 1192 5655 nudus
1216 5619 1351 5669 sum,
1388 5614 1431 5657 et
1459 5604 1705 5657 abscondi
1732 5596 1786 5656 D
1812 5614 1896 5658 rat
1926 5602 2129 5657 dictum
2160 5602 2228 5656 de
2257 5600 2446 5672 refuga
2474 5601 2571 5655 illo
2598 5599 2832 5669 angelo:
2854 5596 3081 5665 Serpens
3109 5596 3274 5650 suasit
3296 5611 3413 5663 me;

145 5768 169 5793 ει
218 5756 393 5810 Vors.
430 5756 556 5810 Ant.
590 5756 657 5810 Et
698 5759 889 5810 vocavit
923 5756 1174 5810 Dominus
1210 5754 1466 5811 Deus.....
1498 5768 1542 5811 et
1571 5760 1701 5812 dixit

69 5832 148 5884 illi
179 5848 196 5883 :
236 5828 346 5883 Ubi
377 5844 429 5880 es
454 5828 478 5880 Σ)
503 5838 550 5879 ct
582 5829 712 5881 dixit
742 5831 786 5882 ei
815 5845 833 5883 :
868 5827 1054 5881 Vocem
1084 5841 1221 5883 tuam
1251 5830 1428 5882 audiri
1451 5830 1697 5883 deambu-

74 5904 368 5955 lantis.....
401 5909 448 5950 et
480 5901 625 5969 timui
651 5903 889 5969 quia.....
925 5911 971 5953 et
1012 5902 1142 5953 dixit
1173 5902 1251 5954 illi
1282 5917 1299 5953 :
1334 5902 1459 5966 Quis
1492 5904 1699 5954 nuntia-

74 5979 259 6029 rit“...
311 5971 415 6026 nisi
446 5987 476 6023 a
503 5968 643 6039 ligno
674 5976 815 6045 quod
837 5987 1176 6045 rra’ceperam
1200 5973 1288 6025 tibi
1320 5981 1515 6027 tantum
1549 5990 1609 6026 ne
1635 5988 1698 6030 ex

1810 5775 1866 5811 eo
1896 5758 2255 5820 manducares,
2294 5757 2356 5807 ab
2388 5771 2444 5808 co
2474 5755 2756 5807 edisti
2786 5766 2939 5821 quam
2969 5750 3157 5802 dedisti
3186 5767 3407 5814 mecum,

1805 5829 2033 5883 Λυδίη...
2084 5840 2130 5880 et
2172 5830 2273 5881 edi.
2321 5826 2386 5880 Et
2432 5828 2557 5880 dixit
2605 5820 2856 5879 Dominus
2898 5820 3155 5878 Deus.....
3199 5837 3408 5890 serpens

1806 5903 2006 5953 seduxit
2032 5916 2126 5961 me,
2152 5909 2256 5953 etc.

1883 5971 1905 5999 ¹·
1946 5968 2142 6031 Seruis.
2186 5969 2361 6027 Vatic
