4292 6378
668 423 772 478 819

1747 421 2072 480 LUCIFERI
2123 422 2429 482 EPISCOPI
2467 426 2894 488 CALARITANI
3856 434 3942 490 820

669 534 997 591 Constantius
1029 537 1314 609 imperator
1340 536 1547 595 seduxit
1570 552 1697 603 nos;
1726 537 2040 592 credidimus
2063 539 2132 601 ei,
2157 555 2274 592 eum
2303 553 2354 609 Α
2380 541 2614 596 tristatus
2647 553 2724 597 est
2770 541 2901 599 Cain
2941 547 3108 613 va'de,
3163 557 3210 599 et
3247 549 3466 602 concidit
3508 549 3680 604 uultus
3725 551 3850 619 ejus.
3889 549 3942 602 Et

668 628 906 683 arbitrati
930 631 1094 700 fuisse
1115 631 1390 684 hominem.
1415 629 1609 687 Nonne
1627 639 1650 666 ει
1673 629 1858 685 videre
1881 630 2130 700 potuisti,
2152 631 2276 701 quia

669 724 848 791 possis
870 724 961 782 tali
989 727 1200 792 percuti
1228 725 1320 784 Dei
1348 724 1681 795 indignantis
1705 726 2002 792 sententia,
2027 741 2130 795 qua
2161 740 2282 793 per-

667 831 861 873 cussus
906 818 1123 876 videtur
1170 827 1226 873 et
1273 819 1542 887 serpens?
1581 819 1668 874 cui
1710 819 1913 875 dicitur
1948 835 1960 871 :
1995 818 2134 884 Quia
2163 818 2192 857 ι’
2226 829 2280 872 tu

670 911 840 979 fecisti
869 912 984 974 hoc,
1019 911 1328 966 maledictus
1359 923 1414 966 tu
1443 912 1505 966 ab
1538 913 1776 969 omnibus
1805 911 2110 982 pecudibus,
2143 921 2189 966 et
2216 913 2278 965 ab

673 1004 906 1058 omnibus
939 1004 1113 1059 bestiis
1156 1016 1306 1061 terra:
1327 1049 1339 1068 ,
1374 1023 1488 1075 qua:
1525 1017 1646 1070 sunt
1674 1023 1830 1077 super
1861 1017 2091 1061 terram:
2122 1023 2281 1074 super

667 1110 841 1170 pectus
873 1110 920 1154 et
956 1109 1184 1157 uentrem
1213 1111 1356 1154 tuum
1398 1116 1564 1170 repes,
1599 1109 1643 1154 et
1677 1110 1868 1155 terram
1896 1099 2016 1154 edes
2045 1099 2280 1154 omnibus

670 1192 851 1246 diebus
875 1194 990 1247 vitae
1011 1203 1134 1249 tute.
1173 1193 1241 1246 Et
1273 1194 1597 1248 inimicstiam
1630 1209 1822 1264 ponam
1849 1195 1980 1248 inter
2012 1203 2061 1247 te
2090 1205 2138 1248 et
2168 1211 2281 1247 mu-

670 1285 870 1350 lierem,
910 1298 954 1340 et
973 1287 1106 1341 inter
1143 1304 1316 1342 semen
1344 1299 1486 1341 tuum
1502 1297 1546 1340 et
1571 1289 1708 1343 inter
1731 1303 1905 1341 semen
1936 1290 2054 1360 ejus
2080 1306 2092 1340 :
2120 1288 2232 1357 ipse
2255 1299 2278 1327 ε

670 1388 816 1432 tuum
850 1379 1136 1434 observavit
1165 1389 1354 1451 caput,
1381 1390 1427 1434 et
1446 1391 1500 1434 tu
1519 1384 1635 1452 ejus
1667 1379 1961 1436 observabis
1979 1382 2281 1435 calcaneum

673 1468 839 1540 (Ibid.
872 1470 980 1541 14).
1018 1471 1214 1531 Nonne
1242 1469 1269 1508 ιι
1301 1475 1373 1526 ita
1402 1485 1457 1528 et
1488 1483 1540 1528 te
1566 1472 1668 1529 Dei
1698 1472 1964 1529 oliensam
1999 1476 2282 1530 incurrere

672 1565 936 1632 potuisse,
970 1575 1026 1619 ut
1058 1566 1151 1620 ille
1174 1554 1471 1625 incurrerit
1499 1569 1725 1638 angelus
1747 1611 1761 1634 ,
1793 1584 1860 1623 ex
1893 1569 1993 1623 hac
2027 1583 2132 1622 una
2158 1584 2282 1624 sen-

674 1659 845 1711 tentia
885 1657 1108 1714 Domini
1145 1660 1416 1718 debueras
1449 1662 1769 1717 reminisci?
1811 1665 2115 1733 pricsertiiu
2155 1679 2278 1718 cum

673 1764 1074 1820 cognosceres,
1109 1762 1256 1806 tuum
1287 1755 1451 1808 etiam
1492 1768 1630 1825 opus
1664 1754 1838 1810 fuisse
1880 1758 2278 1826 serpentinum.

671 1847 753 1898 An
784 1861 908 1898 cum
950 1847 1041 1904 ille
1072 1862 1305 1916 serpens
1335 1846 1501 1903 fuerit
1531 1848 1708 1903 factus
1739 1865 1804 1905 ex
1837 1849 2048 1918 angelis
2071 1891 2084 1914 ,
2131 1857 2187 1904 tu
2215 1866 2282 1905 ex

2383 635 2515 689 dixit
2542 636 2796 694 Dominus
2827 637 2974 693 Deus
3001 641 3069 694 ad
3104 639 3234 696 Cain
3266 659 3285 695 :
3311 643 3482 709 Quare
3506 644 3664 697 tristis
3699 645 3858 711 factus
3881 659 3943 707 es,

2382 739 2430 783 et
2460 747 2623 801 quare
2649 732 2873 787 concidit
2900 737 3068 789 vultus
3101 735 3259 789 tuus?
3290 735 3460 802 Quare
3488 737 3501 786 i
3539 752 3640 790 non
3668 746 3797 790 recte
3820 734 3948 788 obtu-

2383 825 2525 880 listi?
2555 824 2811 893 Peccasti,
2853 830 3074 897 quiesce.
3110 831 3175 885 Et
3203 829 3336 884 infra
3367 850 3378 884 :
3412 831 3550 886 Dixit
3584 831 3713 886 Cain
3741 832 3806 884 ad
3834 831 3945 884 Abel

2383 924 2604 992 fratrem
2625 941 2776 978 suum
2803 939 2820 978 :
2843 922 3038 980 Eamus
3063 926 3117 980 in
3146 942 3401 996 campum.
3429 925 3492 980 Et
3518 928 3710 998 factum
3737 936 3826 990 est,
3851 940 3950 977 cum

2383 1026 2549 1069 essent
2570 1017 2672 1087 ipsi
2695 1019 2748 1070 in
2771 1033 2976 1088 campo,
2998 1019 3280 1072 insurrexit
3295 1017 3422 1072 Cain
3443 1035 3596 1086 super
3614 1022 3651 1072 .4
3661 1019 3739 1072 bcl
3757 1021 3948 1078 fratrem

2382 1123 2556 1171 suum,
2591 1120 2637 1161 et
2664 1108 2848 1162 occidit
2873 1125 3005 1163 cum.
3043 1109 3111 1163 Et
3142 1111 3271 1165 dixit
3297 1108 3433 1164 Deus
3461 1110 3529 1164 ad
3563 1109 3734 1165 Cain:
3771 1108 3864 1165 Ubi
3888 1120 3951 1163 est

2383 1199 2546 1268 frater
2571 1202 2730 1256 tuus?
2763 1201 2826 1256 Et
2855 1202 2984 1256 dixit
3009 1221 3021 1256 :
3061 1201 3269 1257 Nescio.
3307 1201 3572 1273 Numquid
3595 1214 3764 1256 custos
3795 1203 3951 1270 fratris

2382 1295 2486 1347 mei
2511 1311 2626 1348 sum
2655 1296 2784 1368 ego?
2821 1295 2883 1350 lt't
2918 1297 3051 1351 dixit
3094 1295 3230 1351 Deus
3257 1313 3276 1351 :
3319 1296 3455 1363 Quid
3496 1298 3658 1366 fecisti
3690 1296 3820 1349 lioc.’
3856 1294 3953 1348 Vox

2381 1387 2656 1458 sanguinis
2685 1389 2868 1458 fratris
2895 1391 2970 1442 tui
3002 1391 3187 1443 clamat
3219 1389 3286 1442 ad
3315 1405 3391 1444 me
3431 1391 3492 1442 de
3519 1399 3654 1442 terra
3693 1385 3851 1458 (Ibid.
3878 1387 3949 1456 8).

2383 1478 2651 1550 Numquid
2690 1496 2798 1535 non
2831 1482 3064 1538 licuerat
3093 1484 3203 1538 Deo
3227 1524 3241 1548 ,
3277 1485 3580 1552 priusquam
3603 1481 3732 1536 Cain
3765 1496 3953 1536 convo-

2383 1585 2535 1630 caret
2575 1582 2738 1641 atquc
2777 1577 3174 1646 interrogaret,
3209 1577 3438 1646 punire?
3479 1578 3570 1634 sed
3614 1577 3806 1641 noluit;
3835 1577 3955 1630 dans

2383 1666 2642 1732 formam,
2663 1685 2771 1738 quo
2787 1685 2993 1740 genere
3011 1672 3375 1741 inciperemus
3393 1673 3629 1741 judicare
3651 1673 3956 1727 commissos

2385 1762 2569 1827 nobis,
2597 1763 2755 1817 nobis
2778 1763 2996 1833 inquam
3021 1806 3034 1830 ,
3067 1765 3134 1820 de
3166 1765 3361 1835 quibus
3383 1780 3476 1833 per
3499 1765 3821 1819 Hieremiam
3844 1776 3956 1830 pro-

2388 1853 2606 1923 phetam
2638 1855 2774 1910 dicit
2815 1856 2882 1911 ad
2917 1858 3145 1927 populos
3180 1873 3292 1911 sua:
3325 1857 3586 1926 niajestati
3615 1856 3857 1910 dicatos:
3899 1853 3954 1907 Et

673 1941 988 2001 hominibus
1018 1956 1340 2014 serpentem
1366 1957 1416 2001 te
1441 1948 1556 2002 lieri
1583 1945 1828 2016 potuisse
1854 1960 1914 2000 cs
1943 1945 2282 2003 arbitratus?
2313 1953 2361 2013 Β
2389 1948 2522 2002 dabo
2547 1949 2688 2005 vobis
2711 1959 2940 2016 pastores
2961 1951 3241 2005 secundum
3267 1967 3354 2005 cor
3382 1967 3567 2015 meum,
3595 1959 3637 2004 et
3661 1959 3859 2017 poscent
3879 1963 3952 2001 ros

674 2035 902 2090 minime
935 2055 946 2089 :
984 2038 1076 2091 sed
1109 2038 1260 2093 dicas
1305 2041 1498 2106 velim,
1541 2040 1670 2110 quid
1702 2040 1920 2097 intersit
1959 2040 2100 2095 inter
2133 2051 2280 2094 tuum

671 2142 834 2200 atque
865 2131 1025 2201 hujus
1053 2135 1229 2203 angeli
1272 2134 1474 2204 refugae
1503 2144 1767 2204 apostata:
1799 2137 1999 2190 factum
2045 2153 2056 2186 :
2102 2136 2146 2188 si
2193 2134 2284 2188 ille

675 2225 958 2279 mendacio
991 2227 1210 2281 seduxit
1241 2229 1406 2283 rudes
1437 2227 1689 2283 homines
1710 2271 1723 2295 ,
1759 2241 1814 2283 ct
1847 2239 1899 2282 tu
1924 2272 1937 2296 ,
1984 2238 2040 2283 et
2068 2227 2284 2298 quidem

673 2331 730 2373 tu
753 2338 859 2375 non
886 2323 1076 2377 rudes:
1099 2324 1142 2376 si
1169 2324 1263 2380 ille
1287 2325 1540 2380 utilitatis
1561 2328 1735 2397 gratia
1760 2325 1829 2380 ad
1852 2326 2065 2382 arboris
2091 2342 2283 2380 eorum

672 2412 853 2467 illexit
876 2425 1086 2470 mentes
1120 2415 1331 2472 fructus
1354 2417 1620 2485 edendos,
1644 2432 1699 2474 et
1726 2427 1782 2473 tu
1812 2419 1960 2488 pacis
1992 2430 2014 2455 υ
2045 2433 2207 2473 causa
2235 2429 2288 2473 te

675 2508 852 2561 facere
883 2523 1006 2562 cum
1041 2511 1121 2563 eis
1163 2514 1512 2576 astruxcris;
1561 2528 1796 2582 cumque
1839 2514 2081 2567 omniurn
2123 2512 2283 2566 Chri—

670 2600 973 2655 stianorum
1005 2601 1148 2656 butto
1183 2612 1234 2657 te
1265 2602 1370 2657 hoc
1397 2619 1538 2674 opus
1567 2604 1775 2660 dixeris
1805 2620 2150 2677 aggressum,
2180 2605 2285 2658 nti-

677 2709 785 2763 que
818 2696 1068 2764 inspecta
1108 2694 1124 2732 ί
1162 2711 1328 2766 opera
1365 2707 1486 2766 tua,
1523 2700 1683 2754 datur
1714 2699 1947 2770 intelligi
1973 2709 2288 2770 serpentem

681 2798 732 2839 te
766 2787 921 2842 illum
956 2807 1078 2846 esse
1120 2791 1391 2847 imitatum
1437 2810 1450 2846 :
1496 2793 1724 2862 cuiniens
1768 2795 1862 2849 Dei
1906 2794 2287 2848 mandatorum

681 2881 799 2935 tieri
830 2892 1270 2954 transgressores
1294 2928 1308 2952 ,
1339 2885 1537 2940 dedisti
1572 2896 1844 2956 praecepta
1865 2927 1878 2946 ,
1918 2885 2287 2938 damnandum

679 2977 1140 3041 esseiuauditum,
1162 2983 1471 3039 absentem,
1494 2977 1912 3046 negandamque
1930 2975 2286 3042 audientiam,

683 3087 912 3141 purgare
947 3089 1106 3141 posse
1139 3091 1196 3127 se
1226 3073 1292 3126 de
1317 3090 1362 3124 ei
1382 3073 1551 3126 iaiiue
1573 3072 1790 3142 objecto
1818 3073 2212 3141 proclamatum
2237 3078 2285 3124 ε.

681 3166 818 3219 Abel
847 3165 1173 3219 interﬁcitur
1203 3168 1380 3235 justus
1401 3207 1415 3228 ,
1458 3178 1512 3220 et
1543 3166 1916 3234 interrOgatus
1944 3163 2080 3218 Cain
2124 3165 2292 3215 sumit

683 3267 703 3295 θ’
733 3271 1088 3321 sententiam;
1123 3270 1175 3314 et
1200 3270 1250 3311 tn
1314 3259 1524 3312 Domini
1556 3257 1853 3310 inauditmn
1886 3259 1964 3309 vis
1995 3254 2170 3323 puniri
2201 3270 2289 3309 sa-

2384 2050 2652 2112 paseentes
2692 2056 2808 2094 cum
2853 2042 3156 2112 disciplina.
3210 2041 3480 2105 Damnate,
3526 2041 3695 2114 inquis
3724 2039 3786 2107 κ’,
3827 2057 3949 2102 enni,

2386 2151 2536 2203 quem
2567 2135 2819 2206 ignoratis
2844 2134 3124 2207 deliquisse
3158 2136 3308 2208 (Jer.
3339 2152 3422 2198 Ill,
3457 2135 3572 2207 15).
3601 2135 3744 2189 Cur?
3777 2148 3953 2202 nempe

2387 2226 2455 2280 ad
2485 2227 2584 2282 hoc
2618 2239 2675 2282 ut
2701 2229 2814 2298 jam
2842 2243 2946 2284 nOn
2976 2229 3244 2299 episcopi,
3281 2231 3374 2284 sed
3408 2244 3731 2286 mererentur
3760 2242 3952 2280 nuncn-

2391 2322 2505 2389 pari
2539 2323 2727 2377 vesani
2758 2332 2920 2389 atque
2950 2323 3254 2378 carniﬁces.
3289 2323 3399 2378 Non
3436 2321 3628 2378 metuis
3651 2365 3663 2385 .
3697 2337 3822 2384 oro,
3850 2320 3952 2375 hac

2390 2415 2697 2482 mandans,
2759 2415 2972 2470 Domini
3023 2417 3088 2470 ad
3147 2415 3262 2472 Noe
3305 2411 3693 2470 satictiSSiniuiii
3737 2414 3953 2468 dicentis

2393 2523 2582 2563 Vocem
2612 2510 2635 2562 ?
2667 2509 2817 2564 Sicut
2846 2510 2990 2563 olera
3019 2511 3126 2580 feni
3168 2507 3184 2546 ι
3221 2510 3338 2564 dedi
3381 2510 3513 2563 i'obis
3542 2509 3706 2562 omnia
3734 2523 3750 2561 :
3781 2518 3953 2576 pra-ter

2391 2610 2426 2636 ³³·
2456 2617 2668 2655 carnem
2725 2613 2772 2655 ct
2819 2603 3122 2674 sanguinem
3161 2603 3347 2656 animo:
3397 2618 3495 2656 non
3543 2602 3714 2655 edetis.
3764 2600 3952 2653 Etenim

2392 2705 2619 2749 vestrum
2647 2696 2953 2766 sanguinem
2985 2697 3280 2749 ani-narum
3318 2705 3592 2748 restrarum
3616 2694 3864 2761 exquirunt
3897 2695 3954 2743 de

2393 2788 2632 2842 manibus
2665 2791 2896 2842 onmium
2924 2789 3197 2842 bestiarum
3228 2805 3244 2842 :
3279 2797 3303 2823 "
3335 2788 3598 2849 exquirunt
3631 2787 3838 2838 animam
3867 2785 3955 2836 lio-

2394 2882 2566 2935 ininis.
2604 2880 2704 2946 Qui
2733 2880 2975 2945 effuderit
3013 2882 3313 2951 sanguinrm
3350 2881 3584 2938 hominis,
3615 2894 3700 2942 pro
3722 2876 3955 2946 sanguine

2391 2976 2616 3029 hominis
2643 2975 2942 3040 e/Iuntletur
2967 2988 3014 3039 υ,
3044 2977 3163 3043 quia
3188 2977 3252 3026 ad
3274 2975 3539 3044 imaginem
3571 2971 3659 3022 Dei
3686 2971 3775 3036 frri
3803 2973 3956 3020 ltt'ml-

2395 3086 2510 3122 item
2533 3068 2687 3136 (Gen.
2724 3085 2800 3133 lx,
2834 3068 2912 3138 3).
2949 3069 3064 3122 Non
3090 3068 3320 3129 metuis,
3356 3083 3483 3131 orn,
3515 3076 3767 3119 tanti-rum
3799 3074 3844 3113 Ιι·
3871 3065 3953 3129 qui

2397 3164 2582 3217 videas
2599 3162 3005 3217 interfectorem
3025 3163 3115 3216 Dei
3133 3163 3402 3216 i-xstiiisse
3421 3178 3494 3214 sei
3512 3177 3709 3218 verum,
3729 3170 3772 3209 ut
3794 3160 3955 3209 aiimc

2397 3268 2453 3309 et
2496 3256 2613 3326 ipse
2661 3258 2983 3311 innocentes
3027 3256 3270 3326 jugules,
3320 3267 3370 3309 et
3411 3273 3503 3306 nos
3539 3252 3812 3322 participes
3847 3252 3954 3302 ﬁeri

683 3355 962 3410 cerdotem
986 3355 1008 3406 ’ἰ
1033 3351 1228 3406 Fartus
1261 3351 1527 3421 estiuquit
1553 3354 1569 3423 (
1595 3351 1759 3413 lbul.,
1797 3365 1874 3413 tv,
1903 3350 1991 3419 2),
2029 3352 2149 3402 Abel
2173 3365 2291 3418 pas-
2319 3341 2362 3404 C
2401 3364 2618 3404 tuorum
2652 3365 2817 3417 cogas
2851 3348 3144 3404 funerum?
3188 3349 3319 3402 Cum
3360 3347 3554 3401 dictum
3591 3361 3619 3397 a
3658 3361 3838 3397 socero
3866 3356 3958 3395 suo

686 3471 766 3506 ιιιν
791 3454 981 3516 orittnt,
1017 3449 1145 3503 Cain
1165 3457 1456 3501 (inseruerat
1484 3462 1703 3516 operans
1726 3444 1740 3481 ί
1769 3457 1978 3498 terram.
2005 3443 2069 3496 Et
2095 3449 2294 3515 factum

682 3559 774 3611 cst,
809 3553 923 3615 p‘ost
955 3543 1062 3596 dies
1095 3543 1274 3595 obtulit
1309 3539 1436 3594 Cain
1480 3541 1543 3592 de
1576 3541 1750 3610 fructu
1797 3551 1945 3592 terra'
1977 3540 2294 3608 sacri/icium

689 3643 930 3700 Domino,
948 3651 990 3692 et
1013 3638 1135 3691 Abel
1155 3637 1339 3690 obtulit
1357 3645 1400 3688 et
1416 3637 1524 3704 ipse
1541 3635 1600 3686 de
1613 3633 1857 3704 primitiis
1873 3633 2041 3687 ouium
2055 3649 2290 3695 suarum.

683 3749 726 3790 rt
756 3738 976 3805 ruspari!
998 3733 1128 3786 Deu-
1151 3749 1303 3798 super
1320 3730 1473 3792 Abel,
1510 3739 1555 3782 et
1579 3745 1732 3794 super
1746 3744 1957 3780 munera
1973 3729 2108 3796 ejus,
2139 3744 2294 3796 super

685 3832 812 3884 tjuin
842 3846 957 3882 vero
991 3837 1036 3880 ct
1061 3842 1215 3895 suprr
1258 3823 1518 3891 sacrificia
1545 3826 1657 3894 ejus
1682 3838 1783 3874 non
1807 3822 2030 3890 respexit
2057 3837 2073 3873 :
2099 3831 2144 3874 ct
2172 3837 2294 3875 con-

764 3984 786 4006 “
834 3967 974 4022 Non.
1012 3966 1086 4018 ΙιΙ.

757 4041 782 4080 ι’
830 4042 981 4094 Vtrrs.
1011 4041 1136 4091 Ant.
1166 4035 1303 4100 Quia
1325 4034 1492 4104 fecisti
1511 4036 1723 4087 lioc.....
1753 4034 1816 4085 ab
1839 4032 2074 4086 omnibus
2096 4033 2297 4102 pecori-

687 4120 796 4176 bus,
829 4125 874 4166 et
902 4114 963 4163 ab
990 4111 1221 4162 omnibus
1249 4108 1439 4170 bestiis,
1474 4122 1655 4174 quin...
1689 4121 1845 4174 super
1873 4114 2047 4174 pectus
2071 4113 2289 4157 tuum...

688 4175 1043 4240 mnbnlabis...
1080 4196 1252 4234 ontnes
1292 4180 1471 4230 dies...
1513 4177 1577 4229 Et
1615 4177 1908 4230 inimicitias
1943 4191 2133 4244 ponam
2159 4175 2293 4229 inter

689 4275 732 4311 te
754 4269 799 4310 et
823 4259 953 4312 inter
977 4254 1261 4315 mulierem,
1289 4261 1331 4301 et
1362 4250 1492 4302 inter
1516 4266 1687 4300 semen
1717 4259 1859 4299 tuum
1885 4257 1926 4298 et
1954 4263 2122 4299 semen
2151 4250 2290 4314 ejus;

689 4336 800 4401 ipsa
835 4328 923 4378 tibi
952 4325 1170 4377 servabit
1193 4331 1395 4401 caput,
1420 4330 1467 4373 et
1498 4321 1800 4401 (mf-errabis
1829 4321 1938 4390 ejus
1973 4320 2290 4371 calcaneum.

767 4416 787 4439 ς
833 4401 1038 4451 Sensus
1065 4405 1147 4449 est
1174 4396 1241 4449 de
1269 4392 1508 4449 Christo.
1542 4390 1642 4445 Til.

764 4473 790 4508 ιι
834 4470 976 4522 Non.
1018 4467 1189 4521 Vatia.

767 4557 790 4580 υ
835 4543 1062 4612 Propter
1112 4541 1347 4595 elictum
1401 4536 1852 4612 pacilicatoriuiii_
1884 4554 1910 4587 a
1968 4532 2292 4612 Constantio

695 4616 898 4670 Ariano
944 4603 1360 4682 promulgatum
1402 4603 1672 4680 'pretextu
1738 4606 1886 4676 pacis
1944 4621 2066 4660 cum
2121 4603 2290 4660 fratre

2396 3444 2587 3500 Jcthro
2611 3445 2796 3498 luisset
2827 3444 3015 3515 Moysi,
3043 3460 3140 3497 cur
3165 3453 3272 3496 tota
3294 3442 3551 3496 detineret
3577 3439 3814 3507 populum
3841 3436 3954 3489 die:

2405 3541 2555 3595 Venit
2581 3541 2646 3593 ud
2668 3556 2765 3606 me,
2793 3541 2987 3605 inquit,
3015 3540 3237 3611 populus
3257 3553 3484 3607 quatiens
3503 3535 3784 3606 t'judicii-m
3807 3550 3833 3582 ιι
3858 3531 3958 3582 Deo

2398 3633 2607 3703 (Exod.
2641 3649 2798 3696 xvm,
2835 3633 2960 3702 lS).
2994 3633 3158 3702 lgi.ur
3191 3634 3232 3684 si
3263 3630 3516 3701 judicium
3552 3628 3643 3681 Dei
3676 3629 3955 3679 “Illisllllllll

2397 3737 2505 3781 lani
2539 3727 2700 3780 decet
2733 3742 2857 3780 esse
2880 3727 3122 3792 justum,
3155 3724 3298 3792 quod
3331 3724 3418 3776 liei
3463 3738 3578 3775 esse
3604 3719 3800 3773 dicatur
3831 3717 3950 3781 puli-

2398 3823 2485 3877 cio
2530 3821 2923 3881 terminatum,
2988 3818 3264 3889 quomodo
3315 3829 3365 3871 ιιι
3413 3815 3698 3870 ἰιιιιιιΙίιιιιιι
3743 3813 3958 3881 juhihas

2476 3969 2499 4001 ιτ
2543 3957 2922 4012 Proclamanti.
2953 3956 3125 4011 Vatic.
3155 3957 3302 4025 Quod
3333 3970 3426 4009 nos
3455 3954 3676 4008 dicimus
3705 3950 3958 4020 appellan-

2399 4044 2520 4086 tem.
2558 4030 2906 4102 l’artieipinm
2935 4038 3021 4083 est
3047 4029 3172 4102 alibi
3205 4029 3272 4082 ah
3297 4028 3844 4102 ιιιιιξιιι-ιίιξιιεπιιτιιιιιιιιτ
3874 4036 3956 4102 ve-

2401 4119 2518 4157 rmn
2565 4101 2619 4155 in
2652 4093 2825 4156 activa
2862 4115 3024 4161 voce.
3059 4099 3144 4154 his
3173 4100 3352 4154 verbis
3381 4116 3394 4150 :
3428 4099 3488 4152 Si
3508 4098 3696 4166 justum
3725 4103 3791 4146 est
3826 4093 3952 4156 judi-

2399 4178 2536 4228 cium
2575 4174 2746 4226 audiri
2787 4189 2842 4227 se
2881 4173 3304 4242 proclamantem,
3347 4170 3395 4225 id
3430 4179 3512 4222 c-t
3537 4166 3865 4235 appellantmn
3891 4166 3952 4242 de

2396 4247 2595 4314 judicis
2628 4245 2808 4313 iniqua
2834 4236 3125 4308 sontentia,
3157 4257 3314 4314 quam
3338 4242 3579 4296 videlicet
3606 4253 3845 4314 [ervi-ise
3873 4236 3955 4286 ad-

2405 4309 2594 4372 uersus
2624 4309 2973 4370 Athanasium
3009 4309 3203 4368 tulerat
3229 4311 3592 4367 Constantius.
3627 4309 3721 4361 Til.

2471 4389 2496 4426 ¹ι
2539 4388 2763 4442 Sumere
2794 4387 3097 4440 sententiain
3121 4386 3275 4446 dicit,
3308 4402 3400 4455 pro
3423 4380 3768 4455 condemnari.
3797 4375 3958 4432 Sumit

2398 4477 2530 4531 ergo
2559 4461 2894 4517 sententiam.
2931 4458 2984 4512 id
3019 4467 3102 4514 est
3131 4451 3496 4531 condemnatur
3524 4470 3554 4531 a
3587 4451 3840 4510 Domino,
3879 4465 3957 4516 qui

2395 4527 2636 4604 quidem
2668 4533 2759 4586 dat
2809 4531 2965 4604 nobis
3012 4531 3235 4584 formam
3280 4527 3589 4604 judicaiuli,
3617 4533 3958 4604 posteaquam

2395 4592 2788 4666 audiverimns,
2806 4612 2861 4658 et
2875 4603 3161 4672 diligenter
3182 4592 3478 4670 percontati
3493 4596 3767 4672 fuerimus.
3783 4592 3962 4672 Quem-

690 4663 1399 4750 .C-oiisiantenaluminore,
1536 4663 1998 4753 catholicuscrat,
2022 4690 2074 4731 ut
2101 4689 2286 4753 postea
2319 4690 2372 4750 D
2398 4677 2690 4753 admodum
2734 4663 2880 4753 dixit
2910 4663 3202 4753 Serpentis"
3218 4671 3353 4740 Quia
3385 4680 3438 4722 tu
3481 4663 3773 4753 fecisti
3816 4665 3960 4753 male:

692 4758 987 4813 videbitur.
1024 4753 1124 4808 Tit.
1159 4756 1262 4810 Sed
1306 4772 1410 4808 non
1445 4750 1532 4807 hic
1574 4753 1732 4820 hujus
1764 4750 1866 4804 loci
1898 4765 2112 4805 sensus.
2147 4751 2293 4804 Scri-

696 4838 800 4900 psit
822 4829 1036 4900 Lueifer
1059 4827 1222 4882 hosce
1245 4827 1412 4881 libros
1432 4835 1553 4900 post
1576 4823 1986 4900 Mediolanense
2000 4821 2290 4900 concilium

691 4893 817 4956 anni
841 4899 968 4965 535,
1008 4900 1060 4951 in
1095 4915 1203 4970 quo
1226 4914 1346 4953 cum
1377 4893 1931 4970 Athanasiiabsentis
1957 4893 2294 4970 damnationi

693 4963 1040 5028 suhsmiheie
1083 4963 1384 5037 noluisset,
1436 4971 1486 5024 in
1530 4968 1778 5022 exsilium
1814 4966 2001 5036 pulsus
2046 4963 2143 5018 fuit
2173 4981 2293 5019 cum

697 5047 818 5098 aliis
851 5045 1122 5114 t'piSCUPiS
1154 5043 1461 5109 catholicas,
1495 5043 1632 5094 l'orte
1662 5041 1710 5092 in
1750 5038 2174 5114 (lippitdociam,
2206 5039 2295 5114 qui

699 5109 906 5185 primus
954 5109 1135 5168 exsilii
1186 5115 1364 5178 locus;
1414 5130 1557 5168 anno
1609 5127 1740 5185 vero
1782 5111 1920 5185 διν,
1973 5109 2299 5185 Athanasius

698 5182 1080 5243 Alexandrina.-
1113 5186 1375 5239 Ecclesia:
1406 5187 1688 5241 restitutus
1723 5183 1836 5252 jam
1868 5184 2045 5236 fuerat
2083 5196 2110 5232 a
2152 5182 2292 5236 Con-

694 5262 919 5322 stanlio,
953 5259 1043 5326 qui
1075 5257 1390 5312 Constantis
1424 5267 1568 5312 metu
1603 5263 1668 5310 ad
1703 5258 1751 5309 id
1784 5271 1844 5310 sc
1873 5254 2078 5326 adduci
2106 5268 2294 5322 passus

695 5342 794 5386 cst.
831 5336 961 5383 llum
998 5332 1157 5400 igitur
1178 5331 1256 5383 ait
1287 5329 1521 5395 Lucifer,
1548 5327 1931 5383 Constantium
1963 5325 2294 5400 paciscausa

697 5403 748 5455 id
773 5419 894 5457 esse
929 5397 1217 5467 molitum,
1254 5412 1309 5453 Ill
1337 5401 1665 5455 Athanasius
1697 5402 2055 5453 damnaretur
2088 5397 2155 5450 ab
2181 5399 2293 5464 epi-

697 5477 876 5542 scopis
908 5474 1192 5527 catholicis
1221 5473 1272 5526 in
1305 5473 1539 5527 concilio
1573 5473 1989 5535 Mediolaiiensi,
2021 5469 2072 5524 id
2099 5469 2294 5523 intelli-

695 5550 808 5613 git,
863 5546 1145 5600 Athanasii
1202 5545 1649 5607 damnationem,
1707 5553 1980 5612 tamquam
2037 5542 2293 5610 pacaiidze

703 5618 957 5670 Ecclesia:
1012 5628 1387 5687 praetextum,
1445 5618 1511 5671 ab
1565 5617 1901 5685 Imperatore
1961 5613 2296 5685 propositam

695 5691 882 5744 fuisse.

777 5761 794 5797 ί
841 5758 1120 5814 Ablativus
1148 5769 1232 5814 est
1258 5761 1545 5815 absolutus
1576 5778 1725 5815 morti.
1754 5761 2101 5824 Graecorum,
2136 5772 2298 5827 quem

703 5840 928 5902 usurpat
953 5848 1048 5900 pro
1075 5833 1292 5900 plurali,
1323 5834 1568 5902 inspectis
1597 5833 1838 5905 operibus
1867 5835 2001 5898 tuis;
2026 5848 2134 5902 quo
2156 5845 2300 5900 saepe

703 5918 928 5977 nurnero
962 5906 1270 5977 utitur_taui
1307 5907 1358 5959 in
1393 5909 1767 5973 nominativo,
1801 5921 1961 5977 quam
1994 5907 2047 5959 in
2077 5919 2300 5959 accum-

703 5974 815 6029 tivo
847 5979 1080 6031 casibus.
1122 5974 1220 6031 Tit.

2402 4752 2570 4804 dictus
2614 4749 2676 4802 ab
2720 4747 2953 4802 onmibus
2997 4735 3276 4817 pecudibus
3319 4753 3496 4803 terra,
3527 4749 3626 4794 etc.
3666 4735 3763 4789 'l‘il.
3813 4748 3864 4790 et
3900 4736 3960 4788 La

2402 4824 2579 4879 Cerda
2590 4861 2603 4874 .

2485 4893 2498 4930 ί
2551 4892 2706 4947 Vers.
2745 4896 2871 4946 Ant.
2910 4890 3252 4964 Operabatur.
3409 4957 3419 4964 _
3527 4957 3536 4964 ι
3674 4955 3689 4964 _
3787 4958 3791 4961 _

2483 4966 2495 5016 i
2551 4966 2844 5020 l'eculiaris
2887 4953 3112 5016 oninino
3155 4967 3243 5014 est
3282 4957 3420 5022 apud
3460 4957 3628 5031 solum
3674 4953 3960 5031 Luciferum

2408 5039 2569 5106 hujus
2597 5037 2850 5091 Ver-siculi
2878 5037 3078 5097 versio,
3102 5031 3253 5101 cujus
3277 5034 3416 5106 nulla
3438 5031 3489 5106 _i_n
3513 5028 3728 5106 Cra-cis,
3756 5025 3963 5077 Latinis-

2409 5099 2516 5182 que
2547 5109 2737 5163 Bibliis
2762 5107 2990 5182 indicia,
3022 5099 3196 5182 neque
3216 5119 3284 5182 es
3310 5101 3573 5182 Patri-lius,
3597 5111 3682 5178 aut
3714 5099 3962 5182 Illlt'rjt‘EC-

2408 5163 2553 5237 libus
2580 5183 2730 5234 licuit
2768 5163 3032 5246 reperire.
3070 5163 3223 5232 vers.
3257 5180 3379 5229 Ant.
3412 5172 3592 5246 Nonne
3619 5173 3658 5246 si
3691 5178 3818 5221 recte
3845 5163 3959 5229 offe-

2405 5272 2490 5310 ras
2539 5265 2672 5306 recte
2694 5243 2867 5306 autem
2889 5266 2988 5304 non
3010 5248 3231 5314 dividas,
3267 5245 3519 5316 peccasti?
3543 5243 3769 5307 Quiesce,
3800 5249 3896 5292 ctc.

2477 5325 2503 5364 ¹ί
2549 5324 2711 5378 Diris.
2755 5325 2923 5376 Vane.

2483 5396 2499 5434 l
2551 5397 2700 5470 \_'ers.
2736 5398 2865 5452 Ant.
2901 5394 3096 5470 pabuli.
3280 5462 3290 5470 _
3464 5461 3472 5470 ,
3739 5456 3788 5470 τ,

2476 5480 2514 5506 ιιι
2566 5467 2753 5522 Verum
2778 5456 2983 5521 carnem
3017 5467 3072 5520 in
3104 5462 3354 5532 sanguine
3391 5461 3571 5514 animm
3595 5475 3715 5514 suat.
3739 5456 3955 5512 Eadem.

2402 5541 2580 5598 Gra‘c.
2608 5551 2754 5596 caret
2784 5540 3015 5603 διατμιιὶ
3047 5535 3222 5608 Lucil.
3347 5606 3353 5608 _
3458 5605 3524 5608 __
3604 5604 3613 5608 _
3727 5602 3737 5608 _
3929 5598 3937 5608 .

2478 5623 2505 5650 ιι
2544 5613 2701 5668 Vers.
2747 5613 2878 5668 Ant.
2902 5602 2906 5603 ί
2932 5610 2993 5664 Et
3034 5607 3099 5660 de
3143 5622 3298 5660 manu
3333 5605 3551 5660 hominis
3593 5602 3763 5674 fratris
3801 5602 3956 5666 exqui-

2406 5702 2538 5750 rant,
2572 5696 2679 5742 etc.

2481 5769 2506 5793 υ
2527 5745 2574 5810 ’γ
2584 5772 2692 5812 ers.
2720 5759 2819 5811 Ant
2833 5795 2845 5808 .
2875 5751 3187 5820 Effundetur
3205 5755 3376 5806 anima
3396 5752 3526 5822 ejus.
3545 5747 3707 5804 Abest
3725 5761 3753 5801 a
3771 5745 3956 5803 (ἔκεισο,

2409 5831 2488 5886 uti
2517 5847 2542 5881 a
2578 5831 2750 5885 Lucil.
2785 5831 2958 5900 anima
2984 5829 3116 5900 ejus.

2472 5905 2510 5944 -Ρ
2545 5901 2711 5960 .Vers.
2744 5901 2873 5957 Ant.
2904 5898 3189 5972 Inquirere.
