4292 6378
636 399 743 456 89.5

1738 400 2062 458 LUCIFERI
2105 400 2414 460 EPISCOPI
2452 402 2876 460 CALARITANI
3831 408 3923 466 824

632 517 773 575 Deus
814 529 999 575 vester.
1041 519 1231 591 Legem
1270 536 1437 573 meam
1482 518 1737 574 custodite
1766 516 1935 591 (Ibid.
1968 518 2079 591 12).
2120 518 2247 574 Htec
2276 522 2324 582 Α
2355 530 2513 575 runt:
2549 519 2771 594 Pr0pter
2797 522 2937 593 quod
2960 521 3088 576 adiit
3111 536 3203 577 nos
3225 522 3483 578 Dominus
3502 564 3515 589 ,
3543 524 3722 579 eduxit
3750 540 3838 579 nos
3864 525 3926 582 de'

638 628 762 669 cum
794 614 1002 683 scripta
1036 614 1376 679 memineris,
1400 611 1684 667 existimas
1706 622 2091 680 at-ceplatores
2123 627 2248 682 per-

634 720 786 760 sonae
815 720 916 760 nos
951 715 1059 759 tua:
1090 704 1335 759 futuros?
1384 703 1464 757 Ad
1496 714 1521 740 ει
1560 702 1877 759 innocentis
1916 705 2118 773 rogasti
2151 717 2251 758 ne-

636 815 755 855 cem
782 841 796 862 ,
837 809 1039 854 etcum
1076 809 1126 853 te
1149 806 1522 867 contemptum
1557 796 1891 852 advertisses
1918 837 1933 861 ,
1971 796 2253 852 tetendisti

634 902 806 948 temet
840 892 905 947 ad
947 907 1151 961 genera
1196 892 1381 946 omnia
1418 891 1722 961 ingerenda
1759 906 2070 961 poenarum.
2113 891 2252 946 Dicit

636 988 815 1043 Deus:
854 989 893 1041 Α
929 989 1065 1058 facie
1087 986 1114 1025 ι)
1147 988 1321 1041 divitis
1350 1003 1413 1041 ne
1442 987 1645 1051 timeas,
1671 998 1717 1041 et
1749 985 2030 1041 honorabis
2064 988 2254 1058 facient

636 1081 919 1153 presbyteri
953 1082 1227 1136 et‘timebis
1268 1079 1554 1134 Dominum
1585 1081 1754 1135 Deum
1792 1091 1956 1134 tuum.
2001 1080 2112 1152 Ego
2138 1098 2254 1136 sum

634 1172 897 1227 Dominus
929 1174 1073 1228 Deus
1118 1184 1234 1227 tuus
1276 1172 1445 1245 (Ibid.
1501 1174 1618 1242 52).
1656 1172 1724 1226 Et
1755 1184 1812 1228 ιιι
1858 1175 2038 1229 timeri
2073 1182 2124 1229 te
2152 1188 2252 1244 po-

636 1268 806 1322 tuisse
849 1282 908 1322 es
959 1267 1259 1321 arbitratus
1292 1309 1307 1331 ,
1355 1278 1406 1322 et
1454 1267 1791 1322 exhonorari
1838 1267 2202 1323 Athanasium
2237 1308 2251 1334 ,

637 1379 798 1434 quem
845 1364 991 1419 Deus
1039 1365 1367 1435 praeceperit
1408 1364 1840 1419 honorandum?
1887 1364 2001 1419 Non
2039 1365 2253 1434 legeras

635 1456 844 1514 dixisse
894 1459 1101 1514 Deum:
1150 1457 1275 1513 Non
1317 1460 1527 1527 facietis
1569 1460 1769 1532 injuste
1817 1460 1871 1513 in
1913 1460 2161 1532 judicio,
2199 1460 2253 1512 in

637 1570 881 1609 mensura
903 1594 918 1619 ,
944 1564 995 1608 et
1021 1556 1073 1607 in
1102 1569 1281 1621 penso,
1315 1564 1361 1607 et
1384 1555 1439 1607 in
1468 1556 1676 1608 stateris
1700 1570 1717 1607 :
1741 1563 1937 1607 statera
1957 1557 2105 1626 justa
2130 1570 2256 1623 pen-

631 1647 812 1699 sabitis
852 1644 1019 1715 (Ibid.
1072 1645 1165 1717 35)
1190 1689 1203 1711 ,
1246 1656 1301 1702 et
1343 1662 1600 1701 mensura
1636 1648 1780 1716 jnsta
1819 1657 1904 1702 est
1939 1656 1993 1701 ut
2031 1647 2257 1701 statuis-

634 1756 722 1795 ses
758 1741 927 1795 fuisse
974 1757 1071 1810 per
1113 1757 1210 1794 nos
1250 1743 1553 1797 necandum
1587 1742 1916 1797 absentem?
1948 1743 2003 1799 Si
2043 1742 2253 1812 justum

636 1846 720 1890 est
754 1835 1027 1904 judicium
1073 1836 1255 1891 audiri
1291 1850 1310 1875 ε
1346 1852 1404 1891 se
1440 1837 1874 1907 proclamantem
1910 1879 1923 1901 ,
1967 1836 2255 1892 absentem

2358 622 2499 667 terra
2540 613 2763 687 zEgypti
2789 654 2804 679 ,
2839 614 3042 668 tradere
3070 629 3164 668 nos
3195 614 3249 667 in
3280 631 3464 670 manus
3490 614 3885 671 Amorrhteorvm
3909 660 3921 683 ,

2359 716 2405 759 et
2427 706 2723 779 disperdere
2749 724 2841 761 nos
2878 706 3043 780 (Ibid.
3072 706 3166 776 27)
3200 724 3219 773 ;
3248 708 3343 763 sed
3372 723 3561 765 sumus
3586 725 3650 765 ex
3678 711 3781 763 illis
3805 752 3817 773 .
3847 711 3927 781 qui

2358 798 2645 864 dixerunt,
2669 814 2735 854 ac
2758 801 2948 855 dicunt
2967 801 3033 856 ad
3056 800 3261 856 Deum:
3300 800 3521 871 Propter
3543 812 3589 858 te
3616 812 3639 850 8
3668 804 3929 857 occidimur

2361 902 2467 946 tota
2493 894 2574 947 die
2594 935 2607 958 ,
2638 894 2878 948 wstimati
2908 909 3107 959 sumus,
3130 903 3186 947 ut
3206 909 3321 947 oves
3353 896 3647 963 occisionis,
3673 896 3759 952 sed
3787 897 3834 947 in
3858 896 3926 949 Itis

2361 990 2595 1043 omnibus
2626 1005 2931 1057 superamus
2951 999 3159 1059 propter
3201 1005 3315 1042 eum
3341 990 3430 1056 qui
3457 991 3631 1044 dilexit
3655 1006 3745 1044 nos
3766 990 3927 1061 (Rom.

2365 1097 2484 1149 vui,
2517 1082 2633 1155 56).
2666 1080 2782 1136 Non
2817 1083 3118 1147 timuimus,
3148 1097 3324 1151 neque
3359 1082 3608 1137 timemus
3634 1082 3801 1137 minas
3826 1092 3934 1137 tuas

2363 1192 2461 1231 nos
2487 1218 2501 1243 ,
2542 1176 2636 1246 qui
2669 1177 2919 1231 novimus
2965 1176 3098 1230 nihil
3142 1189 3303 1246 posse
3333 1174 3445 1230 Deo
3475 1175 3758 1238 resistere,
3791 1190 3855 1230 ne
3883 1184 3936 1230 ut

2362 1273 2442 1328 illi
2484 1287 2778 1343 pereamus
2806 1313 2822 1339 ,
2869 1274 2962 1342 qui
3003 1272 3228 1327 audiunt
3256 1287 3283 1325 a
3314 1272 3530 1343 Moyse:
3561 1268 3771 1325 Fratres
3798 1272 3934 1325 vestri

2362 1378 2661 1423 averterunt
2692 1382 2781 1422 eor
2812 1378 3033 1421 vestrum
3078 1366 3337 1420 dicentes:
3368 1364 3506 1421 Gens
3541 1382 3723 1436 magna
3749 1376 3818 1418 est
3845 1374 3885 1418 et
3910 1362 3934 1401 ιι

2363 1462 2497 1516 dura
2524 1461 2689 1514 multa
2727 1470 2772 1515 et
2804 1462 3066 1531 potentior
3091 1459 3231 1513 vobis
3254 1499 3269 1523 ,
3305 1469 3351 1512 et
3383 1459 3611 1512 civitates
3638 1473 3831 1530 magiae
3856 1500 3867 1521 ,
3893 1466 3937 1511 et

2363 1565 2580 1610 muratw
2608 1571 2768 1625 usque
2790 1557 2857 1608 ad
2882 1553 3191 1619 cwlum,sed
3218 1563 3266 1607 et
3296 1552 3430 1622 ﬁlios
3452 1553 3710 1623 gigantum
3726 1552 3935 1606 vidimus

2360 1650 2471 1702 illic
2517 1648 2709 1720 (Deut.
2761 1665 2775 1703 ι
2814 1691 2828 1714 ,
2871 1648 3002 1718 Ξ8).
3053 1645 3168 1701 Non
3224 1647 3478 1702 timemus
3520 1646 3751 1717 gladium
3797 1657 3934 1701 tuum

2360 1740 2657 1797 Christiani
2686 1783 2701 1809 ,
2736 1742 2828 1812 qui
2867 1754 3264 1811 przesumamus
3296 1740 3578 1809 prostratis
3617 1739 3767 1794 vobis
3790 1780 3804 1804 ,
3848 1737 3936 1792 Dei

2363 1836 2651 1906 religionis
2685 1835 2924 1891 inimicis
2947 1878 2961 1901 ,
3002 1844 3258 1890 venturos
3303 1846 3401 1887 nos
3438 1832 3503 1886 ad
3528 1832 3823 1887 convivium
3856 1845 3941 1900 pa-

638 1931 840 2000 puniri,
876 1942 983 1985 tua:
1014 1941 1177 1986 erunt
1201 1932 1429 2001 justitize
1461 1929 1486 1967 ἀ
1519 1932 1883 2002 allegationes
1913 1930 2054 2001 apud
2079 1931 2249 1984 Deum
2285 1952 2331 2012 Β
2363 1930 2728 1985 triarcharum
2758 1971 2772 1995 ,
2809 1929 3201 1999 prophetarum
3223 1967 3238 1992 ,
3269 1923 3636 1995 apostolorum
3664 1937 3725 1978 ac
3752 1936 3938 1995 marty-

636 2032 824 2078 contra
847 2038 971 2089 nos,
988 2026 1080 2094 qui
1100 2035 1205 2079 tum
1224 2026 1546 2079 temeritatis
1566 2035 1838 2094 praecepta
1857 2023 2252 2093 respueriinus.

640 2115 695 2169 lu
740 2117 1163 2173 Deuteronomio
1191 2119 1468 2188 reperitur
1500 2118 1772 2187 gloriosus
1800 2117 2013 2189 Moyses
2040 2117 2253 2173 dixisse

639 2209 705 2265 ad
733 2211 971 2279 judices,
1003 2226 1139 2281 quos
1173 2213 1372 2282 popqu
1395 2211 1655 2266 dederat:
1688 2210 1876 2265 Audite
1902 2213 2038 2264 inter
2063 2213 2254 2280 fratres

632 2315 827 2358 vestros
858 2347 871 2369 ,
902 2314 950 2358 et
980 2304 1223 2377 judicate
1247 2307 1387 2373 juste
1426 2306 1560 2358 inter
1590 2305 1821 2358 medium
1868 2304 1965 2357 viri
1993 2346 2006 2365 ,
2037 2314 2086 2357 et
2119 2304 2255 2356 inter

634 2396 863 2449 medium
892 2396 1070 2467 fratris
1097 2438 1110 2459 ,
1144 2406 1189 2449 et
1220 2398 1275 2450 in
1307 2397 1478 2451 medio
1509 2398 1760 2467 proselyti
1789 2400 1922 2468 ejus.
1963 2395 2086 2449 Non
2118 2396 2257 2449 acci-

641 2491 791 2559 pietis
836 2506 1116 2560 personam
1158 2491 1210 2543 in
1244 2491 1455 2562 judicio
1481 2532 1496 2557 ,
1538 2492 1784 2543 adversus
1826 2492 2123 2554 minorem,
2165 2498 2256 2541 aut

634 2585 885 2639 adversus
913 2588 1168 2656 majorem
1207 2584 1551 2656 judicabitis:
1583 2602 1688 2639 non
1716 2601 1892 2637 sumas
1923 2593 1945 2619 ο
1979 2598 2254 2654 personant

633 2677 860 2729 hominis
880 2719 893 2741 ,
929 2677 1178 2746 quoniam
1220 2677 1487 2746 judicium
1518 2686 1592 2729 est
1629 2675 1721 2733 Dei
1748 2677 1935 2747 (Deut.
1963 2692 2009 2741 ι,
2039 2676 2151 2745 16).
2189 2676 2254 2729 Ει

633 2771 736 2835 vis,
770 2769 1083 2836 Constanti,
1108 2769 1299 2834 credo,
1330 2770 1458 2839 quia
1491 2772 1567 2825 sis
1600 2771 1651 2824 in
1675 2770 2017 2825 sublimitate
2047 2769 2257 2839 degens

637 2866 847 2936 regali,
882 2866 1061 2935 accipi
1096 2874 1245 2919 tuam
1290 2879 1621 2935 personam:
1668 2881 1728 2920 es
1769 2879 2108 2934 magnopere
2155 2878 2254 2918 cu-

638 2958 798 3028 piens
821 2972 944 3011 eum
966 2999 980 3022 ,
1009 2957 1164 3026 cujus
1197 2957 1273 3011 sis
1295 2957 1620 3026 sanguinem
1650 2956 1865 3021 sitiens,
1902 2957 2128 3011 mactari
2160 2971 2256 3026 per

642 3067 742 3107 nos
774 3052 989 3106 Domini
1023 3050 1360 3106 sacerdotes.
1405 3050 1545 3104 Hinc
1572 3049 1755 3120 itaque
1784 3049 1925 3121 apud
1960 3058 2014 3104 te
2040 3064 2138 3103 nos
2159 3050 2257 3104 de-

638 3147 945 3211 testabiles,
966 3145 1222 3216 quoniam
1247 3145 1514 3215 judicium
1543 3144 1610 3198 ad
1648 3145 1743 3200 Dei
1771 3159 1965 3199 sumus
1996 3144 2251 3198 volunta-

636 3249 746 3295 tem
782 3246 1121 3309 promentes.
1158 3237 1296 3292 llinc
1326 3236 1391 3291 ad
1420 3238 1662 3307 gladium
1688 3237 1889 3307 putasti
1918 3236 2252 3290 teudendam

2362 2039 2502 2079 rum.
2556 2023 2673 2077 Non
2723 2023 3019 2078 metuimus
3069 2020 3325 2075 virtutem
3382 2017 3574 2073 caduci
3629 2017 3774 2087 regni
3822 2017 3935 2083 tui,

2358 2120 2560 2173 milites
2602 2117 2794 2171 divini.
2851 2115 2969 2171 Non
3002 2130 3190 2169 sumus
3214 2130 3279 2168 ex
3315 2114 3421 2167 illis
3449 2111 3750 2168 difﬁdentiae
3779 2110 3894 2166 ﬁliis
3917 2154 3929 2176 ,

2358 2212 2448 2282 qui
2482 2212 2602 2281 plus
2634 2208 2888 2263 inimicos
2915 2222 3065 2275 suos,
3084 2221 3245 2277 quam
3276 2204 3444 2259 Deum
3470 2202 3679 2258 fuerant
3705 2201 3933 2256 arbitrati

2358 2308 2602 2377 potuisse
2634 2348 2649 2373 ,
2687 2315 2743 2359 ut
2773 2316 2920 2359 tuam
2951 2301 3198 2375 fragilem
3226 2317 3510 2358 vereamur
3545 2300 3861 2371 potentiam:
3892 2298 3933 2352 si

2362 2402 2506 2456 enim
2533 2416 2641 2455 non
2671 2402 2741 2453 ita
2773 2398 2945 2453 Judaei
2966 2395 3331 2451 credidissent
3350 2436 3365 2459 ,
3390 2393 3533 2458 quod
3557 2392 3799 2448 videlicet
3821 2390 3933 2458 plus

2360 2506 2581 2569 possent
2611 2495 2930 2557 Chanauaai,
2960 2490 3221 2553 Iebusmi,
3252 2498 3307 2544 et
3335 2487 3654 2553 Amorrluei,
3684 2496 3737 2541 et
3762 2485 3932 2540 cmteri

2358 2593 2565 2649 inimici
2594 2606 2756 2663 quam
2806 2590 2949 2645 Deus
2975 2628 2988 2653 ,
3023 2600 3317 2657 numquam
3353 2582 3595 2655 profecto
3624 2582 3814 2653 Moysis
3842 2594 3931 2633 vo-

2357 2702 2476 2742 cem
2509 2685 2521 2721 ί
2559 2683 3049 2755 superhabuisscnt
3071 2679 3335 2736 dicentis:
3365 2677 3445 2731 Ne
3474 2676 3763 2746 loquamini,
3787 2689 3932 2741 neque

2365 2778 2662 2850 formidetis
2688 2777 2751 2829 ab
2784 2777 2877 2829 eis.
2910 2773 3167 2829 Dominus
3198 2771 3338 2827 Deus
3358 2782 3521 2826 vester
3541 2811 3555 2836 ,
3578 2772 3663 2839 qui
3687 2768 3926 2822 antecedit

2362 2885 2483 2929 ante
2511 2874 2697 2945 facient
2724 2882 2944 2926 vestram
2969 2912 2982 2935 ,
3010 2871 3121 2937 ipse
3151 2868 3308 2922 simul
3334 2866 3641 2937 expugnabit
3666 2880 3748 2920 eos
3772 2862 3931 2917 vobis-

2362 2986 2477 3022 cum
2498 3008 2512 3032 ,
2545 2965 2829 3021 secundum
2856 2965 3033 3019 omnia
3068 2976 3399 3032 quwcumque
3430 2960 3548 3029 fecit
3571 2958 3704 3012 vobis
3730 2957 3780 3009 in
3803 2967 3932 3008 terra

2360 3062 2585 3134 Egypti
2609 3103 2623 3127 ,
2653 3071 2698 3115 et
2719 3063 2773 3114 in
2798 3060 3001 3113 deserto
3027 3056 3123 3111 hoc
3149 3055 3286 3126 quod
3325 3053 3505 3108 videtis
3544 3050 3789 3121 quomodo
3816 3048 3935 3119 fovit

2364 3166 2410 3210 te
2440 3154 2698 3227 Dominus
2730 3152 2870 3207 Deus
2909 3162 3026 3205 tuus
3050 3193 3064 3217 ,
3104 3151 3236 3203 sicut
3263 3149 3376 3218 quis
3409 3151 3569 3216 foveat
3607 3146 3752 3198 Itomo
3776 3143 3934 3211 filium

2361 3264 2535 3313 suum,
2567 3248 2621 3300 in
2654 3262 2855 3300 omnem
2882 3245 3015 3297 vium
3046 3259 3200 3313 quant
3228 3239 3504 3294 ambulatis
3533 3239 3546 3288 i
3574 3279 3588 3303 ,
3617 3235 3934 3307 quoadusque

630 3334 950 3387 carnificem
989 3333 1272 3388 dexteram
1316 3342 1495 3395 tuam,
1543 3341 1818 3400 tamquam
1863 3332 2043 3400 possis
2070 3332 2253 3401 gladio
2282 3346 2325 3408 ρ

2233 3346 2253 3386 3
2282 3346 2327 3408 C
2359 3342 2571 3396 venistis
2610 3341 2678 3393 ad
2712 3341 2846 3393 hunc
2874 3339 3048 3393 larunt
3071 3378 3087 3404 ,
3118 3336 3376 3392 deducens
3402 3350 3489 3388 vos
3514 3333 3567 3386 in
3604 3332 3707 3402 igni
3751 3337 3895 3382 nocte
3916 3371 3928 3391 ,

634 3428 1027 3496 vincere,quos
1050 3426 1272 3480 videres
1294 3434 1520 3494 propter
1546 3424 1638 3478 Dei
1666 3423 1862 3478 Filium
1893 3439 1993 3479 nec
2014 3440 2258 3494 praesen-

638 3531 746 3575 tem
776 3520 1030 3575 dubitare
1052 3520 1308 3573 amittere
1328 3521 1623 3584 vitam,nec
1651 3517 2083 3587 perhorrescere
2108 3533 2256 3572 mor-

639 3624 773 3671 tem.
811 3614 892 3670 Ad
934 3614 1076 3668 ﬁlios
1103 3614 1271 3670 Israel
1314 3624 1501 3667 narrat
1533 3614 1915 3668 sanctissimus
1948 3613 2162 3683 Moyses
2190 3630 2255 3669 ex

640 3720 918 3781 prmcepto
962 3709 1058 3763 Dei
1084 3728 1095 3762 :
1140 3707 1320 3761 Videte
1349 3748 1364 3773 ,
1405 3707 1624 3760 tradidit
1656 3706 1797 3761 vobis
1827 3704 2089 3760 Dominus
2116 3706 2258 3761 Deus

638 3815 802 3859 vester
837 3814 958 3857 ante
984 3803 1175 3872 faciem
1204 3812 1428 3856 vestram
1465 3811 1697 3857 terram:
1725 3804 2063 3857 ascendentes
2092 3804 2259 3871 possi-

642 3901 757 3955 dete
785 3942 799 3964 ,
844 3898 1281 3967 quemadmodum
1326 3898 1457 3950 dixit
1500 3897 1757 3951 Dominus
1802 3897 1942 3951 Deus
1984 3896 2001 3933 τ
2052 3908 2257 3968 patrum

649 4004 947 4047 nostrorum
980 3990 1169 4043 nobis:
1194 3990 1354 4043 nolite
1399 3990 1577 4045 timere
1599 4008 1761 4055 neque
1784 3992 2069 4060 formidetis
2094 3989 2260 4060 (Ibid.

646 4083 762 4154 21).
796 4085 850 4140 Si
881 4084 987 4137 illis
1013 4072 1285 4137 neminem
1318 4092 1518 4152 printer
1562 4083 1734 4137 Deum
1773 4083 2069 4137 timendum
2103 4098 2261 4137 man-

641 4179 829 4234 datum
862 4187 968 4243 est,
1001 4179 1110 4233 illis
1133 4178 1425 4246 imaginem
1458 4186 1661 4231 nostra:
1695 4180 2004 4232 vocationis
2029 4189 2261 4247 portan-

644 4276 813 4339 tibus,
846 4282 1049 4342 quanto
1076 4273 1246 4341 magis
1280 4281 1479 4341 praeter
1510 4274 1676 4326 Deum
1704 4274 1978 4327 nemiuem
2012 4284 2259 4327 metuere

638 4368 904 4422 condecet
931 4408 946 4431 ,
991 4366 1083 4434 qui
1114 4381 1220 4418 non
1251 4375 1427 4419 terras
1453 4365 1893 4419 Chananmoruui
1924 4406 1938 4429 ,
1971 4365 2259 4420 Jebusaeo-

642 4478 799 4527 rum,
836 4470 892 4515 et
920 4459 1369 4529 Ccrgesmorum,
1401 4468 1563 4525 atque
1595 4458 2044 4513 Amorrhmorum
2089 4458 2263 4512 simus

642 4556 1021 4613 desiderantes
1050 4554 1313 4624 consequi
1342 4595 1355 4617 ,
1391 4552 1485 4607 sed
1517 4555 1761 4608 cmlestia
1795 4568 1959 4623 regna
1988 4596 2002 4619 ,
2038 4552 2136 4607 sed
2168 4551 2262 4607 Dei

645 4659 968 4721 perpetuum
1000 4650 1283 4703 amorem?
1311 4646 1600 4714 Quomodo
1643 4648 1848 4701 etenim
1882 4647 2036 4717 vigor
2082 4645 2262 4700 inanis

2362 3435 2635 3490 ostendens
2666 3434 2805 3486 vobis
2833 3433 2932 3485 iter
2959 3473 2972 3496 ,
3005 3441 3061 3483 ut
3099 3428 3433 3483 ambularetis
3457 3428 3510 3480 in
3542 3442 3597 3480 ea
3624 3468 3639 3490 ,
3667 3434 3712 3478 et
3738 3426 3789 3476 in
3813 3424 3939 3476 nube

2363 3529 2465 3581 diei
2493 3527 2658 3590 (Ibid.
2699 3526 2814 3595 29).
2850 3525 2907 3581 Si
2956 3540 3063 3578 non
3097 3532 3222 3594 post
3265 3525 3386 3576 lucc
3422 3521 3671 3576 salutaria
3701 3516 3901 3575 monita
3924 3557 3938 3579 ,

2365 3622 2489 3691 plus
2518 3620 2763 3689 potuisse
2793 3633 2928 3688 quos
2961 3627 3152 3672 contra
3198 3630 3427 3685 pugnam
3458 3614 3748 3685 gerebant,
3786 3625 3937 3678 quam

2353 3712 2562 3777 .Denm,
2595 3710 2688 3764 lilii
2719 3708 2883 3763 Israel
2913 3708 3143 3763 fuissent
3169 3706 3479 3771 credentes,
3508 3718 3791 3774 numquam
3814 3718 3939 3772 pro-

2364 3808 2506 3861 fectu
2548 3804 2617 3858 ad
2663 3818 2881 3859 omnem
2931 3800 3288 3857 devenissent
3334 3799 3622 3854 interitum.
3672 3797 3941 3851 Potentem

2366 3898 2530 3969 igitur
2558 3912 2681 3952 esse
2721 3898 2971 3950 novimus
2998 3895 3167 3949 Deum
3198 3892 3265 3948 ad
3294 3889 3595 3961 eripiendos
3617 3904 3711 3944 nos
3737 3887 3802 3943 de
3828 3901 3943 3942 ma-

2365 3993 2525 4047 nibus
2549 3992 2765 4057 tuis,ad
2797 3989 3021 4045 cmleste
3053 3988 3209 4043 nobis
3236 4002 3455 4057 regnum
3487 3985 3802 4055 promissum
3832 3994 3945 4037 ten-

2367 4087 2560 4142 dentes
2593 4103 2606 4139 :
2649 4084 2843 4139 timere
2885 4093 3030 4137 tuam
3073 4080 3448 4136 crudelitatem
3482 4094 3585 4133 non
3619 4077 3944 4147 poterimus,

2367 4182 2606 4235 maxime
2653 4178 2745 4249 qui
2776 4178 3110 4248 elegerimus
3138 4190 3167 4229 a
3196 4184 3248 4229 te
3273 4216 3287 4239 ,
3321 4190 3424 4229 non
3456 4188 3484 4225 a
3508 4171 3617 4227 Deo
3638 4170 3832 4241 puniri.
3862 4168 3945 4223 Di-

2368 4275 2514 4329 xisti:
2538 4271 2795 4325 Damnata
2814 4269 3180 4325 Athanasium.
3205 4268 3374 4337 Quem
3398 4282 3628 4329 eramus,
3647 4262 3944 4325 Constanti,

2367 4366 2718 4423 damnaturi?
2751 4366 2900 4421 illum
2931 4382 2997 4420 ne
3022 4381 3181 4435 quem
3211 4364 3454 4418 videmus
3482 4358 3573 4415 Dei
3603 4357 3791 4413 Filium
3817 4371 3947 4411 Con-

2372 4461 2535 4523 ﬁtei-i,
2570 4473 2626 4513 ut
2658 4471 2782 4515 sunt
2805 4460 3043 4515 confessi
3091 4456 3412 4528 patriarcha:
3438 4499 3452 4521 ,
3486 4453 3775 4525 propheta,
3822 4466 3951 4521 apo-

2369 4555 2495 4609 stoli
2520 4596 2533 4620 ,
2570 4570 2631 4608 ac
2661 4553 2969 4625 martyres?
2988 4569 3054 4607 an
3079 4560 3154 4620 te,
3179 4551 3274 4622 qui
3301 4551 3374 4605 sis
3398 4562 3595 4618 negans
3614 4588 3627 4609 ,
3654 4556 3708 4600 ut
3739 4542 3949 4615 negavit

2370 4648 2632 4717 magister
2660 4658 2782 4702 tuus
2814 4648 3005 4715 Arius,
3039 4656 3097 4702 ut
3128 4652 3463 4718 negaverunt
3491 4642 3734 4699 Scarioth
3763 4640 3945 4703 Jndas,

643 4742 927 4814 dignitatis
956 4751 1061 4794 tua:
1093 4755 1193 4795 nos
1223 4741 1289 4792 ab
1315 4740 1418 4793 hoc
1452 4741 1628 4809 potuit
1650 4749 1741 4794 aut
1766 4749 1950 4809 potest
1975 4740 2261 4808 proposito
2290 4746 2344 4805 D
2369 4752 2424 4798 et
2451 4742 2633 4796 cuncti
2671 4741 2880 4796 Judaei?
2914 4741 3050 4796 Dicit
3079 4741 3223 4795 Deus
3257 4738 3324 4793 ad
3359 4737 3629 4807 Moysem;
3664 4734 3782 4789 Non
3804 4744 3949 4788 erum

643 4835 865 4891 ﬂeetere
886 4876 899 4897 ,
936 4849 1057 4889 cum
1088 4842 1287 4903 praeter
1316 4834 1487 4887 Deum
1519 4836 1875 4888 statuerimus
1902 4834 2254 4888 metuendum

645 4929 960 4987 neminem?
1009 4927 1127 4983 Non
1172 4943 1360 4982 smnus
1388 4925 1687 4983 Christiani
1715 4942 1782 4983 ex
1810 4929 1915 4983 illis
1940 4970 1953 4991 ,
1988 4930 2080 4998 qui
2110 4928 2264 4983 dixe-

648 5112 913 5183 arguendo
944 5125 1153 5183 argues.

716 5177 740 5219 ἷι
772 5183 907 5236 Vide
948 5177 1025 5233 ah"
1060 5182 1398 5249 lmperatore
1435 5178 1639 5234 deferri
1676 5178 1964 5245 Episcopis
1994 5177 2258 5246 judicium

648 5253 1134 5326 sanguinolentum
1156 5294 1169 5317 ,
1204 5262 1258 5305 et
1292 5253 1451 5323 hujus
1484 5254 1543 5305 fit
1572 5254 1781 5305 mentio
1817 5261 1932 5305 toto
1964 5252 2067 5303 hoc
2094 5251 2255 5305 libro.

649 5328 754 5382 Til.

714 5400 740 5437 δ
774 5399 928 5451 Vers.
969 5398 1093 5450 Aut.
1134 5394 1172 5447 Α
1202 5396 1333 5465 facie
1364 5396 1581 5449 senioris
1609 5411 1874 5464 exsurges,
1909 5403 1955 5447 et
1982 5392 2261 5448 honorabis

648 5487 945 5539 personam,
972 5480 1079 5523 etc.
1116 5466 1750 5542 GrtPC.1rpooomovCIt_llt
1783 5465 1959 5542 Lucii.
1995 5466 2261 5530 Suspicor

647 5553 825 5597 tamen
864 5546 1045 5609 priora
1094 5541 1255 5593 verba
1286 5582 1298 5601 ,
1334 5540 1366 5590 ιλ
1396 5543 1525 5609 fat'ie
1557 5540 1728 5591 divitis
1759 5557 1819 5592 ne
1846 5541 2026 5593 timeas
2057 5579 2072 5601 ,
2100 5553 2260 5605 repe-

648 5616 741 5667 tita
790 5629 933 5674 esse,
968 5611 1113 5682 quod
1141 5612 1205 5664 ad
1240 5612 1569 5665 sententiam
1604 5621 1813 5677 spectat
1846 5627 1954 5670 ,cx
1990 5624 2131 5663 vers.
2170 5612 2256 5665 l5.

645 5686 891 5755 ejusdem
906 5702 1026 5753 Cap.
1051 5700 1209 5752 neque
1228 5686 1443 5737 miratus
1466 5683 1627 5753 fueris
1640 5682 1707 5734 ad
1722 5699 1998 5752 personant
2012 5684 2256 5753 potentis.

730 5772 749 5793 ι’
782 5756 902 5810 Non
934 5758 1129 5810 au‘liri.
1162 5755 1340 5810 Latin.
1376 5766 1430 5810 et
1464 5763 1635 5811 recte.

724 5828 749 5865 ἀ
776 5829 960 5884 Justtr.
988 5827 1094 5881 Til.

724 5905 747 5939 ⁴
782 5900 971 5955 Sumus
1002 5898 1200 5952 omittit
1223 5900 1352 5953 Sub.

716 5971 733 6005 τ
764 5970 902 6029 Deus
924 5972 1199 6028 omittitur
1226 5985 1253 6024 a
1282 5972 1468 6027 Sabat.
1503 5980 1556 6029 et
1580 5970 1777 6038 legitur
1810 5972 1862 6030 in
1893 5970 2111 6028 Graeco.

2370 4837 2462 4889 tibi
2487 4835 2561 4888 dii
2586 4835 2676 4889 alii
2705 4843 2891 4901 printer
2923 4851 3003 4888 me
3033 4849 3177 4888 :non
3218 4831 3371 4901 facies
3399 4831 3486 4885 tibi
3514 4828 3763 4899 sculptile,
3793 4842 3947 4896 neque

2372 4946 2575 4984 omnem
2626 4932 2647 4964 λ
2692 4929 3087 4982 similitudinem
3130 4942 3309 4981 eorum
3334 4966 3347 4991 ,
3380 4939 3698 4996 quotcumque
3736 4932 3850 4977 sunt
3892 4921 3943 4973 in

2445 5118 2469 5155 ες
2501 5104 2661 5158 Vers.
2694 5105 2822 5157 Ant.
2851 5114 3013 5157 morte
3039 5102 3321 5171 afﬁcimur.

2442 5179 2472 5218 ιι
2504 5176 2609 5230 Pro
2638 5176 2856 5228 multum
2884 5177 3016 5228 dura
3037 5169 3083 5227 et
3109 5191 3292 5244 aspera
3317 5216 3331 5238 ,
3359 5188 3455 5229 suo
3480 5187 3624 5244 more
3652 5180 3702 5225 et
3728 5169 3941 5225 Graeco-

2372 5264 2513 5310 rum.
2545 5251 2634 5316 qui
2660 5248 2963 5313 swpissime
2986 5243 3211 5300 utuntur
3234 5243 3535 5314 httjusmndi
3557 5243 3822 5316 adjectivis
3842 5255 3941 5312 pro

2369 5314 2672 5376 adverbiis:
2705 5321 2789 5373 vel
2813 5318 3135 5387 apponenda
3160 5318 3359 5387 virgula
3383 5326 3503 5369 ante
3526 5317 3697 5387 multa:
3724 5325 3777 5387 ut
3800 5314 3939 5387 lega-

2371 5405 2457 5447 tur
2484 5410 2604 5461 gens
2629 5409 2815 5462 magna
2847 5386 2895 5444 et
2916 5392 3071 5455 dura,
3105 5386 3266 5442 multa
3295 5400 3341 5462 ct
3369 5389 3631 5462 potentior.
3659 5386 3757 5462 Til.
3784 5395 3831 5439 et
3866 5386 3935 5462 La

2370 5458 2574 5551 Ce‘rda,
2600 5472 2654 5517 et
2677 5458 2854 5528 recte;
2887 5463 3113 5533 Gyareus
3134 5462 3280 5515 enim
3314 5460 3503 5524 habet,
3536 5458 3664 5521 ἔθνος
3682 5461 3825 5531 μέγα,
3855 5461 3935 5510 καὶ

2371 5552 2551 5661 πθῗυιὶι
2735 5623 3013 5676 numquam
3046 5604 3252 5674 Moyses
3280 5606 3385 5659 [nec
3413 5604 3555 5658 verba
3584 5603 3683 5657 illis
3707 5600 3934 5676 addidis-

2366 5692 2481 5807 sletl,
2527 5696 2807 5749 numquam
2850 5673 3110 5734 sermones
3142 5673 3217 5730 ad
3252 5677 3369 5732 illos
3414 5687 3700 5745 prosecutus
3738 5673 3929 5744 fuisset.

2417 5772 2427 5806 l
2460 5794 2471 5803 .

2500 5824 2692 5879 διώξει.
2753 5823 2883 5895 legit
2926 5822 3231 5879 antbulastis
3263 5864 3277 5889 ,
3329 5831 3384 5878 et
3430 5821 3565 5876 infra
3611 5816 3927 5874 ambularem

2384 5916 2416 5951 η
2449 5915 2527 5951 ρο.

2362 5915 2416 5953 m
2437 5915 2677 6025 kaabat.
2716 5966 2845 6039 legit
2876 5968 3126 6025 omnium.
3162 5967 3336 6026 Graec.
3360 5976 3441 6025 est
3468 5967 3667 6027 παντὸς.
