4292 6402
153 450 248 506 8‘25

1225 450 1359 507 PRO
1398 448 1671 507 SANCTO
1710 449 2107 509 ATHANASIO
2144 452 2277 511 LIB.
2322 453 2363 509 Ι.

3336 456 3446 514 8‘26

156 568 270 621 ctelo
294 584 504 623 sursum
544 578 591 624 et
617 582 794 621 eorum
821 581 935 635 qua
964 577 1089 622 sunt
1131 568 1183 621 in
1212 576 1349 620 terra
1376 567 1615 620 deorsum
1642 603 1658 632 ,
1689 576 1736 621 et
1764 570 1818 630 Α
1840 568 1999 641 plebis
2035 576 2296 636 postremo
2325 582 2344 622 :
2390 576 2439 621 et
2485 568 2632 624 tolles
2694 568 2985 641 malignum
3030 584 3094 624 ea:
3138 570 3282 626 uobis
3320 570 3455 640 ipsis

154 680 472 736 quiscumque
497 675 615 720 sunt
646 665 700 717 in
738 664 885 732 aquis
917 664 1093 718 subtus
1117 674 1340 717 terram:
1369 680 1469 719 non
1496 664 1744 718 adorabis

158 758 270 820 illa,
295 774 455 827 neque
476 758 662 811 servies
690 759 1035 825 eis,quoniam
1067 774 1158 827 ego
1180 773 1293 811 sunt
1327 757 1579 811 Dominus
1607 756 1745 810 Deus

158 858 267 903 tuus
288 893 300 913 ,
327 848 470 903 Deus
496 849 693 909 celans.
724 850 944 904 reddens
970 863 1181 921 peccata
1212 860 1418 914 patrum
1441 852 1495 903 in
1523 850 1667 916 ﬁliis,
1692 851 1745 903 in

157 945 353 996 tertiam
386 951 433 994 et
459 953 697 1011 quartam
726 947 1023 1014 prageniem
1050 986 1062 1007 ,
1088 945 1160 997 eis
1188 946 1273 1011 qui
1302 945 1520 997 oderunt
1549 959 1627 997 me
1651 985 1663 1009 ,
1698 956 1745 999 et

151 1032 342 1101 faciens
378 1034 788 1087 misericordiam
825 1037 875 1087 in
901 1036 1127 1088 millibus
1151 1036 1231 1087 liis
1258 1036 1345 1104 qui
1373 1036 1598 1105 diligunt
1630 1052 1707 1089 me
1728 1076 1741 1100 ,

152 1136 195 1179 et
231 1125 312 1179 'his
347 1126 434 1196 qui
471 1128 770 1179 custodiunt
812 1138 1069 1196 prtecepta
1122 1144 1235 1179 mea
1267 1124 1432 1196 (Ibid.
1471 1143 1499 1179 ν
1530 1168 1542 1190 ,
1567 1128 1646 1195 7).
1680 1127 1745 1181 Et

152 1217 264 1272 haec
281 1218 418 1272 dicis
439 1217 619 1273 divina
640 1220 893 1273 mandata
913 1221 1170 1275 calcanda
1189 1238 1199 1272 :
1217 1220 1492 1289 Suscipite
1518 1220 1744 1275 idolola-

150 1310 301 1366 triam
322 1326 519 1379 meam,
542 1313 902 1383 derelinquite
925 1312 1116 1376 Deum,
1143 1314 1432 1369 interﬁcite
1466 1314 1741 1367 inimicum

147 1418 322 1459 meum
344 1445 357 1467 ,
391 1420 497 1457 non
534 1404 665 1474 Dei,
711 1404 1089 1471 Athanasium,
1123 1422 1227 1475 quo
1259 1406 1481 1475 possitis
1504 1406 1740 1461 inveniri

148 1494 285 1549 inter
309 1512 405 1551 eos
432 1542 446 1563 ,
488 1498 578 1566 qui
603 1497 841 1553 oderunt
871 1498 1076 1563 Deum,
1108 1502 1303 1567 quibus
1344 1500 1652 1568 promiserit
1682 1514 1740 1553 se

143 1588 195 1643 in
230 1592 441 1646 tertiam
474 1604 527 1647 ct
556 1604 803 1663 quartam
847 1594 1163 1663 progeniem
1207 1594 1585 1658 redditurum;
1615 1592 1739 1647 date

142 1698 387 1754 operam,
422 1701 489 1740 ne
521 1701 643 1740 cum
669 1688 773 1740 illis
800 1687 1097 1755 diligamini
1131 1703 1158 1738 a
1189 1686 1324 1751 Deo,
1356 1698 1576 1756 promer
1604 1703 1739 1755 quos

139 1777 298 1832 dicit:
332 1777 552 1833 Faciens
576 1780 987 1833 misericordiam
1019 1781 1071 1832 in
1110 1789 1133 1814 “
1168 1781 1331 1832 millia
1370 1780 1451 1831 his
1495 1782 1579 1849 qui
1608 1780 1736 1831 dili-

137 1881 265 1943 gunt
287 1890 395 1939 me,
426 1883 473 1926 et
501 1875 578 1926 his
594 1874 995 1943 quicustodiunt
1013 1887 1271 1944 prtecepta
1288 1891 1399 1927 mea
1424 1872 1589 1942 (Ibid.
1619 1875 1731 1939 10).

1852 659 2017 730 (Ibid.
2052 659 2129 730 5).
2164 660 2217 715 Si
2245 675 2355 713 non
2386 674 2477 726 es,
2507 658 2829 725 Constanti,
2856 674 3088 716 currens
3118 676 3241 717 cum
3279 662 3453 719 male-

1850 755 2013 811 dietis
2034 797 2048 819 ,
2087 771 2188 810 cur
2230 770 2336 809 non
2379 755 2646 809 mandatis
2674 755 2766 810 Dei
2792 756 2936 811 servi
2960 756 3191 827 paruisti
3212 756 3458 829 Moysis?

1850 846 1960 902 Cur
1984 863 2107 902 cum
2137 847 2230 901 ille
2270 847 2457 913 dicat,
2490 847 2701 917 duobus
2734 848 2975 905 tribusve
3013 850 3245 905 testibus
3287 850 3452 907 etiam

1852 941 2192 995 idololatram
2238 943 2420 1012 perire
2444 982 2460 1007 ,
2505 950 2563 995 tu
2606 957 2709 997 nec
2740 942 2964 1012 quidem
2995 944 3329 1000 audientiam
3357 961 3453 1000 vo—

1849 1033 2015 1087 lueris
2042 1034 2272 1102 praeberi
2305 1036 2427 1089 viro
2459 1034 2573 1089 Deo
2599 1034 2783 1090 dicato
2808 1078 2823 1101 ,
2848 1036 3009 1107 eique
3039 1052 3240 1108 negare
3267 1036 3443 1094 fecisti

1849 1127 2176 1182 audientiam
2199 1168 2213 1190 ,
2241 1128 2327 1182 cui
2361 1130 2436 1182 sis
2468 1128 2699 1183 traditus
2729 1144 2760 1182 a
2783 1130 2938 1185 Deo?
2969 1130 3019 1184 ei
3038 1170 3054 1197 ,
3090 1130 3335 1202 inquam,
3363 1135 3451 1187 cui

1848 1222 1892 1274 si
1916 1221 2061 1290 justa
2088 1219 2401 1276 defendenti
2431 1222 2737 1285 restiteris,
2770 1231 2945 1278 morte
2968 1223 3107 1277 mori
3134 1222 3322 1292 jussus
3346 1240 3445 1281 ore

1848 1314 2016 1369 fueris
2059 1314 2291 1386 Moysis?
2326 1314 2394 1371 Ut
2435 1317 2578 1370 enim
2614 1315 2824 1385 judicia
2865 1316 3167 1373 sacerdotis
3197 1328 3453 1374 maneant

1848 1408 2104 1463 inviolata
2131 1450 2148 1475 ,
2195 1408 2330 1462 dicit
2381 1409 2502 1462 sic:
2552 1408 2856 1480 Exsurgens
2896 1409 3142 1466 ascendes
3183 1411 3236 1464 in
3278 1412 3451 1465 locum

1845 1520 2207 1574 quemcumque
2232 1501 2259 1539 d
2288 1504 2497 1573 elegerit
2520 1501 2775 1556 Dominus
2800 1501 2940 1556 Deus
2972 1513 3090 1557 tutis
3110 1503 3339 1556 invocari
3360 1520 3454 1557 no-

1846 1612 1959 1648 men
1994 1598 2104 1665 ejus
2136 1595 2241 1647 ibi:
2273 1606 2318 1648 et
2351 1596 2558 1664 loquere
2591 1604 2614 1631 ο
2643 1594 2711 1646 ad
2742 1592 3034 1649 sacerdotes
3058 1638 3073 1661 ,
3109 1594 3291 1649 levitas
3314 1636 3330 1661 ,
3362 1605 3453 1649 aut

1844 1688 1911 1739 ad
1926 1687 2163 1758 judicent
2183 1726 2199 1750 ,
2222 1687 2532 1754 quicumque
2563 1689 2731 1755 factus
2763 1687 2920 1756 fuerit
2944 1686 2997 1740 in
3031 1686 3211 1741 diebus
3240 1687 3379 1741 illis:
3402 1699 3451 1741 et

1842 1780 2161 1849 requirentes
2190 1780 2496 1833 nuntiabunt
2529 1780 2620 1832 tibi
2646 1779 2919 1851 judicium
2945 1822 2959 1844 ,
3001 1790 3047 1833 et
3073 1782 3233 1851 facies
3263 1798 3449 1836 secun—

1842 1875 1966 1927 dum
1992 1890 2141 1927 omne
2166 1882 2477 1943 prwceptum
2516 1873 2873 1942 quodcumque
2905 1872 3257 1926 nuntiaverint
3294 1872 3388 1926 tibi
3424 1915 3439 1941 ,

136 1962 446 2033 Censpicis,
482 1965 905 2033 prudentissime
931 1968 1251 2035 imperator,
1283 1967 1385 2020 lioc
1414 1968 1505 2020 tibi
1538 1967 1735 2021 bonum
1771 1972 1813 2031 Β
1842 1968 1925 2035 qui
1953 1977 2071 2019 sunt
2101 1967 2151 2019 in
2183 1966 2298 2019 loco
2330 1967 2421 2019 illo
2442 2008 2455 2028 ,
2488 1966 2541 2017 in
2567 1980 2666 2031 quo
2688 1964 2841 2035 elegit
2872 1961 3129 2018 Dominus
3150 1963 3291 2019 Dens
3325 1975 3448 2020 tuus

135 2056 337 2120 videri.
370 2059 513 2127 quod
538 2062 609 2113 sit
637 2062 862 2125 malutn,
888 2070 942 2115 ct
973 2062 1076 2117 Iioc
1102 2062 1302 2115 malum
1337 2062 1479 2131 quod
1514 2062 1735 2115 bonum.

133 2151 245 2203 Aut
274 2151 496 2219 negabis
529 2152 729 2206 bonum
759 2194 772 2217 ,
809 2164 900 2208 aut
931 2155 1152 2225 negabis
1189 2156 1328 2209 bona
1358 2167 1407 2209 te
1441 2156 1580 2209 mala
1615 2171 1739 2210 esse

136 2242 482 2313 intelligere?
509 2255 563 2300 et
591 2247 727 2301 mala
755 2250 891 2301 bona
920 2250 963 2301 si
992 2265 1177 2317 negas,
1209 2251 1499 2318 responde.
1530 2250 1737 2304 Bonum

133 2346 221 2391 est
243 2336 505 2393 damnare
535 2339 906 2405 innocentem,
934 2357 999 2393 an
1036 2342 1270 2395 malum?
1300 2343 1502 2395 bonum
1535 2354 1616 2395 est
1644 2343 1741 2397 de-

131 2431 445 2501 relinquere
476 2432 740 2499 Deum,et
764 2434 841 2487 ire
867 2445 989 2503 pest
1010 2435 1395 2498 idololatriam,
1413 2451 1479 2487 au
1501 2436 1739 2488 malum?

128 2522 188 2577 Si
217 2524 427 2579 dixeris
461 2526 699 2591 malum,
735 2526 949 2580 dicotur
989 2528 1082 2580 tibi
1117 2544 1145 2580 a
1177 2528 1365 2580 nobis:
1400 2528 1506 2580 Cur
1533 2529 1645 2581 lucc
1681 2537 1736 2581 tu

130 2617 313 2685 geris?
330 2616 527 2671 lterum
547 2618 746 2671 clamat
762 2621 811 2673 in
833 2620 1257 2673 Deuteronomio
1282 2620 1733 2689 .\loyses,dicens:

128 2706 404 2763 Custodire
430 2708 455 2746 δ
483 2713 725 2764 mandata
752 2711 957 2765 Domini
994 2713 1089 2766 Dei
1118 2716 1193 2766 tui
1220 2756 1233 2777 ,
1270 2726 1315 2767 et
1340 2718 1656 2780 testimonia,
1690 2728 1737 2769 et

126 2804 526 2872 iustiﬁcationes
546 2823 892 2875 quascumque
918 2808 1179 2859 mandavit
1204 2811 1327 2861 tibi:
1351 2821 1396 2861 et
1420 2812 1574 2875 [acies
1598 2814 1737 2877 quod

128 2900 385 2966 placitum
422 2910 538 2966 est,
580 2911 627 2953 et
671 2906 811 2971 quod
859 2902 1049 2955 bonum
1094 2915 1211 2957 ante
1250 2902 1530 2957 Dominum
1572 2905 1737 2959 Deum

127 3003 302 3057 tuum,
327 3004 379 3047 ut
404 2996 623 3064 bene/iul
653 2997 742 3049 tibi
762 3013 779 3049 :
808 3008 855 3049 et
883 2999 1096 3050 intrabis
1121 3040 1132 3059 ,
1169 3010 1212 3051 et
1242 3000 1543 3053 lio'reditale
1568 3002 1737 3067 possi-

127 3086 276 3139 debis
317 3098 507 3141 terram
537 3089 722 3141 bonam
751 3130 762 3149 ,
794 3107 949 3158 quam
983 3092 1179 3159 jurarit
1212 3090 1464 3143 Dominus
1498 3093 1734 3159 patribus

124 3179 314 3231 t'estris
364 3177 472 3249 (Ib.
507 3195 600 3243 vt,
644 3181 755 3249 l7).
790 3180 853 3233 Et
886 3191 940 3234 tu
982 3182 1094 3235 lucc
1132 3199 1255 3237 esse
1298 3182 1435 3235 bona
1472 3184 1686 3251 elegisti
1715 3226 1731 3250 ,

123 3270 250 3324 lucc
281 3271 393 3325 Deo
425 3273 619 3341 placita
650 3315 663 3336 ,
698 3284 753 3327 ut
780 3275 831 3328 in
863 3276 1250 3329 contumeliam
1280 3277 1400 3344 ejus
1432 3278 1734 3345 niajeslatis

1843 2060 2069 2113 inrocari
2110 2076 2297 2113 nomen
2337 2061 2480 2114 illius
2523 2061 2594 2113 ibi
2618 2102 2632 2127 ,
2676 2072 2726 2115 et
2752 2061 2959 2115 observa
2991 2070 3039 2115 te
3067 2060 3257 2116 nimis:
3287 2062 3451 2131 [acies

1842 2154 2126 2206 secundum
2166 2154 2340 2207 omnia
2367 2169 2700 2222 qua'cumque
2728 2155 3110 2208 constituerunt
3142 2153 3162 2191 τ
3199 2154 3326 2220 tibi;
3362 2171 3449 2209 se-

1841 2247 2067 2300 cundum
2107 2248 2311 2316 legem,
2354 2258 2400 2300 et
2435 2249 2715 2301 secundum
2746 2248 3010 2319 judicium
3034 2289 3051 2315 ,
3091 2247 3449 2317 quodcumque

1841 2341 2062 2392 dixerint
2092 2381 2106 2403 ,
2137 2341 2299 2409 facies
2324 2358 2341 2393 :
2371 2356 2471 2393 non
2499 2341 2782 2394 declinabis
2808 2357 2840 2394 a
2869 2343 3018 2395 rerbo
3044 2382 3060 2405 ,
3088 2341 3449 2412 quodcumque

1843 2434 2185 2486 nuntiaverint
2210 2436 2299 2486 tibi
2323 2476 2338 2499 ,
2374 2436 2529 2503 facies
2559 2434 2916 2504 quodcumque
2940 2435 3145 2488 indicat:
3164 2437 3286 2489 "rint
3315 2437 3404 2489 tibi
3430 2476 3446 2503 ,

1842 2542 1942 2577 non
1975 2526 2258 2579 declinabis
2286 2527 2468 2580 dextra
2496 2538 2587 2581 aut
2614 2528 2824 2581 sinislra
2842 2542 2861 2581 :
2888 2539 2931 2581 et
2963 2529 3116 2582 homo
3142 2530 3448 2599 quicumque

1840 2621 2015 2689 fecerit
2040 2622 2091 2673 in
2115 2620 2357 2688 superbia
2381 2663 2394 2685 ,
2426 2639 2488 2674 ne
2518 2623 2699 2674 audiat
2744 2622 3037 2675 sacerdotes
3066 2633 3295 2677 astantes
3323 2624 3446 2693 of/i-

1840 2716 1916 2765 cia
1946 2712 2182 2765 exhibere
2209 2713 2261 2768 in
2291 2715 2497 2766 nomine
2530 2712 2741 2766 Domini
2768 2710 2887 2777 Dei,
2915 2724 3002 2767 aut
3022 2714 3261 2787 judicent
3287 2756 3301 2779 ,
3329 2716 3445 2784 qui-

1839 2823 2054 2873 cumque
2096 2808 2249 2874 [uerit
2294 2809 2348 2861 in
2389 2809 2566 2861 diebus
2596 2810 2699 2861 illis
2724 2849 2741 2874 ,
2772 2810 3022 2862 morietur
3053 2810 3204 2862 homo
3233 2808 3326 2862 ille
3352 2850 3366 2871 ,
3397 2821 3445 2864 et

1841 2899 1988 2951 tolles
2014 2899 2210 2951 malum
2239 2899 2301 2951 de
2327 2900 2515 2960 Israel.
2546 2911 2590 2953 et
2613 2900 2781 2953 omnis
2808 2900 3036 2969 populus
3058 2901 3273 2953 audiens
3297 2902 3447 2954 time-

1841 2990 1910 3042 bit
1944 3031 1957 3054 ,
1991 3002 2038 3043 et
2064 3008 2166 3043 non
2196 2992 2354 3060 impie
2383 3000 2499 3063 aget
2534 2993 2667 3044 ultra
2698 2989 2861 3062 (Ibid.
2898 2991 2974 3061 8).
3008 2992 3114 3046 Sed
3142 2992 3315 3057 dicis;
3344 2994 3449 3047 isto

1838 3085 1890 3139 in
1925 3086 2043 3139 loco
2072 3086 2183 3141 Deo
2210 3086 2597 3141 devotissimus
2629 3086 2845 3155 Moyses
2875 3085 3154 3156 quomodo
3180 3086 3441 3141 sacerdo-

1838 3186 1948 3231 tqu
1974 3177 2100 3232 fecit
2134 3179 2465 3233 mentionem
2498 3220 2514 3244 ,
2556 3178 2637 3233 sic
2665 3187 2717 3232 et
2740 3177 2962 3247 judicis.
2992 3176 3165 3232 Proba
3197 3187 3251 3233 te
3279 3192 3445 3247 super

1836 3285 1939 3325 nos
1984 3268 2188 3325 factum
2228 3271 2465 3340 judicem
2496 3310 2513 3336 ,
2551 3270 2722 3341 proba
2763 3270 2829 3323 ad
2871 3268 2974 3324 boc
3006 3279 3058 3324 te
3085 3270 3442 3325 constitutum

123 3362 443 3418 idololatria
472 3367 718 3420 tinuetur
757 3383 855 3435 per
880 3368 951 3420 tui
986 3368 1135 3437 regni
1164 3368 1417 3421 virtutem
1446 3410 1458 3430 ,
1492 3379 1543 3421 et
1569 3372 1727 3437 jugu-
1759 3374 1804 3435 ο
1836 3364 2324 3434 imperatorem,ut
2351 3379 2447 3419 nos
2469 3365 2755 3419 armistuis
2774 3363 2840 3417 ad
2865 3379 3083 3419 omnem
3106 3363 3439 3434 implendam

118 3457 317 3512 lentur
341 3457 418 3524 lii,
453 3458 546 3527 qui
574 3474 633 3514 se
657 3460 774 3529 ejus
807 3461 1008 3515 iuerint
1033 3462 1267 3516 Confessi
1302 3463 1563 3517 cultores.
1598 3462 1734 3515 Ecce

117 3566 243 3620 ego,
272 3550 404 3604 dicit
426 3550 659 3621 Moyses,
686 3554 807 3605 dedi
838 3566 955 3607 ante
980 3566 1310 3624 conspectum
1334 3568 1557 3608 vestrum
1579 3556 1732 3611 hodie

116 3645 538 3700 benedictionem
570 3658 632 3714 _et
683 3649 1136 3704 maledictionem:
1180 3652 1584 3705 benedictionem
1624 3693 1638 3716 ,
1689 3657 1733 3705 si

111 3738 398 3794 audieritis
416 3740 661 3794 mandata
689 3740 901 3796 Domini
934 3743 1030 3795 Dei
1058 3745 1208 3796 vestri
1234 3785 1247 3807 ,
1280 3760 1613 3813 qucecumque
1639 3760 1731 3813 ego

112 3833 319 3885 mando
342 3836 481 3887 vobis
513 3835 665 3888 hodie
692 3833 795 3903 (Ib.
830 3850 880 3889 ιι
904 3875 919 3900 ,
948 3835 1065 3904 26).
1104 3836 1239 3889 Cum
1271 3836 1455 3905 itaque
1494 3837 1569 3891 illi
1619 3836 1730 3890 sint

111 3923 405 3978 benedicti
450 3925 541 3994 qui
588 3926 936 3981 innocentem
983 3943 1090 3981 non
1129 3928 1236 3981 sint
1279 3930 1570 3996 punientes
1597 3970 1611 3992 ,
1646 3927 1728 3982 illi

113 4017 344 4071 Domini
374 4028 657 4074 servantes
689 4021 939 4075 tuandata
969 4064 983 4087 ,
1024 4024 1113 4092 qui
1136 4022 1433 4077 inauditum
1467 4024 1727 4078 damnare

107 4112 406 4168 noluerint
440 4155 453 4179 ,
497 4125 555 4168 tu
599 4117 873 4183 quomodo
916 4130 967 4172 te
997 4117 1338 4173 benedictum
1376 4128 1532 4187 putas
1557 4159 1572 4183 ,
1601 4134 1724 4172 cum

104 4220 217 4278 per
260 4221 397 4275 opus
424 4217 573 4263 tuum
608 4218 659 4263 te
701 4214 899 4277 probes
928 4212 1070 4267 inter
1101 4212 1422 4267 malediclos
1450 4214 1719 4265 constitu-

107 4298 285 4353 tum?
321 4308 419 4354 aut
462 4304 506 4355 si
539 4316 647 4356 non
684 4302 822 4357 inter
859 4305 1177 4358 maledictos
1217 4320 1276 4358 es
1305 4347 1317 4369 ,
1355 4320 1453 4359 cur
1484 4305 1720 4375 bloysem

97 4396 338 4463 spernis
378 4395 699 4451 dicentem?
740 4398 799 4451 Si
841 4410 1011 4452 autem
1054 4400 1345 4452 inveniatur
1374 4401 1429 4452 in
1459 4412 1507 4453 te
1534 4400 1585 4452 in
1618 4416 1723 4452 una

95 4488 386 4542 civitatum
411 4498 650 4554 tuarum,
684 4507 811 4559 quas
842 4488 1094 4543 Dominus
1120 4490 1261 4544 Deus
1291 4502 1408 4545 tuus
1436 4492 1577 4545 dabit
1607 4492 1720 4558 tibi,

95 4581 191 4634 vir
232 4590 327 4632 aut
370 4581 556 4634 mulier
595 4582 682 4651 qui
727 4583 902 4651 fecerit
947 4584 1234 4654 malignum
1273 4595 1395 4637 ante
1444 4584 1721 4637 Dominum

95 4671 291 4725 Deum
318 4683 482 4738 tuum,
502 4675 725 4728 transire
749 4676 803 4728 in
843 4686 863 4712 (⁸
898 4686 1254 4730 testamentum
1282 4680 1417 4744 ejus,
1450 4690 1495 4732 et
1520 4682 1723 4733 venien-

1839 3460 2177 3515 voluntatem
2214 3460 2376 3514 amici
2419 3461 2492 3514 tui
2533 3459 2734 3514 diaboli
2766 3462 3128 3530 perduceres;
3158 3476 3281 3515 cum
3314 3475 3442 3529 pro-

1838 3553 1967 3607 bare
1997 3569 2104 3607 non
2140 3555 2315 3623 possis
2338 3553 2461 3624 quia
2492 3562 2819 3622 preceptum
2853 3556 2924 3607 sit
2956 3554 3080 3620 tibi,
3119 3569 3226 3608 non
3260 3556 3436 3609 solum

1838 3660 1944 3700 non
1984 3646 2253 3700 dominari
2298 3646 2572 3715 episcopis
2597 3685 2613 3710 ,
2651 3645 2749 3700 sed
2792 3654 2847 3699 et
2884 3645 2956 3698 ita
2987 3660 3177 3699 eorum
3214 3644 3446 3701 obedire

1833 3742 2049 3794 statutis
2071 3782 2086 3807 ,
2120 3748 2181 3794 ut
2207 3741 2252 3794 si
2292 3740 2615 3795 subvertere
2645 3755 2837 3795 eorum
2868 3740 3089 3795 decreta
3119 3741 3441 3806 tentaveris,

1832 3832 1877 3887 si
1904 3832 2075 3887 fueris
2104 3833 2157 3886 in
2188 3833 2443 3903 superbia
2468 3832 2921 3903 comprehensus,
2951 3842 3127 3887 morte
3154 3831 3293 3887 mori
3313 3832 3430 3902 jus-

1832 3941 1924 3981 sus
1966 3928 2064 3981 sis.
2088 3926 2378 3993 Quomodo
2407 3926 2589 3981 dicere
2623 3926 2831 3996 poteris
2858 3966 2874 3991 ,
2904 3925 3155 3995 judicare
3195 3935 3247 3979 te
3274 3939 3440 3996 posse

1832 4022 1900 4077 de
1924 4022 2197 4092 episcopis
2222 4061 2239 4088 ,
2278 4021 2474 4091 quibus
2505 4021 2606 4075 nisi
2638 4020 2913 4076 obedieris
2938 4060 2954 4082 ,
2985 4019 3098 4089 jam
3126 4061 3140 4083 ,
3174 4028 3437 4087 quantum

1831 4115 1974 4183 apud
2008 4115 2404 4179 Deum,mnrtis
2433 4129 2590 4183 pcena
2623 4113 2793 4169 lueris
2825 4112 3132 4167 multatus?
3159 4112 3293 4167 Cum
3322 4111 3439 4168 lia‘c

1830 4208 1902 4262 ita
1936 4208 2045 4261 sint
2070 4248 2084 4270 ,
2139 4218 2193 4260 tu
2238 4208 2330 4276 qui
2373 4222 2435 4261 es
2476 4205 2739 4275 profanus
2765 4248 2780 4270 ,
2818 4205 2887 4260 ad
2923 4204 3019 4261 Dei
3049 4205 3390 4261 domesticos
3417 4247 3433 4273 ,

1826 4316 1998 4371 quare
2030 4301 2187 4355 istam
2219 4302 2391 4355 sumis
2413 4301 2465 4354 in
2500 4300 2597 4355 Dei
2629 4298 2971 4354 sacerdotem
3005 4299 3441 4355 auctoritatem?

1827 4412 1951 4451 cum
1979 4397 2143 4451 etiam
2169 4399 2317 4465 ipsos
2342 4396 2558 4465 judices
2579 4394 2822 4459 Judteos,
2845 4404 2970 4449 tunc
2995 4394 3213 4463 quando
3235 4395 3289 4448 in
3314 4393 3435 4464 lege

1828 4488 2125 4543 manebant
2154 4488 2275 4553 Dei,
2310 4504 2378 4543 ex
2406 4504 2608 4558 genere
2639 4488 2845 4543 habere
2876 4487 3193 4556 permiserit
3220 4502 3343 4542 suo.
3376 4488 3437 4543 Si

1827 4583 1986 4648 enim,
2021 4581 2192 4648 inquit
2222 4581 2462 4652 Moyses,
2490 4582 2707 4644 dixeris,
2745 4582 2983 4635 Statuam
3006 4596 3166 4651 supra
3188 4596 3268 4633 me
3287 4581 3435 4647 prin-

1826 4677 1992 4745 cipem
2025 4686 2049 4722 ις
2078 4717 2093 4740 ,
2121 4674 2377 4744 quomodo
2410 4684 2455 4729 et
2484 4677 2697 4742 reliqute
2723 4685 2895 4746 gentes
2922 4717 2937 4740 ,
2967 4691 3082 4745 qua
3122 4675 3176 4728 in
3215 4674 3436 4728 circuitu

93 4776 183 4818 tes
218 4768 497 4820 servierint
522 4768 623 4821 diis
650 4769 837 4823 alienis
858 4811 872 4833 ,
905 4780 951 4823 et
982 4770 1311 4823 adorarerint
1343 4788 1450 4835 eos,
1484 4784 1569 4825 aut
1602 4775 1718 4838 soli,
1754 4767 1800 4825 D
1828 4786 1939 4822 meo
1960 4786 1977 4822 :
2000 4773 2315 4823 constituens
2340 4770 2617 4823 constitues
2639 4786 2792 4838 super
2820 4780 2868 4822 te
2903 4770 3075 4839 ipsum
3105 4768 3392 4840 principem
3417 4811 3431 4832 ,

88 4869 202 4913 aut
234 4860 376 4913 luna
401 4903 415 4925 ,
446 4874 536 4915 aut
562 4864 702 4915 omni
732 4904 747 4925 ,
797 4865 885 4933 qui
911 4875 1026 4917 sunt
1056 4866 1109 4918 in
1138 4866 1333 4919 mundo
1364 4867 1428 4920 de
1460 4869 1585 4921 ca‘lo
1614 4866 1718 4937 (Ib.
1826 4879 2195 4930 quemcumque
2232 4864 2441 4934 elegerit
2485 4860 2741 4917 Dominus
2783 4862 2921 4917 Deus
2962 4872 3081 4917 tuus
3104 4903 3120 4929 ,
3162 4863 3331 4932 ipsum
3372 4864 3438 4917 de

90 4968 227 5007 xv"
253 4993 269 5017 ,
293 4952 377 5020 2).
414 4953 480 5007 Et
511 4953 681 5009 infra:
720 4954 986 5011 Produces
1019 4959 1179 5011 virum
1206 4960 1353 5012 illum
1378 5001 1391 5023 ,
1421 4971 1511 5013 aut
1539 4961 1723 5014 mulie—
1824 4958 2274 5027 [ratribusrestris
2292 4959 2596 5012 constitues:
2616 4975 2716 5012 non
2740 4958 2928 5028 poteris
2950 4958 3258 5011 constituere
3277 4972 3435 5027 super

87 5063 219 5100 rem
248 5046 422 5111 illam,
443 5056 488 5099 et
505 5046 807 5119 lapidabitis
832 5066 915 5102 eos
936 5050 989 5103 in
1021 5051 1314 5119 lapidibus,
1338 5062 1382 5105 et
1412 5054 1722 5108 morientur:
1824 5060 1871 5104 te
1890 5050 2149 5105 hominem
2173 5053 2552 5124 alienigenam,
2582 5052 2827 5121 quoniam
2854 5067 2953 5104 non
2984 5060 3055 5105 est
3084 5051 3245 5120 frater
3269 5059 3437 5104 vester

83 5144 154 5196 in
196 5141 411 5195 duobus
452 5141 666 5196 testibus
693 5184 706 5207 ,
741 5152 830 5194 aut
862 5144 914 5196 in
944 5146 1105 5199 tribus
1145 5148 1416 5201 morietur.
1452 5146 1682 5200 Moriens
1707 5191 1722 5211 ,
1826 5141 1992 5214 (Ibid.
2025 5143 2138 5214 14).
2174 5144 2241 5198 Et
2268 5144 2641 5213 subsequitur,
2672 5158 2769 5199 ειη
2797 5141 3035 5197 noluerit
3064 5142 3433 5213 alienigenam

84 5251 208 5289 non
246 5237 503 5289 morietur
524 5236 576 5289 in
604 5252 705 5290 uno
729 5246 888 5301 teste;
916 5246 964 5289 et
993 5254 1178 5292 manus
1209 5242 1417 5294 testium
1443 5241 1538 5293 erit
1564 5257 1724 5310 super
1829 5236 1946 5293 fieri
1975 5240 2299 5309 principem,
2328 5254 2395 5293 ne
2424 5237 2640 5292 scilicet
2669 5236 2737 5292 ad
2764 5246 2971 5292 sectam
3004 5252 3159 5292 suam
3194 5236 3436 5293 traheret

81 5343 222 5381 eum
254 5325 312 5381 in
353 5329 538 5398 primis
559 5328 629 5383 ad
660 5330 995 5384 occidendum
1025 5331 1177 5384 illum
1202 5371 1218 5397 ,
1260 5341 1306 5386 et
1342 5349 1523 5387 manus
1566 5334 1721 5387 totius
1826 5332 1985 5388 alios.
2023 5332 2323 5403 Propterea
2346 5331 2478 5387 dicit
2512 5348 2523 5384 :
2558 5329 2639 5384 Ne
2668 5329 2692 5367 δ
2723 5340 2918 5385 revocet
2942 5348 3035 5385 nos
3057 5330 3109 5385 in
3140 5328 3431 5401 ﬁgi/ptum

1901 5502 1922 5563 οξ
1950 5489 2150 5563 (cities.
2178 5489 2432 5563 Latine;
2462 5488 2656 5563 (ἴε-τρες)
2676 5491 2877 5563 iliaca.

1903 5559 1921 5597 τ
1950 5559 2319 5615 Constituerth
2347 5560 2516 5617 habet
2543 5560 2731 5616 Sabat.

1898 5642 1923 5677 κ
1958 5633 2111 5687 Vers.
2143 5640 2265 5686 Ant.
2296 5634 2555 5703 principes
2577 5648 2699 5687 cum
2722 5632 2912 5687 ϐαι-ρο
2940 5644 3043 5703 ins.
3074 5629 3237 5703 Alex.
3264 5628 3423 5703 Luci—

1826 5704 1907 5759 fer
1935 5720 2057 5758 cum
2088 5703 2263 5759 Graec.
2296 5701 2398 5758 ins.
2433 5704 2608 5759 Οιιιιι.
2643 5713 2700 5758 et
2724 5704 2853 5758 edit.
2894 5701 3017 5756 Ald.
3052 5716 3114 5755 ac
3144 5701 3422 5771 Coniplut.

1824 5774 2372 5883 apagov-raﬁmterum
2406 5776 2652 5847 qumdam
2681 5776 2785 5829 alia
2811 5776 3020 5829 variant
3045 5774 3097 5854 in
3126 5771 3232 5827 hoc
3256 5782 3423 5827 textu.

1940 5848 2221 5883 ιὶηιίιιίιηι·
2250 5847 2350 5883 Ιιηρ
2381 5848 2754 5883 lamin-anni..."
2786 5864 2810 5883 η
2838 5847 2997 5883 Qqhnl
3032 5861 3045 5874 ι
3076 5855 3214 5883 unus!
3244 5853 3419 5883 lnmnn

1940 5848 2221 5902 Umittitur
2250 5847 2350 5901 hoc
2381 5844 2754 5904 testimonium
2784 5864 2812 5899 a
2838 5847 3048 5909 Sabat.;
3076 5844 3218 5899 inest
3244 5853 3420 5898 tamen

1824 5918 2000 5974 (ἐι-τρο.
2022 5920 2301 5988 Septuag.,
2322 5918 2465 5989 tlllﬂd
2488 5935 2675 5990 parum
2691 5918 2871 5973 differt
2894 5933 2924 5973 a
2942 5916 3195 5974 versione
3220 5914 3420 5982 Lucif.,

1822 5999 1892 6062 μὴ
1920 5990 2223 6063 ἀποστρέψῃ
2253 5991 2339 6046 τὸν
2368 5989 2581 6053 iussu;
2618 5989 2879 6065 Αἴγυπτον.

173 5500 203 5524 σι
240 5486 416 5541 Paulo
454 5502 705 5561 superius
733 5488 867 5544 dixit
898 5490 950 5543 in
982 5489 1244 5553 millibus;
1277 5488 1362 5544 hic
1392 5490 1459 5545 ad
1492 5490 1667 5547 Graec.
1700 5531 1713 5554 ,

205 5558 481 5614 γιλιάδας.

78 5582 170 5620 εις
203 5582 481 5631 χιλιαοας.
647 5634 657 5645 .
784 5633 794 5644 ⁸
829 5635 838 5645 ⁸
1342 5634 1352 5645 υ
1536 5636 1545 5645 ⁸

175 5631 204 5668 ιι
242 5631 355 5684 Pro
386 5633 623 5697 custodi;
648 5633 947 5689 inﬁnitivus
976 5649 1073 5704 pro
1104 5636 1447 5697 imperativo.
1487 5633 1588 5687 Til.
1619 5634 1718 5689 Sa-

79 5706 218 5761 bat.
261 5704 713 5779 legitcustodite;
746 5705 926 5779 γαπ-τινε.
958 5716 1041 5761 est
1068 5708 1288 5779 quidam
1334 5704 1427 5760 sed
1460 5705 1713 5761 mendum

75 5791 230 5833 es‘se
266 5774 529 5829 eaiStitno
551 5777 603 5829 in
632 5776 929 5832 Parisiensi
956 5774 1142 5832 nostra
1174 5774 1306 5832 edit.

172 5859 197 5886 ε
238 5844 500 5901 Transire
523 5856 909 5920 testamentum.
938 5849 1115 5906 Latin.
1163 5850 1384 5920 prepius
1424 5848 1489 5904 ad
1533 5848 1709 5905 Gra‘c.

74 5922 377 6027 «afﬂati»
396 5925 488 5978 τήν
517 5916 769 5978 διαθήκην.

229 5992 400 6027 Culta!
456 6004 769 6027 nunrnmnua

228 5992 420 6048 saliat.
456 5998 788 6061 quacumque;
