4292 6406
164 450 265 507 8ἳ9

1236 451 1372 509 Ριιο
1408 452 1677 511 ΒᾹΝΩΤΟ
1716 453 2114 513 ATIIANASIO
2157 454 2288 512 [ΑΒ.
2330 457 2371 513 l.

3357 461 3458 517 850

163 574 294 615 tuam
321 606 332 629 ,
376 575 713 630 quacumque
745 564 900 635 facies
928 606 939 625 ,
973 567 1304 634 quoadusque
1334 566 1600 635 disperdat
1630 578 1676 621 te
1702 569 1754 622 ἱιη
1788 574 1831 631 Λ
1863 571 2016 625 nasia
2042 612 2058 638 ,
2104 572 2410 635 catholicus
2444 574 2695 629 debuerit
2724 590 2817 644 per
2860 574 3170 630 catholicos
3209 572 3461 630 ordinari

164 657 296 711 brevi
323 666 536 726 propter
556 656 833 725 nequitiam
852 657 1142 711 studiorum
1170 670 1377 710 tuorum
1400 657 1511 729 (Ib.
1541 675 1710 714 xxvm
1742 699 1757 724 ,

168 744 275 815 15).
309 746 371 805 Si
402 753 665 801 non'suut
693 748 831 800 mala
862 747 1037 803 studia
1068 748 1209 802 falsa
1238 748 1459 805 mitmre
1489 752 1719 807 crimina
1744 792 1759 816 ,

166 842 420 908 persequi
450 839 544 893 Dei
576 839 848 906 cultores,
884 840 980 896 Dei
1015 842 1374 896 idololatriam
1409 843 1762 899 introducere

164 929 225 984 in
271 930 603 995 Ecclesium,
639 948 800 985 nmuu
835 934 1052 987 militari
1081 934 1335 1002 jugulare
1376 935 1667 989 credentes
1707 938 1762 990 in

168 1026 385 1079 unicqu
418 1024 515 1078 Dei
550 1023 786 1089 Filium,
823 1037 1077 1096 poterunt
1108 1029 1223 1081 haec
1253 1028 1537 1084 maledicta
1571 1045 1675 1084 non
1712 1041 1764 1086 te

170 1132 240 1173 ac
265 1127 449 1172 tecum
488 1120 901 1187 apprchendere
940 1133 1247 1176 currentes.
1289 1120 1616 1177 Convocasti
1661 1139 1764 1179 aus

165 1208 233 1264 ad
262 1209 357 1263 Dei
386 1210 727 1267 sacerdotem
757 1212 1113 1282 iugulandum
1136 1256 1150 1279 ,
1192 1214 1258 1268 ad
1284 1230 1408 1269 eum
1442 1216 1761 1271 interimen-

164 1303 342 1369 dum,
391 1320 492 1375 per
531 1321 691 1375 quem
740 1318 790 1362 te
840 1318 1111 1377 pra-cepta
1156 1326 1250 1365 sua
1292 1312 1489 1365 audire
1520 1312 1766 1366 sanxerit

164 1396 327 1451 Deus.
366 1395 429 1453 Et
460 1400 664 1464 scripsit
689 1398 892 1469 Moyses
923 1400 1072 1453 verba
1102 1403 1229 1470 lcgis
1261 1404 1415 1472 hujus
1444 1404 1498 1457 in
1523 1404 1676 1471 libro,
1716 1417 1761 1459 et

163 1489 306 1545 dedit
335 1507 453 1546 eum
479 1494 833 1548 sacerdotibus
858 1512 902 1549 et
926 1496 1110 1559 levitis,
1140 1501 1226 1565 qui
1258 1499 1446 1551 tollunt
1470 1516 1643 1552 arcam
1664 1492 1765 1554 tes-

164 1585 382 1637 tumenti
412 1582 623 1638 Domini
648 1627 663 1651 ,
694 1598 742 1639 et
771 1588 1102 1657 presbyteriis
1133 1597 1159 1625 ι
1188 1587 1379 1644 Israel.
1408 1590 1475 1644 Et
1502 1593 1763 1647 mandarit

161 1674 239 1727 eis
271 1672 475 1744 Moyses
518 1677 572 1729 in
598 1677 692 1729 illa
719 1677 803 1731 die
826 1719 841 1742 ,
874 1680 1090 1733 dicens:
1120 1678 1247 1733 Post
1290 1692 1483 1749 septem
1520 1700 1682 1737 annos
1712 1686 1764 1738 iu

164 1778 394 1837 tempore
414 1770 539 1822 anni
586 1772 903 1826 remissionis
950 1773 1003 1827 in
1050 1775 1132 1829 die
1174 1778 1303 1845 {esto
1354 1778 1666 1845 scenOpegice
1711 1780 1765 1831 in

162 1861 605 1917 cocundoomnem
626 1862 790 1919 Israel
805 1882 1057 1935 apparere
1076 1869 1129 1921 in
1150 1880 1421 1939 conspectu
1438 1868 1646 1923 Domini
1670 1868 1765 1925 Dei

1865 667 2174 736 episcOpos.
2193 666 2461 738 Loquitur
2485 683 2636 724 sacra
2666 670 2943 740 scriptura
2963 668 3175 725 dixisse
3190 668 3257 723 ad
3279 668 3464 724 Jesum

1866 758 2013 815 Nave
2040 758 2209 814 Deum
2233 777 2246 812 :
2283 759 2489 832 Moyses
2514 778 2690 816 seruus
2717 779 2859 817 meus
2885 762 3160 833 defunctus
3183 772 3300 817 est:
3328 778 3465 816 nunc

1865 851 2038 921 itaque
2062 867 2274 921 surgens
2300 894 2315 917 ,
2348 853 2512 906 transi
2536 852 2823 908 Iordanem
2850 866 2907 909 tu
2932 894 2946 917 ,
2978 864 3026 908 et
3051 854 3217 909 ornnis
3242 855 3468 924 populus

1864 944 1961 997 iste
1986 946 2038 996 in
2068 954 2203 997 terra
2226 960 2382 1014 quam
2407 962 2498 1015 rgo
2530 945 2661 999 dabo
2678 948 2789 1001 illis
2823 963 2842 1001 :
2873 962 3075 1001 omnem
3096 948 3268 1002 locum
3290 962 3468 1017 quent-

1865 1050 2081 1103 cumque
2104 1036 2321 1108 ingressi
2353 1037 2557 1104 {ueritis
2574 1039 2785 1111 vestigio
2809 1038 2999 1108 pedum
3029 1050 3235 1095 tuorum
3260 1048 3307 1106 ι,
3329 1038 3473 1093 vobis

1865 1124 2001 1179 dabo
2042 1127 2191 1179 illum
2221 1168 2235 1190 ,
2269 1128 2401 1181 sicut
2444 1129 2678 1183 dixeram
2731 1128 2931 1201 Moysi;
2971 1130 3229 1184 desertum
3258 1140 3306 1184 et
3350 1130 3471 1185 ante

1867 1219 2118 1273 Libanum
2140 1236 2296 1288 usque
2317 1221 2384 1273 ad
2395 1222 2588 1289 [lumen
2608 1221 2935 1291 Euphratem
2957 1221 2983 1260 ιι
3008 1232 3059 1277 et
3078 1224 3317 1294 usquead
3332 1239 3474 1278 mare

1868 1329 2110 1384 magnum
2137 1356 2152 1380 ,
2185 1330 2345 1384 usque
2370 1315 2439 1366 ad
2468 1317 2593 1369 solis
2619 1332 2861 1371 occasum
2887 1358 2901 1382 ,
2934 1328 3085 1372 erunt
3112 1319 3242 1385 ﬁnes
3263 1318 3473 1371 termini

1866 1409 2039 1460 vestri.
2090 1406 2210 1461 Non
2240 1409 2438 1463 resistet
2475 1409 2629 1463 Itomo
2657 1411 2709 1464 in
2741 1418 3018 1481 conspectu
3048 1421 3136 1464 tuo
3166 1427 3257 1480 per
3285 1426 3462 1465 omnes

1869 1499 1976 1552 dies
2006 1501 2119 1553 vita
2140 1510 2269 1566 tuae,
2302 1511 2349 1553 et
2370 1502 2505 1554 sicut
2530 1516 2675 1555 eram
2704 1517 2821 1554 cum
2853 1500 3037 1573 Moyse
3058 1543 3073 1568 ,
3097 1502 3172 1555 sic
3188 1517 3277 1554 ero
3300 1509 3469 1555 tecum

1868 1602 1916 1645 et
1945 1608 2047 1645 non
2076 1594 2427 1664 derelinquam
2458 1604 2525 1661 te,
2557 1611 2721 1665 neque
2745 1595 3028 1666 despiciam
3058 1604 3106 1648 te
3132 1592 3270 1665 (los.
3298 1610 3338 1660 l,
3388 1592 3472 1666 2).

1868 1686 2139 1754 Numquid
2174 1699 2350 1757 potest
2370 1689 2519 1760 Deus
2532 1703 2657 1744 esse
2683 1704 2806 1743 cum
2832 1690 3058 1744 inimico
3079 1703 3180 1743 suo
3196 1687 3473 1758 Georgio?

1870 1781 2129 1850 numquid
2154 1781 2202 1834 ei
2221 1796 2384 1850 quem
2404 1797 2511 1835 non
2529 1780 2885 1845 ordinaverit,
2901 1795 3062 1849 quem
3083 1796 3189 1834 non
3212 1779 3465 1849 elegerit,

1871 1874 2066 1943 poterit
2096 1888 2217 1927 esse
2241 1872 2543 1943 propitius?
2572 1872 2719 1928 Talis
2738 1880 2823 1929 est.
2838 1872 3130 1943 Georgius,
3154 1872 3331 1943 qualis
3354 1870 3475 1926 iuc-

164 1956 323 2016 tni,in
349 1957 466 2009 loco
488 1973 637 2024 quem
660 1958 1085 2029 elegerit,legetis
1100 1961 1231 2013 lianc
1250 1963 1407 2031 legem
1424 1963 1477 2013 in
1498 1974 1769 2032 conspectu
1802 1970 1847 2028 Β
1876 1976 1956 2021 rat
1984 1966 2370 2035 Arius,quales
2388 1966 2474 2035 qui
2501 1973 2629 2020 sunt
2657 1964 2852 2020 Valens
2886 1963 2900 2002 ί
2932 1963 3378 2030 etUrsacius,vel
3403 1964 3471 2019 ad

166 2047 362 2113 Israel,
386 2051 440 2103 in
469 2051 684 2105 auribus
707 2068 882 2106 eorum
909 2094 925 2120 ,
959 2057 1249 2110 convocatis
1279 2057 1334 2109 in
1361 2056 1628 2109 ecclesiam
1649 2057 1772 2109 viris

166 2151 214 2194 et
247 2142 570 2209 mulieribus,
590 2154 639 2199 et
660 2147 819 2211 natis,
838 2156 883 2200 et
913 2150 1171 2219 proselyto
1200 2154 1246 2214 υ,
1276 2154 1361 2218 qui
1388 2154 1544 2220 fuerit
1571 2153 1624 2205 in
1649 2151 1773 2203 civi-

165 2232 362 2285 tatibus
388 2235 569 2289 restris
595 2276 610 2300 ,
652 2245 707 2289 ut
734 2237 951 2291 audiant
978 2250 1023 2291 et
1047 2242 1247 2293 discant
1277 2243 1452 2295 timere
1489 2239 1773 2295 Dominum

174 2324 339 2377 Deum
382 2337 609 2380 vestrum
634 2368 650 2392 ,
686 2339 733 2381 et
763 2330 980 2382 audiant
1026 2335 1197 2400 facere
1241 2334 1413 2384 omnia
1460 2332 1607 2385 verba
1648 2334 1774 2401 legis

169 2418 332 2488 hujus
353 2436 371 2473 :
403 2430 450 2474 et
480 2422 579 2490 filii
608 2438 787 2478 eorum
830 2427 921 2494 qui
963 2427 1196 2479 nesciunt
1228 2469 1242 2490 ,
1274 2428 1538 2481 audientes
1580 2427 1777 2481 discent

170 2514 453 2571 Dominum
490 2517 656 2572 Deum
684 2529 905 2573 vestrum
936 2522 1165 2573 omnibus
1196 2521 1373 2575 diebus
1398 2562 1411 2585 ,
1454 2522 1638 2591 quibus
1674 2521 1776 2591 ipsi

174 2610 351 2662 ricunt
377 2627 531 2679 super
563 2619 753 2664 terram
782 2610 888 2679 (Ib.
926 2628 1053 2666 xxxi
1085 2655 1099 2677 ,
1128 2614 1209 2682 9).
1243 2613 1598 2681 Persequcris
1618 2628 1765 2675 eum,

182 2718 282 2771 pcr
318 2720 481 2770 quem
513 2712 565 2759 tc
590 2704 779 2760 audire
812 2707 1127 2775 praeceperit
1158 2708 1449 2771 Dominus;
1482 2717 1678 2777 agente
1704 2722 1772 2763 eo

174 2803 229 2851 in
263 2797 428 2853 rebus
479 2799 732 2857 ltuntauis
769 2800 1155 2860 colttcreticum
1190 2812 1210 2839 ε
1244 2811 1392 2855 tuum
1422 2802 1713 2870 Georgium
1743 2798 1771 2839 δ

172 2892 350 2945 mittis
395 2906 771 2947 successorem
803 2935 818 2959 ,
864 2908 985 2949 cum
1029 2896 1245 2950 ιηηειμὶ
1282 2896 1473 2949 luisset
1510 2895 1775 2949 liberatus

169 2986 286 3051 jam
322 2986 651 3041 Atlunasins
678 2996 731 3041 et
759 3004 992 3054 corpore
1024 2999 1079 3052 θ,
1116 2989 1211 3043 tibi
1245 3004 1351 3043 neu
1399 2990 1613 3043 licuerit
1643 2988 1770 3042 tuit-

172 3089 294 3132 tcre
321 3118 335 3141 ,
383 3077 480 3133 sed
516 3077 680 3132 inerit
719 3094 780 3133 ac
816 3080 888 3133 sit
922 3081 974 3134 itt
1009 3080 1102 3133 Dei
1139 3097 1297 3133 manu
1328 3122 1340 3142 ,
1380 3097 1538 3149 quem
1576 3079 1772 3134 luisset

171 3178 431 3240 dignatus
454 3176 653 3245 populo
677 3191 777 3229 suo
801 3178 1100 3231 antistitem
1130 3178 1437 3241 instituere,
1468 3192 1561 3245 per
1584 3190 1775 3230 servos

176 3268 441 3322 videlicet
467 3282 617 3335 suos,
651 3268 751 3321 hoc
775 3277 895 3333 est,
924 3269 1224 3322 catltoliCUs
1249 3267 1555 3337 episcopos.
1588 3267 1774 3335 Neque

170 3362 323 3414 enim
358 3368 542 3427 posset
568 3361 779 3428 impleri
812 3361 985 3413 virtus
1006 3360 1244 3425 Spiritus
1272 3360 1447 3414 saneti
1470 3360 1536 3413 ad
1568 3359 1658 3414 Dei
1682 3374 1775 3429 gu-

170 3452 517 3509 bernandum
547 3454 937 3523 p0pulmu.uisi
971 3455 1037 3519 is,
1064 3469 1222 3519 quem
1252 3453 1397 3507 Deus
1420 3454 1699 3521 allegisset
1727 3450 1772 3515 ί,

168 3550 375 3618 cuique
398 3564 589 3602 manus
621 3564 715 3615 per
743 3549 1050 3603 catholicos
1074 3548 1363 3617 episcopos
1394 3549 1583 3602 luisset
1608 3548 1778 3614 impo-

166 3644 303 3706 sita,
336 3643 478 3697 sicut
508 3641 767 3697 defuncto
798 3642 1005 3711 Moyse,
1041 3644 1327 3708 impletum
1349 3643 1550 3710 Spiritu
1584 3650 1779 3695 sancto

172 3735 488 3789 invenimus
510 3748 887 3788 successorem
936 3736 1054 3803 ejus
1099 3734 1283 3789 Jewm
1317 3733 1483 3787 Nare.
1521 3734 1781 3803 Loquitur

170 3828 456 3896 scriptura
488 3837 675 3882 sancta
706 3827 931 3881 dicens:
962 3826 1027 3879 Et
1056 3825 1211 3882 Jesus
1238 3827 1379 3895 ﬁlius
1414 3826 1560 3881 Nare
1595 3828 1777 3897 imple-

170 3932 263 3975 tus
304 3931 375 3975 est
406 3921 596 3989 spiritu
621 3922 995 3996 intelligentiae.
1044 3920 1371 3989 Imposuerat
1402 3923 1540 3976 enim
1573 3922 1781 3991 Moyses

169 4030 391 4067 manuni
430 4029 584 4078 super
622 4030 759 4067 eum.
809 4015 870 4067 Et
909 4016 1185 4069 audierunt
1216 4032 1330 4070 eum
1359 4016 1459 4085 ﬁlii
1493 4013 1663 4069 Isracl
1688 4058 1701 4077 ,
1736 4023 1783 4069 et

168 4114 415 4180 fecerunt
470 4109 749 4164 secundum
802 4110 943 4179 quod
991 4110 1253 4168 mandavit
1306 4109 1560 4164 Dominus
1610 4109 1782 4179 Moysi

170 4200 295 4266 (Ib.
329 4217 519 4267 xxxiv,
550 4202 628 4271 9).
668 4200 954 4273 Conspicis
995 4202 1324 4256 ordinatioui
1357 4202 1449 4255 Dei
1485 4212 1537 4255 te
1565 4201 1778 4254 obviam

171 4297 315 4359 isse,
333 4305 522 4349 contra
550 4294 647 4350 Del
672 4294 921 4351 iaciendo
949 4297 1305 4357 voluntatem,
1330 4304 1492 4350 temet
1521 4307 1780 4348 mucrone

168 4385 347 4460 gladii
380 4387 455 4442 tui
483 4388 820 4461 iugulatum;
850 4389 1119 4458 siquidem
1152 4405 1261 4443 non
1292 4389 1508 4443 licuerit
1537 4388 1779 4443 ordinari

170 4480 293 4535 nisi
320 4478 507 4537 luisset
531 4480 821 4537 defunctus
846 4480 1208 4549 Athanasius,
1237 4493 1292 4539 et
1319 4480 1578 4536 defuncto
1609 4479 1778 4534 Atha-

172 4656 295 4703 tur,
328 4640 528 4694 idioma
567 4638 944 4693 Grmcanicum
977 4636 1331 4705 usurpabant.
1364 4636 1441 4691 La
1470 4635 1655 4692 Cerdo.

254 4721 288 4751 ι
316 4709 658 4781 I’resbytcris.
691 4710 865 4764 Vatic.
894 4718 952 4764 et
979 4709 1119 4775 apud
1149 4709 1334 4765 Sabat.

254 4783 285 4820 ιι
318 4784 389 4835 Ita
420 4782 597 4836 Graec.
628 4782 814 4838 Sabat.
853 4782 1144 4852 proselytis.

256 4865 283 4893 ε
315 4852 385 4905 Et
424 4862 780 4923 coapostatam
803 4895 817 4917 ,
856 4851 923 4906 et
955 4853 1007 4906 itt
1041 4854 1309 4908 similibus
1356 4853 1480 4907 vide
1512 4851 1782 4919 composi-

177 4931 393 4982 tionem
438 4940 503 4977 es
545 4923 737 4978 Graii-0
762 4965 775 4988 ,
820 4934 873 4979 et
912 4924 1136 4987 Latino;
1181 4927 1326 4994 quod
1360 4924 1602 4979 libellum
1640 4925 1782 4975 hunc

172 4996 397 5063 vulgari
434 4995 690 5065 loquendi
721 4997 881 5049 modo
908 4998 1277 5065 conscriptum
1306 4998 1578 5053 declarat.-
1598 4994 1710 5047 Tit.

253 5068 283 5114 τι
313 5068 582 5138 GeOrgius
620 5064 913 5137 Cappadox
947 5082 975 5119 a
1010 5064 1334 5123 Constantio
1368 5070 1700 5133 Imperatori:
1729 5066 1782 5119 in

178 5140 492 5199 Ecclesium
537 5138 961 5193 Alexandrinam
1011 5140 1253 5194 itttt‘ttstls
1294 5158 1385 5194 an.
1435 5138 1578 5201 556,
1626 5140 1783 5205 pulso

174 5214 511 5274 Athanasio,
544 5228 633 5276 per
655 5221 850 5276 tempus
882 5210 1313 5278 quadragesimae,
1349 5214 1423 5266 uti
1456 5210 1783 5264 Athanasius

179 5294 418 5339 testatur
448 5284 499 5337 in
539 5282 801 5351 Apologia
844 5282 911 5336 de
939 5280 1057 5349 fuga
1091 5283 1546 5336 suaJIonstros-us
1573 5280 1781 5350 Cappa-

176 5360 295 5411 dox
323 5353 629 5423 appellatur
654 5370 682 5407 a
712 5352 1049 5408 Nazianzelto
1080 5356 1131 5406 in
1163 5356 1411 5407 oratione
1440 5354 1509 5407 de
1534 5353 1785 5406 laudibus

180 5426 508 5489 Athanasii,
542 5428 631 5479 ubi
659 5426 943 5480 scelestam
979 5424 1095 5495 t-jus
1124 5425 1285 5479 vitam
1322 5424 1602 5481 describit.

261 5509 287 5535 ε
324 5496 388 5550 Et
417 5512 631 5567 corpore
660 5497 833 5550 Latin.
884 5497 1076 5551 demit.
1132 5497 1397 5552 Videntur
1436 5508 1611 5550 tamen
1655 5496 1782 5549 rcti-

180 5571 366 5627 nonda
409 5568 529 5622 hmo
554 5568 750 5632 Verba,
780 5568 847 5621 ita
876 5578 935 5622 ut
957 5569 1166 5638 legatur
1187 5586 1213 5621 e
1241 5586 1477 5638 corpore,
1508 5575 1563 5622 et
1590 5582 1785 5619 sensus

177 5645 288 5706 sit,
322 5640 524 5695 tametsi
555 5638 864 5692 Athanasius
890 5656 918 5693 e
945 5656 1162 5711 corpore
1189 5640 1383 5695 solutus
1406 5645 1521 5711 jam
1556 5639 1781 5703 abiisset,

177 5728 297 5773 CIC.

265 5785 283 5824 ί
307 5780 731 5854 Allegissetdixit
759 5796 858 5853 pro
882 5782 1139 5850 elegisse',
1155 5798 1251 5838 seu
1276 5793 1522 5847 vocasset,
1541 5781 1711 5837 autalt
1724 5798 1784 5836 eo

179 5862 404 5918 allrrtus
448 5857 668 5928 fuisset:
710 5857 799 5910 ubi
833 5856 1168 5925 dignoscitur
1200 5873 1449 5913 verorum
1487 5858 1785 5927 l'lpisc0po-

180 5953 306 5991 rum
350 5929 713 5986 institutionis
741 5929 910 5983 forma
936 5969 951 5995 ,
995 5939 1049 5983 et
1075 5932 1217 6000 quod
1260 5930 1490 5999 Principi
1522 5946 1627 5984 nou
1662 5932 1786 5987 licet

179 6009 473 6066 instituere
501 6000 792 6059 Antistites
820 6041 832 6066 ,
863 6010 919 6060 ct
956 6002 1024 6058 de
1054 6017 1247 6059 manus
1271 6004 1636 6072 intpositione.
1674 6001 1782 6058 Tit.

1874 2073 2031 2129 quem
2064 2074 2148 2113 me
2194 2058 2478 2113 destinam
2505 2057 3030 2114 Germaniciensium
3058 2098 3073 2122 ,
3120 2057 3361 2112 Adoxius
3397 2057 3412 2107 i
3458 2072 3473 2111 :

1874 2166 2051 2219 neque
2078 2150 2221 2206 enim
2250 2157 2470 2218 possent
2502 2150 2604 2204 nisi
2630 2150 2697 2204 de
2728 2150 2903 2219 spinis
2929 2152 3099 2219 spina:
3139 2147 3455 2218 procedere.

1872 2244 1998 2299 1an
2026 2244 2096 2298 ita
2125 2261 2186 2298 se
2227 2244 2427 2301 habere
2447 2258 2513 2299 ex
2554 2244 2768 2298 actibus
2808 2244 2981 2313 ipsius
3008 2240 3224 2312 Georgii
3270 2242 3460 2312 legens

1873 2340 2300 2395 contestationes
2341 2337 2836 2393 Alexandrinorum
2861 2336 2886 2374 ιι
2920 2336 3126 2407 poteris
3167 2335 3467 2405 colligere;

1876 2445 1932 2488 et
1967 2431 2215 2502 quamvis
2258 2431 2353 2485 tibi
2380 2431 2705 2485 sceleratum
2738 2428 3122 2500 blasphemum
3149 2429 3301 2483 illum
3349 2441 3471 2482 esse

1875 2525 2125 2595 placeat;
2168 2538 2344 2593 tuque
2373 2523 2517 2579 enim
2547 2523 2708 2578 aliter
2733 2521 2828 2577 tibi
2853 2532 3004 2577 esset
3026 2521 3472 2588 amantissimus,

1879 2618 1982 2672 nisi
2015 2618 2141 2687 quia
2170 2616 2241 2672 sit
2268 2616 2598 2673 sceleratus:
2649 2625 2830 2670 tamen
2861 2613 2981 2670 haec
3015 2629 3081 2668 eo
3110 2614 3431 2684 protulerim
3459 2654 3476 2679 ,

1875 2721 1932 2766 ut
1961 2709 2223 2765 eximiam
2258 2706 2275 2745 ι
2311 2708 2487 2778 possis
2513 2722 2741 2763 cernere
2766 2722 2988 2778 operam
3018 2714 3186 2762 tuam.
3220 2705 3355 2762 Cum
3380 2705 3479 2777 igi-

1875 2816 1961 2857 tur
1992 2817 2099 2855 non
2130 2816 2253 2855 esse
2273 2801 2440 2855 Deum
2470 2813 2767 2870 cognoscas
2788 2814 2913 2853 cum
2941 2797 3199 2869 Georgio,
3231 2797 3327 2853 sed
3353 2812 3476 2853 esse

1875 2906 1912 2931 η’
1942 2910 2065 2951 cum
2093 2893 2397 2949 Athanasio
2421 2935 2436 2959 ,
2469 2908 2628 2964 quem
2660 2892 2859 2963 populo
2888 2907 2987 2946 suo
3016 2892 3313 2945 instituerit
3341 2890 3482 2945 anti-

1874 2991 2081 3057 stitem,
2113 3002 2447 3057 cognoscere
2475 2987 2693 3041 tandem
2736 2986 2942 3056 poteris
2968 2986 3063 3041 Dei
3099 2995 3152 3040 te
3181 2986 3481 3039 ordinatio-

1874 3098 1996 3137 nem
2029 3082 2194 3135 luisse
2225 3093 2476 3134 conatum
2509 3080 2795 3135 destruere
2822 3122 2836 3147 ,
2890 3080 3055 3133 Deum
3104 3088 3156 3134 te
3204 3079 3375 3134 fuisse
3424 3081 3475 3134 in

1875 3175 2183 3229 Athanasio
2211 3184 2574 3244 persecutum.
2609 3173 2778 3228 Audis
2806 3173 2950 3225 enim
2981 3173 3167 3226 dicere
3196 3172 3366 3225 Deum
3409 3171 3469 3226 ad

1878 3270 2080 3337 Moysis
2106 3282 2479 3321 successorem
2509 3285 2520 3317 :
2555 3267 2700 3320 Sicut
2727 3282 2871 3320 erant
2901 3281 3017 3318 eum
3048 3263 3249 3336 Moyse,
3290 3266 3363 3318 sic
3394 3280 3480 3318 ero

1884 3371 2091 3425 tecum,
2135 3372 2183 3416 et
2231 3378 2333 3414 non
2382 3361 2738 3430 derelinquant
2771 3369 2818 3413 te
2844 3400 2859 3425 ,
2922 3374 3081 3428 neque
3110 3346 3391 3429 despiciam
3435 3368 3483 3411 te

1881 3453 2047 3525 (Ibid.
2068 3496 2083 3519 ,
2117 3453 2198 3524 5).
2227 3453 2367 3508 Ecce
2393 3455 2502 3509 alto
2535 3454 2655 3507 loco
2689 3470 2701 3505 ε
2736 3450 3003 3505 Invalesce
3024 3461 3072 3505 et
3099 3450 3317 3504 viriliter
3346 3468 3441 3519 age
3465 3490 3480 3515 ,

1883 3550 2145 3604 custodire
2168 3558 2193 3584 "
2224 3560 2272 3603 et
2316 3550 2489 3617 facere
2536 3552 2668 3601 sicut
2700 3547 2945 3617 pra'cepit
2988 3545 3082 3598 tibi
3114 3544 3321 3614 Moyses
3354 3561 3482 3612 puer

1882 3650 2023 3694 meus
2057 3658 2075 3694 :
2101 3650 2150 3693 et
2181 3658 2283 3693 non
2314 3640 2595 3693 declinabis
2619 3656 2681 3692 ea:
2710 3639 2803 3691 illa
2833 3640 3015 3712 dextra
3043 3649 3132 3691 aut
3163 3639 3394 3699 sinistra,
3427 3647 3483 3691 ut

1884 3730 2143 3800 intelligas
2177 3732 2226 3782 in
2256 3729 2489 3782 omnibus
2521 3743 2856 3797 quaecumque
2882 3729 2994 3798 agis
3032 3743 3050 3780 :
3073 3738 3119 3779 et
3150 3744 3252 3780 non
3278 3729 3484 3779 recedet

1883 3826 2010 3879 liber
2038 3826 2164 3895 legis
2193 3825 2346 3889 liuius
2369 3840 2431 3880 e1-
2456 3840 2543 3878 ore
2570 3836 2679 3887 tuo,
2710 3833 2758 3876 et
2784 3822 3117 3880 meditaberis
3146 3824 3197 3876 in
3229 3839 3287 3875 eo
3314 3822 3399 3875 die
3425 3837 3485 3875 ac

1884 3930 2031 3974 nocte
2063 3962 2076 3984 ,
2107 3930 2164 3973 ut
2196 3918 2459 3972 custodias
2487 3922 2660 3988 [acere
2688 3919 2929 3971 universa
2960 3931 3079 3985 qua:
3102 3916 3294 3983 scripta
3322 3923 3441 3968 sunt
3470 3932 3488 3970 :

1884 4021 2006 4064 tunc
2037 4012 2262 4083 dirigam
2307 4011 2416 4063 vias
2445 4022 2585 4075 tuas,
2616 4020 2660 4063 et
2703 4020 2824 4062 tunc
2854 4009 3134 4081 intelliges.
3189 4005 3325 4060 Ecce
3351 4022 3488 4078 pra:-

1884 4105 1998 4173 cepi
2026 4105 2116 4157 tibi
2142 4145 2156 4166 ,
2206 4104 2460 4156 invalesce
2501 4111 2548 4154 et
2582 4102 2797 4155 viriliter
2825 4116 2920 4172 age
2947 4116 2965 4153 :
2999 4117 3100 4153 non
3130 4109 3202 4153 est
3234 4100 3373 4166 quod
3397 4114 3485 4152 ea:-

1888 4214 2130 4268 puvescas
2156 4240 2171 4264 ,
2201 4214 2362 4267 neque
2404 4201 2583 4251 timeas
2610 4240 2624 4261 ,
2655 4197 2898 4265 quoniam
2927 4208 3097 4249 tecum
3127 4204 3202 4250 est
3235 4193 3488 4248 Dominus

1888 4291 2027 4346 Deus
2053 4303 2168 4347 tuus
2192 4294 2245 4346 in
2273 4293 2411 4345 omni
2444 4296 2553 4346 loco
2585 4293 2601 4363 (
2629 4289 2790 4356 lbid.,
2823 4290 2916 4359 7).
2965 4288 3083 4344 Jam
3115 4295 3364 4357 superest
3393 4298 3443 4340 te
3470 4328 3484 4351 ,

1887 4388 2003 4443 sive
2037 4396 2116 4453 tu,
2147 4387 2263 4447 sive
2289 4386 2554 4457 Georgius
2576 4402 2695 4456 qua:
2720 4386 2909 4455 geritis
2934 4426 2947 4449 ,
2978 4384 3022 4437 si
3052 4392 3176 4437 sunt
3215 4381 3492 4435 venientia

1889 4496 1955 4537 ex
1992 4480 2085 4537 Dei
2120 4480 2416 4545 mandatis,
2466 4480 2718 4550 probare.
2765 4476 2935 4532 Audis
2981 4475 3127 4530 enim
3174 4474 3492 4544 promittere

1954 4646 1978 4684 8
2013 4636 2307 4707 [atrorum
2336 4637 2463 4707 legit
2492 4638 2674 4707 Sabat.

1963 4706 1986 4744 ιι
2016 4705 2241 4761 Flumen
2269 4704 2514 4781 magnum
2542 4706 2887 4779 Euphratem.
2925 4706 3099 4762 Vatic.
3146 4720 3269 4761 cum
3304 4704 3485 4761 Gratc.

1885 4782 1982 4854 ἕως
2002 4786 2093 4854 rei)
2117 4789 2359 4852 ποταμοῦ
2380 4782 2617 4854 μεγάλου,
2647 4789 2755 4837 etc.

1964 4849 2388 4907 iFamosissimi
2433 4849 2650 4908 Arianae
2695 4854 2863 4922 partis
2901 4861 3239 4917 sectatores,
3294 4849 3490 4904 Valens

1885 4922 2103 4983 Mursm,
2138 4923 2400 4978 Ursacius
2426 4925 2709 4993 Singiduui
2744 4924 3063 4993 Episcopus.

1962 4999 1975 5043 l
2035 4997 2083 5049 Is
2126 4995 2404 5050 Eudosius
2450 4991 2573 5061 est,
2624 4991 3049 5048 ltomo'Arianus
3076 5035 3089 5055 ,
3118 4991 3485 5047 Germanici-.1:

1885 5066 2129 5122 Antistes
2155 5109 2168 5125 .
2203 5068 2292 5122 ubi
2342 5068 2555 5122 Lucifer
2591 5069 2868 5135 aliquanto
2914 5075 3161 5133 tempore
3208 5064 3481 5117 exmlavit

1879 5146 2036 5215 jussu
2082 5141 2409 5215 tion‘tantii.
2446 5140 2739 5215 _Adoxium
2789 5137 3025 5207 appellat
3079 5151 3173 5205 per
3199 5135 3485 5205 antiphra-

1885 5212 2011 5276 Sittt,
2049 5212 2098 5265 id
2132 5222 2239 5276 est,
2269 5212 2566 5281 inglorium.

1957 5286 1981 5324 ¹ι
2002 5274 2245 5340 Litteras
2270 5274 2479 5335 scilicet
2498 5282 2696 5335 civium
2726 5278 3219 5335 Alexandrinorum)
3248 5277 3313 5329 ad
3341 5274 3486 5330 Cott-

1885 5358 2168 5421 stautintn,
2198 5354 2391 5423 quibus
2417 5354 2655 5420 graviter
2681 5352 2747 5405 de
2779 5351 2997 5423 Georgii
3027 5348 3323 5423 sceleribus
3352 5363 3485 5401 con-

1886 5432 2065 5499 qttesli
2093 5421 2238 5484 sont.
2274 5424 2407 5499 Vide
2432 5425 2721 5499 liaronium
2750 5425 2816 5477 ad
2849 5421 3090 5499 an._356.

1965 5502 1980 5539 ¹
2032 5501 2085 5555 Id
2126 5509 2205 5553 est
2232 5538 2246 5562 ,
2285 5496 2475 5551 eximia
2512 5506 2663 5567 atque
2689 5497 2893 5568 egregia
2923 5497 3060 5564 [acta
3086 5502 3173 5543 tua
3219 5500 3268 5544 et
3300 5506 3476 5561 opera.

1885 5572 1993 5629 Til.

1957 5656 1996 5682 ιι·
2022 5643 2149 5696 Esse
2177 5639 2428 5693 advertat.
2466 5640 2635 5695 Vatic.

1957 5724 1985 5752 ιι
2019 5716 2124 5769 Pro
2165 5710 2447 5766 custodiet
2490 5714 2607 5781 fac,
2650 5711 2947 5768 inﬁnitivus
2993 5720 3091 5785 pro
3131 5704 3481 5785 imperativo,

1887 5804 2040 5842 more
2066 5785 2403 5843 Graecorum.
2432 5776 2663 5853 quorum
2694 5785 2994 5839 locutiones
3022 5778 3071 5829 in
3103 5776 3301 5829 talibus
3327 5790 3482 5845 prur-

1887 5875 1980 5933 sus
2018 5859 2283 5933 sequitur.
2317 5852 2541 5933 _Til.lta
2570 5853 3127 5933 (ἱΐὶρρ..φυὶκάσσεσθαι
3164 5853 3250 5903 καὶ
3278 5854 3476 5913 ποιεῖνς

1887 5932 1983 5989 sed
2012 5931 2195 5989 Sabat.
2231 5928 2382 5998 legit,
2414 5932 2618 5985 custodi
2647 5941 2698 5987 et
2717 5928 2816 6005 (ac.
