4292 6392
665 407 767 468 831

1743 409 2071 468 LUCIFERI
2109 406 2426 468 EPISCOPI
2463 408 2885 469 CALARITANI

3835 416 3920 472 83!

663 537 724 578 se
756 522 922 580 Deum
953 520 1200 579 futurum
1227 537 1351 579 eum
1386 537 1708 580 successore
1738 524 1962 597 Moysis,
1994 524 2271 596 quomodo
2298 530 2352 590 Α
2375 543 2488 581 ram
2517 528 2641 583 me?
2683 526 2909 599 Propter
2945 529 3041 583 hoc
3083 528 3194 583 licet:
3241 528 3364 584 dicit
3393 525 3642 583 Dominus
3681 525 3700 566 ί
3732 525 3920 586 Israel:

665 616 830 673 fuerit
859 627 1061 675 etcum
1086 617 1292 690 Moyse,
1325 618 1368 674 si
1399 619 1565 675 modo
1585 635 1708 691 quae
1734 629 1862 674 sunt
1889 619 1942 674 in
1973 619 2112 674 libro
2135 620 2271 690 legis

663 710 868 782 scripta
905 712 1228 768 servaverit.
1278 712 1333 768 Si
1366 712 1536 783 igitur
1566 723 1622 767 ut
1658 712 1774 767 lure
1805 727 1964 783 geras
2005 712 2268 781 scriptum

661 821 770 862 non
799 805 1073 862 inveneris
1099 848 1114 872 ,
1147 816 1253 861 tua:
1282 807 1387 861 erit
1417 807 1688 877 aequitatis
1718 805 1935 860 tandem
1985 806 2270 860 advertere

662 899 941 957 vobiscum
966 902 1188 956 Arianis
1216 916 1325 955 non
1354 914 1477 955 esse
1509 901 1703 964 Deum,
1736 899 1831 954 sed
1861 899 2011 954 illum
2038 899 2091 953 in
2114 898 2269 954 vobis

662 995 979 1062 mansitare,
1010 995 1100 1064 qui
1127 996 1394 1050 manserit
1419 1004 1475 1050 et
1498 995 1551 1050 in
1573 992 1728 1050 Cain.
1765 993 1898 1063 Qua:
1930 1005 1981 1050 te
2005 1009 2171 1048 causa
2201 992 2268 1047 ad

662 1085 777 1142 haec
797 1129 814 1154 ,
854 1087 1140 1143 Constanti
1168 1129 1185 1155 ,
1221 1088 1436 1158 impulit
1466 1087 1724 1160 gerenda,
1762 1097 1820 1143 ut
1843 1089 2086 1158 potentia
2116 1090 2266 1158 regni

661 1182 736 1237 tui
775 1181 842 1237 ad
875 1192 1084 1238 tantam
1114 1182 1414 1254 perductus
1449 1183 1761 1252 superbiam
1817 1185 2105 1238 statuisses
2141 1198 2263 1237 eum

661 1274 967 1330 necandum
994 1317 1010 1340 ,
1043 1291 1205 1345 quem
1241 1276 1384 1332 Deus
1422 1276 1528 1332 sibi
1574 1279 1625 1331 in
1671 1277 1998 1333 sacerdotali
2050 1277 2266 1333 honore

660 1366 931 1438 elegerit?
966 1367 1085 1423 Non
1117 1369 1405 1424 inveneras
1437 1370 1488 1424 in
1522 1370 1700 1440 primo
1733 1370 2041 1440 Regnorum
2068 1379 2093 1406 ει
2123 1369 2265 1426 libro

657 1463 970 1532 scriptum?
1021 1462 1144 1517 Non
1176 1463 1201 1502 ι)
1226 1465 1479 1534 glorietur
1506 1466 1714 1534 sapiens
1762 1465 1813 1517 in
1844 1465 2096 1534 sapientia
2128 1481 2223 1518 sua
2249 1506 2264 1530 ,

659 1573 821 1626 neque
846 1556 1097 1626 glorietur
1123 1568 1300 1628 potens
1328 1559 1381 1610 in
1408 1559 1596 1611 virtute
1623 1575 1717 1612 sua
1744 1600 1757 1622 ,
1809 1573 1970 1627 neque
2007 1558 2263 1630 glorietur

656 1649 794 1704 dives
829 1650 884 1704 in
911 1650 1107 1704 divitiis
1135 1649 1242 1704 suis
1266 1667 1285 1714 ,°
1317 1651 1407 1704 sed
1439 1651 1496 1704 in
1523 1652 1619 1705 hoc
1645 1651 1927 1722 glorietur,
1957 1652 2044 1720 qui
2072 1652 2264 1722 gloria-

663 1756 767 1811 tur,
791 1747 921 1800 scire
948 1757 992 1800 et
1037 1747 1322 1816 intelligere
1350 1744 1519 1799 Deum
1545 1788 1560 1814 ,
1609 1756 1656 1800 et
1698 1746 1870 1815 facere
1909 1747 2170 1815 judicium
2213 1756 2264 1799 et

646 1841 910 1912 justitiam
938 1841 991 1894 in
1019 1841 1190 1894 medio
1219 1851 1368 1895 terra?
1396 1839 1534 1912 (Jer.
1568 1856 1643 1906 ιχ,
1672 1840 1805 1911 ‘25).
1838 1840 1949 1896 Cur
1980 1842 2096 1894 haec
2125 1856 2263 1909 prae.

2378 620 2525 690 Dixi,
2555 623 2738 676 domus
2766 633 2877 690 tua,
2911 634 2960 678 et
2987 624 3170 677 domus
3201 623 3361 692 patris
3391 623 3464 677 tui
3491 623 3696 676 transiet
3725 631 3749 669 ε
3772 637 3918 675 coram

2372 732 2453 769 me
2478 733 2634 786 usque
2660 716 2712 770 in
2739 729 3009 783 aeternum,
3029 727 3076 772 et
3105 735 3240 771 nunc
3265 734 3364 772 non
3389 726 3480 772 est.
3513 716 3600 772 Sic
3619 716 3735 769 dicit
3761 712 3920 769 Domi-

2372 825 2470 863 nus
2501 827 2518 864 :
2544 807 2886 880 Nequaquam
2914 809 3064 869 mihi.
3091 827 3194 863 non
3221 810 3293 863 sic
3318 811 3412 863 erit
3437 827 3469 863 α
3490 825 3586 868 me.
3611 809 3833 877 quoniam
3851 809 3922 877 qui

2373 901 2722 972 honoriﬁcam
2751 920 2830 957 me
2851 944 2866 968 ,
2901 903 3252 974 honori/icabo
3287 920 3401 970 eos,
3439 915 3483 958 et
3507 905 3592 974 qui
3615 903 3796 974 spernit
3823 918 3919 966 me,

2375 997 2442 1049 ad
2473 997 2692 1050 nihilum
2733 998 3010 1068 redigetur.
3050 997 3118 1050 Et
3146 1013 3261 1051 ecce
3286 998 3394 1050 dies
3424 998 3622 1051 veniunt
3647 1038 3660 1060 ,
3683 1006 3726 1050 et
3746 996 3922 1062 disper-

2371 1091 2491 1143 dum
2527 1090 2548 1125 ¹·
2583 1107 2754 1144 semen
2797 1101 2980 1156 tuum,
3020 1102 3068 1144 et
3094 1106 3264 1144 semen
3293 1092 3449 1162 patris
3480 1090 3592 1156 tui,
3640 1099 3804 1143 etnon
3845 1088 3923 1142 erit

2370 1184 2464 1237 tibi
2499 1200 2654 1238 senex
2698 1186 2750 1238 in
2791 1184 2948 1239 domo
2977 1202 3088 1240 mea
3113 1184 3342 1239 ontnibus
3366 1185 3558 1250 diebus,
3592 1195 3636 1238 et
3661 1184 3814 1238 uirum
3832 1183 3922 1236 dis-

2370 1279 2585 1349 perdttm
2624 1277 2637 1314 ί
2683 1295 2713 1330 a
2743 1279 2976 1333 sacrario
3017 1296 3126 1334 meo
3154 1320 3167 1343 ,
3213 1288 3268 1332 ut
3308 1279 3539 1347 deﬁciant
3568 1278 3697 1331 oculi
3720 1279 3824 1346 ejus
3846 1317 3858 1336 .
3883 1285 3926 1328 et

2369 1372 2559 1442 tle/luet
2586 1373 2760 1425 anima
2790 1375 2903 1443 ejus
2933 1390 2952 1426 :
2993 1384 3039 1426 et
3069 1373 3234 1427 omnis
3263 1388 3376 1441 qua:
3417 1370 3720 1438 superaverit
3768 1369 3928 1421 multi-

2368 1468 2490 1520 tudo
2523 1483 2549 1520 e
2599 1467 2752 1520 domo
2804 1480 2892 1520 tua
2929 1467 3125 1521 decidet
3167 1467 3220 1520 in
3257 1466 3430 1536 gladio
3463 1466 3697 1519 virorum.
3737 1463 3803 1516 Et
3842 1466 3926 1517 hoc

2369 1560 2460 1613 tibi
2503 1561 2706 1630 signant
2733 1602 2748 1626 ,
2798 1561 2935 1630 quod
2983 1560 3147 1615 veniet
3196 1575 3350 1629 super
3393 1559 3518 1612 duos
3541 1558 3674 1627 ﬁlios
3702 1569 3809 1611 tuos
3843 1556 3927 1610 bos

2371 1654 2498 1722 Uini
2537 1664 2582 1707 et
2627 1653 2852 1709 Pltinees
2898 1673 2911 1708 :
2963 1655 3144 1708 inuno
3180 1653 3263 1707 die
3293 1653 3571 1706 morientur
3597 1652 3736 1705 ambo
3766 1651 3924 1723 gladio

2370 1748 2383 1797 i
2420 1749 2650 1801 virorum
2681 1749 2725 1818 (1
2757 1746 2885 1819 Reg.
2919 1763 2980 1810 lt,
3009 1747 3122 1818 27).
3161 1747 3216 1803 Si
3254 1746 3388 1800 hanc
3421 1745 3507 1800 ille
3535 1744 3737 1812 accepit
3766 1743 3926 1796 iocre-

2367 1842 2644 1911 pationem
2692 1855 2791 1910 pro
2834 1839 2961 1895 ﬁliis
2991 1857 3020 1894 a
3054 1839 3166 1894 Deo
3191 1879 3206 1901 ,
3255 1838 3465 1908 qualem
3497 1851 3590 1890 nos
3615 1848 3927 1890 mera-remur

653 1932 876 1995 teriens,
908 1932 1074 2003 quiin
1108 1935 1253 1987 omni
1285 1944 1533 2003 tempore
1560 1935 1821 2003 judicium
1842 1935 2049 2005 justum
2076 1936 2256 1991 facere
2289 1947 2335 2004 Β
2363 1937 2613 2004 accipere
2648 1950 2746 2002 pro
2791 1946 2842 1988 te
2868 1974 2882 1999 ,
2932 1931 3261 1988 Constanti?
3303 1930 3464 1986 credo
3510 1929 3702 1984 dictum
3749 1925 3928 1982 fuisset

648 2024 941 2091 debueras,
969 2026 1287 2092 iniustitiam
1332 2035 1513 2082 tecum
1546 2028 1709 2081 etiam
1739 2042 1838 2082 nos
1870 2029 2051 2084 facere
2086 2044 2252 2098 coge-

651 2116 746 2172 bas
772 2119 794 2170 ?
829 2118 1034 2186 Deponi
1067 2134 1164 2187 per
1191 2134 1293 2174 nos
1318 2117 1652 2175 decreveras
1673 2121 2024 2189 catholicum,
2051 2122 2254 2177 tirmari

653 2221 676 2248 ο
705 2225 838 2266 vero
871 2211 1188 2267 hmreticum
1219 2231 1231 2265 :
1267 2213 1361 2268 sed
1391 2214 1610 2284 quando
1639 2213 1784 2268 istud
1818 2230 1966 2270 same
1991 2214 2254 2271 fecissent

647 2304 849 2360 mentis
879 2304 1173 2361 homines?
1203 2306 1247 2360 si
1271 2306 1418 2362 enim
1453 2307 1572 2362 Heli
1596 2307 1855 2362 sacerdos
1883 2349 1897 2370 ,
1927 2308 2074 2379 quod
2117 2310 2254 2363 lilios

655 2400 709 2456 in
733 2400 1024 2456 sacerdotii
1057 2401 1265 2456 honore
1291 2401 1671 2458 constituisset
1710 2402 1965 2473 indignos
1988 2445 2002 2468 ,
2039 2404 2128 2457 illa
2157 2420 2254 2458 au-

647 2492 898 2561 dit,xqua:
930 2509 1223 2563 perpessus
1252 2505 1334 2550 est
1357 2510 1386 2548 a
1410 2495 1672 2559 Domino;
1704 2495 1830 2565 quid
1856 2511 1952 2550 nos
1973 2496 2163 2549 audire
2189 2512 2254 2551 ac

647 2588 860 2658 perpeti
893 2603 1259 2654 mereremur,
1288 2590 1332 2643 si
1373 2589 1707 2644 catholicum
1740 2588 2060 2658 episcopum
2101 2588 2256 2642 dam-

650 2691 867 2742 nantes.
900 2689 956 2735 et
977 2680 1195 2750 quidem
1231 2681 1535 2736 inauditum
1563 2725 1578 2748 ,
1624 2681 1933 2737 sineremus
1955 2680 2250 2751 Georgium

651 2773 768 2829 ﬁeri
823 2774 1087 2829 Arianum
1131 2776 1520 2831 Alexandrinis
1548 2777 1915 2846 episcopum?
1964 2776 2031 2830 Et
2072 2778 2208 2831 venit
2236 2818 2250 2842 ,

647 2867 858 2940 inquit,
893 2872 1046 2925 homo
1077 2868 1175 2925 Dei
1202 2868 1250 2938 ά,
1282 2882 1327 2925 ει
1359 2873 1492 2926 dixit
1522 2889 1540 2926 :
1593 2872 1720 2926 lltec
1768 2872 1894 2925 dicit
1942 2870 2200 2925 Dominus
2233 2887 2252 2925 :

653 2959 934 3032 Manifeste
964 2963 1164 3016 ostendi
1201 2981 1280 3018 me
1304 2965 1372 3018 ad
1401 2965 1608 3018 domum
1631 2965 1796 3036 patris
1827 2965 1901 3016 tui
1927 2981 1990 3017 ex
2016 2965 2252 3017 omnibus

643 3055 876 3110 tribubus
895 3056 1068 3111 Israel
1100 3058 1226 3111 mihi
1250 3061 1302 3112 in
1335 3059 1707 3123 sacerdotium,
1735 3069 1788 3110 ut
1815 3058 2150 3112 escenderent
2181 3058 2250 3110 ad

639 3149 954 3217 sacriﬁcium
983 3167 1154 3204 meum
1180 3193 1194 3215 ,
1241 3162 1286 3205 et
1315 3153 1647 3207 incenderent
1678 3152 1946 3206 incensum
1972 3193 1986 3217 ,
2019 3163 2070 3206 et
2101 3152 2250 3205 tolle-

641 3254 754 3297 rent
783 3243 974 3310 epltod.
1021 3241 1087 3298 Et
1114 3245 1233 3299 dedi
1260 3247 1313 3299 in
1353 3249 1508 3300 domo
1541 3255 1563 3283 ο
1613 3246 1774 3316 patris
1820 3247 1892 3299 tui
1924 3245 2096 3300 omnia
2137 3246 2251 3315 frn-

639 3346 810 3390 rnenta
834 3338 1064 3406 ﬁliorum
1098 3338 1269 3396 Israel
1297 3343 1351 3395 in
1381 3358 1572 3396 escam.
1602 3339 1670 3395 Et
1693 3353 1749 3395 tu
1780 3357 1940 3411 quare
1977 3343 2248 3411 respexisti

2361 2026 2560 2081 nobis:
2613 2025 2746 2080 Plus
2796 2026 3175 2095 honori/icastis
3201 2023 3588 2086 Constantium,
3631 2037 3776 2090 quam
3808 2036 3880 2072 me
3901 2036 3917 2084 ;

2361 2120 2634 2191 quomodo
2663 2120 2739 2176 illi
2769 2121 2971 2176 dictum
3012 2131 3093 2176 est
3119 2162 3135 2188 ,
3181 2118 3322 2188 quod
3357 2118 3474 2190 plus
3513 2115 3925 2172 honorilicaverit

2361 2216 2525 2282 filios,
2557 2231 2719 2285 quam
2753 2215 2945 2269 Deum.
2991 2213 3130 2282 Qua,
3165 2213 3365 2283 inquis,
3397 2214 3463 2268 de
3495 2210 3592 2267 re?
3625 2210 3744 2281 quia
3773 2209 3815 2262 si
3839 2216 3920 2260 tua

2360 2311 2681 2366 fecissemus
2711 2318 2979 2379 praecepta
2999 2352 3013 2376 ,
3047 2308 3259 2364 Dentini
3293 2306 3684 2362 inveniebantur
3705 2303 3924 2373 sprevis—

2360 2419 2454 2467 se;
2485 2403 2607 2472 quia
2640 2401 2908 2470 Gecrgius
2935 2403 3028 2467 sit,
3060 2411 3118 2455 ut
3148 2399 3347 2455 fuerint
3376 2399 3470 2454 lilii
3499 2398 3632 2461 Beli.
3661 2395 3797 2452 ﬁlius
3839 2411 3921 2465 pe-

2357 2495 2639 2559 stilenti-.13,
2662 2509 2823 2564 quem
2858 2505 2912 2548 tu
2946 2497 3064 2549 loco
3093 2495 3187 2548 Dei
3220 2492 3452 2547 hominis
3471 2492 3734 2546 Athanasii
3760 2491 3916 2544 collo-

2356 2589 2586 2645 candum
2618 2605 2714 2659 per
2737 2604 2836 2644 nos
2860 2603 3174 2644 censueras.
3220 2587 3421 2643 Deinde
3446 2602 3562 2642 cum
3591 2585 3726 2640 dicat
3753 2584 3915 2638 Deus;

2363 2685 2465 2752 Qui
2485 2682 2505 2719 ¹ί
2526 2699 2604 2737 me
2623 2683 2806 2736 honori
2811 2683 3060 2752 ﬁcaverit,
3083 2680 3517 2751 honorificabitur,
3538 2691 3580 2733 et
3595 2679 3677 2750 qui
3698 2695 3769 2732 me
3790 2693 3920 2747 sper—

2356 2780 2471 2842 nit,
2514 2778 2582 2830 ad
2606 2777 2826 2830 nihilum
2849 2775 3112 2846 redigetur
3143 2771 3474 2845 (lbrd.,50);
3505 2773 3546 2827 si
3579 2785 3710 2825 tuam
3744 2778 3916 2824 contra

2359 2873 2530 2943 ipsius
2577 2871 2759 2926 divina
2807 2869 3059 2924 mandata
3095 2869 3581 2937 prolatant.vocem
3622 2861 3915 2930 sacrilegam

2355 2966 2690 3029 audiremus,
2724 2961 3281 3016 honorilieaveramus
3312 2956 3517 3012 Deum?
3552 2970 3616 3009 an
3647 2955 3689 3008 si
3715 2964 3764 3008 te
3791 2949 3915 3005 nihil

2356 3076 2478 3116 esse
2515 3059 2826 3130 judicantes
2857 3057 3003 3112 illius
3035 3066 3241 3110 tantum
3280 3054 3445 3109 sacris
3485 3051 3693 3106 Statutis
3738 3062 3914 3118 parere

2356 3153 2698 3210 niteremur?
2741 3151 2954 3206 Interea
3002 3158 3056 3203 tu
3090 3149 3297 3220 gaude,
3327 3147 3447 3218 quia
3484 3147 3557 3201 sis
3591 3143 3916 3201 exltonoraus

2357 3247 2549 3303 Deum.
2602 3247 2772 3302 Audis
2797 3247 2943 3302 enim
2977 3247 3152 3316 ipsum
3190 3245 3454 3300 dicentem
3478 3285 3491 3307 ,
3541 3240 3675 3312 quod
3719 3238 3916 3294 venturi

2355 3343 2465 3398 sint
2496 3346 2562 3398 ad
2587 3342 2816 3397 nihilum
2847 3357 3040 3397 omnes
3069 3357 3192 3397 eum
3221 3345 3562 3407 spernentes.
3607 3336 3683 3390 An
3711 3332 3916 3404 negabis

637 3431 692 3485 in
721 3432 988 3486 incensum
1018 3450 1187 3488 meum
1213 3451 1274 3488 ac
1302 3436 1617 3504 sacriﬁcium
1647 3452 1814 3490 meum
1861 3435 2096 3506 improbo
2127 3452 2249 3490 octt-
2279 3402 2323 3465 Ο
2358 3447 2411 3493 te
2449 3437 2824 3492 exhonorasse
2868 3437 3156 3490 Dominum
3181 3432 3418 3490 tollendo
3443 3432 3736 3486 sacerdotes
3756 3445 3784 3482 e
3806 3429 3915 3497 ple-

641 3529 713 3596 lo,
743 3541 793 3584 et
821 3531 1187 3600 ltonoriﬁcasti
1213 3533 1356 3603 ﬁlios
1379 3545 1495 3587 tuos
1522 3534 1642 3602 plus
1662 3550 1818 3604 quam
1838 3549 1938 3597 me,
1963 3544 2020 3586 ut
2037 3533 2242 3585 benedi«

637 3638 779 3679 ceres
804 3641 890 3680 eos
917 3643 950 3680 a
971 3627 1262 3697 primordio
1293 3628 1347 3682 in
1377 3628 1620 3682 omnibus
1648 3625 2122 3697 sacriﬁciislsrael
2151 3644 2243 3680 co-

711 3841 736 3869 α
767 3831 843 3886 Ita
875 3832 976 3888 hos
1003 3833 1173 3888 libros
1207 3834 1483 3889 vocabant
1511 3842 1749 3897 veteres,
1782 3841 1838 3888 et
1868 3847 1976 3888 non
2011 3831 2232 3904 Regum,

636 3912 697 3959 ut
718 3903 909 3959 videre
936 3915 1020 3960 est
1049 3905 1191 3972 apud
1216 3905 1636 3970 Tertullianum,
1665 3905 2022 3975 Cyprianum,
2055 3903 2240 3975 Augu-

636 3976 867 4048 stinum,
901 3985 957 4031 et
987 3976 1128 4032 alios
1169 3978 1443 4048 antiquos.
1480 3977 1589 4031 Til.
1621 3988 1665 4031 et
1694 3977 1771 4030 La
1793 3974 1985 4031 Cerdo.

705 4047 732 4086 δ
760 4047 987 4120 Legitur
1019 4049 1120 4103 hoc
1153 4047 1531 4104 testimonium
1576 4050 1628 4102 in
1659 4049 1814 4120 Vulg.
1855 4048 1997 4120 apud
2027 4047 2235 4120 Jerem.

637 4134 712 4192 tx,
745 4122 838 4185 25,
871 4119 963 4176 scd
999 4131 1176 4176 exstat
1226 4123 1390 4175 etiam
1437 4122 1488 4175 in
1535 4121 1628 4175 lib.
1665 4121 1680 4176 Ι
1713 4119 1845 4192 Reg.
1887 4119 1922 4175 ιι
1950 4162 1965 4186 ,
1995 4119 2068 4192 i0
2095 4119 2236 4187 apud

635 4191 920 4262 Septuag.;
942 4193 1146 4246 idcirco
1163 4193 1385 4248 minime
1401 4194 1666 4247 memoria
1688 4191 1871 4260 lapsus
1885 4203 1968 4248 est
1990 4191 2230 4252 Lucifer.

636 4273 694 4318 ut
737 4263 984 4319 Latinius
1019 4276 1288 4318 autumat.
1345 4265 1512 4333 Igitur
1541 4279 1646 4332 quo
1674 4266 1871 4330 legitur
1903 4265 2064 4318 modo
2095 4263 2238 4332 apud

633 4334 893 4406 Septuag.
929 4351 1071 4390 vers.
1099 4345 1212 4390 aut.
1246 4352 1311 4390 ex
1346 4353 1447 4389 ms.
1483 4336 1606 4390 cod.
1633 4335 1968 4392 S.Germani
1996 4334 2242 4405 aliquan-

633 4415 745 4462 tum
786 4408 970 4464 differt
998 4423 1028 4462 a
1061 4408 1407 4463 Luciferiana
1434 4425 1448 4472 ;
1495 4407 1660 4463 habet
1683 4410 1827 4462 enim
1855 4451 1870 4475 ,
1920 4406 2159 4462 Prudens
2188 4408 2241 4459 in

631 4495 727 4533 sua
755 4481 1053 4550 prudentia,
1079 4491 1249 4535 etnon
1288 4520 1300 4532 .
1341 4522 1353 4534 .
1385 4519 1399 4534 .
1431 4521 1442 4534 .
1482 4522 1493 4533 .
1526 4521 1538 4533 .
1577 4522 1588 4532 .
1621 4523 1631 4535 .
1658 4481 1945 4548 intelligere
1974 4489 2020 4531 et
2051 4495 2241 4549 cogno-

629 4568 772 4606 scere
814 4551 1095 4606 Dominum
1129 4569 1146 4606 :
1199 4551 1503 4624 sediGraze.
1548 4552 1690 4621 apud
1719 4552 1993 4607 Theudor.
2026 4550 2052 4606 ὁ
2086 4553 2241 4624 003.6;

633 4624 683 4677 ἑν
715 4632 777 4698 τῇ
801 4629 958 4700 σοφίᾳ
985 4626 1169 4700 αὐτῷ,
1195 4623 1520 4700 u_ti_Lu_eif_er
1546 4666 1560 4689 ,
1592 4625 1684 4700 ιιιιί
1713 4639 1838 4700 cum
1872 4624 2038 4700 Gypr.
2085 4623 2179 4700 lib:
2208 4623 2242 4677 5

635 4695 838 4748 testim.
876 4695 1158 4749 convenit.
1202 4695 1540 4751 Sabatierius
1576 4696 1732 4749 affert
1763 4695 1999 4750 Luciferi
2038 4695 2244 4750 versio-

633 4780 756 4821 nem
788 4769 839 4820 in
869 4766 1072 4822 Jerem.
1105 4782 1228 4834 eap.
1255 4782 1330 4830 ts,
1355 4767 1462 4832 '25;
1492 4769 1728 4837 legitque
1755 4783 1898 4822 vers.
1924 4768 1997 4822 25
2022 4784 2034 4820 :
2062 4777 2108 4820 et
2142 4784 2242 4820 non

668 4839 881 4892 (orietur
912 4839 1064 4909 [ortis
1100 4839 1154 4891 in
1183 4839 1490 4908 fortitudine
1528 4855 1624 4892 sua
1650 4881 1664 4902 ,
1705 4856 1797 4893 nec
1823 4882 1835 4902 ,
1873 4849 1980 4894 etc.
2035 4849 2096 4892 ut
2127 4839 2241 4907 ipsc

678 4911 845 4966 uciler
885 4911 1026 4965 intra
1071 4911 1164 4964 lib.
1195 4910 1230 4964 “2
1275 4926 1371 4980 pro
1401 4911 1460 4966 S.
1493 4911 1832 4974 Athanasio;
1891 4910 1943 4964 in
1978 4927 2028 4965 ν.
2061 4919 2240 4964 autem

629 4979 721 5048 24,
759 4983 908 5037 Vers.
944 4982 1073 5036 Aut.
1099 4981 1323 5055 exhibet
1369 4999 1433 5038 ex
1467 4985 1632 5055 Cypr.
1687 4983 1780 5037 lib.
1829 4983 1884 5036 ὅ.
1936 4983 2137 5037 te5titn.
2189 4984 2239 5035 in

628 5069 732 5122 qua
748 5055 1130 5109 lmedillernnt
1152 5070 1181 5107 a
1197 5054 1369 5108 Lucif.
1395 5073 1406 5110 :
1428 5054 1724 5125 Intelligere
1745 5065 1791 5108 et
1817 5071 1984 5116 nosse,
2000 5055 2241 5122 quoniam

629 5140 721 5194 ego
743 5144 858 5179 sum
879 5126 1154 5190 Dominus,
1170 5127 1257 5196 qui
1283 5127 1420 5196 facio
1439 5126 1866 5192 misericordiam,
1887 5138 1935 5180 et
1956 5126 2239 5199 judicium,

629 5206 675 5250 et
696 5199 964 5268 justitiam
995 5214 1148 5268 super
1177 5209 1386 5252 terram.

706 5281 728 5307 ε
764 5270 1059 5335 Postquam
1090 5267 1353 5339 Georgius
1383 5269 1813 5326 Alexandrinam
1847 5271 2034 5325 sedem
2063 5272 2112 5326 vi
2146 5288 2240 5326 oc-

637 5343 886 5410 cupavit.
920 5343 969 5396 id
1004 5341 1185 5411 egisse
1223 5344 1440 5398 videtur
1465 5343 1852 5404 Constantius,
1884 5353 1942 5396 ut
1981 5344 2233 5398 catholici

629 5414 872 5482 episcOpi
921 5415 1042 5481 ejus
1091 5412 1304 5468 facinus
1358 5417 1826 5482 comprobarent;
1878 5414 1973 5469 sed
2034 5416 2236 5470 restitit

627 5498 751 5538 cum
785 5489 999 5541 eteteris
1031 5485 1246 5540 Lucifer
1277 5503 1290 5549 ;
1323 5487 1572 5554 ideoque,
1608 5489 1733 5542 hinc
1759 5487 2107 5554 Conjtcimtts.
2135 5489 2236 5540 du-

629 5558 759 5612 riori
803 5557 1000 5613 exsilio
1029 5557 1318 5612 multatum
1350 5557 1517 5613 fuisse
1545 5601 1557 5614 .
1607 5570 1663 5614 et
1691 5558 1946 5613 Eudoxio
1976 5559 2234 5614 traditum

629 5627 990 5684 (.‘ermanicize
1015 5630 1306 5699 episcOpo.
1341 5643 1395 5686 et
1428 5630 1843 5686 Catholicorum
1871 5630 2014 5684 hosti
2062 5631 2236 5685 infen-

627 5701 884 5766 sissimo;
938 5716 1045 5772 qua
1091 5713 1380 5772 propterea
1431 5703 1482 5759 in
1537 5704 1671 5758 urbe
1715 5704 1950 5758 alterum
1984 5703 2235 5759 exsilium

630 5785 927 5845 perpessus
957 5774 1046 5827 sit.

686 5840 919 5900 (νει-8.
950 5855 1063 5899 ant.
1090 5846 1172 5899 Ad
1201 5844 1326 5901 Heli
1524 5847 1778 5903 Revelans
1823 5846 2077 5902 revelatus
2121 5867 2238 5903 sum

627 5913 694 5990 ad
709 5916 924 5990 domum
941 5919 1108 5990 putris
1138 5919 1234 5983 tui,
1261 5936 1377 5972 cum
1407 5930 1574 5975 essent
1601 5924 1653 5973 in
1691 5931 1828 5974 terra
1856 5919 2076 5990 (Egypti
2103 5922 2236 5975 servi

628 5986 678 6036 in
702 5987 854 6042 domo
884 5987 1199 6043 Pharaonis.
1231 5991 1294 6045 Et
1325 5991 1456 6059 elegi
1477 5991 1684 6045 domum
1715 5993 1878 6062 patris
1920 5986 2080 6047 (nica;
2122 6011 2232 6046 out--

2353 3531 2538 3594 bibus,
2570 3546 2708 3600 quos
2740 3529 3014 3585 ordinavit
3044 3528 3178 3584 ille?
3224 3528 3306 3582 An
3353 3525 3568 3596 negabis
3611 3535 3657 3578 te
3692 3523 3916 3578 exhono-

2353 3640 2506 3681 rasse
2529 3624 2842 3688 Dominum,
2891 3622 3108 3694 quando
3156 3629 3345 3678 contra
3381 3619 3582 3674 sancita
3610 3617 3768 3688 ipsius
3795 3628 3912 3669 coe-

2343 3831 2491 3885 nibus
2544 3830 2758 3899 sceptris
2804 3824 2971 3882 Israel
3022 3825 3147 3880 mihi
3197 3822 3475 3899 sacerdotio
3526 3819 3665 3888 fungi
3850 3816 3914 3868 ad

2343 3905 2506 3956 altare
2535 3889 2706 3955 meum
2881 3909 2927 3972 et
2959 3907 3242 3972 portarent,
3269 3909 3373 3972 etc.
3422 3893 3609 3972 V__ert_nn
3637 3889 3916 3972 ex_lliero—

2345 3988 2513 4043 nymo
2561 3975 2611 4026 in
2658 3972 2818 4040 epist.
2866 3965 3282 4043 adi'Marcellam
3327 3965 3564 4043 Luciferi
3592 3965 3757 4017 versio
3799 3976 3916 4043 sup:

2345 4033 2540 4115 plenda
2572 4033 2794 4098 omnino
2825 4051 2908 4096 est
2936 4042 3030 4107 ita,
3065 4035 3619 4115 utusensumefftc'iat
3660 4053 3682 4115 τ’
3714 4033 3913 4115 etnelegi

2343 4105 2554 4171 domum
2609 4117 2770 4183 patris
2807 4115 2881 4166 tui
2911 4131 2974 4167 ea:
3003 4105 3237 4166 omnibus
3265 4109 3488 4185 tribubus
3525 4105 3832 4185 Israel_mil_ti
3865 4121 3913 4155 tu

2343 4176 2719 4250 sacerdotium,
2763 4197 2869 4241 etc.
2932 4185 3188 4238 Tribubus
3243 4198 3307 4236 ex
3359 4179 3541 4235 Gra-co
3583 4176 3711 4246 apud
3757 4176 3912 4230 alium

2347 4261 2707 4326 lttterpretem
2738 4259 2788 4312 in
2817 4258 3042 4324 llexapl.
3078 4259 3132 4310 ὲκ
3157 4262 3336 4328 πασῶν
3361 4260 3457 4306 τῶν
3479 4251 3653 4328 tritam.
3721 4319 3729 4328 _
3794 4318 3856 4328 Μ

2423 4343 2444 4369 θ
2475 4318 2628 4386 Vers.
2666 4333 2792 4384 Ant.
2827 4318 3000 4382 domui
3159 4327 3330 4380 omnia
3357 4318 3607 4398 qute'sunt
3631 4319 3753 4389 ignis
3779 4318 3911 4398 ﬁlio-

2347 4421 2463 4458 rum
2640 4401 2704 4456 Et
2734 4412 2789 4456 ut
2817 4401 2944 4471 quid
3117 4408 3165 4452 et
3203 4398 3254 4450 in
3296 4395 3599 4462 sacriﬁcium
3638 4395 3912 4471 {neutr-rion-

2349 4477 2566 4544 pudettti
2740 4485 2786 4529 et
2827 4461 3130 4542 qloriﬁcasti
3165 4507 3276 4544 ..._..
3319 4482 3470 4544 super
3495 4479 3572 4518 me
3595 4506 3607 4526 ,
3639 4461 3912 4544 benedicere

2351 4533 2609 4618 primitias
2637 4548 2803 4600 omnis
2827 4533 3080 4613 sacriﬁcii
3108 4544 3159 4618 in
3205 4533 3912 4618 Israel'innconspectunnteo?

2353 4601 2515 4675 ilebr.
2547 4601 2675 4673 vero
2700 4618 2864 4671 habet
2893 4601 3179 4687 honor-usti.
3212 4615 3284 4687 uti
3317 4609 3561 4687 Lucifer;
3590 4601 3710 4687 etin
3736 4601 3912 4687 G'ra-co

2348 4674 2511 4746 deest
2535 4690 2855 4762 prtepositio
2883 4689 2935 4742 in
2965 4685 3170 4742 nomini
3201 4682 3390 4746 Israel,
3423 4680 3558 4749 quod
3586 4677 3741 4732 etiam
3766 4674 3914 4729 Luci-

2349 4765 2662 4890 ίεΐίδῗξὲιὶιειί
2695 4845 2810 4888 ant.
2869 4831 3118 4886 Dominus
3172 4827 3304 4880 Dens
3480 4821 3750 4876 transibunt
3783 4828 3913 4871 ....et

2350 4924 2485 4961 nunc
2539 4908 2660 4960 dicit
2693 4904 2948 4959 Dominus
2987 4919 3004 4955 :
3047 4899 3386 4968 Nequaquam
3412 4913 3431 4951 :
3468 4897 3554 4949 sed
3590 4891 3910 4968 gloriﬁcantes-

2350 4996 2429 5032 me
2478 4979 2817 5050 glori/icabo,
2870 4987 2916 5029 et
2971 4961 3300 5050 σιμῇ-δῄωνηῇ
3349 4985 3465 5050 me”,
3521 4961 3790 5050 spei-neutr.
3858 4961 3910 5015 ltt

2345 5035 2539 5106 Graeco
2581 5035 2905 5120 nequaquam
2956 5035 3080 5098 ini/ti
3125 5035 3243 5100 cum
3280 5039 3452 5097 Lucif.
3501 5048 3554 5092 et
3593 5035 3908 5090 διελεύσεται.

2347 5124 2870 5257 Παέιῖέιίξξιιτιιιδὲὺὴ,
2905 5202 2962 5245 ιιι
2991 5189 3124 5246 dicit
3155 5188 3351 5242 deleant
3386 5197 3482 5254 pro
3507 5178 3691 5234 delebo.
3729 5175 3828 5231 Til.
3859 5184 3909 5230 et

2345 5266 2649 5395 magis“:
2671 5339 2797 5393 Ant.
2825 5334 3178 5393 exterminabo
3329 5339 3377 5384 et
3421 5339 3582 5380 semen
3618 5325 3788 5395 domus
3823 5338 3908 5395 pa—

2339 5413 2433 5466 tris
2463 5392 2683 5466 trii-LV...
2707 5392 2881 5464 senior
3073 5403 3140 5458 Et
3169 5403 3332 5457 uirum
3369 5394 3701 5452 exterminubo
3729 5393 3819 5446 tibi
3848 5392 3905 5443 ab

2340 5485 2498 5537 altari
2525 5500 2636 5537 meo
2802 5494 2847 5536 et
2871 5481 3068 5549 deﬂuat
3216 5484 3268 5549 et
3293 5473 3451 5526 omnis
3486 5471 3567 5549 qui
3589 5472 3905 5549 superauerit

2341 5555 2523 5608 domus
2557 5566 2659 5610 tute
2811 5570 2914 5606 una
2935 5541 3037 5615 die,
3068 5558 3173 5602 etc.
3205 5545 3376 5601 Grmc.
3407 5541 3713 5618 πρεσϐύτης,
3743 5551 3900 5598 δέκα.

2341 5637 2398 5684 ει
2503 5635 2596 5701 μιᾷ
2623 5630 2812 5703 ἡμέρᾳζ
2843 5625 2917 5703 u_l_i
2943 5620 3184 5703 liticiler,
3203 5621 3384 5703 iit-uno
3409 5620 3505 5667 die.

2426 5699 2439 5736 ί
2478 5687 2927 5768 ὑιδρειίάὰηιιίὺί.
2960 5691 3319 5768 h’atieuuti‘iu
3347 5687 3552 5741 Graeco.

2423 5773 2437 5823 ι
2478 5751 2924 5826 (ἱίὰῖιιὸηυίτοναηι
2948 5765 3117 5820 demit
3144 5762 3345 5825 Latin.,
3372 5772 3488 5828 qua:
3515 5753 3674 5810 verba
3718 5751 3894 5807 desunt

2347 5854 2403 5900 et
2437 5845 2488 5898 in
2529 5843 2737 5900 Graecis
2772 5839 2960 5913 Bibliis
2988 5848 3049 5913 et_
3070 5835 3295 5913 Latinis.
3332 5900 3364 5913 Α
3412 5902 3422 5913 ⁸
3455 5901 3466 5913 .
3615 5900 3625 5909 _

2417 5915 2444 5953 ιε
2475 5915 2640 5968 Paulo
2667 5928 2832 5981 supra
2863 5910 3004 5968 idem
3031 5907 3243 5964 Lucifer
3276 5921 3288 5956 :
3325 5900 3422 5966 Qui
3447 5899 3776 5968 honori/irent
3804 5907 3888 5946 me.

2344 5986 2694 6050 honori/inibo
2723 6002 2808 6040 eos
