5220 6584
288 365 370 420 201

649 469 879 530 CODEX
915 470 1447 534 VERCELLENSIS.

295 571 652 634 persequentur
1086 564 1291 634 nebris,
1321 563 1484 620 dicite

295 633 376 689 vos
398 633 655 689 incivita-
1087 634 1140 688 in
1173 633 1371 688 lumine
1401 651 1415 687 :
1448 643 1503 690 et

297 714 387 759 tem
411 705 583 770 istam,
612 703 695 757 fu-
1086 704 1227 772 quod
1255 703 1309 757 in
1339 719 1469 759 aure

294 774 386 844 gite
403 774 452 844 in
477 774 655 844 aliam.
685 773 765 844 (a)
1085 772 1332 844 audistis,
1363 788 1513 842 prae-

294 841 427 910 ρυοά
449 842 492 896 εἰ
518 843 572 897 in
600 841 751 899 alte?
1087 842 1263 912 dicate
1286 841 1450 912 super

292 928 388 967 ram
419 927 732 981 persequen-
1086 911 1178 968 28.
1219 911 1376 968 tecta.
1404 913 1472 967 Et
1492 913 1628 970 noli-

293 994 367 1037 tur
388 997 496 1048 vos,
521 982 689 1053 fugite
722 1023 725 1028 ς
1090 993 1143 1037 te
1169 983 1358 1038 timere
1386 997 1502 1050 eos,

292 1053 341 1122 in
361 1053 527 1106 aliam.
557 1052 606 1122 f
1088 1053 1180 1121 qui
1210 1053 1463 1107 occidunt

292 1121 439 1177 Amen
465 1121 590 1177 dico
612 1122 783 1189 vobis,
1088 1136 1319 1191 corpus;
1350 1122 1584 1177 animam

293 1207 382 1247 non
407 1207 644 1247 consum-
1089 1200 1266 1246 autem
1291 1207 1398 1246 non
1424 1206 1545 1261 p08-

292 1264 482 1317 mabitis
501 1263 648 1318 -civi-
1092 1271 1218 1317 sunt
1243 1262 1454 1317 occide-

293 1342 410 1386 tates
424 1332 666 1398 Istrahel,
1091 1346 1150 1385 re
1175 1350 1188 1384 :
1221 1331 1317 1385 sed
1347 1331 1524 1401 potius

291 1401 442 1458 donec
467 1403 647 1458 veniat

1089 1416 1213 1456 eum
1242 1401 1457 1468 timete,

293 1473 413 1526 ﬁlius
439 1472 690 1526 hominis.

1091 1471 1180 1540 qui
1210 1479 1388 1539 potest
1426 1509 1440 1524 .
1485 1507 1499 1523 .
1543 1512 1556 1524 .
1604 1509 1616 1524 .

289 1541 368 1597 21.
403 1542 515 1597 Νοη
539 1551 622 1596 est
646 1539 881 1612 discipu-
1095 1539 1237 1595 mam
1268 1548 1351 1612 ct.
1389 1580 1402 1593 .
1445 1580 1484 1612 ,ί
1508 1579 1521 1593 .

291 1612 363 1666 lus
389 1626 540 1681 supra
570 1625 688 1665 ma-
786 1611 799 1612 ί
1018 1636 1024 1642 -
1096 1624 1196 1680 pus
1224 1611 1450 1680 perdere
1475 1611 1526 1665 in

289 1683 520 1752 gistrum,
543 1695 720 1749 neque
1094 1681 1418 1804 gehennam.

290 1766 462 1804 servus
491 1765 652 1804 super
1131 1751 1185 1804 9.
1225 1750 1411 1804 Nonne

290 1750 462 1806 servus
491 1765 652 1820 super
733 1818 740 1820 _
799 1818 812 1820 _
1095 1750 1185 1805 29.
1225 1750 1411 1806 Nonne
1436 1750 1542 1804 duo
1571 1762 1692 1817 pas-

287 1821 373 1878 25.
393 1818 661 1877 dominum
678 1818 775 1890 (ὁ).
791 1818 934 1878 Satis
945 1826 1029 1876 est
1097 1835 1247 1876 seres
1269 1835 1392 1876 asse
1413 1835 1506 1875 ve-

290 1892 560 1962 discipulo,
591 1901 653 1946 ut
678 1892 751 1946 sit
1103 1930 1117 1944 .
1153 1929 1170 1945 .
1203 1928 1220 1946 .
1250 1898 1309 1945 nt
1336 1908 1350 1945 :
1381 1899 1437 1945 et
1461 1903 1599 1945 unus

289 1961 430 2032 sicut;
445 1963 646 2032 magis-

289 2038 367 2086 ter
390 2031 616 2101 ejus;’eﬁt
637 2046 753 2086 ser-

287 2115 379 2155 vus
406 2100 542 2156 Sicut
567 2100 821 2158 dominus

285 2171 412 2240 ejus.
437 2172 493 2227 Si
517 2186 610 2239 pa-

287 2250 414 2295 trem
447 2240 644 2294 famili-

289 2325 346 2364 as
371 2310 645 2364 Beelzebul

1107 1962 1648 2016 .....isnonca-

1105 2071 1119 2085 .
1154 2071 1168 2084 .
1205 2070 1218 2084 .
1254 2045 1454 2100 .super
1485 2039 1595 2086 ter-

1103 2139 1117 2153 .
1156 2140 1168 2153 .
1204 2115 1275 2154 .m
1307 2101 1425 2155 sine
1453 2115 1551 2154 vo-

1105 2209 1117 2222 .
1155 2209 1168 2223 .
1202 2210 1215 2225 .
1249 2211 1262 2223 .
1291 2179 1397 2225 tate
1425 2170 1598 2223 Patris

1099 2240 1190 2294 30.
1231 2276 1247 2292 .
1283 2279 1299 2294 .
1337 2282 1348 2291 .
1385 2277 1400 2291 .
1427 2238 1626 2308 ωηο)
1652 2234 1747 2291 sed
1771 2243 1828 2292 et

1100 2308 1277 2377 capilli
1299 2308 1496 2377 capitis

286 2385 643 2433 vocaverunt:
1105 2415 1119 2429 .
1155 2376 1179 2429 .“
1203 2414 1218 2430 .
1252 2417 1268 2431 .
1294 2376 1361 2431 tri
1381 2376 1422 2446 -ι-
1453 2390 1638 2431 nume-

326 2456 481 2502 uanto
510 2461 630 2517 mag
673 2483 688 2499 .
731 2482 747 2499 .
793 2485 806 2498 .
1106 2484 1120 2498 .
1154 2486 1169 2500 .
1201 2485 1214 2499 .
1252 2487 1266 2500 .
1299 2483 1314 2498 .
1343 2454 1471 2501 sunt
1494 2461 1612 2501 om-

325 2525 492 2573 omest
529 2556 543 2569 .
591 2557 606 2571 .
649 2555 664 2569 .
705 2530 767 2571 os
1102 2515 1191 2571 51.
1233 2529 1354 2571 nes.
1385 2515 1562 2572 Nolite
1587 2530 1680 2571 er-

284 2588 370 2644 26.
410 2587 554 2658 ejus?
584 2585 662 2642 Ne
689 2599 818 2657 ergo
1108 2624 1122 2639 .
1158 2624 1172 2638 .
1205 2624 1220 2638 .
1257 2624 1270 2636 .
1307 2624 1324 2639 .
1354 2623 1367 2640 .
1390 2600 1539 2658 mere
1567 2603 1582 2639 :
1611 2584 1748 2640 mul-

289 2655 564 2713 timue'ritis
594 2671 710 2711 eos.
756 2655 773 2657 ⁷
1103 2670 1119 2688 ο
1152 2694 1166 2709 .
1202 2693 1218 2709 .
1253 2694 1268 2710 .
1301 2693 1315 2708 .
1339 2655 1534 2709 melio-

285 2727 424 2782 Niltil
453 2729 594 2782 enim
621 2741 785 2798 oper-j
1103 2763 1119 2780 .
1152 2765 1165 2778 .
1198 2761 1214 2778 .
1255 2767 1271 2780 .
1308 2766 1322 2778 .
1359 2762 1374 2778 .
1408 2760 1423 2777 .
1457 2736 1644 2794 passe-

289 2796 694 2866 tumest,quod
781 2796 785 2798 ⁷
1106 2835 1120 2851 .
1199 2833 1215 2848 .
1484 2834 1497 2848 .
1581 2834 1596 2847 .

287 2880 769 2922 nonreve....
1107 2903 1593 2920 ......

289 2934 658 2999 bitur;oceul-
1107 2953 1121 2966 ο
1202 2973 1217 2988 .
1295 2974 1309 2987 .
1391 2974 1406 2990 .
1483 2974 1497 2988 .
1579 2974 1593 2987 .

288 3004 817 3074 tum,quodn....
1109 3043 1124 3059 .
1201 3043 1216 3058 .
1297 3045 1310 3057 .
1391 3044 1406 3060 .
1485 3043 1499 3058 .
1580 3043 1596 3058 .

286 3074 374 3127 27.
415 3077 635 3131 scietur.
663 3074 816 3144 Quod
1109 3113 1123 3129 .
1205 3115 1221 3132 .
1299 3115 1315 3130 .
1395 3117 1410 3131 .
1489 3113 1504 3130 .
1580 3113 1595 3130 .

288 3145 752 3203 dicovobis...
1108 3182 1123 3200 .
1204 3183 1220 3198 .
1299 3183 1315 3198 .
1393 3182 1410 3198 .
1489 3186 1501 3198 .
1583 3183 1596 3199 .

709 3257 937 3316 CODEX
958 3254 1435 3314 CORBEIENSIS.

288 3359 465 3408 autem
505 3361 892 3422 persequentur
931 3365 1026 3422 vos
1069 3351 1121 3404 in
1163 3350 1382 3405 civitate
1419 3352 1555 3415 ista,
1601 3350 1763 3422 fugite
1804 3349 1860 3405 in

289 3366 465 3408 autem
505 3366 892 3476 perseﬂuentur
931 3366 1026 3405 vos
1069 3367 1121 3404 tn
1163 3366 1382 3405 ctvttate
1419 3366 1555 3415 tSla,
1601 3366 1763 3420 tugtte
1804 3366 1860 3405 tn

289 3422 466 3477 aliam.
497 3431 523 3460 α
547 3423 664 3489 Quo
741 3422 784 3476 si
830 3422 884 3491 in
921 3421 1082 3474 aliam
1114 3429 1504 3489 persequentur
1539 3421 1863 3491 vos,fngite

292 3493 346 3546 in
373 3495 614 3547 alteram.
646 3495 814 3547 Amen
845 3490 965 3545 dico
987 3492 1162 3554 vobis,
1195 3506 1302 3544 non
1327 3489 1774 3545 consummabilis
1788 3490 1864 3544 ci-

289 3563 484 3617 vitates
522 3563 716 3626 lsrael,
744 3560 916 3616 donec
943 3561 1122 3614 veniat
1165 3559 1304 3614 [ilius
1349 3562 1601 3614 hominis.
1629 3560 1743 3612 Non
1781 3567 1865 3613 est

290 3631 589 3701 discipulus
619 3632 1269 3701 supermagistrum,nec
1295 3643 1481 3684 servus
1507 3644 1665 3699 super
1695 3630 1866 3684 domi-

291 3717 421 3754 num
441 3699 622 3754 suum.
657 3703 672 3731 ¹
699 3699 915 3754 Sufﬁcit
941 3700 1225 3768 discipulo,
1259 3711 1315 3754 ut
1353 3701 1422 3755 sit
1451 3701 1590 3755 sicut
1616 3700 1868 3768 magister

290 3771 521 3840 ejus;_et
545 3771 770 3840 ‘_servo,
799 3779 857 3840 ut
887 3771 956 3821 sit
981 3771 1119 3823 sicut
1139 3769 1390 3825 dominus
1414 3771 1547 3840 ejus.
1579 3770 1634 3824 Si
1663 3780 1866 3840 patrem

292 3838 524 3909 familias
568 3838 848 3909 Beelzebul
889 3850 1214 3893 vocaverunt
1253 3856 1268 3909 γε
1317 3838 1517 3908 quanto
1565 3841 1733 3909 magis
1774 3839 1870 3893 do-

293 3908 552 3962 mesticos
579 3907 727 3977 eius?
755 3904 833 3961 Ne
857 3922 984 3977 ergo
1006 3908 1293 3962 timueritis
1313 3904 1425 3963 eos.
1461 3909 1603 3964 Nihil
1624 3904 1706 3963 est
1726 3910 1869 3964 enim

295 3986 546 4047 opertum
569 4018 584 4043 ,
611 3977 762 4048 quod
802 3992 905 4032 non
939 3977 959 4007 ³
989 3977 1283 4048 reveletur;
1316 3989 1368 4034 et
1398 3979 1692 4044 occultum,
1728 3977 1872 4048 quod

293 4046 407 4102 neu
423 4046 843 4103 ‘manifestetur.
871 4047 1022 4115 Quod
1044 4047 1164 4102 dico
1189 4050 1340 4104 vobis
1363 4049 1416 4103 in
1441 4046 1873 4115 tenebris,dicite

294 4120 353 4174 in
396 4118 593 4174 lumine
634 4136 647 4171 :
693 4127 755 4190 et
791 4118 953 4190 quod
984 4120 1036 4172 in
1081 4133 1212 4190 aure
1249 4120 1270 4150 ⁵
1315 4120 1528 4184 auditis,
1571 4120 1874 4190 praedicate

295 4203 466 4257 super
519 4200 672 4245 tecta.
720 4187 822 4244 Et‘
853 4189 1017 4244 nolite
1074 4187 1264 4244 timere
1314 4205 1446 4254 eos,
1492 4187 1586 4258 qui
1626 4187 1875 4258 occidunt

296 4255 537 4332 corpus;
623 4260 851 4314 animam
934 4268 1110 4332 autem
1162 4273 1305 4323 non
1373 4255 1616 4332 possunt
1656 4255 1867 4332 occide-

296 4344 362 4384 re
399 4347 414 4382 :
447 4331 466 4360 ⁶
506 4331 685 4385 timete
709 4343 837 4397 ergo
875 4329 1040 4397 magis
1080 4340 1236 4397 eum,
1297 4327 1383 4394 qui
1432 4331 1609 4397 potest
1656 4331 1709 4375 et
1761 4327 1874 4397 ani-

297 4414 448 4453 mam
499 4408 552 4454 et
578 4390 1036 4468 corptts'perde're
1078 4396 1130 4446 in
1163 4390 1483 4468 gehennam.
1532 4390 1718 4445 Nonne
1761 4390 1875 4468 duo

297 4484 558 4537 passeres
595 4459 712 4523 asse
746 4459 1011 4519 vaeneunt
1036 4473 1131 4537 :_et
1154 4477 1290 4537 unus
1316 4478 1382 4517 ex
1408 4463 1512 4537 illis
1545 4475 1648 4537 non
1680 4459 1870 4537 cadet"

299 4530 358 4592 in
391 4549 585 4593 terram
615 4540 730 4594 sine
759 4537 1029 4590 voluntate
1057 4532 1228 4587 Patris
1259 4533 1456 4599 vestri,
1499 4532 1589 4599 qui
1620 4533 1670 4586 in
1707 4530 1871 4585 coelis

299 4609 434 4662 est?
459 4608 551 4664 sed
577 4618 630 4662 et
651 4607 827 4676 capilli
853 4605 1042 4676 capitis
1064 4618 1252 4658 omnes
1268 4604 1571 4676 8rt'tumeratt
1594 4613 1735 4656 sunt.
1761 4600 1867 4676 No-

301 4678 409 4730 lite
435 4693 563 4746 ergo
589 4671 777 4733 timere
800 4694 814 4729 :
836 4679 856 4710 ο
884 4671 1065 4729 multis
1106 4674 1409 4746 passeribus
1448 4674 1699 4746 meliores
1738 4671 1871 4746 estis

300 4760 430 4800 vos.
458 4742 640 4803 Omnis
666 4761 794 4817 ergo
815 4749 904 4817 qui
919 4760 1004 4802 me
1020 4743 1297 4799 confessus
1323 4743 1484 4798 fuerit
1503 4743 1545 4774 ¹⁰
1572 4758 1754 4799 coram
1776 4742 1873 4797 ho-

1199 357 1644 432 EVANGELIUM
1681 357 2045 420 SECUNDUM
2085 360 2514 419 MATTIIAZUM.

3389 365 3498 422 202

2352 475 2574 532 CODEX
2604 476 3053 535 VERONENSIS.

1936 575 2322 637 persequentur
2751 570 2834 622 his
2863 570 2912 623 in
2947 569 3182 625 tenebris
3201 607 3216 632 ,

1935 651 2029 690 vos
2059 639 2109 691 in
2142 638 2298 692 istam

1934 707 2203 762 civitatem
2227 747 2242 773 ,
2271 708 2354 762 fu-

1936 777 2043 850 gite
2072 777 2124 850 in
2151 777 2341 850 aliam.
2375 777 2450 850 (a)

1937 848 2088 912 Quod
2119 847 2164 902 si
2191 848 2246 902 in

1937 916 2097 971 aliam
2123 931 2449 990 persequen-

1941 995 2024 1057 tur
2044 999 2166 1050 vos,
2195 988 2358 1057 fugite

1939 1055 1994 1127 i_n
2022 1057 2200 1127 aliam.
2234 1055 2275 1127 ἦ

2750 640 2912 694 dicite
2942 640 2996 694 in
3028 640 3229 695 lumine
3256 649 3270 690 :

2750 719 2802 762 et
2827 709 2972 778 quod
2998 712 3052 764 in
3077 722 3210 765 aure

2751 779 2947 850 auditis
2965 821 2978 844 ,
3011 780 3320 850 praedicate

2754 849 2842 902 28.
2885 846 3048 916 super
3076 859 3237 907 tecta.
3268 846 3335 902 Et

2756 918 2922 972 nolite
2954 920 3146 974 timere

2756 1001 2850 1043 cos
2865 1032 2878 1054 ,
2912 987 3001 1058 qui
3028 990 3169 1043 occi-

2758 1059 2890 1112 dunt
2915 1071 3109 1126 corpus
3128 1099 3143 1123 ,

1941 1125 2111 1182 Amen
2140 1125 2262 1182 dico
2298 1141 2302 1144 ·
2759 1130 2989 1182 animam
3014 1125 3109 1180 au-

1939 1196 2125 1263 vobis,
2153 1212 2256 1252 non
2279 1212 2410 1254 con-
2762 1209 2868 1251 tem
2900 1210 3004 1251 non
3037 1212 3158 1266 pos-

1941 1267 2278 1323 summabitls
2765 1276 2889 1321 sttnt
2916 1268 3160 1324 occidere
3191 1288 3204 1323 :

1941 1335 2190 1405 civitates
2217 1336 2375 1393 lstra-
2766 1336 2859 1391 sed
2890 1337 3066 1405 potius

1943 1404 2029 1460 hel
2046 1446 2061 1472 ,
2090 1405 2260 1460 donec
2286 1423 2376 1462 ve-
2768 1404 3131 1473 eum’timetc,

1945 1476 2058 1528 niat
2086 1474 2226 1529 filius
2257 1477 2354 1530 ho-

1945 1543 2122 1599 minis.

1944 1615 2036 1669 24.
2077 1613 2190 1668 Non
2222 1623 2305 1670 est
2334 1616 2418 1671 di-

1945 1684 2182 1753 scipulus
2216 1699 2378 1755 super

1951 1755 2262 1824 magistrum
2281 1795 2294 1821 ,
2329 1771 2418 1811 ne-

1949 1837 2057 1893 que
2082 1838 2270 1880 servus
2299 1841 2392 1881 su-

1989 1909 2049 1980 ετ
2076 1893 2350 1980 meum
2371 1895 2481 1980 ib)-

1991 1963 2044 2019 5.
2082 1962 2224 2020 Satis
2249 1975 2332 2020 est
2352 1962 2429 2022 di-

1952 2033 2160 2101 scipulo
2186 2075 2199 2099 ,
2231 2045 2288 2089 ut
2316 2038 2384 2091 sit

1952 2102 2092 2174 sicut
2119 2106 2374 2174 magister

1952 2171 2069 2239 ejus
2091 2189 2106 2236 ;
2138 2183 2192 2226 et
2212 2171 2379 2229 servo
2403 2176 2543 2231 sicut

1953 2239 2202 2310 dominus
2229 2243 2364 2310 ejus.

1952 2309 2009 2364 Si
2042 2309 2268 2378 patrem
2291 2314 2372 2366 fa-

1955 2380 2134 2435 milias
2163 2381 2416 2439 Velzebul

1954 2450 2287 2524 vocaberunt
2313 2470 2326 2504 :
2358 2467 2531 2524 quan-

1957 2526 2021 2590 to
2043 2522 2212 2590 magis
2238 2522 2432 2578 dome-

1958 2588 2051 2643 26.
2091 2588 2258 2672 sticos
2283 2593 2443 2672 ejus?
2469 2592 2548 2648 Ne

1955 2673 2089 2728 ergo
2120 2663 2402 2716 timueritis

2766 1478 2857 1544 qui
2889 1487 3065 1544 potest
3093 1480 3209 1532 ani-

2770 1561 2912 1616 mam
2945 1555 2996 1600 et
3020 1561 3219 1616 corpus

2808 1614 2997 1670 erdere
3019 1617 3070 1669 in
3098 1614 3194 1686 ge-

2792 1698 3028 1738 tennam.

2771 1754 2861 1808 29.
2904 1754 3093 1811 Nonne
3120 1755 3228 1812 duo

2772 1838 3023 1894 passeres
3049 1840 3172 1882 asse

2774 1895 2999 1949 veniunt
3022 1913 3042 1956 :_
3065 1907 3119 1952 et
3142 1912 3280 1954 unus

2777 1979 2843 2018 ex
2875 1965 2980 2020 illis
3005 1981 3110 2021 non

2777 2033 2922 2090 cadit
2951 2051 3114 2106 super
3147 2044 3255 2094 ter-

2778 2118 2893 2158 ram
2919 2106 3035 2160 sine
3069 2107 3258 2162 volun-

2780 2181 2891 2227 tate
2923 2174 3096 2229 Patris
3125 2191 3217 2231 ve-

2778 2245 2896 2313 stri,
2935 2246 3026 2313 qui
3058 2257 3143 2300 est
3165 2248 3217 2300 in

2783 2312 2873 2367 30.
2915 2312 3120 2385 caelis?
3148 2317 3219 2385 (c)
3241 2319 3336 2374 sed

2786 2390 2842 2436 et
2860 2384 3039 2454 capilli
3071 2389 3265 2454 capitis

2785 2456 2948 2506 vestri
2979 2453 3020 2522 -ι-
3047 2453 3314 2511 numerati

2785 2533 2910 2574 sunt
2940 2537 3147 2578 omnes.

2787 2590 2878 2643 51.
2919 2590 3096 2647 Nolite
3122 2609 3253 2659 ergo

2790 2660 2978 2715 timere
3010 2677 3023 2713 :
3053 2663 3226 2717 multo

1957 2741 2073 2781 eos.
2787 2743 2884 2782 vos
2904 2730 3164 2786 meliores

1959 2796 2104 2852 Nihil
2130 2797 2275 2870 enim
2297 2812 2456 2869 oper—
2790 2801 2921 2870 estis
2953 2815 3136 2870 passe-

1963 2875 2107 2933 tum,
2135 2869 2276 2936 quod
2306 2868 2414 2923 non
2446 2883 2533 2924 re—
2791 2868 2964 2922 ribus.

1963 2936 2230 2992 velabitur
2245 2980 2260 3005 ,
2293 2949 2347 2992 et
2377 2953 2469 2993 oc-

1964 3008 2167 3062 cultum
2189 3048 2205 3074 ,
2233 3008 2379 3078 quod

1965 3092 2072 3132 non
2107 3081 2328 3134 scietur.
2795 3093 2882 3133 me
2907 3092 3090 3134 coram
3121 3082 3221 3137 bo-

1965 3146 2057 3200 27.
2093 3149 2247 3216 Quod
2279 3149 2401 3204 dico
2425 3163 2520 3205 νο·-
2793 3149 3062 3218 minibus,
3094 3155 3264 3208 confi-

2426 3263 2663 3320 CODEX
2695 3261 3090 3321 BRIXIANUS.

1961 3363 2196 3424 quentur
2214 3369 2310 3410 vos
2332 3356 2385 3409 in
2410 3355 2628 3410 civitate
2649 3354 2676 3391 ³)
2702 3355 2881 3424 istam.
2913 3355 3076 3424 fugite
3096 3358 3151 3411 in
3176 3358 3355 3412 aliam.
3376 3360 3543 3416 Amen

1962 3423 2085 3479 dico
2123 3426 2273 3479 vobis
2304 3441 2408 3480 non
2434 3423 2877 3480 consumtnabitis
2903 3423 3146 3483 civitates
3174 3428 3224 3483 ls
3248 3440 3268 3467 ε
3293 3432 3424 3485 ruet.
3450 3431 3546 3484 do—

1964 3509 2063 3548 nec
2090 3496 2269 3548 veniat
2302 3497 2444 3548 filius
2471 3497 2728 3549 hominis.

2035 3563 2151 3617 Non
2177 3572 2274 3636 est
2304 3565 2607 3636 discipulus
2644 3580 2807 3633 super
2845 3567 3178 3636 magistrum.
3225 3582 3322 3622 nec
3360 3583 3546 3624 servus

1966 3647 2128 3707 super
2172 3633 2446 3689 dominum
2485 3648 2660 3688 suum.
2691 3636 2906 3707 Sufficit
2932 3633 3196 3707 discipulo
3225 3648 3283 3691 ut
3312 3640 3381 3692 sit
3409 3642 3548 3693 sicut

1969 3703 2222 3775 magister
2237 3707 2360 3775 eius
2390 3715 2443 3759 et
2468 3719 2625 3756 servo
2651 3707 2789 3759 sicut
2813 3703 3227 3775 dominus-ejus.
3255 3709 3310 3761 Si
3340 3719 3543 3775 patrem

1967 3771 2203 3845 familias
2235 3774 2514 3830 Beelzcbttl
2548 3786 2871 3830 vocaverunt
2897 3788 3094 3845 quanto
3120 3771 3295 3844 inagis
3331 3771 3546 3830 domes-

1970 3843 2105 3898 ticos
2125 3843 2241 3914 ejlts
2261 3845 2337 3899 Ne
2362 3861 2490 3914 ergo
2515 3845 2801 3899 timueritis
2827 3843 2938 3900 eos.
2966 3847 3104 3899 Niltil
3130 3855 3209 3898 est
3224 3843 3368 3898 enim
3393 3858 3547 3912 oper-

1972 3922 2083 3966 tum
2123 3915 2268 3982 quod
2319 3913 2439 3969 non
2466 3916 2807 3968 revelabitur.
2849 3927 2903 3969 et
2942 3916 3209 3982 occultum
3254 3913 3395 3980 quod
3439 3928 3545 3968 non

1971 3981 2189 4037 scietur.
2210 3984 2363 4050 Quod
2389 3984 2509 4038 dico
2533 3984 2683 4038 vobis
2707 3986 2759 4037 in
2787 3985 3040 4037 tenebris.
3066 3981 3225 4034 dicite
3247 3983 3298 4034 in
3323 3983 3545 4039 lumine.

1973 4053 2191 4122 etquod
2238 4053 2292 4107 in
2320 4068 2448 4107 aure
2487 4053 2701 4107 auditis.
2745 4051 3051 4120 praedicate
3089 4066 3249 4118 super
3286 4061 3445 4107 teeta.
3488 4056 3551 4108 lit

1975 4121 2140 4176 nolite
2158 4123 2345 4176 timere
2373 4137 2466 4175 eos
2489 4125 2575 4190 qui
2598 4123 2849 4175 occidunt
2869 4135 3082 4187 corpus.
3113 4121 3347 4176 animant
3370 4131 3549 4180 autem

1974 4205 2078 4243 non
2109 4199 2330 4264 possunt
2359 4191 2623 4244 occidere.
2651 4191 2743 4243 scd
2776 4190 2952 4264 potius
2977 4191 3161 4264 timete
3190 4208 3312 4246 eum
3341 4195 3432 4264 qui
3457 4212 3550 4264 pu-

1975 4268 2077 4311 test
2107 4266 2160 4330 et
2185 4261 2415 4311 animam
2438 4269 2491 4311 et
2519 4269 2714 4326 corpus
2730 4259 2955 4327 perdere
2983 4262 3035 4314 in
3055 4259 3380 4330 gehennam:
3408 4259 3550 4320 Non-

1976 4340 2069 4397 ne~
2096 4325 2231 4380 duos
2263 4342 2513 4397 passeres
2543 4325 2664 4383 asse
2691 4325 2939 4384 veniunt.
2965 4340 3020 4384 et
3046 4325 3182 4386 unus
3214 4348 3279 4387 ex
3310 4335 3415 4389 illis
3446 4353 3551 4390 non

1975 4395 2132 4450 cadet
2188 4395 2351 4466 super
2395 4406 2614 4466 terram.
2668 4400 2784 4454 sine
2830 4400 3111 4456 voluntate
3149 4403 3322 4457 Patris
3367 4410 3550 4460 vestri.

1977 4468 2143 4540 vestri
2166 4477 2342 4524 autem
2372 4477 2426 4523 et
2454 4469 2634 4538 capilli
2658 4471 2848 4540 capitis
2873 4485 3061 4527 omnes
3100 4474 3366 4527 numerati
3405 4486 3549 4528 sunt.

1977 4536 2177 4610 Nolite”
2201 4553 2329 4610 ergo
2377 4536 2566 4595 timere
2596 4536 2779 4596 multis
2812 4544 3122 4610 passeribus
3146 4543 3395 4597 meliores
3421 4545 3552 4598 estis

1974 4623 2126 4682 vos.”
2145 4608 2332 4665 Omnis
2376 4627 2502 4680 ergo
2523 4613 2612 4682 qui
2635 4627 2721 4669 me
2751 4608 3028 4668 confessus
3051 4611 3212 4668 fuerit
3237 4626 3418 4667 coram
3448 4614 3543 4667 lto-

1978 4679 2234 4736 minibus.
2280 4683 2450 4738 conii-

2793 2938 2882 2993 52.
2905 2940 3112 3015 ’Omnis
3133 2956 3261 3013 ergo
3283 2945 3372 3015 qui

2793 3009 3137 3066 confitebitur

997 4845 1385 4904 VARIANTES
1411 4843 1790 4902 LECTIONES
1826 4843 2090 4906 CODlClS
2117 4846 2230 4904 MS.
2258 4847 2317 4903 S.
2358 4843 2851 4902 GERMANENSlS.

375 4941 397 4972 ι
434 4938 550 4988 satis
571 4942 649 4988 est

374 5002 401 5032 ³
437 5005 490 5049 et
509 5011 677 5051 servus
689 5001 814 5054 sicut

376 5062 404 5127 ξ
436 5059 748 5127 revelabitur,
765 5075 932 5127 neque

377 5121 404 5153 ⁸
437 5123 628 5172 sciatur.

377 5184 403 5215 ⁸
438 5183 705 5247 audieritis,

390 5371 423 5401 ⁸
460 5359 811 5419 Consentium
849 5361 1038 5420 Graeca
1081 5378 1234 5421 exem

2050 4939 2073 4970 ⁸
2103 4938 2190 4989 sed
2216 4940 2373 5000 potius
2395 4949 2507 4986 eum
2529 4939 2700 4986 timete

2047 5002 2069 5032 τ
2101 5012 2251 5061 super

2049 5061 2071 5093 ⁸
2102 5059 2393 5109 diuumerati

2049 5121 2255 5185 {multo
2279 5122 2513 5185 enim_vos
2533 5118 2768 5172 meliores
2791 5121 2910 5171 estis
2931 5121 3226 5185 passeribus.

1993 5187 2033 5238 ι’,
2055 5184 2099 5215 ιο
2123 5181 2288 5241 fuerit,
2313 5181 2582 5234 conﬁtebor
2599 5189 2650 5233 et
2675 5197 2772 5246 ego
2798 5197 2912 5234 eum

1636 5267 1999 5328 BLANCHINI
2032 5265 2261 5324 ΝΟΤᾸΕ.

1276 5363 1407 5421 lat-ia
1451 5380 1560 5421 non
1591 5379 1795 5436 pauca,
1841 5374 1896 5436 et
1977 5381 1983 5388 ε

390 5379 423 5401 ει
460 5379 811 5419 wnsenttunt
849 5379 1038 5420 uraeca
1081 5379 1234 5421 exem
1278 5379 1407 5421 tarta
1451 5380 1560 5421 non
1591 5379 1795 5436 pauca,
1841 5379 1894 5419 et

303 5433 580 5491 nonnulla
606 5430 791 5504 Latina
817 5434 1203 5504 vetustissima.
1235 5379 1366 5492 side
1395 5436 1569 5492 Lucae
1606 5434 1894 5504 Brugensis

303 5504 598 5562 variantes
619 5502 872 5561 lectiones
901 5501 1034 5559 Novi
1060 5503 1387 5563 Testamenti
1406 5509 1460 5564 in
1485 5522 1607 5577 cap.
1641 5523 1677 5561 ι
1705 5501 1893 5563 Matth.

2063 5360 2093 5402 δ
2119 5361 2293 5418 littera
2322 5377 2371 5415 m
2396 5369 2578 5416 notata
2617 5370 2702 5417 est
2727 5362 2887 5419 litura
2908 5362 2974 5420 ah
2999 5361 3348 5432 exscriptore.

2072 5444 2096 5474 ο
2133 5440 2394 5504 expuncta
2421 5440 2504 5488 est
2532 5433 2706 5488 littera
2732 5434 2789 5488 ά.

395 5619 480 5708 (α)
510 5619 725 5708 “9"”!
741 5658 758 5686 ν
778 5616 919 5708 1‘!“
939 5616 1140 5708 “31":
1152 5633 1320 5708 93931"
1332 5620 1462 5708 ιμίῆ
1497 5617 1676 5708 “fi?!”
1717 5618 1787 5708 ΕΞ
1818 5612 2247 5708 ίὲὲξὲοέξιξῖίῖξι
2267 5592 2456 5708 ἦξῖῗῗῗ

1508 5617 1676 5708 tum
1717 5618 1787 5708 Et
1818 5616 1890 5708 ita
1910 5614 2048 5708 3°2-
2077 5612 2247 5708 (ἰαθῇ
2267 5609 2632 5708 ίὶτὲἓξιὲλέἐν
2651 5609 3569 5708 immaniter

308 5693 537 5765 φεύγιτξ
566 5693 635 5751 τίς
658 5695 749 5765 vi?

861 5671 1101 5768 iamcum;
1114 5671 1485 5768 eodm—nitaris
1502 5671 1791 5768 μετ-(ο)
1825 5687 1957 5768 Post
1978 5684 2270 5750 Dominum,
2293 5671 2627 5736 deeststtum.
2647 5680 2716 5738 Et
2735 5682 2805 5740 ita
2828 5681 2881 5735 iu
2904 5671 3282 5737 Cod.Caut.—
3309 5683 3383 5768 (c)
3410 5671 3484 5744 Ita
3512 5671 3571 5746 ei,

311 5757 446 5844 ὸοᾶ
489 5760 641 5816 Cant.
669 5761 793 5818 me
825 5762 914 5816 καὶ
937 5759 990 5816 αἱ
1012 5766 1198 5836 τρῖχις
1215 5766 1307 5829 τῆς
1329 5760 1540 5833 uitali:
1577 5757 1739 5834 tipdiv,
1769 5757 1803 5817 δ
1825 5757 1988 5816 Luca.

845 5852 1119 5914 ΡΑτιοι..
1134 5846 1299 5932 _Xll.

3091 5846 3132 5905 7
