4292 6378
143 388 251 443 835

144 602 282 656 tum,
318 604 370 648 et
396 595 612 663 quidem
644 595 791 647 falsis
818 596 1137 651 criminibus
1169 615 1264 667 per
1294 609 1343 653 te
1371 615 1431 653 ac
1459 610 1578 654 tuos
1607 602 1747 667 peti-

142 687 307 739 tum?
338 688 453 739 Non
486 703 617 757 ergo
646 696 669 723 τι
699 688 1050 743 θλίιοειοντιςῑί
1077 692 1268 756 Deum,
1296 693 1515 757 quando
1551 693 1746 747 tuleris

143 780 501 847 apostolicam
530 790 692 847 atque
725 782 1092 850 evangelicum
1127 783 1499 847 traditionem,
1532 795 1588 839 et
1629 786 1745 838 ido-

142 870 441 939 lolatriam,
470 890 631 944 quam
664 873 689 911 ὶ)
723 876 879 929 Arius
913 877 1262 931 mdiﬁcaverit
1302 879 1353 931 in
1383 880 1550 933 corde
1578 921 1591 945 ,
1623 878 1743 932 dia-

143 966 307 1021 bolus
348 968 606 1021 statueris
632 968 701 1020 ab
733 970 1038 1022 hominibus
1069 972 1367 1024 cultoribus
1398 972 1569 1025 teneri
1607 970 1744 1024 Dei?

140 1061 277 1115 (lum
309 1062 426 1115 haec
458 1062 527 1114 ita
558 1062 687 1125 sint,
712 1062 822 1131 jam
848 1074 949 1117 tum
980 1065 1082 1117 erit
1113 1064 1417 1132 prudentize
1442 1066 1740 1129 a'stimare,

141 1154 272 1224 quid
305 1154 398 1208 tibi
432 1154 701 1225 agendum
733 1158 1007 1225 expediat,
1044 1167 1222 1210 utrum
1253 1173 1317 1210 ne
1351 1157 1434 1210 hic
1463 1159 1744 1226 corrigens

140 1260 362 1302 errores
411 1256 570 1311 tuos,
622 1260 951 1303 conseCutus
998 1252 1209 1303 veniam
1260 1259 1531 1303 tantorum
1572 1250 1743 1304 scele-

138 1356 286 1403 rum,
321 1343 465 1396 inter
499 1342 592 1396 Dei
630 1343 863 1397 inveniri
896 1354 1103 1397 statuas
1133 1343 1500 1405 domesticos;
1556 1358 1622 1396 an
1654 1357 1742 1396 re-

137 1432 331 1487 dactus
361 1434 428 1488 ad
459 1434 687 1489 nihilum
716 1477 729 1497 ,
764 1437 904 1489 sicut
947 1436 1216 1504 promittit
1256 1435 1635 1504 spernentibus
1682 1449 1742 1489 se

139 1527 431 1593 Dominus,
483 1530 709 1597 incipias
748 1532 797 1583 iu
829 1539 1143 1598 perpetuum
1178 1530 1307 1582 dare.
1338 1544 1524 1598 pennas
1547 1572 1559 1589 ,
1606 1544 1742 1598 quas

134 1630 269 1682 dant
301 1627 352 1680 lii
378 1643 607 1696 quorum
642 1637 829 1681 tenere
858 1627 1129 1695 tlelegeris
1160 1628 1374 1680 itinera.
1409 1626 1472 1678 Et
1503 1636 1556 1679 ut
1578 1626 1741 1694 plane

132 1721 325 1776 videre
354 1721 531 1790 possis
556 1762 571 1786 ,
606 1738 723 1790 qua!
753 1730 803 1775 te
838 1734 1089 1773 maneant
1126 1722 1362 1789 pericula
1392 1764 1404 1783 ,
1455 1730 1738 1789 propterea

134 1814 285 1883 quod
330 1817 403 1867 sis
451 1814 799 1868 exlionorans
842 1813 1225 1875 divinitatem,
1278 1814 1461 1879 accipe
1494 1812 1737 1867 Samueli

1221 390 1355 447 PRO
1396 391 1669 449 SVNCTO
1711 392 2102 451 ATIIANASIO
2142 389 2273 447 LIB.
2315 393 2355 447 l.

141 500 291 567 geris
342 500 658 556 sacerdotes
706 504 825 569 ejus
866 502 1131 559 damnare
1171 507 1455 561 absentem
1484 550 1497 572 ,
1533 507 1742 561 inaudi-
1774 510 1825 568 Α
1852 510 2014 561 millia
2042 510 2267 561 virorum
2310 526 2327 560 :

3330 396 3442 454 εει

2373 518 2420 561 et
2465 524 2586 563 arca
2617 508 2712 565 Dei
2740 519 2891 581 capta
2920 520 2994 567 est
3020 553 3034 576 ,
3082 520 3130 567 et
3174 512 3325 569 ambo
3350 515 3453 581 ﬁlii

1849 600 1969 653 Ileli
1997 601 2186 653 mortui
2216 611 2334 653 sunt
2366 599 2556 671 (Ibid.,
2592 604 2704 671 i0).
2742 603 2807 657 Et
2835 605 2969 659 infra
3005 623 3018 659 :
3064 606 3133 658 Et
3161 608 3234 660 vir
3262 624 3447 679 prope-

1847 710 1967 745 rans
1995 696 2208 747 accessit
2240 693 2305 746 ad
2340 692 2480 752 lleli.
2514 696 2742 764 dixitque
2770 697 2814 749 ei
2857 714 2874 750 :
2922 696 3035 768 Ego
3073 715 3188 751 sunt
3219 702 3305 766 qui
3338 700 3451 753 veni

1848 783 1912 835 de
1934 786 2118 837 castris
2146 784 2350 854 fugiens
2378 786 2442 837 de
2470 785 2649 853 prtelio
2675 786 2847 840 hodie.
2882 786 2948 841 Et
2977 790 3108 843 dixit
3143 788 3261 844 Heli
3293 806 3311 843 :
3342 791 3446 858 Qui

1847 891 2014 927 sermo
2044 878 2213 945 factus
2254 884 2349 937 est,
2396 876 2599 944 ﬁliole?
2627 874 2694 930 Et
2718 880 2985 949 respondit
3013 881 3089 933 vir
3119 877 3170 947 δ,
3202 890 3249 935 et
3276 880 3409 935 dixit
3435 898 3453 936 :

1848 964 2009 1035 Fugit
2052 970 2128 1019 vir
2160 965 2330 1022 Israel
2380 985 2411 1019 a
2442 970 2577 1037 facie
2605 971 3013 1043 alienigenarum
3037 1014 3052 1039 ,
3104 986 3147 1026 et
3196 978 3334 1045 facta
3375 983 3454 1029 est

1846 1058 2001 1125 plaga
2032 1074 2218 1126 ntagna
2242 1060 2292 1111 in
2322 1061 2515 1129 populo
2540 1101 2554 1125 ,
2581 1070 2630 1113 et
2660 1061 2807 1116 ambo
2840 1058 2946 1131 ﬁlii
2978 1063 3051 1116 tui
3073 1066 3261 1118 mortui
3288 1075 3409 1120 sunt
3428 1106 3447 1132 ,

1845 1158 1892 1200 et
1923 1164 2042 1201 arca
2070 1147 2161 1202 Dei
2189 1163 2338 1221 capta
2365 1163 2460 1205 est.
2494 1151 2560 1206 Et
2584 1156 2780 1223 factum
2808 1165 2880 1209 est
2911 1173 3029 1209 cum
3060 1157 3318 1225 audisset,
3354 1160 3452 1213 Ar—

1846 1258 1905 1293 ca
1941 1241 2034 1295 Dei
2063 1254 2213 1311 capta
2242 1254 2332 1308 est,
2365 1246 2551 1300 cecidit
2575 1248 2791 1317 supinus
2809 1249 2872 1302 de
2899 1250 3027 1304 sella
3044 1253 3201 1322 juxta
3224 1262 3450 1320 portam,

1845 1344 1893 1386 et
1930 1346 1950 1369 ο
1978 1336 2379 1391 contribulatum
2408 1348 2481 1391 est
2532 1339 2742 1394 dorsum
2771 1344 2882 1414 ejus
2906 1384 2921 1407 ,
2978 1352 3025 1396 et
3058 1353 3291 1397 mortuus
3336 1354 3453 1412 est;

1844 1429 2086 1494 quoniam
2114 1445 2269 1483 senex
2298 1440 2409 1483 erat
2438 1441 2485 1484 et
2516 1433 2685 1502 gravis
2716 1435 2867 1487 homo
2894 1476 2909 1500 ,
2959 1444 3006 1488 et
3050 1436 3160 1503 ipse
3178 1438 3455 1508 judicabat

1845 1519 1897 1571 in
1928 1518 2093 1573 Israel
2122 1524 2301 1592 viginti
2324 1524 2476 1577 annis
2511 1522 2700 1588 (Ibid.,
2739 1525 2854 1597 16).
2911 1525 2967 1582 Si
3002 1526 3121 1583 hu'c
3168 1529 3307 1583 mala
3338 1528 3455 1586 Heli

1842 1618 2111 1672 sacerdoti
2143 1630 2196 1674 et
2220 1622 2387 1691 judici
2419 1622 2790 1678 lsraelitarum
2840 1641 2950 1681 uno
2992 1626 3080 1683 die
3128 1641 3403 1686 venerunt
3433 1674 3449 1699 ,

1842 1719 2130 1777 propterea
2160 1712 2304 1782 quod
2338 1730 2445 1767 non
2480 1756 2495 1778 ,
2529 1724 2587 1769 ut
2616 1715 2792 1771 fuerat
2834 1717 3060 1788 dignum
3090 1762 3105 1785 ,
3138 1735 3266 1776 suos
3292 1724 3457 1780 casti-

1839 1815 2026 1871 gasset
2058 1806 2217 1872 lilios,
2243 1808 2372 1876 quid
2407 1808 2505 1862 tibi
2541 1811 2826 1880 religionis
2856 1812 2949 1867 Dei
2975 1814 3305 1872 destructori
3335 1835 3455 1875 cer-

132 1910 302 1963 etiam
332 1924 453 1977 qum
481 1909 731 1962 dicantur
758 1917 979 1976 propter
1010 1908 1125 1961 lleli
1158 1908 1297 1960 ﬁlios
1323 1926 1333 1959 :
1360 1905 1426 1958 Et
1460 1907 1591 1959 dixit
1627 1906 1733 1960 Da-
1768 1908 1814 1967 B
1843 1898 1925 1948 "is
1952 1907 2240 1953 "enml‘llm
2270 1942 2283 1965 ο
2336 1901 2443 1955 is“)
2491 1903 2545 1957 ίη
2578 1904 2700 1958 10εο
2734 1903 3072 1972 Ρῑοδδηδυητ
3108 1910 3207 1966 libi
3235 1914 3452 1971 cellSUi.

134 2004 311 2055 minus
352 2005 420 2054 ad
446 2003 659 2056 Samuel
692 2020 708 2055 :
740 2020 855 2056 ecce
880 2020 971 2073 ego
1000 2003 1135 2070 facio
1162 2004 1309 2055 verba
1333 2019 1443 2054 mea
1470 2004 1521 2055 in
1548 2001 1737 2068 Israel,

132 2105 182 2147 ct
224 2096 390 2148 omnis
420 2097 508 2165 qui
534 2098 755 2149 audierit
784 2114 840 2149 ea
868 2139 879 2160 ,
914 2099 1127 2149 tinuienl
1156 2109 1380 2166 utra‘que
1410 2115 1557 2151 aures
1584 2100 1693 2167 ejus
1723 2141 1735 2161 ,

132 2188 190 2240 in
218 2189 311 2241 illo
342 2187 446 2251 die,
501 2205 601 2249 quo
632 2190 888 2242 suscitabo
919 2208 1071 2256 super
1100 2190 1219 2242 Heli
1248 2196 1419 2243 omnia
1449 2208 1559 2260 qua'
1592 2193 1735 2243 locu-

132 2291 219 2334 tus
243 2298 355 2335 sum
382 2282 434 2334 in
458 2280 611 2334 domo
644 2284 775 2353 ejus,
802 2292 848 2333 et
878 2284 1245 2335 consummabo
1282 2300 1395 2347 qtlw
1426 2284 1644 2349 pra'dixi
1668 2284 1735 2347 ei,

128 2375 378 2441 quoniam
411 2390 502 2446 ego
543 2373 762 2425 ulciscor
795 2375 845 2425 in
871 2375 1021 2425 domo
1054 2377 1165 2443 ejus
1206 2392 1364 2442 usque
1404 2376 1455 2427 in
1493 2386 1736 2428 a'ternnm

131 2478 351 2536 propter
380 2469 698 2535 iniquitatem
722 2468 943 2534 ﬁliorum
970 2471 1106 2536 ejus,
1136 2488 1286 2539 quant
1320 2487 1408 2538 ego
1438 2474 1582 2535 scio;
1613 2489 1737 2539 quo-

130 2562 275 2615 niam
296 2573 674 2615 contemnentes
701 2560 975 2614 Dominum
1003 2582 1027 2609 οι
1052 2564 1134 2615 ala
1159 2564 1315 2615 locuti
1338 2575 1454 2615 sunt
1481 2565 1577 2631 ﬁlii
1601 2566 1733 2633 ejus,

134 2663 183 2705 et
216 2670 321 2705 non
356 2655 552 2705 monuit
582 2670 664 2707 cas
698 2671 853 2720 neque.
881 2656 1091 2723 castigat
1111 2658 1165 2706 it.
1220 2654 1283 2706 Et
1311 2674 1443 2707 nunc
1472 2659 1735 2728 sicjuravi

125 2748 309 2799 domui
347 2745 485 2809 IIeli,
515 2748 558 2799 si
587 2748 947 2816 pr0pitiabitur
978 2749 1219 2814 iniquitas
1247 2750 1298 2800 in
1326 2750 1477 2801 domo
1514 2750 1653 2814 Heli,
1681 2752 1733 2803 in

126 2839 363 2903 incenso,
387 2851 476 2893 aut
497 2843 548 2893 in
566 2841 833 2910 sacriﬁcii.»
855 2842 903 2893 in
928 2844 1289 2909 sempiternum
1310 2843 1349 2910 (1
1372 2842 1495 2912 Reg.
1515 2859 1592 2903 ιιι,
1619 2844 1731 2909 Η).

124 2932 186 2986 Si
215 2931 335 2985 Itzec
360 2932 475 2986 lleli
510 2944 634 2985 sunt
666 2934 927 3002 pronii~sa
955 2944 1177 3002 propter
1199 2936 1455 2987 delictum
1476 2937 1731 2997 liliorutn,

119 3027 254 3098 quid
279 3027 371 3081 tibi
391 3038 611 3097 propter
630 3028 974 3096 sacrilegium
996 3029 1179 3081 tuuui?
1200 3030 1253 3081 Si
1276 3029 1347 3081 illi
1369 3030 1480 3081 lucc
1502 3032 1552 3082 iu
1576 3039 1731 3081 mter-

124 3135 259 3174 num
292 3129 417 3173 sunt
441 3120 730 3189 promissa,
762 3119 888 3188 quid
922 3120 1015 3173 tibi
1050 3122 1227 3188 agenti
1264 3130 1407 3174 tanta
1429 3123 1451 3171 ‘3
1502 3124 1556 3176 Si
1595 3123 1730 3175 ﬁlios

124 3213 247 3269 lleli
301 3214 437 3268 dixit
469 3214 610 3268 Deus
644 3215 783 3267 male
832 3215 1041 3266 locutos
1084 3214 1150 3267 tle
1180 3230 1236 3267 se
1266 3257 1278 3277 ,
1322 3226 1524 3282 quanto
1561 3214 1729 3284 magis

1840 1992 1995 2059 Quod
2031 1995 2176 2050 enim
2208 2014 2273 2052 ex
2308 1998 2405 2054 Dei
2432 2001 2614 2055 veniat
2640 2002 2940 2070 voluntate,
2968 2016 3023 2059 ut
3051 2021 3150 2061 nos
3173 2010 3290 2076 ejus
3309 2009 3455 2065 servi

1839 2089 2199 2159 Sllblelalltllr
2223 2092 2380 2146 vobis
2412 2098 2862 2163 persecutoribus
2893 2100 3121 2167 nostris,
3157 2101 3369 2156 dixisse
3402 2112 3454 2158 te

1840 2198 1946 2237 non
1980 2186 2201 2255 negabis
2228 2206 2239 2240 :
2273 2186 2393 2241 Nisi
2419 2200 2595 2244 nostra
2621 2192 2773 2259 ﬁdes,
2806 2194 2902 2247 hoc
2926 2205 3032 2259 est,
3066 2197 3195 2260 lucc,
3225 2212 3340 2267 qua:
3370 2196 3452 2249 dio

1839 2278 1972 2329 citur
2000 2296 2031 2331 a
2064 2278 2306 2349 Lucifero
2352 2284 2549 2337 Ariana
2573 2326 2586 2350 ,
2617 2287 2794 2354 fuisse!
2840 2287 3099 2341 catholica
3124 2330 3139 2354 ,
3169 2306 3450 2359 numquam

1838 2370 1891 2421 in
1918 2387 2089 2425 omnes
2123 2374 2295 2438 plebes
2320 2378 2625 2445 accepissem
2653 2389 2972 2447 potestatem.
3024 2381 3079 2437 Si
3112 2382 3183 2435 ita
3212 2392 3315 2447 est,
3346 2396 3448 2451 po-

1839 2463 1941 2515 tuit
1988 2473 2039 2517 ct
2079 2464 2296 2518 illorum
2330 2467 2748 2537 all0pltilorum,
2805 2472 2898 2541 qui
2958 2486 3141 2526 arcam
3188 2481 3451 2543 ceperant

1843 2552 1936 2606 Dei
1965 2596 1977 2617 ,
2028 2558 2317 2627 quisquam
2354 2558 2521 2615 fuisse
2553 2562 2783 2628 melior,
2817 2578 2979 2634 quam
3013 2575 3095 2619 est
3127 2565 3219 2619 Dei
3245 2568 3443 2621 cultor.

1836 2647 2034 2715 Utique
2067 2660 2120 2703 tu
2152 2650 2291 2705 dicis
2322 2652 2482 2707 lidetu
2518 2664 2687 2723 tuam,
2723 2672 2885 2727 quam
2920 2672 3019 2712 nos
3050 2660 3303 2715 novimus
3329 2660 3442 2714 hae-

1838 2743 2060 2793 reticain
2096 2783 2109 2805 ,
2144 2742 2246 2797 hoc
2278 2744 2372 2798 tibi
2423 2751 2744 2815 praestitisse
2798 2769 2808 2802 :
2857 2752 2950 2806 sed
2995 2762 3051 2805 et
3095 2752 3442 2821 Maxentius,

1838 2831 2000 2895 Nero,
2032 2844 2086 2887 et
2113 2836 2293 2889 cuncti
2326 2838 2400 2890 illi
2434 2852 2816 2906 persecutores
2833 2843 3028 2898 domus
3058 2844 3155 2899 Dei
3184 2846 3446 2901 dixerunt

1838 2923 2063 2978 deorum
2094 2941 2317 2981 suorum
2349 2931 2593 2998 potentia
2627 2932 2795 2987 fuisse
2824 2934 3052 3001 factum,
3077 2936 3443 2994 utChristiani

1836 3018 1938 3070 sub
1967 3018 2184 3072 illorum
2217 3020 2478 3076 ditionem
2523 3024 2856 3080 veniremus.
2907 3026 3179 3083 Percurre
3202 3044 3325 3098 quin
3356 3044 3450 3085 ac-

1834 3110 2069 3164 ciderint
2102 3112 2232 3175 illis,
2267 3115 2358 3181 qui
2386 3130 2566 3171 arcam
2594 3131 2654 3172 se
2693 3117 2787 3172 Dei
2816 3121 3053 3190 erupisse
3086 3121 3439 3193 Imiabantur,

1834 3204 1921 3269 qui
1958 3203 2156 3256 virtute
2202 3204 2430 3260 deorum
2461 3223 2685 3262 suorum
2718 3210 2916 3265 vicisse
2944 3226 3003 3265 se
3033 3212 3312 3268 Israelitas
3355 3214 3441 3270 di-

123 3307 279 3363 dicat
331 3317 381 3362 te
428 3308 517 3378 qui
551 3310 858 3376 susceperis
888 3308 997 3361 Arii
1034 3307 1421 3375 blasphemiam
1458 3308 1519 3360 ad
1559 3309 1729 3377 inipu-
1756 3292 1800 3353 C
1835 3295 2058 3359 οθὶιθηιν
2087 3306 2141 3350 el
2166 3298 2407 3353 invenies
2436 3316 2600 3355 unum
2637 3311 2689 3357 te
2737 3319 2807 3358 ex
2843 3304 2950 3359 illis
2979 3308 3069 3375 qui
3104 3306 3199 3362 Dei
3230 3308 3435 3365 fuerim

119 3402 397 3472 gnandatn
428 3404 638 3456 scilicet
671 3401 851 3465 ﬁdem,
879 3418 1037 3471 quam
1062 3401 1405 3469 patriam-lue,
1428 3402 1730 3469 proplielm,

118 3497 359 3567 apostoli
387 3538 401 3558 ,
435 3505 491 3550 et
520 3511 711 3549 omnes
753 3505 1045 3548 tenuerunt
1093 3504 1361 3565 martyres
1390 3496 1401 3545 !
1458 3494 1728 3563 Rogamus

120 3600 178 3645 te
211 3592 357 3645 inter
388 3590 501 3644 haec
534 3606 724 3660 gerere
753 3589 1013 3643 factorum
1059 3601 1273 3641 tuorum
1316 3589 1685 3656 pmniteutiam
1712 3631 1723 3651 ,

116 3683 481 3738 considerans
530 3683 724 3737 saltem
776 3699 894 3751 qute
946 3683 1066 3735 liliis
1101 3682 1215 3735 Ηυιί
1256 3682 1725 3735 exliouoramibus

118 3776 296 3832 Deum
322 3776 641 3828 acciderint.
681 3774 800 3828 Ileli
827 3773 1018 3837 (Ibid.,
1044 3774 1173 3839 2|),
1205 3774 1376 3842 inquit
1406 3775 1677 3842 scriptura
1710 3816 1723 3838 ,

112 3888 279 3927 senex
307 3882 416 3925 erat
444 3870 591 3923 valde
618 3912 631 3934 ,
658 3879 703 3923 et
737 3870 833 3935 ﬁlii
863 3870 973 3939 ejus
1006 3880 1180 3921 euntes
1212 3870 1440 3921 abierant
1470 3910 1482 3929 ,
1524 3879 1568 3921 et
1617 3879 1725 3921 erat

112 3966 353 4037 maligna
382 3966 465 4018 via
494 3981 674 4018 eorum
706 3980 880 4017 coram
914 3962 1154 4017 Domino.
1212 3961 1278 4015 Et
1323 3968 1516 4033 factum
1564 3973 1633 4015 est
1673 3963 1725 4015 in

112 4058 301 4112 diebus
333 4057 439 4110 illis
463 4097 477 4119 ,
510 4068 558 4111 et
590 4066 931 4110 convenerunt
960 4056 1262 4127 alienigena:
1306 4056 1356 4107 in
1387 4072 1612 4125 pugnant
1657 4056 1726 4107 ad

107 4152 292 4207 Israel
322 4151 362 4223 (ι
397 4151 526 4221 Reg.
564 4166 637 4216 tv,
674 4151 749 4220 l).
803 4151 865 4204 Et
898 4150 1033 4203 inira
1064 4167 1073 4201 :
1110 4149 1176 4202 Et
1206 4150 1470 4203 inclinarit
1511 4167 1679 4219 pugna
1706 4191 1718 4212 ,

108 4256 163 4299 et
212 4245 397 4297 cecidit
443 4246 521 4298 vir
573 4243 741 4297 Israel
773 4261 946 4298 coram
987 4244 1291 4312 alienigenis
1319 4286 1331 4308 ,
1377 4254 1423 4296 et
1471 4244 1723 4297 rulnerati

109 4346 240 4391 sunt
268 4338 321 4391 in
348 4339 456 4391 acie
485 4338 535 4391 in
575 4354 757 4404 campo
786 4380 799 4401 ,
850 4347 1070 4402 quatuor
1115 4338 1280 4391 millia
1327 4337 1589 4390 hominum
1630 4354 1647 4390 :
1677 4348 1724 4391 ct

111 4430 255 4483 venit
272 4430 495 4501 papulas
522 4429 574 4481 in
604 4440 791 4490 castra,
813 4438 856 4480 et
882 4429 1121 4480 dixerunt
1141 4429 1360 4497 majores
1383 4436 1503 4480 natu
1525 4427 1723 4482 Israel:

111 4522 347 4594 PrOpter
374 4524 501 4593 quid
531 4523 748 4591 deﬁcere
779 4522 899 4590 fecit
929 4538 1019 4574 nos
1071 4522 1220 4573 hodie
1252 4521 1504 4575 Dominus
1548 4539 1721 4575 coram

108 4620 426 4693 alienigenis
450 4620 473 4671 ?
499 4617 766 4672 Tollamus
794 4618 950 4688 igitur
972 4634 1145 4670 arcam
1180 4616 1389 4669 Domini
1420 4616 1518 4670 Dei
1558 4618 1721 4670 nostri

1831 3387 2052 3441 domum
2104 3391 2397 3457 persecuti.
2448 3390 2515 3445 Et
2565 3395 2869 3465 alienigente
2895 3399 3216 3453 abstulerunt
3262 3418 3439 3455 arcam

1831 3480 2024 3538 Deiex
2066 3486 2320 3541 Abenezer
2346 3531 2359 3551 ,
2409 3498 2453 3541 et
2504 3491 2791 3545 intulerunt
2830 3494 2975 3547 illam
3005 3497 3059 3548 in
3088 3496 3350 3563 Azomm;
3390 3508 3439 3554 et

1826 3579 2150 3632 sustulerunt
2178 3581 2481 3651 alienigena:
2509 3600 2724 3647 arcam,
2782 3595 2829 3638 et
2873 3587 3159 3642 intulerunt
3206 3589 3353 3643 illum
3380 3592 3435 3645 in

1829 3668 2039 3721 domum
2078 3668 2263 3741 Dagou
2291 3714 2305 3737 ,
2339 3683 2385 3726 et
2423 3675 2805 3729 collocaverunt
2833 3678 2979 3731 illum
3016 3682 3173 3750 juxta
3202 3677 3389 3753 Dagon
3414 3700 3434 3736 :

1828 3776 1874 3820 et
1904 3785 2051 3821 mane
2076 3770 2414 3840 vigilaverunt
2444 3772 2587 3825 Azoti
2616 3813 2631 3837 ,
2681 3782 2728 3826 et
2768 3774 3090 3828 intraverunt
3134 3776 3187 3829 in
3218 3775 3433 3831 domum

1828 3862 2015 3934 Dagou
2042 3907 2055 3928 ,
2090 3875 2136 3919 et
2163 3866 2397 3921 viderunt
2437 3886 2453 3921 :
2496 3878 2541 3922 et
2570 3884 2684 3923 ecce
2715 3866 2900 3940 Dagon
2925 3870 3113 3925 cecidit
3158 3872 3211 3925 in
3244 3873 3431 3942 faciem

1828 3972 1975 4009 suam
2006 3968 2123 4011 ante
2153 3974 2331 4011 arcant
2364 3958 2458 4013 Dei
2481 3976 2501 4023 ;
2538 3970 2585 4014 et
2624 3963 2943 4015 sustulerunt
2986 3961 3173 4034 Dagon
3202 3979 3221 4018 :
3247 3975 3293 4018 et
3324 3976 3433 4019 sla-

1829 4058 2039 4103 tuerunt
2065 4052 2118 4103 in
2148 4052 2316 4104 locum
2344 4068 2514 4105 suum.
2564 4052 2629 4106 Et
2660 4064 2876 4124 gravata
2902 4065 2978 4108 est
3003 4072 3185 4109 manus
3213 4054 3431 4111 Domini

1826 4158 1980 4209 super
2015 4142 2196 4195 Azotos
2222 4184 2235 4205 ,
2266 4158 2310 4197 et
2337 4144 2595 4196 cruciabat
2646 4144 2765 4198 illos
2789 4186 2804 4209 ,
2838 4155 2887 4199 et
2927 4147 3179 4216 percussit
3226 4148 3349 4202 illos
3377 4150 3432 4202 in

1827 4235 2063 4288 domibus
2093 4252 2287 4297 eorum,
2320 4237 2373 4289 in
2406 4238 2624 4290 Azotum
2648 4279 2663 4303 ,
2702 4247 2749 4292 et
2786 4239 3021 4309 regiones
3051 4241 3182 4312 ejus.
3237 4240 3301 4296 Et
3344 4242 3429 4312 fa-

1826 4338 1965 4381 ctum
1991 4339 2083 4394 est,
2114 4347 2230 4384 cum
2257 4339 2374 4384 ante
2401 4332 2570 4386 lucem
2596 4334 2908 4405 vigilassent,
2941 4346 2989 4388 et
3016 4333 3204 4408 Dagon
3228 4338 3427 4393 cecide-

1830 4432 1911 4476 rat
1952 4426 2003 4477 in
2033 4426 2211 4495 faciem
2249 4435 2364 4480 ante
2389 4442 2563 4480 arcam
2591 4430 2879 4482 testamenti
2910 4429 3155 4495 Domini;
3186 4440 3234 4484 et
3270 4440 3429 4502 caput

1828 4515 2036 4588 Dagon,
2084 4530 2131 4572 et
2163 4519 2312 4572 ambo
2336 4520 2548 4592 vestigia
2576 4538 2758 4575 manus
2782 4522 2895 4586 eius
2923 4523 3099 4577 ablata
3144 4535 3288 4578 erant
3334 4542 3427 4596 per

1829 4625 1998 4681 partes
2024 4623 2246 4675 centum,
2271 4624 2317 4666 et
2338 4615 2489 4667 ambo
2516 4616 2725 4669 articuli
2751 4632 2935 4671 manus
2961 4618 3104 4672 illius
3132 4619 3428 4675 ceciderunt

104 4737 175 4775 ea:
205 4718 388 4785 Selon,
420 4729 466 4774 et
492 4730 638 4776 exeat
660 4721 713 4774 in
743 4720 907 4773 medio
932 4730 1183 4782 nostrum,
1214 4728 1258 4771 et
1290 4719 1521 4773 liberabit
1546 4736 1634 4773 nos
1656 4720 1719 4773 dc

1840 4707 1877 4757 τη
1901 4708 2051 4758 limen
2082 4708 2097 4776 (
2124 4706 2141 4759 l
2171 4705 2299 4777 Reg.
2332 4720 2389 4772 ν,
2423 4705 2498 4777 1).
2545 4706 2610 4762 Ει
2642 4707 2783 4763 infra
2818 4724 2832 4762 :
2866 4707 2935 4762 Et
2965 4721 3178 4783 gravata
3204 4721 3280 4766 est
3312 4730 3426 4767 ma-

105 4822 352 4876 manibus
395 4821 722 4875 inimicorum
769 4832 1078 4877 nostrorum.
1132 4821 1195 4874 Et
1235 4823 1369 4875 misit
1400 4825 1619 4892 populus
1650 4825 1717 4876 ad

105 4922 299 4986 Selon,
328 4932 373 4977 et
400 4924 719 4977 sustulerunt
749 4926 868 4978 inde
896 4942 1067 4978 arcam
1099 4923 1343 4989 Domini,
1388 4926 1473 4979 ubi
1510 4926 1715 4981 sedebat

102 5029 375 5087 Cherubin
398 5045 416 5083 :
436 5038 483 5083 et
506 5030 656 5083 ambo
677 5015 925 5099 ﬁlii'ﬂeli
945 5048 1059 5083 cum
1076 5048 1198 5084 arca
1226 5030 1323 5084 Dei
1356 5031 1516 5095 ibant,
1540 5032 1665 5101 Ofni
1690 5044 1708 5067 ι’

100 5150 155 5195 et
199 5137 428 5192 Phineas
452 5136 614 5209 (Ibid.
645 5179 660 5203 ,
698 5137 779 5207 9).
816 5138 879 5191 Et
930 5138 1068 5192 infra
1105 5159 1116 5194 :
1157 5139 1597 5211 Expugnaverunt
1641 5141 1709 5193 il-

102 5247 209 5305 los,
242 5253 290 5296 et
317 5243 503 5312 defecit
531 5243 608 5296 vir
635 5241 803 5297 Israel
832 5261 863 5295 a
889 5251 1168 5310 conspectu
1202 5244 1630 5311 alienigenarum,
1664 5253 1711 5297 et

99 5345 244 5416 fugit
276 5345 624 5411 unusquisque
653 5346 705 5397 in
729 5345 1115 5398 tabernaculum
1158 5360 1305 5397 suum
1332 5386 1345 5409 ,
1378 5354 1425 5397 et
1458 5347 1594 5414 facta
1639 5353 1711 5398 est

98 5450 267 5519 plaga
309 5462 498 5515 magna
538 5448 687 5501 valde
716 5491 729 5514 ,
781 5459 826 5503 et
856 5449 1149 5502 ceciderunt
1190 5465 1252 5502 ex
1285 5447 1453 5503 Israel
1498 5450 1709 5520 triginta

177 5574 202 5599 ιι
235 5560 339 5614 Pro
367 5577 558 5627 nonne,
584 5576 685 5616 suo
718 5580 887 5619 tnore.
926 5564 1029 5619 Til.

173 5632 200 5671 ι)
230 5632 399 5699 Quam
428 5634 535 5687 Arii
558 5636 888 5703 wdiﬁmrerit
920 5637 970 5689 in
999 5638 1153 5691 corde
1178 5638 1445 5703 diabolus,
1492 5648 1584 5693 aut
1609 5683 1621 5701 ,
1652 5643 1706 5694 in

92 5708 256 5763 corde
283 5704 525 5779 diabolus
543 5706 778 5779 statuerit
804 5724 820 5769 ;
848 5716 959 5779 aut,
992 5726 1145 5776 qnam
1178 5711 1330 5762 Arius
1372 5712 1705 5779 ludiﬁcaverit

92 5783 151 5835 in
176 5778 352 5836 corde.
378 5787 435 5829 tu
466 5776 724 5835 diabolus,
759 5787 865 5831 etc.
901 5776 1077 5834 Latin.

173 5864 193 5890 ε
234 5850 422 5919 Optme
449 5850 591 5916 apud
617 5850 801 5901 Sabat.

170 5920 196 5961 ἀ
234 5922 332 5978 Vir
354 5922 517 5977 abest
544 5934 572 5974 a
600 5919 782 5974 Sabat.

1823 4815 1917 4851 nus
1949 4796 2162 4850 Domini
2189 4815 2346 4865 super
2376 4800 2591 4854 Azotum
2611 4842 2625 4865 ,
2679 4810 2728 4856 et
2774 4801 2982 4856 induxit
3008 4804 3112 4858 illis
3141 4821 3309 4861 mures
3330 4847 3345 4873 ,
3379 4815 3427 4860 et

1819 4892 1955 4959 facta
1979 4899 2053 4944 est
2080 4892 2323 4961 confusio
2350 4894 2533 4947 ntortis
2554 4910 2743 4962 magna
2769 4895 2821 4947 in
2843 4894 3044 4950 civitate
3069 4911 3089 4949 :
3108 4907 3159 4951 et
3190 4898 3426 4953 viderunt

1818 4983 1914 5036 viri
1945 4984 2113 5049 Azoti,
2145 4986 2386 5054 quoniam
2416 4988 2490 5040 sic
2510 4996 2604 5051 est,
2636 4997 2682 5041 et
2710 4987 2953 5042 dixerunt
2980 5005 3000 5042 :
3031 4989 3289 5055 Quoniam
3318 5008 3425 5047 non

1820 5075 2013 5129 sedebit
2039 5093 2162 5130 arca
2201 5077 2413 5131 Domini
2451 5077 2549 5132 Dei
2587 5077 2757 5133 Israel
2792 5080 3056 5134 nobiscum
3088 5098 3108 5136 :
3162 5082 3423 5149 Quoniam

1820 5170 1953 5224 dura
1980 5182 2055 5225 est
2083 5188 2265 5227 manus
2291 5173 2433 5227 illius
2460 5190 2613 5243 super
2640 5191 2750 5238 nos,
2783 5185 2832 5229 et
2854 5193 3009 5246 super
3038 5175 3227 5249 Dagon
3269 5180 3421 5235 deum

1821 5274 2076 5319 nostrum.
2104 5265 2169 5320 Et
2198 5267 2425 5329 mittunt,
2454 5275 2504 5319 et
2532 5276 2815 5321 convocant
2843 5270 3073 5339 reliquos
3119 5269 3138 5309 ί
3170 5274 3425 5346 alienige-

1820 5376 2003 5412 narum
2027 5362 2097 5413 ad
2121 5377 2191 5427 se,
2223 5370 2270 5413 et
2297 5360 2495 5426 dicunt,
2527 5362 2654 5431 quid
2684 5363 2930 5434 faciemus
2955 5366 3020 5418 de
3046 5382 3169 5419 arca
3204 5365 3301 5419 Dei
3330 5365 3419 5420 Is-

1819 5453 1927 5505 rael
1950 5454 1975 5507 .9
2001 5464 2048 5507 et
2090 5455 2326 5508 dixerunt
2356 5452 2556 5509 Gethcei
2589 5473 2607 5510 :
2651 5455 2902 5513 Transeat
2948 5475 3071 5512 arca
3106 5456 3207 5513 Dei
3248 5458 3423 5515 Israel

1890 5580 1911 5648 ὲ
1948 5571 2002 5625 ld
2026 5571 2487 5648 _est,_con_fractum
2520 5584 2615 5641 est,
2646 5585 2796 5646 atque
2836 5586 3108 5629 contusum
3148 5592 3213 5631 ea:
3243 5580 3415 5648 lapsu.

1812 5640 1917 5697 Til.
1944 5652 1999 5697 et
2026 5644 2097 5697 La
2128 5642 2321 5699 Cerda.

1891 5713 1907 5750 ί
1935 5714 2195 5769 Meudose
2224 5715 2451 5784 reliquos
2477 5759 2492 5781 ,
2522 5718 2596 5771 uti
2630 5716 2914 5782 Nobilius,
2968 5728 3023 5772 et
3066 5718 3257 5775 Sabat.
3298 5722 3417 5776 ani—

1813 5785 2161 5863 madvertunt
2184 5802 2197 5851 ;
2223 5789 2607 5863 corrigendum
2636 5788 2819 5863 itaque
2856 5792 3181 5863 regulos,_in
3223 5792 3415 5849 Grieco

1814 5861 2125 5982 autplénac;
2173 5867 2230 5914 et
2279 5863 2440 5927 paqu
2491 5860 2717 5917 interius
2762 5860 3167 5920 idem'Lucil’er
3217 5867 3415 5935 repetit

1814 5945 1933 5982 ΥιἯη
1965 5948 2040 5982 οδ.

1814 5945 2040 5999 regulos.
