4636 6382
785 357 895 417 835

1873 352 2200 409 LUCIFERI
2240 351 2554 411 EPISCOPI
2593 350 3018 412 CALARITANI

4001 364 4101 425 836

785 478 841 532 in
871 475 1019 529 acta.
1069 473 1133 527 Et
1180 477 1373 542 factum
1404 481 1515 537 est,
1571 479 1843 543 postquam
1876 472 2133 525 translata
2172 480 2245 524 est
2274 486 2397 524 arca
2428 480 2471 538 Α
2504 467 2631 536 hoc,
2662 467 2809 539 quod
2841 467 3194 524 Athanasium
3225 469 3425 542 injuste
3457 473 3836 543 persequeris,
3868 488 3976 530 non
4002 478 4107 533 eris

788 569 906 634 Dei,
936 573 1075 635 facta
1098 577 1124 605 ἰ
1154 584 1338 620 manus
1373 566 1586 619 Domini
1613 568 1665 618 in
1694 567 1920 629 civitate,
1951 575 1997 619 et
2029 574 2101 619 est
2128 568 2267 635 facta
2291 576 2403 618 tur-

789 665 928 717 batio
973 680 1165 735 magna
1214 662 1362 715 ralde
1391 678 1408 714 .'
1440 674 1485 714 et
1533 661 1782 725 percussit
1813 661 1948 713 uiros
1979 659 2199 711 civitatis
2242 675 2271 709 a
2301 659 2398 710 mi-

792 759 932 810 nimo
962 773 1121 827 usque
1148 755 1216 808 ad
1241 756 1544 817 maximum,
1573 765 1621 807 et
1654 753 1879 806 ebulliuit
1912 752 2017 805 illis
2041 766 2210 805 mures
2239 751 2294 803 in
2320 766 2400 803 se-

794 852 971 917 dibus,
1006 859 1054 904 et
1085 852 1318 918 fecerunt
1341 848 1434 901 sibi
1460 846 1662 900 (ἱειήίυί
1708 846 1852 898 sedes
1883 846 2147 915 pelliceas,
2172 854 2221 898 et
2253 845 2332 895 mi
2353 860 2405 895 c-

790 956 911 998 rnnt
930 960 1106 997 arcam
1137 942 1233 996 Dei
1255 944 1307 995 in
1333 942 1655 994 Ascalonem.
1678 937 1746 991 Et
1770 942 1965 1009 factum
1994 948 2091 998 est,
2121 946 2170 988 ut
2197 938 2333 989 intra
2356 938 2406 989 'it

787 1053 910 1089 arca
943 1035 1040 1089 Dei
1072 1034 1239 1089 Israel
1264 1035 1316 1087 in
1347 1035 1649 1087 Ascalonem
1676 1074 1689 1097 ,
1733 1031 2153 1086 exclamaverunt
2190 1028 2404 1082 Ascalo-

790 1147 969 1185 nenses
1000 1129 1225 1184 dicentes
1258 1146 1275 1182 :
1312 1127 1379 1183 Ut
1404 1127 1530 1196 quid
1560 1127 1773 1180 misistis
1795 1142 1970 1180 arcam
2007 1125 2101 1179 Dei
2134 1123 2302 1178 Israel
2336 1125 2405 1177 ad

791 1242 903 1289 nos,
942 1234 995 1277 ut
1024 1222 1174 1277 morti
1204 1221 1379 1277 tradat
1410 1237 1525 1284 nos,
1556 1232 1604 1275 et
1630 1220 1879 1291 papulum
1902 1228 2138 1273 nostrum
2166 1218 2191 1270 .9
2216 1228 2261 1270 et
2286 1220 2406 1271 mit—

786 1328 899 1370 tunt
928 1327 975 1371 et
1003 1325 1282 1370 convocant
1316 1315 1520 1386 regulos
1550 1314 1988 1383 alienigenarum,
2023 1324 2068 1364 et
2112 1311 2354 1365 dixerunt
2385 1326 2403 1363 :

791 1408 1057 1465 Iiemittite
1084 1408 1111 1446 ι)
1142 1424 1315 1461 arcam
1348 1405 1447 1462 Dei
1482 1405 1685 1471 Israel,
1737 1416 1783 1459 et
1830 1404 2110 1458 reducatur
2150 1403 2206 1455 in
2235 1402 2403 1455 locum

785 1522 961 1570 suum,
1003 1514 1048 1557 et
1079 1520 1179 1556 non
1224 1504 1375 1555 morti
1421 1501 1563 1554 dabit
1600 1516 1693 1553 nos
1720 1540 1732 1560 ,
1763 1509 1809 1551 ct
1852 1498 2101 1567 papulum
2130 1506 2404 1549 nostrum:

787 1598 912 1666 quia
940 1606 1055 1650 acta
1074 1605 1147 1648 est
1175 1596 1411 1662 confusio
1438 1594 1608 1665 gravis
1639 1593 1689 1644 in
1716 1592 1921 1645 civitate
1944 1601 2071 1656 tota,
2096 1591 2266 1661 graris
2297 1588 2407 1644 ual—

786 1691 869 1758 de,
908 1700 964 1744 ut
990 1691 1202 1743 intravit
1230 1705 1351 1741 arca
1382 1686 1475 1740 Dei
1502 1704 1519 1740 :
1550 1697 1596 1739 et
1622 1686 1707 1753 qui
1740 1686 1971 1739 vivebant
2000 1726 2013 1749 ,
2066 1694 2117 1737 et
2151 1700 2255 1736 non
2285 1691 2406 1735 sunt

792 1784 983 1840 mortui
1011 1827 1024 1849 ,
1056 1783 1287 1854 percussi
1317 1791 1437 1835 sunt
1466 1780 1673 1833 sedibus
1697 1779 1809 1832 suis
1832 1795 1848 1831 :
1874 1791 1919 1830 et
1946 1777 2175 1831 ascendit
2208 1776 2406 1829 clamor

2507 564 2656 621 Sauli
2684 566 3128 635 co:nparandns?
3156 570 3374 638 quando
3399 570 3474 624 sis
3504 568 3577 624 ita
3599 570 3856 640 jugulare
3888 573 4108 640 cupiens

2505 658 2854 713 innocentem
2887 659 3270 727 Athanasium,
3301 662 3577 733 quomodo
3605 668 3665 717 ct
3706 663 3799 718 ille
3829 662 3991 719 fuerit
4018 663 4099 719 in-

2505 752 2753 808 lerlicere
2780 754 3101 810 desiderans
3128 797 3141 821 ,
3175 769 3285 812 non
3318 757 3496 812 solum
3532 757 3851 813 Sainuelern
3879 799 3893 822 ,
3932 758 4029 814 sed
4058 767 4110 813 et

2507 850 2696 904 David.
2749 850 2855 905 Eos
2887 851 3015 907 Saul
3048 868 3246 925 nempe
3276 854 3585 909 interﬁcere
3614 854 3956 922 minabatur,
3990 869 4108 909 cum

2505 946 2706 1016 quibus
2723 948 3088 1017 cognoscebat
3108 963 3228 1003 esse
3253 948 3446 1003 Deum.
3483 948 3547 1002 Et
3575 950 3727 1015 vidit,
3754 950 3928 1019 inquit
3951 948 4113 1019 scrip-

2518 1048 2657 1105 tura,
2689 1039 2841 1103 Saul,
2872 1040 3119 1110 quoniam
3142 1040 3399 1095 Dominus
3429 1057 3545 1094 cum
3577 1041 3752 1095 David
3781 1051 3855 1095 est
3885 1083 3896 1101 .
3926 1052 3970 1094 et
4010 1058 4114 1094 om-

2516 1132 2596 1184 nis
2622 1130 2790 1185 Israel
2805 1132 3049 1203 diligebat
3074 1149 3188 1187 eum
3212 1150 3230 1187 :
3254 1142 3301 1187 et
3328 1132 3492 1204 magis
3518 1134 3713 1204 adjecit
3735 1133 3869 1188 Saul
3891 1140 4061 1188 timere
4083 1149 4112 1185 a

2508 1224 2644 1294 [acie
2674 1222 2843 1277 David
2871 1222 3024 1295 (1b.,
3060 1241 3209 1289 xvm,
3239 1226 3310 1281 98
3332 1226 3373 1297 ).
3432 1224 3492 1279 Et
3523 1225 3734 1280 locutus
3776 1240 3850 1280 est
3887 1226 4014 1280 Saul
4051 1224 4113 1277 ad

2506 1317 2774 1371 Jonatlian
2808 1319 2976 1388 ﬁlium
3007 1336 3180 1387 suum,
3215 1330 3263 1374 et
3295 1322 3363 1374 ad
3388 1336 3561 1374 omnes
3586 1335 3781 1392 pueros
3811 1336 3951 1384 suos,
3986 1319 4115 1372 occi-

2509 1408 2631 1461 dere
2661 1406 2833 1463 Dauid
2872 1410 2889 1479 (
2916 1410 3024 1477 lb.,
3053 1426 3166 1474 xui,
3199 1411 3273 1481 l).
3323 1411 3615 1480 Responde
3640 1451 3658 1476 ,
3700 1412 3993 1480 imperator
4018 1411 4113 1464 im-

2512 1501 2952 1572 pudentissime;
3014 1503 3058 1557 si
3112 1504 3226 1558 lure
3272 1520 3464 1575 gerere
3515 1513 3702 1575 potest
3762 1504 3854 1560 Dei
3917 1504 4116 1560 habens

2510 1597 2788 1665 spiritum.
2851 1596 2969 1663 Quo
3011 1595 3137 1651 Saul
3188 1596 3354 1665 erepit
3413 1595 3529 1652 haec
3584 1612 3783 1667 gerere
3836 1595 4116 1665 tempore?

2512 1704 2705 1758 nempe
2747 1704 2852 1759 quo
2885 1690 2982 1757 per
3007 1687 3229 1745 Samuel
3281 1688 3605 1744 malediclus
3658 1688 3989 1758 reprobatus
4014 1696 4114 1753 est,

2511 1781 2704 1835 eodem
2772 1783 2977 1837 etenim
3042 1794 3290 1850 tempore
3355 1781 3617 1851 scriptum
3681 1792 3767 1837 est
3826 1781 4117 1837 recessisse

787 1879 1059 1932 ciuitatum
1086 1892 1245 1944 usque
1272 1875 1340 1928 tttl
1372 1870 1856 1945 cwlum(Ibid.,b').
1878 1870 2061 1936 Vides,
2090 1869 2397 1935 Constanti,
2434 1887 2481 1949 Β
2514 1875 2799 1927 Dominum
2851 1874 2921 1927 ab
2975 1890 3041 1929 eo
3071 1915 3085 1938 ,
3147 1889 3268 1929 cum
3324 1872 3490 1928 David
3547 1888 3684 1929 vero
3732 1872 3924 1930 fuisse.
3993 1872 4118 1939 Qui-

786 1971 1063 2043 quomodo
1087 1970 1229 2025 sinat
1248 1969 1390 2023 Deus
1415 1978 1603 2022 noster
1627 1967 1964 2021 humiliatam
1982 1964 2152 2018 videri
2185 1962 2403 2031 religio-

792 2083 917 2123 nem
962 2081 1114 2120 suam
1169 2080 1197 2117 a
1225 2063 1381 2117 vobis
1412 2062 1775 2132 alienigenis,
1805 2070 1859 2115 et
1888 2074 1955 2115 eo
1979 2058 2197 2129 quidem
2229 2072 2402 2126 usque

792 2160 1158 2221 lnuniliatam,
1186 2156 1358 2210 donec
1383 2155 1545 2210 etiam
1573 2169 1691 2220 vos,
1712 2161 2097 2222 persecutores
2118 2151 2403 2205 vera-reli-

783 2253 965 2325 gioiiis
990 2292 1005 2318 ,
1036 2250 1270 2305 videatis
1298 2263 1402 2303 non
1433 2263 1557 2302 esse
1594 2248 1761 2301 Deum
1794 2246 1959 2300 alium
1994 2252 2193 2314 pra'ter
2225 2243 2398 2299 Deum

783 2358 1057 2403 nostrum.
1108 2347 1216 2403 Sed
1266 2355 1323 2400 ut
1355 2346 1552 2399 iterum
1594 2343 1659 2396 ad
1693 2340 1979 2397 Athanasii
2004 2339 2227 2395 redeam
2272 2353 2402 2393 eau-

783 2457 943 2507 sam;
992 2439 1256 2511 numquid
1304 2453 1411 2492 non
1444 2437 1659 2491 sciebas
1688 2436 1954 2504 scriptum
2008 2435 2058 2486 in
2083 2431 2396 2501 Regnorum

785 2536 927 2591 libro
958 2536 1133 2604 primo
1159 2551 1171 2585 :
1208 2532 1275 2585 Et
1306 2531 1526 2587 Samuel
1544 2527 1821 2601 judicabat
1848 2527 2102 2597 populum
2138 2522 2309 2577 Israel
2343 2524 2397 2575 in

778 2629 1015 2682 omnibus
1040 2625 1543 2694 sanctiﬁcationibus
1572 2620 1767 2691 (Ibid.,
1791 2636 1883 2683 vn,
1906 2616 2019 2689 lG);
2044 2626 2099 2672 ut
2123 2618 2395 2686 imperan-

787 2723 914 2779 dmn
932 2731 1150 2792 putares
1170 2735 1263 2789 per
1284 2719 1498 2774 Domini
1512 2716 1827 2772 sacerdotes
1845 2714 2011 2769 fuisse
2025 2711 2394 2767 damnandum

783 2814 1178 2871 innocentem?
1209 2812 1411 2882 Legisti
1440 2810 1684 2875 Samuel,
1718 2807 1862 2879 quod
1895 2808 1948 2861 in
1978 2808 2124 2860 omni
2156 2805 2398 2859 sanetili-

781 2904 1264 2973 catiouejudicarit
1289 2904 1545 2972 pepnlum
1574 2902 1695 2965 Dei;
1721 2912 1772 2955 et
1797 2901 1919 2970 quia
1947 2899 2199 2953 nolumus
2213 2898 2279 2950 ab
2297 2896 2398 2951 hac

782 3000 1047 3056 recedi-re
1070 2998 1218 3068 justa
1248 2998 1329 3050 via
1356 2994 1660 3065 jndicandi,
1700 2992 2034 3063 perpetimur
2060 2990 2395 3061 persecutio-

777 3110 902 3150 nem
935 3109 963 3147 a
995 3102 1068 3148 te.
1123 3095 1193 3146 At
1226 3092 1330 3145 hoc
1362 3104 1473 3144 non
1509 3104 1709 3143 novum
1741 3128 1754 3151 ,
1802 3085 2022 3157 quando
2051 3085 2176 3139 Saul
2207 3099 2395 3155 perse-

776 3196 935 3242 eutus
964 3185 1129 3240 fuerit
1154 3184 1360 3255 justum
1391 3179 1733 3246 Saiuuelem,
1764 3194 1862 3233 cur
1889 3188 1910 3217 ε
1933 3178 1983 3232 ei
2015 3192 2143 3231 vera
2168 3175 2391 3239 dixerit,

2516 1966 2618 2021 bns
2651 1968 2812 2021 rebus
2860 1967 3120 2035 probatur
3166 1982 3264 2021 vos
3313 1981 3438 2022 esse
3475 1968 3715 2023 Arianos
3762 1968 3885 2023 sine
3930 1966 4115 2037 spiritu

2508 2060 2645 2125 Dei,
2694 2060 2784 2131 qni
2829 2061 3225 2130 persequimini
3256 2061 3609 2116 Athanasium
3662 2063 3847 2116 virum
3904 2060 4114 2131 plenum

2504 2150 2708 2221 Spiritu
2736 2162 2949 2207 sancto.
2982 2152 3045 2206 Et
3077 2162 3210 2220 erat,
3238 2152 3435 2223 inquit,
3475 2151 3641 2206 David
3670 2153 3727 2208 in
3764 2155 4001 2208 omnibus
4027 2154 4119 2208 uiis

2502 2247 2610 2298 suis
2636 2246 2867 2314 sapiens,
2898 2257 2945 2300 et
2968 2244 3227 2301 Dominus
3253 2258 3362 2300 erat
3388 2264 3505 2300 cum
3532 2247 3649 2312 illo,
3683 2259 3733 2302 et
3757 2248 3925 2303 omnis
3959 2245 4119 2301 Israel

2502 2346 2551 2390 et
2577 2336 2724 2391 Juda
2754 2338 3041 2411 diligebant
3074 2338 3242 2394 Dauid
3269 2338 3404 2411 (1b.,
3440 2356 3593 2404 xrin,
3619 2338 3741 2411 54).
3782 2338 3950 2411 Igitur
3981 2350 4031 2393 ut
4059 2352 4118 2393 ea

2505 2439 2557 2486 te
2582 2446 2743 2501 agere
2770 2433 2948 2502 possis
2988 2447 3322 2502 cognoscere
3371 2437 3513 2488 circa
3548 2434 3915 2489 Athanasium
3943 2474 3957 2501 ,
4002 2448 4118 2503 qua:

2501 2526 2676 2594 egerit
2706 2524 2833 2581 Saul
2869 2528 3012 2580 circa
3047 2527 3209 2580 David
3236 2569 3248 2591 ,
3280 2528 3471 2597 accipe
3500 2530 3769 2598 sei-iptnin
3798 2547 3810 2581 :
3863 2527 3932 2582 Et
3955 2528 4119 2583 Jona-

2500 2616 2589 2672 tha
2616 2619 2759 2687 [ilius
2795 2620 2931 2675 Saul
2958 2620 3209 2693 diligebat
3245 2619 3421 2674 David
3452 2622 3621 2689 ualde,
3666 2633 3715 2677 ct
3736 2624 3990 2677 indicarit
4019 2620 4117 2677 Jo-

2500 2712 2658 2764 natlia
2685 2709 2857 2765 Dauid
2884 2712 3060 2766 dicens
3086 2729 3103 2765 :
3132 2712 3267 2768 Saul
3292 2715 3479 2782 quwrit
3509 2716 3750 2769 occidere
3779 2725 3834 2770 te
3860 2714 3970 2787 (Ib.
4007 2732 4116 2783 xix,

2501 2806 2577 2872 1).
2613 2806 2678 2860 Et
2710 2805 2847 2861 infra
2879 2824 2891 2859 :
2926 2806 2993 2860 Et
3020 2810 3224 2862 locutus
3255 2819 3329 2863 est
3356 2806 3591 2863 Jonatha
3622 2814 3693 2864 ad
3724 2820 3933 2880 patrem
3968 2827 4115 2864 suum

2500 2901 2675 2955 dicens
2715 2917 2732 2953 :
2768 2900 2897 2954 Noli
2922 2918 3138 2972 peccare
3164 2944 3177 2965 ,
3213 2918 3305 2955 rex
3330 2944 3344 2968 ,
3392 2904 3445 2955 in
3485 2919 3691 2957 servum
3726 2915 3872 2957 tuum
3903 2903 4070 2958 David
4096 2943 4113 2970 ,

2495 2994 2742 3062 quoniam
2776 3009 2878 3046 non
2906 2995 3135 3063 peccarit
3163 2995 3214 3047 in
3243 3004 3327 3060 te,
3375 3004 3419 3048 et
3468 2996 3609 3066 facta
3652 3000 3768 3068 ejus
3818 2998 3955 3051 bona
4001 3004 4119 3049 sunt

2495 3085 2666 3152 valde,
2702 3095 2750 3140 et
2781 3087 2955 3155 posuit
2985 3088 3213 3140 animum
3244 3104 3393 3141 suam
3418 3089 3472 3141 in
3504 3090 3743 3143 manibus
3774 3091 3887 3145 suis
3914 3131 3929 3157 ,
3957 3100 4006 3143 et
4033 3106 4119 3144 oc-

2496 3178 2620 3232 cidit
2652 3179 3022 3251 alienigenam,
3048 3189 3094 3232 et
3122 3180 3248 3250 fecit
3274 3179 3529 3235 Dominus
3561 3182 3783 3236 salutem
3818 3183 3874 3236 in
3900 3180 4074 3236 Israel
4098 3198 4116 3246 ,'

774 3278 1033 3351 equidem
1068 3292 1193 3331 eum
1229 3291 1329 3346 per
1355 3289 1518 3345 quem
1548 3271 1710 3327 fuerit
1741 3270 1795 3325 in
1826 3284 2011 3339 regem
2045 3276 2261 3332 unctus,
2296 3282 2391 3337 per
2421 3277 2466 3340 ρ
2498 3280 2544 3323 et
2576 3272 2743 3324 omnis
2770 3268 2941 3325 Israel
2972 3272 3209 3325 viderunt
3235 3315 3247 3335 ,
3301 3282 3349 3326 et
3396 3273 3564 3344 gavisi
3615 3286 3759 3329 sunt.
3810 3274 3881 3328 Et
3913 3285 3967 3328 ut
3994 3274 4116 3345 quid

773 3390 936 3446 quem
969 3389 1096 3429 eum
1132 3373 1395 3425 Dominus
1420 3368 1487 3422 ad
1523 3377 1726 3420 tantam
1760 3373 2091 3436 provexerat
2134 3363 2389 3433 gloriam.

775 3466 1223 3538 Persequebatur
1248 3464 1375 3519 Saul
1410 3462 1626 3517 Domini
1663 3461 1984 3529 prophetam
2017 3471 2181 3527 atque
2211 3458 2395 3512 saeiar-

782 3562 993 3625 dolein,
1025 3560 1150 3629 quia
1180 3574 1288 3613 non
1318 3570 1546 3625 eompos
1580 3554 1757 3609 fuerat
1790 3554 1987 3607 mentis
2014 3569 2027 3604 :
2070 3550 2201 3607 Saul
2253 3551 2393 3604 alio-

777 3658 907 3728 quin
937 3657 1216 3727 quomodo
1247 3666 1441 3722 505pcs
1469 3659 1894 3720 persequeretur
1920 3662 2066 3711 eum,
2102 3660 2262 3714 quem
2288 3644 2395 3698 sci-

776 3760 861 3805 ret
894 3746 992 3802 Dei
1024 3746 1335 3799 ministrum
1366 3785 1377 3806 ,
1415 3742 1506 3797 Dei
1560 3740 1751 3810 Spiritu
1789 3738 2055 3809 plenum?
2100 3752 2395 3807 perseque-

779 3844 938 3898 batur
969 3857 1119 3905 eum,
1152 3853 1317 3908 quem
1343 3836 1546 3905 iugiter
1588 3844 1813 3903 propter
1847 3834 2213 3901 persecutoris
2242 3833 2395 3900 igno-

790 3937 943 3991 rabat
971 3933 1309 4001 ingemuisse
1339 3930 1592 3983 salutem.
1648 3926 1915 3996 Loquitur
1946 3912 2015 3979 in
2051 3925 2188 3977 libro
2218 3924 2396 3993 primo

784 4028 1102 4097 Regnorum
1148 4025 1415 4091 scriptura
1448 4021 1655 4075 dixisse
1691 4019 1981 4073 Dominum
2027 4016 2094 4071 ad
2127 4014 2349 4071 Samuel
2382 4031 2395 4067 ε

780 4120 1058 4191 Usquequo
1080 4119 1224 4189 luges
1250 4126 1305 4170 tu
1337 4117 1391 4169 in
1426 4114 1607 4169 Saul?
1652 4129 1770 4167 ecce
1812 4112 2017 4179 expello
2046 4107 2072 4147 δ
2100 4110 2295 4175 illum,
2334 4126 2398 4163 ne

777 4222 957 4284 regnet
983 4228 1141 4281 super
1171 4208 1343 4263 Israel
1374 4225 1391 4262 :
1416 4207 1577 4275 imple
1606 4222 1766 4259 cornu
1794 4214 1941 4258 tuum
1971 4205 2085 4258 oleo
2112 4245 2126 4270 ,
2173 4212 2220 4255 et
2248 4202 2359 4255 rcni
2378 4243 2393 4268 ,

782 4309 987 4364 mittam
1017 4317 1065 4361 te
1095 4307 1148 4359 in
1180 4306 1336 4357 domo
1364 4302 1513 4355 Jesse
1541 4317 1702 4369 usque
1734 4300 1786 4353 in
1812 4298 2133 4362 lict/delum,
2156 4296 2398 4366 quoniam

776 4407 881 4459 vidi
911 4406 963 4457 in
991 4403 1116 4472 ﬁliis
1147 4400 1297 4453 Jesse
1343 4396 1471 4449 mihi
1519 4397 1571 4449 in
1619 4411 1837 4466 regem.»
1865 4392 1932 4446 Et
1962 4392 2094 4445 dixit
2140 4390 2397 4445 Samuel:

780 4497 1056 4565 Quomodo
1084 4495 1191 4560 ibo,
1224 4509 1287 4545 ne
1317 4492 1499 4543 audiat
1530 4488 1683 4552 Saul,
1721 4498 1767 4540 et
1798 4487 2000 4540 occidat
2027 4500 2106 4537 me
2141 4481 2252 4554 (Ib.
2282 4497 2396 4547 XVI,

782 4595 804 4647 1
841 4591 909 4661 )?
957 4587 1095 4643 Eum
1124 4587 1410 4657 quaerebat
1436 4598 1765 4639 consumere
1792 4624 1805 4647 ,
1862 4594 2025 4650 quem
2050 4576 2162 4648 jam
2210 4575 2399 4630 multis

2498 3380 2679 3431 peccas
2701 3364 2753 3416 in
2781 3366 3111 3436 sanguinem,
3139 3375 3185 3418 et
3217 3365 3452 3421 occidere
3484 3368 3555 3419 eis
3583 3365 3761 3420 Dauid
3789 3369 3905 3422 sine
3921 3367 4118 3421 causa?

2498 3454 2566 3509 Et
2616 3457 2815 3510 audivit
2868 3458 3002 3513 Saul
3046 3476 3218 3512 vocem
3247 3457 3494 3514 Jonatha:
3538 3461 3636 3530 lilii
3684 3463 3816 3516 sui:
3850 3471 3900 3517 et
3922 3461 4121 3532 jurat'it

2500 3549 2632 3604 Saul
2660 3551 2835 3606 dicens
2867 3568 2884 3604 :
2924 3552 3060 3606 Vivit
3092 3550 3371 3617 Dominus,
3412 3555 3454 3608 si
3483 3565 3715 3610 mortuus
3750 3557 3921 3624 fuerit
3950 3556 4121 3610 David

2496 3643 2689 3715 (Ibid.,
2720 3644 2798 3717 4).
2833 3646 2901 3700 Et
2931 3646 3070 3701 infra
3105 3664 3120 3704 :
3168 3646 3240 3701 Et
3266 3650 3525 3719 adjectum
3552 3660 3627 3705 est
3659 3651 3859 3706 bellum
3886 3652 4006 3719 ﬁeri
4031 3692 4047 3717 ,
4076 3659 4123 3705 et

2496 3742 2711 3796 invaluit
2740 3740 2935 3805 David,
2964 3753 3011 3797 et
3043 3746 3358 3815 expugnavit
3389 3745 3711 3819 alienigenas
3736 3789 3747 3807 ,
3782 3757 3834 3800 et
3862 3746 4121 3817 percussit

2495 3835 2616 3891 illos
2646 3837 2801 3907 plaga
2833 3853 3042 3907 magna,
3071 3847 3119 3891 et
3144 3839 3388 3909 fugerunt
3416 3855 3447 3891 a
3469 3840 3604 3910 facie
3634 3838 3827 3893 David.
3863 3838 3931 3893 Et
3954 3843 4121 3911 [actus

2499 3938 2573 3983 est
2614 3929 2667 3981 in
2698 3928 2834 3983 Saul
2858 3930 3070 4000 spiritus
3103 3931 3272 3984 malus
3299 3972 3313 3995 ,
3345 3940 3393 3985 et
3433 3932 3543 4003 ipse
3583 3934 3634 3985 in
3665 3932 3827 3987 domo
3868 3950 3969 3988 sua
3996 3932 4123 3986 dor-

2498 4020 2686 4073 miebat
2722 4031 2767 4087 υ,
2796 4031 2843 4074 et
2877 4032 2987 4075 erat
3015 4022 3066 4074 in
3097 4037 3257 4076 manu
3289 4026 3401 4094 ejus
3431 4024 3610 4077 lancea
3638 4066 3651 4087 ,
3684 4036 3731 4079 et
3775 4042 3901 4080 ecce
3927 4025 4125 4096 psalle—

2499 4113 2583 4166 bat
2614 4114 2665 4167 in
2694 4114 2930 4169 inanibus
2960 4117 3068 4169 suis
3097 4132 3114 4168 :
3160 4125 3205 4168 et
3231 4116 3495 4186 quwrebat
3524 4116 3658 4171 Saul
3696 4129 3977 4188 percutere
4009 4118 4126 4172 lan-

2497 4224 2588 4263 cea
2622 4208 2789 4262 David
2817 4251 2829 4273 ,
2870 4219 2916 4263 ct
2944 4210 3243 4279 percussit,
3295 4220 3341 4265 et
3373 4209 3651 4265 declinavit
3700 4210 3877 4266 David
3923 4229 3955 4264 a
3989 4212 4125 4282 {acie

2502 4302 2633 4359 Saul
2662 4318 2679 4356 ε
2710 4313 2756 4356 et
2790 4303 3045 4371 percussit
3071 4302 3253 4357 lancea
3281 4303 3337 4356 in
3365 4303 3636 4371 parietem,
3666 4312 3713 4357 et
3748 4301 3931 4357 Dauid
3963 4304 4122 4375 fugit,

2501 4403 2545 4445 et
2573 4394 2747 4448 salrus
2775 4398 2943 4464 factus
2971 4402 3064 4449 est.
3093 4391 3161 4449 Et
3192 4398 3392 4466 factum
3433 4406 3507 4449 est
3535 4395 3587 4449 in
3615 4396 3707 4449 illa
3739 4406 3916 4462 nocte,
3954 4405 4003 4450 et
4026 4395 4123 4448 mi-

2500 4488 2565 4541 sit
2592 4486 2725 4542 Saul
2764 4488 2981 4542 nuncios
3010 4488 3079 4541 ad
3110 4488 3323 4543 domum
3354 4487 3522 4543 David
3540 4528 3556 4555 ,
3593 4499 3648 4542 ut
3675 4490 4008 4544 custodirent
4055 4489 4094 4541 il
4105 4518 4123 4529 -

2503 4579 2630 4645 lum,
2662 4597 2761 4647 quo
2784 4597 2935 4635 mane
2964 4580 3218 4636 occideret
3246 4582 3393 4635 illum
3425 4582 3444 4653 (
3472 4579 3642 4643 Ibid..
3674 4581 3771 4651 8).
3823 4580 3897 4636 Et
3948 4581 4120 4635 David

778 4685 1105 4740 meminerat
1128 4680 1305 4735 modis
1336 4678 1431 4733 Dei
1464 4692 1587 4732 esse
1611 4674 1891 4730 hominem
1924 4690 1935 4725 :
1974 4670 2264 4725 horn0'Dei
2300 4684 2390 4723 ve—
2419 4666 2473 4727 D
2499 4675 2654 4747 fugit,
2682 4685 2728 4729 et
2756 4677 2927 4730 salvus
2970 4680 3142 4746 [actus
3183 4687 3260 4731 est
3291 4693 3308 4730 :
3334 4685 3380 4728 et
3403 4676 3538 4730 venit
3569 4676 3637 4728 ad
3681 4674 3904 4731 Samuel
3939 4677 3995 4729 in
4030 4677 4122 4727 .lr-

778 4780 924 4833 uiam
960 4773 1304 4845 persecutori
1334 4769 1617 4840 poscendo
1651 4783 1758 4821 non
1789 4765 2044 4831 desistit,
2077 4772 2271 4820 contra
2302 4777 2396 4833 pe-

775 4872 1036 4931 stilentia:
1069 4870 1245 4925 factus
1289 4867 1432 4922 [ilius
1472 4866 1596 4933 ejus
1625 4863 1844 4917 aulerre
1870 4862 2110 4915 animam
2140 4860 2342 4930 quierit
2376 4876 2389 4912 :

778 4983 844 5023 eo
876 4966 1083 5021 etenim
1116 4976 1287 5030 nSqne
1315 4965 1640 5030 persecutor
1673 4955 1881 5011 exstitit
1911 4952 2183 5009 Samuelis
2209 4951 2393 5006 Domi-

780 5063 833 5118 ni
862 5060 1165 5115 sacerdotis
1193 5056 1322 5113 Saul
1352 5096 1366 5121 ,
1399 5062 1459 5108 ut
1498 5053 1703 5108 dixerit
1731 5050 1968 5105 Domino
1997 5047 2201 5103 dicenti
2243 5047 2347 5102 sibi
2376 5064 2389 5100 :

788 5154 917 5208 Veni
945 5196 959 5219 ,
990 5153 1194 5205 mittam
1224 5162 1271 5203 te
1313 5165 1331 5203 :
1380 5145 1447 5201 Et
1478 5144 1734 5216 quomodo
1766 5144 1890 5197 ibo?
1927 5142 2102 5196 audiet
2136 5141 2269 5197 Saul
2296 5183 2310 5207 ,
2342 5148 2391 5195 et

776 5247 975 5303 occidet
1000 5260 1079 5296 me
1105 5240 1323 5311 (Ibid.).
1356 5237 1646 5308 Cotispieis
1670 5278 1685 5301 ,
1714 5234 1997 5290 Constanti
2025 5273 2041 5297 ,
2088 5232 2392 5288 recedenti-

779 5341 882 5397 bus
913 5338 1068 5393 vobis
1117 5352 1144 5388 a
1181 5336 1291 5389 Deo
1324 5348 1430 5387 non
1478 5346 1576 5386 Vos
1619 5330 1872 5384 homines
1899 5369 1913 5393 ,
1948 5327 2043 5383 sed
2074 5326 2215 5382 ferus
2240 5371 2253 5394 ,
2290 5327 2389 5383 sed

776 5435 1028 5499 belluas,
1060 5440 1222 5501 atque
1268 5427 1511 5481 latrones
1540 5428 1819 5481 a-stimari.
1870 5422 1978 5478 Aut
2027 5422 2287 5493 numquid
2335 5422 2390 5479 in

853 5654 875 5679 υ
914 5640 1077 5694 Facta
1096 5648 1191 5702 est,
1220 5636 1393 5690 Latin.

850 5713 877 5751 δ
904 5713 1093 5767 Sabat.
1129 5700 1347 5762 remitte.
1378 5706 1557 5762 Graec.
1595 5705 1647 5759 in
1681 5702 1909 5774 plurali,
1941 5700 2039 5756 sed
2085 5701 2195 5755 alio
2222 5700 2389 5756 verbo

778 5785 1189 5855 t'EarroarcOart,
1219 5779 1451 5855 emittite.

856 5870 877 5897 ο
916 5856 1019 5910 Pro
1047 5844 1190 5921 quia,
1223 5862 1277 5907 et
1303 5848 1600 5921 aliquando
1635 5862 1728 5921 pro
1758 5860 1898 5914 cum,
1933 5852 1990 5899 nt
2017 5860 2119 5921 suo
2153 5846 2275 5902 loco
2306 5844 2388 5901 di-

776 5942 950 5986 cetur.
975 5917 1083 5981 Tit.
1103 5933 1158 5982 et
1181 5917 1254 5981 La
1273 5917 1471 5981 Cerda.
1499 5917 1698 5989 thuia
1734 5932 1830 5991 pro
1847 5933 1937 5975 cur
1960 5932 1977 5975 :
2000 5917 2045 5973 si
2064 5920 2267 5991 justum
2292 5932 2391 5973 non

2502 4769 2730 4835 mat/ten,
2787 4782 2834 4824 et
2863 4771 3185 4825 renunciavit
3213 4770 3259 4824 ei
3287 4770 3461 4823 omnia
3489 4784 3606 4839 qua:
3629 4768 3749 4840 fecit
3776 4768 4119 4840 Saul(lbid.,

2494 4862 2605 4934 18).
2638 4863 2703 4917 Et
2736 4863 2873 4918 infra
2908 4882 2919 4917 :
2969 4862 3037 4916 Et
3066 4867 3235 4933 [actus
3265 4872 3339 4917 est
3368 4862 3535 4916 iratus
3573 4862 3626 4916 in
3668 4859 3947 4916 Jonathan
3980 4861 4120 4917 Saul

2496 4958 2648 5013 valde
2676 4954 2865 5025 (Ibid,
2898 4975 2989 5024 xx,
3017 4957 3127 5028 30).
3162 4957 3226 5011 Et
3253 4956 3388 5012 infra
3434 4976 3445 5008 :
3480 4956 3547 5010 Et
3575 4957 3709 5012 dixit
3736 4974 3753 5012 :
3785 4956 3942 5011 Mitte
3971 4958 4115 5022 Ita’c,

2495 5053 2673 5123 accipe
2688 5057 2933 5123 juvenem
2953 5094 2965 5118 ,
2995 5052 3241 5120 quoniam
3266 5052 3411 5121 ﬁlius
3443 5052 3624 5107 mortis
3653 5060 3745 5107 est.
3793 5049 3864 5104 Et
3892 5067 4119 5121 respon—

2499 5146 2575 5199 dit
2595 5144 2826 5199 Jonatlia
2855 5144 2994 5217 patri
3022 5160 3116 5199 suo
3160 5159 3178 5197 :
3217 5144 3391 5211 Quare
3420 5147 3689 5211 morietur,
3717 5142 3841 5214 quid
3872 5140 4046 5211 fecit?
4069 5150 4118 5195 et

2500 5238 2713 5293 sustulit
2744 5237 2881 5295 Saul
2929 5238 3162 5293 lanceam
3197 5239 3251 5291 in
3277 5236 3548 5292 Jonathan
3598 5245 3654 5290 ut
3692 5234 3951 5290 occideret
4002 5249 4120 5290 eum

2502 5334 2521 5405 (
2550 5330 2716 5401 Ibid,
2747 5331 2811 5390 51
2842 5334 2881 5403 ).
2932 5332 3036 5388 Cui
3084 5341 3335 5403 parceret
3359 5331 3519 5396 Saul,
3554 5346 3681 5386 vera
3710 5331 3811 5387 sibi
3858 5328 4073 5385 dicenti
4101 5369 4117 5393 ν

2498 5424 2716 5495 quando
2758 5439 2858 5480 nec
2908 5423 3020 5479 lilio
3057 5422 3403 5495 pepercerit?
3432 5423 3511 5479 sic
3539 5424 3673 5479 esus
3714 5428 4120 5494 praetereuntes

2497 5638 2591 5692 est,
2620 5628 2740 5698 quia
2772 5628 2912 5699 cogis
2940 5626 3110 5698 facere
3130 5642 3223 5680 nos
3253 5642 3367 5680 eam
3394 5643 3523 5689 rem,
3553 5636 3662 5681 etc.
3704 5623 3777 5677 La
3806 5622 4013 5677 Corda.

2567 5698 2593 5737 ἀ
2625 5700 2801 5755 Antid.
2832 5700 3021 5755 Sabat.
3056 5716 3148 5755 eao
3175 5698 3383 5755 expello
3406 5740 3420 5755 .
3458 5706 3517 5753 ut
3552 5698 3605 5751 in
3640 5697 3733 5750 lib.
3778 5696 3841 5749 de
3882 5693 4119 5755 Regibus

2567 5711 2593 5737 α
2625 5711 2801 5767 Αιιιια.
2832 5711 3021 5755 Sabat.
3056 5716 3148 5771 ego
3175 5711 3383 5767 expello
3406 5740 3420 5765 ,
3458 5711 3517 5753 υῑ
3552 5714 3605 5751 In
3640 5711 3733 5750 IID.
3778 5711 3841 5749 ae
3882 5711 4118 5764 uegwus

2497 5773 2813 5844 apostaticis.
2849 5771 2982 5825 Vide
3012 5784 3134 5840 sup.
3166 5786 3286 5841 pag.
3315 5772 3388 5827 ’53
3411 5812 3424 5838 ,
3449 5770 3543 5827 ubi
3578 5768 3827 5840 quadarn
3855 5766 3970 5821 alia
4021 5779 4118 5817 va-

2502 5849 2645 5899 riant
2674 5845 2724 5897 in
2751 5844 2854 5898 hoc
2889 5851 3063 5897 textu.

2578 5924 2599 5951 ι·
2632 5913 2877 5971 Sedebat.
2903 5910 3082 5970 Latin.
3115 5927 3240 5970 cum
3266 5912 3460 5970 Graeco
3498 5920 3555 5970 et
3583 5913 3739 5984 Vulg.
