4292 6426
143 429 246 483 837

1214 429 1353 485 PRO
1388 426 1658 484 SANCTO
1699 422 2093 483 ATIIANASIO
2139 425 2267 480 LIB.
2309 424 2349 479 I.

3339 421 3444 478 838

146 544 240 601 Dei
268 547 517 601 mandata
548 588 561 611 .
592 555 755 615 atque
785 557 963 603 vestra
986 557 1309 606 statuentes.
1359 548 1601 619 Denique
1630 566 1738 607 non
1768 552 1820 614 Α
1846 547 1911 599 Et
1925 548 2214 601 exsurrexit
2242 543 2480 607 Dacid,et
2499 543 2717 613 dempsit
2730 543 2940 610 pinnam
2959 549 2981 585 ε
3005 541 3292 612 t‘ltlutttydis
3318 542 3451 597 Saul

147 639 428 705 miramur,
454 643 498 695 si
531 642 656 710 quia
684 640 905 709 dicitur,
938 660 1041 696 non
1074 650 1239 711 potest
1266 644 1503 697 damnari
1530 647 1741 709 absens,

148 729 357 785 Domini
409 733 759 802 persequaris
806 734 1157 799 sacerdotes;
1211 738 1433 803 quando
1463 737 1747 792 videamus

144 822 220 875 sic
252 823 421 879 fuisse
454 827 567 880 Deo
594 826 914 881 [simulantes
958 840 1303 895 persncntum
1344 829 1495 883 Saul.
1551 829 1749 898 Loqui-

145 924 233 970 tur
258 918 535 986 scriptura
565 918 755 973 dicens
792 939 804 973 :
845 920 907 973 Et
941 922 1070 973 tum
1113 938 1205 974 rex
1240 937 1256 973 :
1282 919 1451 974 Morte
1490 923 1744 987 morieris,

151 1008 458 1075 .Ibimelech,
487 1022 535 1063 et
567 1021 641 1076 tu,
672 1024 717 1065 et
744 1014 913 1066 omnis
944 1020 1125 1066 .tontus
1153 1026 1317 1083 pattts
1348 1018 1419 1065 tui
1452 1013 1587 1085 (1b.,
1613 1030 1742 1079 xstt,

150 1100 219 1154 Η)
243 1102 283 1169 ).
338 1101 405 1155 Et
453 1101 590 1157 infra
627 1122 639 1157 :
675 1103 741 1157 Et
772 1107 899 1158 dixit
928 1123 1019 1157 rex
1050 1109 1345 1160 cursoribus
1372 1148 1385 1171 ,
1427 1118 1471 1159 et
1498 1112 1748 1161 stantibus

144 1193 239 1247 sibi
287 1210 305 1246 :
352 1193 612 1249 Adducile
636 1237 649 1261 ,
684 1206 729 1249 ct
762 1199 978 1249 occidite
1009 1200 1297 1250 sacerdotes
1331 1196 1540 1250 Domini
1566 1242 1579 1264 ,
1622 1215 1747 1268 quo-

145 1286 284 1339 niam
317 1303 504 1341 manus
530 1304 711 1341 eorum
735 1305 850 1342 cum
889 1287 1058 1341 Dat-id
1087 1301 1159 1342 est
1182 1332 1195 1355 ,
1225 1292 1471 1360 quoniam
1503 1306 1750 1362 cognove-

143 1386 259 1431 rant
287 1380 429 1449 quod
459 1378 629 1433 David
653 1381 852 1451 fugeret
872 1424 883 1443 ,
916 1392 963 1433 et
992 1397 1092 1433 non
1125 1390 1150 1416 ἰ
1195 1382 1628 1452 decooperuerunt
1656 1398 1747 1435 au-

145 1486 254 1525 rem
282 1488 471 1527 meam.
514 1471 583 1527 Et
629 1474 907 1528 noluerunt
957 1476 1105 1543 pueri
1131 1476 1268 1543 regis
1297 1476 1523 1545 ingerere
1562 1492 1748 1529 manus

142 1578 263 1615 suas
292 1564 542 1619 adversus
573 1566 863 1619 sacerdotes
890 1564 1102 1619 Domini
1140 1566 1303 1636 (Ibid.
1337 1569 1442 1637 I7).
1494 1570 1631 1637 Quid
1663 1570 1747 1623 di-

148 1654 251 1719 cis,
288 1656 601 1724 :rqnissimc
631 1673 727 1711 rex
755 1656 777 1709 Ῥ
808 1657 852 1711 si
887 1659 960 1712 illi
996 1660 1139 1728 legis
1172 1661 1320 1729 pueri
1349 1661 1588 1716 noluisse
1616 1663 1751 1717 rele-

143 1752 575 1807 runtnrobedire
593 1752 823 1823 imperio
846 1755 1005 1824 regis.
1023 1757 1067 1809 si
1086 1756 1159 1809 illi
1179 1755 1573 1825 euntenipsisse
1597 1770 1753 1810 mon-

143 1849 390 1897 strantur
441 1854 714 1914 prmcepta
763 1846 892 1900 Saul
924 1838 958 1909 ,’
991 1864 1056 1902 ne
1103 1858 1291 1901 contra
1349 1848 1439 1901 Dei
1493 1846 1753 1903 fecissent

1849 641 2065 693 occulte.
2101 638 2166 690 It".~
2199 648 2393 708 laetum
2437 648 2508 690 est
2538 648 2649 707 post
2680 638 2816 699 htec,
2849 646 2896 690 et
2931 637 3187 704 percussit
3228 652 3313 689 cor
3343 633 3451 687 Da-

1849 736 1933 785 cid
1962 750 2017 785 co
2036 732 2174 801 quod
2199 730 2499 796 dempsisset
2526 730 2738 799 pinnam
2762 725 3047 797 chlamydis
3076 742 3095 779 :
3117 735 3164 779 et
3192 727 3317 779 dixit
3346 727 3451 779 Da—

1850 825 1933 876 uid
1955 824 2022 876 ad
2055 838 2245 893 pueros
2272 837 2391 875 suos
2420 837 2439 874 :
2467 818 2586 873 Non
2614 821 2738 873 mihi
2776 820 3036 889 contingat
3065 836 3095 870 α
3142 817 3362 872 Domino
3411 818 3452 871 si

1849 921 2017 986 fecero
2045 918 2139 967 hoc
2184 914 2390 967 verbum
2435 916 2643 966 domino
2676 928 2809 977 meo,
2845 912 3037 965 christo
3068 909 3285 965 Domini
3310 953 3323 973 ,
3371 912 3448 963 in-

1850 1013 1985 1077 ferre
2013 1023 2225 1060 manum
2266 1023 2426 1058 meum
2460 1022 2511 1057 tu
2545 1022 2684 1071 eum,
2711 1005 2832 1073 quia
2863 1004 3083 1056 Christus
3116 1001 3329 1055 Domini
3374 1002 3455 1054 hic

1848 1110 1945 1155 est.
1996 1101 2060 1154 Et
2088 1104 2248 1155 suasit
2283 1100 2448 1153 Dauid
2479 1100 2613 1153 viros
2638 1113 2756 1151 suos
2787 1089 2981 1162 verbis,
3018 1104 3065 1149 et
3090 1112 3190 1148 non
3224 1094 3454 1163 permisit

1849 1197 1954 1248 illis
1982 1236 1998 1260 ,
2031 1204 2083 1247 ut
2112 1204 2376 1266 surgentes
2404 1192 2695 1246 occiderent
2724 1190 2855 1245 Saul
2886 1205 2904 1243 :
2946 1200 2991 1241 et
3021 1187 3246 1241 surrexit
3281 1187 3411 1239 Saul
3437 1228 3452 1254 ,

1849 1298 1895 1341 et
1926 1288 2189 1342 descendit
2218 1288 2272 1339 in
2303 1289 2456 1351 viam,
2491 1295 2539 1338 et
2568 1286 2691 1338 exiit
2724 1282 2892 1337 Darid
2922 1292 3034 1349 post
3064 1282 3196 1336 Saul
3232 1282 3407 1333 dit't'tts
3437 1300 3454 1333 .’

1854 1380 2073 1433 Domine
2102 1396 2213 1434 rex.
2246 1378 2307 1431 Et
2339 1378 2565 1447 respexit
2599 1376 2732 1431 Saul
2779 1384 2892 1444 post
2922 1391 2997 1440 se,
3031 1384 3077 1426 et
3108 1373 3372 1427 illclllltll'il
3403 1387 3458 1425 se

1855 1474 2020 1529 David
2059 1476 2112 1527 in
2137 1477 2326 1545 facient
2354 1489 2507 1528 suam
2536 1488 2695 1543 super
2727 1482 2940 1534 terram,
2976 1479 3024 1523 et
3055 1469 3291 1522 adoravit
3317 1484 3454 1530 cuiu,

1849 1581 1897 1625 ct
1924 1569 2056 1623 dixit
2086 1568 2260 1624 David
2292 1571 2361 1623 ad
2388 1568 2525 1624 Saul
2552 1584 2571 1621 :
2605 1567 2779 1635 Quare
2807 1566 2959 1620 audis
3002 1564 3151 1618 verba
3178 1564 3353 1635 populi
3382 1562 3461 1615 tli-

1850 1664 2073 1720 centium
2102 1664 2273 1719 :Eece
2305 1663 2474 1718 Dauid
2500 1664 2684 1734 qua'rit
2716 1664 2939 1716 animam
2969 1670 3110 1714 tuam
3137 1658 3163 1711 ?
3189 1669 3235 1713 et
3268 1675 3378 1711 cccc
3406 1662 3459 1709 in

1852 1759 1953 1811 hac
1980 1758 2064 1809 die
2093 1756 2332 1810 riderunt
2360 1756 2497 1809 oculi
2527 1756 2631 1817 tui,
2664 1753 2921 1824 quomodo
2951 1752 3165 1805 tradidit
3197 1760 3244 1804 te
3275 1747 3458 1802 Domi-

1853 1867 1948 1904 nus
1975 1850 2127 1903 hodie
2155 1850 2207 1902 it
2240 1848 2477 1901 manibus
2510 1848 2635 1900 meis
2666 1847 2717 1899 in
2747 1847 2936 1915 spelteo
2971 1842 3019 1908 ι’,
3053 1853 3098 1897 et
3130 1843 3272 1895 nolui
3306 1852 3352 1895 te
3378 1859 3460 1894 cc-

145 1936 399 1990 mamlata
430 1977 445 2003 ,
480 1952 581 1991 nos
611 1941 901 2007 episcopos
930 1940 1107 1994 fuerat
1140 1942 1360 2011 dignum
1400 1942 1606 1995 Domini
1636 1943 1747 1997 eal-
1781 1942 1825 2001 Β
1850 1942 2041 2005 cidere,
2069 1952 2117 1996 et
2149 1940 2359 2011 peperci
2388 1938 2502 2005 tibi,
2545 1946 2596 1994 et
2624 1937 2737 1991 dixi
2776 1953 2795 1990 :
2828 1935 2948 1990 Non
2981 1935 3212 2007 injiciam
3250 1950 3459 1986 intutum

142 2035 337 2081 cantes
364 2041 635 2099 pra-cepta
664 2073 677 2097 ,
735 2032 961 2101 implere
1015 2042 1101 2087 tua
1131 2035 1384 2105 Sacrilegi
1425 2036 1752 2090 ιιυηιίρὶάίῐεῖ

141 2116 356 2174 Idcirco
388 2136 520 2192 ergo
550 2139 649 2177 nos
679 2124 919 2195 dignaris
954 2129 1225 2197 persequi,
1258 2128 1377 2196 quia
1406 2143 1509 2181 non
1535 2128 1752 2184 Domini

142 2213 423 2285 mandatis
466 2227 554 2268 tua
586 2227 1002 2286 anteponamus.
1059 2220 1182 2273 H330
1214 2222 1337 2274 fecit
1365 2230 1416 2273 (ιι
1448 2222 1597 2287 Saul,
1629 2237 1750 2291 quze

142 2303 214 2356 ita
250 2319 375 2359 esse
408 2306 606 2375 probat
629 2322 787 2363 sacra
817 2312 1083 2377 scriptura
1118 2310 1341 2365 dicens:
1373 2310 1439 2363 Et
1469 2312 1598 2365 dixit
1622 2312 1753 2367 Saul

138 2398 213 2449 ad
244 2394 392 2468 Doeg
432 2417 450 2453 :
482 2397 731 2454 Converte
758 2411 805 2455 te
841 2402 891 2453 in
924 2402 1123 2456 obuiam
1145 2405 1496 2457 sacerdotibus
1520 2402 1751 2457 Domini.

144 2487 217 2545 Et
253 2506 535 2545 conuersus
572 2504 644 2545 est
700 2494 843 2565 ltoeg
876 2495 1065 2564 Syrus,
1111 2505 1157 2548 rt
1203 2497 1527 2563 ntoi-tiﬁcarit
1574 2494 1601 2533 δ
1647 2499 1756 2566 ipse

136 2582 439 2638 sacerdotes
480 2583 715 2649 Domini,
745 2594 791 2638 et
822 2586 1012 2638 occidit
1031 2588 1123 2639 illa
1150 2588 1232 2639 die
1256 2599 1505 2640 trecentos
1529 2588 1754 2658 quinque

138 2676 280 2728 viros
308 2716 321 2738 ,
364 2684 412 2728 et
442 2691 619 2728 omnes
660 2686 921 2743 portantes
948 2679 1117 2746 ephod
1140 2719 1151 2739 ,
1198 2688 1243 2730 et
1282 2677 1423 2731 (lberi
1454 2690 1475 2717 ο
1499 2680 1753 2731 civitatem

137 2767 475 2820 sacerdotum
502 2768 689 2821 occidit
720 2769 769 2821 in
801 2784 887 2821 ore
917 2769 1079 2839 gladii
1105 2787 1137 2821 a
1158 2771 1266 2822 viro
1292 2770 1541 2837 usquead
1566 2771 1751 2823 mulie-

137 2878 253 2914 rem
281 2901 297 2925 ,
331 2871 379 2914 et
411 2861 475 2915 ab
506 2862 709 2933 infante
740 2879 902 2933 usque
933 2865 1000 2915 ad
1036 2866 1344 2917 nutrientem
1378 2869 1397 2934 (
1424 2863 1590 2931 Ibid.,
1622 2864 1688 2918 18

136 2954 322 3008 Simili
356 2969 502 3009 nunc
533 2956 698 3009 modo
729 2965 959 3009 conatus
1000 2971 1058 3010 es
1084 3000 1098 3023 ,
1123 2966 1286 3026 atque
1318 2957 1532 3010 conaris
1564 2972 1751 3011 eorum

139 3048 355 3103 laniare
378 3064 607 3118 corpora
641 3090 656 3116 ,
706 3065 842 3118 quos
874 3051 1060 3104 videas
1092 3061 1486 3120 praceptorum
1520 3052 1610 3105 Dei
1644 3068 1755 3107 mc-

138 3155 330 3195 mores
376 3148 470 3194 tuo
502 3143 664 3197 reniti
699 3152 990 3211 praecepta.
1033 3143 1149 3197 Non
1178 3146 1357 3213 itaque
1388 3146 1570 3199 mirari
1601 3158 1753 3211 pote—

139 3234 337 3297 rimus,
364 3234 409 3288 si
442 3243 497 3288 tu
523 3250 624 3289 nos
654 3236 1034 3305 persequaris;
1055 3238 1272 3306 quando
1296 3237 1576 3292 videamus
1600 3238 1751 3304 Saul,

138 3325 294 3394 quod
321 3341 428 3387 non
460 3342 680 3382 servum
717 3328 931 3382 Domini
959 3329 1125 3383 David
1179 3331 1229 3383 in
1282 3346 1331 3383 m
1355 3345 1477 3385 unus
1517 3333 1753 3387 traditle-
1779 3322 1822 3380 (3

140 3420 258 3473 rint
280 3420 399 3488 ejus
424 3460 439 3484 ,
472 3435 577 3474 non
612 3423 786 3476 solum
822 3431 1095 3477 trecentos
1124 3424 1361 3493 quinque
1400 3429 1751 3491 sacerdotes,

137 3510 240 3565 sed
292 3520 346 3565 et
389 3519 560 3566 tutam
614 3513 915 3581 perdidisse
957 3516 1258 3570 civitatem.
1320 3515 1757 3586 l‘erscqncbatur

139 3604 281 3661 Suul
321 3605 511 3671 David,
543 3622 693 3673 cuin,
725 3610 777 3661 in
808 3610 1184 3678 cujusditione
1206 3608 1231 3646 ι¹
1256 3626 1377 3664 cum
1408 3612 1587 3675 luerit,
1614 3628 1757 3682 sa-pe

142 3707 332 3752 tamen
366 3698 415 3752 ci
461 3699 755 3767 ignoverit.
797 3702 859 3754 Et
887 3704 1103 3770 factum,
1136 3703 1267 3757 dicit
1301 3706 1567 3772 scriptura
1589 3747 1603 3769 ,
1640 3722 1756 3757 cum

140 3808 386 3845 reversus
412 3804 542 3846 esset
577 3793 711 3846 Sunt
743 3806 856 3861 post
883 3797 1227 3866 alienigenas,
1261 3808 1309 3851 et
1340 3800 1757 3851 renuntiaverunt

140 3882 193 3935 ei
226 3880 457 3935 dicentes
485 3898 502 3935 :
537 3882 673 3938 Ecce
703 3883 875 3939 David
905 3889 955 3939 in
974 3887 1174 3941 deserto
1205 3889 1373 3942 (ἐαιιιιὶ
1401 3899 1496 3942 est.
1536 3888 1598 3943 Et
1619 3907 1759 3944 sum-

146 3974 256 4039 psit
276 3990 448 4027 secum
466 3977 567 4029 tria
588 3978 756 4031 millia
785 3981 1296 4035 iirorumclectorum
1328 4000 1389 4036 ex
1417 3983 1758 4052 omniIsrael,

142 4078 195 4121 et
228 4068 361 4121 abiit
381 4086 611 4139 quturere
640 4071 805 4126 David
845 4086 891 4128 et
922 4077 1056 4129 viros
1082 4081 1194 4145 eius
1231 4088 1348 4131 ante
1378 4080 1565 4147 [aciem
1605 4096 1759 4132 vena-

143 4160 312 4213 tionis
329 4176 596 4215 ceruorum
621 4180 638 4216 :
666 4174 714 4218 et
743 4166 876 4219 venit
898 4168 967 4219 ad
994 4184 1171 4239 greges
1202 4170 1394 4233 ovium,
1423 4186 1537 4238 qua:
1561 4178 1584 4205 °
1615 4179 1762 4223 erant

141 4251 219 4303 ad
249 4252 408 4319 viam,
443 4262 489 4305 et
514 4265 624 4307 erat
648 4256 717 4309 ibi
742 4257 991 4326 spelunca
1023 4300 1037 4323 ,
1069 4270 1116 4313 et
1145 4262 1372 4314 introivit
1404 4262 1540 4317 Saul
1565 4262 1633 4315 ad
1662 4265 1761 4316 sel-

142 4344 284 4408 lam,
311 4353 361 4397 et
394 4343 560 4399 David
573 4356 619 4400 et
648 4350 795 4415 pueri
823 4352 932 4419 ejus
965 4351 1179 4405 interius
1207 4355 1464 4423 spelunca:
1498 4353 1760 4408 sedebant.

146 4434 224 4488 Et
268 4437 512 4490 dixerunt
545 4439 639 4491 viri
668 4436 839 4493 David
869 4443 937 4494 ad
964 4459 1080 4496 eum
1115 4461 1132 4497 :
1167 4445 1297 4499 Ecce
1341 4447 1451 4500 dies
1492 4446 1573 4499 hic
1617 4463 1762 4511 quem

145 4529 295 4581 dixit
332 4526 349 4565 ί
395 4526 653 4585 Dominus
680 4548 697 4585 :
730 4532 843 4587 Tibi
883 4535 1014 4589 dabo
1044 4538 1306 4592 inimicum
1342 4550 1489 4593 tuum
1518 4544 1571 4594 in
1601 4542 1765 4594 mani-

146 4624 249 4678 bus
284 4624 412 4691 tuis,
441 4634 488 4679 et
517 4626 677 4697 facies
703 4629 749 4683 ei
775 4646 891 4699 qua:
919 4632 1113 4701 placita
1140 4644 1260 4687 sunt
1290 4644 1406 4689 ante
1432 4636 1605 4690 oculos
1629 4646 1761 4690 tuos.

230 4789 257 4817 ει
308 4778 431 4834 Non
460 4783 613 4838 abest
643 4799 670 4837 a
703 4785 829 4840 lect.
860 4785 1049 4842 Subat.

230 4850 260 4927 ιζ
291 4852 347 4905 Id
377 4864 461 4907 cst
484 4894 497 4916 ,
528 4857 683 4927 morti
714 4857 949 4924 tradidit,
982 4870 1144 4914 morte
1176 4860 1439 4915 mulctavit
1462 4906 1474 4927 ,
1511 4874 1562 4917 et
1609 4864 1767 4916 inter—

149 4922 309 4994 fecit,
340 4925 803 5002 quemadmodum
850 4922 967 4997 ipse
1017 4940 1202 4999 postea
1233 4922 1473 5001 expliunt
1504 4936 1644 4989 linea
1680 4950 1766 4989 se-

146 4998 351 5064 quenti
377 5035 393 5060 ,
415 5006 462 5047 et
487 4998 792 5073 occiditilla
820 5003 901 5055 die
924 4998 1173 5056 trecentos
1194 4998 1567 5073 quinqueviros
1592 5024 1608 5059 :
1629 5008 1769 5061 unde

152 5080 366 5146 sterne"
398 5070 836 5146 iitorti/Aicationis,
882 5088 991 5143 quo
1029 5070 1253 5130 inferius
1284 5070 1485 5142 utitur;
1528 5080 1769 5146 quoniam

150 5136 261 5220 filii
288 5139 699 5220 mortificationis
732 5136 953 5220 estispitl
988 5158 1091 5208 ρει,
1116 5148 1235 5200 estis
1263 5148 1362 5215 ﬁlii
1393 5136 1599 5212 morti;
1623 5152 1769 5220 digiti

157 5208 452 5287 videlicet,
482 5212 665 5287 quibus
687 5230 829 5287 inore
874 5216 1129 5285 inferatur
1152 5261 1163 5279 ,
1216 5208 1337 5287 quia
1364 5208 1637 5273 hominum
1680 5208 1769 5275 iic-

149 5289 334 5405 séruzln
376 5279 637 5336 Christum
677 5281 887 5340 Domini
919 5279 1022 5342 non
1060 5279 1424 5344 custodivistis.
1477 5293 1518 5346 Τ
1525 5296 1578 5345 II.
1615 5304 1668 5347 et
1694 5293 1765 5347 La

210 5368 262 5405 el
320 5366 369 5402 ὅ..

210 5366 369 5405 υΙαὲὶ.

238 5433 259 5497 ξ
300 5420 620 5488 Iliijusmodi
655 5430 876 5497 propria
936 5431 1156 5485 nomina
1192 5442 1247 5485 ut
1280 5432 1367 5487 hic
1394 5450 1423 5488 a
1459 5437 1659 5490 nostris
1693 5437 1772 5491 bi-

153 5492 294 5577 bliis
328 5506 453 5547 sunt
494 5508 624 5550 vere
651 5492 831 5577 otnnia
864 5501 1100 5577 diversa,
1134 5506 1201 5557 ita
1227 5506 1397 5577 etiam
1432 5508 1765 5577 insequenti-

155 5566 267 5647 bus
301 5579 407 5617 non
437 5570 814 5647 concordant,
850 5583 905 5627 ut
956 5574 1117 5647 facile
1150 5575 1275 5630 inde
1300 5576 1482 5630 videre
1508 5566 1591 5631 sit'
1613 5582 1771 5647 longe

153 5636 329 5690 aliam
369 5638 647 5715 uulgarem
683 5636 808 5696 tunc
834 5646 1098 5713 temporis
1136 5648 1282 5715 ipsus
1310 5663 1339 5701 a
1366 5649 1522 5704 nobis
1548 5636 1772 5703 habuis-

154 5722 223 5765 sc
251 5709 589 5787 yersioneni,
626 5709 1076 5787 qnagcmendata
1114 5709 1298 5787 postea
1338 5718 1520 5774 fuerit.
1578 5719 1769 5774 Iidem.

236 5776 265 5816 ιι
301 5780 408 5834 Pro
436 5776 703 5838 potestate.
738 5784 835 5838 Iid.

241 5862 266 5889 ε
304 5851 399 5932 Ita.
427 5851 663 5932 habetur
692 5853 999 5932 iit‘vetusto
1038 5857 1373 5932 exemplari.
1420 5877 1538 5917 cum
1580 5862 1770 5920 dicen-

159 5926 297 5983 dum
327 5923 520 5981 luisset
547 5923 657 5993 qui.
692 5922 792 5981 Til.

1800 4793 1847 4853 D

1852 2051 2021 2090 nteant
2049 2035 2103 2087 in
2143 2033 2411 2087 dominum
2444 2046 2614 2084 meum
2638 2072 2651 2093 ,
2694 2029 2939 2100 quoniam
2978 2028 3204 2081 christus
3248 2024 3458 2078 Domini

1853 2139 1925 2182 est
1959 2145 1976 2181 :
2006 2131 2095 2198 qui
2144 2127 2320 2197 accepi
2350 2126 2568 2196 pinnam
2598 2124 2888 2194 chlamydis
2914 2135 3019 2177 tua:
3040 2122 3093 2174 in
3124 2138 3280 2173 manu
3308 2136 3422 2174 mea
3443 2160 3457 2184 ,

1854 2232 1899 2275 et
1941 2237 2037 2293 ego
2064 2220 2260 2273 abscidi
2308 2219 2549 2273 laciniam
2590 2216 2883 2288 chlamydis
2913 2224 3016 2269 tua:
3041 2257 3054 2278 ,
3092 2226 3139 2269 et
3165 2231 3265 2268 non
3296 2215 3460 2267 occidi

1854 2324 1920 2367 te.
1940 2314 2203 2384 Cognosce
2219 2321 2266 2366 et
2300 2311 2413 2365 ride
2430 2310 2584 2364 hodie
2597 2311 2842 2381 quoniam
2871 2325 2972 2365 non
3000 2319 3071 2362 est
3096 2308 3148 2359 in
3171 2324 3321 2359 nisui:
3351 2322 3461 2356 nam

1855 2408 2261 2477 malitiu,neque
2282 2406 2560 2476 injustitia,
2586 2416 2633 2456 et
2665 2421 2764 2457 non
2788 2405 2993 2473 ptccuvi
3013 2402 3064 2454 in
3088 2412 3157 2467 te,
3179 2413 3225 2454 et
3255 2412 3302 2452 tu
3321 2415 3463 2469 grute-

1854 2502 1927 2554 ris
1958 2502 2187 2553 animam
2218 2515 2381 2551 meam
2408 2498 2664 2568 accipere.
2692 2496 2901 2549 Judicet
2944 2494 3193 2549 Dominus
3219 2495 3351 2547 inter
3384 2512 3463 2549 me

1853 2602 1900 2644 ct
1952 2602 1999 2643 te
2024 2634 2039 2659 ,
2086 2602 2133 2645 et
2182 2590 2463 2645 uindiCabit
2493 2607 2573 2644 me
2602 2591 2666 2644 de
2689 2598 2755 2655 te,
2791 2606 2975 2641 manus
3023 2598 3194 2641 autem
3222 2605 3331 2639 mea
3358 2605 3460 2640 nott

1853 2684 1949 2736 erit
2011 2685 2065 2735 in
2108 2694 2175 2736 te.
2210 2682 2358 2737 Sicut
2404 2683 2597 2734 dicitur
2642 2681 2887 2752 parabola
2909 2681 3149 2750 antiqua,
3176 2697 3239 2733 ex
3266 2680 3460 2749 iniquis

1854 2776 1989 2827 exiet
2014 2776 2280 2842 nequitia:
2305 2790 2487 2827 manus
2516 2784 2688 2826 autem
2722 2790 2834 2825 utea
2858 2788 2961 2825 non
2998 2774 3090 2825 erit
3120 2774 3172 2825 in
3203 2783 3267 2825 te.
3301 2770 3465 2825 Retro

1854 2885 2003 2938 quem
2032 2878 2087 2921 tu
2115 2865 2477 2938 persequeris?
2497 2881 2676 2920 canent
2698 2876 2977 2931 mortuunt,
3001 2874 3048 2918 et
3075 2874 3209 2917 retro
3239 2866 3392 2935 pulic.
3413 2880 3465 2917 m

1857 2977 2034 3014 unum.
2063 2958 2184 3012 Fiat
2207 2957 2464 3013 Dominus
2484 2959 2540 3011 in
2557 2958 2788 3029 judicent
2810 2967 2855 3010 et
2878 2958 2930 3009 in
2957 2956 3207 3010 t'indicem
3234 2958 3363 3010 inter
3389 2972 3466 3009 me

1854 3063 1904 3104 et
1931 3052 2064 3104 inter
2087 3060 2134 3103 te
2166 3065 2185 3102 :
2215 3050 2385 3103 rideat
2413 3046 2666 3102 Dominus
2693 3057 2737 3101 et
2759 3049 2958 3119 judicct
2980 3046 3241 3118 judicium
3271 3063 3462 3112 neunt,

1855 3151 1902 3195 et
1952 3143 2204 3214 justiﬁcct
2259 3157 2340 3195 me
2401 3156 2466 3194 ex
2524 3155 2680 3193 manu
2745 3150 2833 3192 tua
2894 3136 3072 3210 (Ibid.
3135 3154 3258 3193 unt
3297 3181 3311 3204 ,
3357 3140 3459 3209 τὶ).

1855 3232 2004 3288 Talis
2039 3248 2156 3286 mos
2201 3244 2286 3288 est
2340 3232 2428 3285 Dei
2460 3231 2793 3295 cultui-ilius,
2853 3240 2910 3283 ut
2961 3239 3132 3285 totum
3182 3242 3468 3285 reservent

1860 3327 1994 3393 Deo,
2022 3327 2263 3381 scientes
2298 3340 2420 3380 esse
2452 3339 2705 3393 magnum
2741 3324 3003 3378 vindicari
3032 3325 3204 3379 abeo.
3231 3325 3469 3392 Interea,

1858 3419 2020 3473 sicuti
2064 3418 2318 3488 superius
2346 3417 2490 3484 dixi,
2527 3416 2650 3472 vide
2680 3415 2811 3472 Saul
2834 3458 2848 3483 ,
2896 3417 2985 3470 ubi
3014 3432 3239 3488 compos
3272 3421 3473 3474 mentis

1858 3522 1974 3580 est,
2005 3530 2125 3583 qua:
2157 3514 2297 3566 dicat
2331 3528 2345 3566 :
2379 3524 2434 3565 at
2467 3512 2553 3565 ulti
2588 3512 2766 3580 impos
2796 3511 3059 3577 CIlIl‘IIUI‘,
3093 3513 3371 3582 quomodo
3398 3513 3475 3568 si-

1860 3609 2003 3661 tiens
2050 3610 2120 3661 sit
2149 3605 2316 3660 David
2368 3605 2499 3675 justi
2552 3615 2607 3659 ct
2648 3605 2959 3660 inuuccntis
3000 3607 3324 3675 sanguinein
3362 3605 3475 3660 :Et

1860 3702 2054 3767 factum
2077 3708 2174 3764 est,
2202 3700 2396 3768 inquit,
2424 3714 2539 3751 cunt
2559 3708 2958 3751 consummasset
2975 3694 3149 3751 David
3166 3700 3314 3752 reiba
3336 3699 3468 3763 hazc,

1860 3792 2073 3860 loquens
2096 3793 2165 3844 ad
2190 3793 2343 3855 Saul,
2384 3793 2514 3844 dixit
2546 3792 2678 3843 διιυί
2705 3807 2722 3844 ;
2759 3790 2868 3844 Vox
2892 3802 2981 3845 tua
3006 3790 3137 3855 lucc,
3160 3792 3237 3860 [ili
3269 3792 3474 3847 David?

1859 3896 1909 3941 et
1937 3885 2247 3939 exclamavit
2273 3886 2406 3939 Saul
2434 3897 2481 3938 et
2500 3887 2720 3956 ploratit
2743 3927 2758 3952 ,
2784 3897 2831 3939 et
2858 3885 2992 3939 dixit
3012 3887 3079 3939 ad
3110 3885 3281 3939 David
3312 3885 3475 3942 :Jus-

1864 3975 1987 4049 ius}
2016 3995 2068 4033 es
2094 3988 2150 4032 tu
2177 3995 2331 4049 quam
2364 3995 2478 4049 ego,
2512 3980 2756 4048 quoniam
2780 3989 2835 4032 ttt
2860 3979 3138 4033 reddidisti
3165 3981 3291 4033 mihi
3318 3982 3473 4048 bona,

1863 4086 1956 4141 ego
1993 4079 2164 4123 autem
2208 4070 2366 4122 tribui
2412 4071 2550 4122 mala
2577 4070 2669 4122 tibi
2705 4085 2724 4123 :
2756 4081 2802 4123 et
2831 4072 3136 4125 renuntiasti
3170 4073 3295 4125 mihi
3320 4071 3476 4128 hodie

1862 4182 1978 4235 qutv
2008 4165 2175 4233 fecisti
2204 4165 2331 4217 mihi
2362 4165 2523 4229 bona,
2563 4166 2695 4219 sicut
2725 4166 2978 4220 conclusit
3026 4184 3106 4220 me
3134 4166 3388 4222 Dominus
3419 4170 3473 4224 in

1865 4257 2098 4310 manibus
2131 4260 2257 4321 tuis,
2282 4268 2328 4310 et
2357 4274 2460 4311 non
2482 4258 2718 4312 occidisti
2743 4275 2821 4313 me
2846 4276 2864 4312 :
2888 4270 2934 4313 et
2961 4261 3096 4314 sicut
3119 4262 3338 4316 inveniat
3360 4264 3476 4333 quis

1865 4352 2089 4404 amicum
2133 4365 2325 4414 suum,
2358 4359 2407 4403 et
2445 4352 2726 4420 prtcmittat
2772 4368 2885 4405 eum
2915 4354 2969 4406 in
3009 4353 3145 4407 riam
3188 4358 3397 4422 bonam,
3429 4371 3476 4411 et

1869 4443 2122 4498 Dominus
2171 4443 2427 4497 retribuat
2473 4445 2565 4498 tibi
2600 4446 2764 4513 bona,
2798 4463 2892 4514 pro
2921 4448 3101 4516 quibus
3142 4452 3307 4517 fecisti
3349 4453 3478 4506 mihi

1867 4540 2060 4592 hodie:
2089 4547 2135 4591 et
2181 4554 2318 4591 nunc
2361 4554 2478 4592 ecce
2508 4554 2600 4608 ego
2629 4541 2734 4593 scio
2760 4541 3002 4608 quoniant
3028 4543 3293 4613 regnando
3341 4543 3355 4593 i
3396 4561 3475 4596 rc-

1868 4633 2079 4705 gnabis,
2118 4640 2165 4684 et
2192 4632 2535 4686 constituetur
2575 4632 2626 4685 in
2660 4648 2817 4687 manu
2845 4644 2933 4689 tua
2973 4650 3189 4706 regnum
3216 4632 3403 4703 Israel,
3429 4645 3475 4691 et

1950 4788 1966 4826 ί
1996 4787 2646 4864 Sicinterpungitﬁaliat.
2682 4788 2825 4864 Dixit
2852 4790 3109 4848 Dominus
3141 4796 3232 4848 tibi
3250 4810 3269 4848 :
3298 4794 3470 4864 Dabo,

1872 4872 1979 4937 etc.
2169 4861 2385 4937 Contpl.
2437 4859 2569 4916 Ἰδοὺ
2602 4863 2698 4934 ἐγὼ
2728 4860 2933 4937 δίδωμι,
2969 4866 3110 4936 quod
3144 4876 3347 4923 nostra:
3398 4859 3475 4925 Ic;

1871 4934 2039 4988 ctinui
2072 4935 2389 5000 restiondet.

1946 5015 1971 5050 κ
2004 5005 2056 5059 Id
2086 5014 2190 5065 est,
2235 5004 2427 5057 ademit
2449 5005 2661 5068 occulte,
2686 5018 2733 5059 et
2761 5008 2898 5061 clam
2926 5007 3136 5062 abstulit
3158 5025 3303 5065 oram
3328 5010 3475 5066 chla-

1873 5078 2059 5152 mydis
2082 5076 2237 5152 Suul.
2288 5075 2390 5132 Ubi
2431 5076 2777 5152 dignoscitur
2810 5094 3023 5134 summa
3054 5082 3271 5138 bonitas
3305 5085 3477 5152 ipsius

1874 5148 2116 5211 Davidis,
2145 5151 2413 5223 qui,_cttm
2447 5148 2591 5223 b_‘:iul_
2615 5148 2925 5223 interﬁcere
2954 5162 3140 5223 posset
3164 5198 3178 5223 ,
3211 5148 3393 5212 tamen
3426 5155 3479 5212 ei

1876 5220 2203 5328 pepercerit.
2240 5218 2344 5272 Til.
2380 5228 2424 5271 et
2449 5216 2524 5271 La
2551 5218 2735 5273 Cerda.

2013 5290 2068 5328 ι.ι
2100 5300 2180 5328 uel
2236 5291 2287 5328 ε..
2319 5290 2563 5328 ρηριηηη,
2615 5290 2667 5328 ε..
2693 5292 2735 5328 ιη

2013 5290 2068 5345 Id
2100 5300 2203 5354 est,
2236 5291 2288 5343 in
2315 5290 2587 5362 spelunca,
2615 5290 2805 5347 inloco
2834 5294 3009 5352 abdito
3040 5306 3087 5352 et
3112 5316 3353 5353 concat-o.
3383 5300 3477 5356 Sic

1873 5378 2019 5439 saepe
2053 5360 2840 5439 numerodictiones'iutegras
2868 5369 3086 5424 Graecas
3111 5382 3334 5439 usurpat
3377 5372 3477 5425 Isa-

1875 5435 2003 5490 tinis
2027 5449 2120 5514 eas
2144 5434 2458 5514 immiscens
2485 5475 2497 5496 ,
2531 5443 2591 5514 ut
2617 5434 2743 5514 ante
2768 5438 2907 5514 disit
2930 5481 2943 5505 ,
2976 5440 3197 5507 thlt‘pseu
3223 5434 3434 5514 [ϐλέψω
3458 5484 3474 5509 ,

1879 5506 2271 5581 ριηιγσῇἵξειὶοηε
2299 5503 2492 5581 .'_nnde
2538 5504 2696 5581 facile
2730 5503 3031 5581 intelligere
3059 5503 3143 5566 est
3169 5503 3295 5567 tunc
3340 5503 3478 5569 tum;

1881 5580 2027 5646 poris
2052 5579 2130 5632 sic
2163 5576 2507 5657 ipso-siuisse
2536 5578 2748 5657 locutos
2786 5598 2797 5630 :
2831 5576 3020 5635 infulae
3054 5584 3217 5657 etiam
3262 5586 3390 5649 illm,
3428 5588 3479 5640 in

1877 5665 2124 5729 quarunt
2142 5662 2243 5701 una
2271 5648 2357 5729 hic
2385 5655 2582 5728 auctor
2607 5652 2791 5729 sedem
2824 5667 2984 5729 sna_m_
3026 5655 3284 5723 habebat,
3316 5648 3482 5729 atque

1879 5718 1932 5776 in
1968 5722 2085 5776 aula
2114 5718 2457 5788 imperatoris
2480 5720 2865 5789 grzr-cizabant.
2903 5724 3004 5779 Tit.

1959 5793 1971 5865 ξ
2009 5792 2185 5865 Grato.
2220 5790 2444 5865 δίκαιοςῖ
2469 5790 2611 5865 apud
2647 5792 2838 5865 subat.
2862 5797 3074 5865 justior.

1879 5863 1968 5991 λε)
2004 5864 2285 5934 Regnando
2314 5864 2590 5919 omittitur
2618 5878 2648 5920 a
2680 5863 2964 5934 Sabat.‘;at
2992 5867 3141 5925 estin
3179 5868 3298 5939 Gr.,
3331 5881 3488 5929 Baet-

1933 5955 2056 5991 νων.

1933 5955 2056 5991 νων.
