4292 6392
664 379 769 435 859

1763 371 2096 431 LUCIFERI
2138 371 2449 430 EPISCOPI
2488 370 2917 429 CALAItlTANl

3856 374 3943 431 840

664 512 802 550 nunc
822 498 950 564 jura
982 501 1035 545 tu
1063 491 1190 545 mihi
1218 490 1270 544 in
1302 488 1552 554 Domino,
1583 490 1626 542 si
1657 504 1758 543 non
1786 490 2081 544 eradicabis
2112 506 2282 545 semen
2312 492 2363 552 Α
2389 491 2634 559 quoniam
2653 507 2673 541 ί
2693 492 2776 541 riit
2802 504 2895 542 rex
2924 484 3098 541 Israel
3126 501 3356 557 quterere
3397 485 3616 557 pulicem
3640 501 3807 550 unum,
3835 488 3942 540 sicut

666 604 835 642 meum
859 597 971 658 post
1004 602 1083 638 me
1113 602 1130 639 :
1157 595 1202 639 et
1224 584 1267 638 si
1310 600 1410 636 non
1438 582 1800 638 exterminabis
1827 600 2011 638 nomen
2041 584 2103 638 de
2127 583 2277 637 domo

662 678 825 747 patris
852 675 969 730 mei.
999 674 1064 729 Et
1083 674 1285 747 juravit
1312 672 1482 727 David
1505 672 1641 728 Saul
1667 671 1832 745 (Ibid.
1861 674 1977 741 17).
2012 674 2140 729 Post
2162 676 2279 731 lure

660 768 851 837 utique
890 767 1158 824 debuerat
1180 765 1293 837 jam
1328 766 1528 820 mutari
1551 765 1716 832 Sattl;
1740 766 1833 822 sed
1854 766 2035 823 adhuc
2060 769 2279 824 neciste

658 863 862 918 desinit
883 863 1158 932 persequi,
1182 876 1283 916 nec
1298 860 1723 931 delicitparcere
1737 861 1929 915 David.
1951 861 2276 931 Etsurrexit,

660 956 795 1013 dicit
817 956 1123 1026 Scriptura,
1151 955 1304 1014 Sanl.
1325 964 1371 1008 et
1388 954 1653 1009 descendit
1673 955 1727 1008 in
1750 959 2011 1009 desertum
2034 973 2277 1026 opacum,

660 1059 849 1103 etcum
879 1064 939 1102 eo
969 1049 1072 1102 tria
1103 1048 1270 1102 millia
1303 1048 1529 1101 virorum
1558 1049 1836 1102 electorum
1860 1065 1926 1102 ex
1951 1048 2115 1103 Israel
2139 1065 2281 1119 qua:-

660 1157 773 1196 rere
802 1140 971 1195 Darid
1018 1139 1183 1212 (Ibid.
1218 1156 1363 1204 xxvi,
1398 1139 1477 1210 9.).
1508 1139 1578 1194 Et
1617 1140 1757 1195 inira
1788 1158 1802 1195 :
1834 1139 1901 1195 Et
1944 1142 2083 1195 misit
2112 1141 2280 1195 David

659 1235 1051 1304 exploratores,
1096 1242 1147 1287 et
1176 1233 1415 1304 cognovit
1442 1234 1689 1303 quoniam
1716 1234 1852 1288 venit
1893 1234 2026 1289 Saul
2053 1237 2106 1288 in
2136 1235 2281 1290 Sice-

658 1328 775 1380 let:
805 1336 851 1380 et
896 1326 1119 1381 surrexit
1164 1324 1333 1380 David
1378 1326 1607 1391 occulte,
1647 1336 1694 1382 et
1722 1328 1849 1382 abiit
1896 1329 1951 1382 in
1996 1329 2165 1382 locum
2193 1330 2279 1383 ubi

661 1421 949 1475 dormiebat
997 1420 1153 1487 Saul,
1186 1430 1233 1474 et
1267 1420 1439 1474 Abner
1486 1420 1627 1490 ﬁlius
1658 1420 1770 1476 Ner
1811 1422 2053 1492 princeps
2084 1422 2280 1476 militia:

658 1516 772 1582 ejus
805 1531 822 1568 :
847 1524 893 1568 et
925 1513 1059 1569 Saul
1080 1515 1367 1567 dormiebat
1394 1515 1447 1567 in
1475 1516 1724 1587 stragulis
1749 1515 2034 1585 prteclaris,
2065 1525 2108 1568 et
2140 1514 2279 1583 plebs

657 1620 769 1661 erat
800 1607 939 1660 circa
969 1623 1108 1661 eum.
1145 1605 1211 1659 Et
1241 1604 1418 1659 David
1447 1606 1583 1660 dixit
1619 1606 1686 1659 ad
1715 1606 1961 1661 Amalech
1992 1605 2276 1673 Cet/tantm,

657 1710 704 1756 et
734 1700 929 1755 Abessa
960 1699 1128 1769 ﬁlium
1152 1699 1355 1755 Sarria:
1386 1703 1602 1770 fratrem
1628 1699 1763 1753 Joab
1790 1701 1965 1753 dicens
1997 1717 2013 1753 :
2040 1700 2170 1766 Quis
2200 1701 2279 1753 in-

657 1795 832 1849 troibit
860 1811 1061 1849 mecum
1089 1796 1144 1848 in
1192 1796 1377 1849 castris
1404 1796 1472 1848 ad
1518 1794 1693 1849 Saul?
1726 1804 1773 1847 et
1814 1795 1945 1848 dixit
1992 1796 2183 1848 Abessa
2211 1795 2280 1848 ad

2383 583 2657 653 persequiti
2679 599 2702 625 r
2717 590 2906 634 noctua
2931 580 2984 633 in
3006 580 3284 633 montibus.
3302 578 3369 632 Et
3392 579 3520 634 dixit
3551 578 3709 634 Saul:
3730 576 3941 641 Peccavi;

2382 688 2638 743 converte,
2654 677 2731 746 ﬁli
2758 673 2953 741 David,
2982 675 3223 743 quoniam
3252 691 3354 729 non
3386 675 3701 747 malignabor
3720 675 3768 727 in
3782 685 3821 727 te
3831 676 3942 744 jam,

2380 770 2498 825 ideo
2523 771 2766 841 quoniam
2787 771 2962 824 anima
2988 787 3099 825 mea
3124 779 3335 839 accepta
3362 780 3435 825 est
3452 781 3571 824 ante
3598 770 3766 824 oculos
3791 780 3885 825 tuos
3904 770 3945 822 in

2382 863 2516 915 diem
2552 864 2710 928 hunc,
2741 864 2793 917 in
2819 879 2918 933 quo
2945 864 3131 917 stultus
3159 867 3326 933 factus
3342 879 3475 929 sum,
3510 874 3555 918 et
3574 862 3796 936 ignorari
3815 863 3949 913 multa

2383 957 2725 1010 vehementer.
2780 954 2847 1009 Et
2888 957 3156 1024 respondit
3201 954 3365 1008 David
3406 956 3617 1009 dicens:
3650 954 3777 1009 Ecce
3799 955 3949 1008 lancea

2381 1052 2518 1123 reqis
2544 1069 2561 1105 :
2592 1051 2801 1105 accedat
2831 1067 2964 1104 unus
3004 1068 3067 1105 ex
3095 1051 3267 1119 pueris
3297 1060 3344 1104 et
3376 1051 3594 1119 accipiat
3626 1066 3752 1103 eam.
3779 1048 3834 1102 Et
3857 1046 3949 1101 Do-

2384 1144 2555 1197 minus
2576 1144 2812 1198 restituat
2842 1142 3118 1209 unicuique
3139 1142 3394 1213 justitias,
3424 1151 3467 1194 et
3486 1140 3638 1209 ﬁdem
3656 1156 3815 1201 suam,
3844 1139 3952 1193 sicut

2382 1236 2599 1289 tradidit
2629 1246 2675 1291 te
2714 1235 2865 1289 hodie
2890 1236 2943 1288 in
2968 1235 3202 1289 manibus
3226 1235 3371 1297 meis,
3400 1243 3447 1288 et
3476 1234 3618 1287 nolui
3640 1233 3839 1302 injicere
3857 1249 3952 1284 ma-

2383 1346 2506 1382 num
2524 1346 2689 1383 meam
2707 1330 2759 1382 in
2783 1329 3032 1382 christum
3067 1327 3297 1381 Domini.
3334 1326 3467 1380 Ecce
3492 1329 3622 1380 sicut
3661 1326 3884 1379 exultavit
3913 1341 3955 1376 se

2382 1426 2558 1478 anima
2587 1435 2677 1478 tua
2701 1426 2753 1477 in
2777 1424 2913 1478 diem
2935 1422 3075 1476 hunc
3098 1432 3215 1476 ante
3237 1422 3412 1477 oculos
3442 1438 3577 1475 meos
3597 1465 3611 1489 ,
3638 1420 3709 1474 sic
3731 1419 3955 1490 signiﬁce-

2383 1532 2469 1575 tur
2497 1520 2671 1572 anima
2703 1535 2814 1573 mea
2838 1519 2889 1571 in
2927 1526 3201 1589 conspectu
3235 1516 3460 1582 Domini,
3489 1526 3534 1569 et
3562 1514 3776 1580 abripiat
3805 1530 3893 1573 me,
3920 1518 3958 1565 et

2384 1623 2526 1667 eruat
2568 1628 2647 1666 me
2687 1628 2749 1666 ex
2784 1611 3021 1664 omnibus
3050 1610 3482 1663 tribulationibus.
3515 1605 3583 1660 Et
3608 1607 3734 1660 dixit
3758 1606 3875 1659 Saul
3903 1605 3959 1655 ad

2384 1704 2554 1759 David
2590 1723 2601 1758 :
2629 1705 2940 1759 Benedictus
2962 1714 3036 1769 tu,
3062 1703 3161 1772 ﬁli,
3185 1713 3231 1756 et
3255 1702 3471 1772 faciens,
3495 1710 3542 1755 et
3576 1711 3747 1768 potens
3773 1699 3958 1765 poteris.

2385 1801 2574 1868 (lbid.,
2592 1801 2645 1871 μί)
2665 1801 2790 1855 Hzcc
2817 1800 3022 1854 idcirco
3042 1798 3235 1861 indidi,
3254 1808 3306 1852 ut
3326 1797 3538 1851 tandem
3556 1810 3740 1864 posses
3752 1793 3962 1862 conjice-

658 1887 834 1944 David
865 1905 883 1943 :
919 1887 1032 1961 Ego
1055 1890 1135 1943 ibo
1166 1899 1353 1943 tecum.
1382 1888 1448 1942 Et
1476 1890 1795 1942 intraverunt
1824 1888 1996 1942 David
2014 1899 2061 1942 et
2091 1889 2283 1944 Abessa
2315 1896 2358 1955 Β
2389 1911 2471 1961 re,
2490 1896 2567 1950 sic
2588 1904 2662 1961 te,
2688 1896 2802 1949 sive
2828 1894 3207 1955 Athanasium,
3238 1893 3351 1946 sive
3382 1904 3479 1945 nos
3498 1890 3686 1960 injuste
3710 1886 3961 1958 persequi,

658 1984 729 2037 ad
760 1983 1008 2057 papulum
1041 1994 1187 2037 nocte
1212 2025 1226 2048 ,
1260 1993 1309 2037 et
1335 1999 1450 2036 ecce
1472 1983 1609 2037 Saul
1638 1983 1926 2036 dormiebat
1950 1983 2003 2036 in
2034 1983 2281 2055 stragulis

658 2082 930 2151 pretiosis,
976 2090 1021 2134 et
1053 2080 1234 2133 lancea
1277 2079 1385 2147 ﬁxa
1433 2077 1501 2130 ad
1547 2088 1702 2149 caput
1748 2081 1861 2149 ejus
1913 2076 2202 2147 pra'elara,
2236 2086 2282 2131 et

656 2174 828 2229 Abner
850 2174 1137 2227 dormiebat
1164 2174 1307 2226 circa
1334 2189 1471 2227 eum.
1501 2170 1569 2225 Et
1598 2173 1733 2225 dixit
1754 2172 1945 2226 Abessa
1970 2171 2038 2223 ad
2070 2170 2240 2224 David
2264 2187 2282 2225 :

657 2269 925 2323 Contlusit
967 2267 1223 2322 Dominus
1275 2266 1430 2321 hodie
1460 2266 1731 2319 inimicum
1784 2277 1929 2319 tuum
1960 2266 2014 2319 in
2045 2266 2284 2320 manibus

654 2362 792 2417 tuis:
824 2370 872 2415 et
906 2378 1041 2414 nunc
1062 2360 1295 2414 occidam
1327 2360 1390 2413 de
1412 2360 1596 2414 lancea
1622 2360 1781 2413 semel
1800 2360 1851 2411 in
1878 2370 2069 2412 terram
2097 2359 2283 2429 ﬁgens,

656 2465 705 2509 et
732 2471 835 2509 non
870 2465 1096 2524 repetam
1127 2454 1295 2510 illam.
1322 2451 1391 2506 Et
1424 2453 1559 2506 dixit
1591 2450 1763 2506 David
1791 2454 1860 2505 ad
1888 2451 2079 2506 Abessa
2110 2468 2128 2504 :
2162 2451 2286 2504 Non

653 2548 923 2618 contingas
955 2545 1106 2599 illum
1138 2562 1156 2599 :
1177 2548 1425 2615 quoniam
1456 2547 1572 2616 quis
1598 2545 1796 2615 injiciet
1823 2561 2029 2597 manum
2052 2560 2201 2597 suam
2233 2546 2285 2597 in

655 2641 911 2697 Christum
947 2640 1188 2706 Domini,
1234 2649 1281 2693 et
1313 2657 1475 2707 purus
1515 2640 1648 2693 erit?
1678 2637 1745 2692 Et
1776 2640 1905 2692 dixit
1934 2637 2105 2693 David
2138 2657 2156 2692 :
2190 2638 2285 2691 Vi-

655 2736 726 2789 vit
760 2733 1039 2798 Dominus,
1068 2734 1314 2804 quoniant
1345 2735 1447 2787 nisi
1482 2732 1745 2786 Dominus
1774 2734 2083 2804 percusserit
2112 2733 2285 2797 illum,

657 2838 750 2883 aut
778 2829 878 2882 nisi
911 2827 1043 2882 hora
1070 2827 1213 2881 illius
1238 2828 1429 2881 venerit
1452 2869 1465 2891 ,
1496 2836 1543 2881 et
1576 2827 1851 2891 moriatur,
1882 2827 1960 2880 vel
1986 2827 2038 2878 in
2063 2841 2288 2896 pugnant

657 2920 987 2974 descenderit
1017 2930 1063 2973 et
1091 2929 1410 2991 apponatur,
1439 2919 1570 2971 mihi
1592 2928 1764 2971 autem
1788 2935 1889 2972 non
1917 2919 2034 2972 sita
2067 2916 2289 2970 Domino

654 3015 871 3079 iniicere
911 3029 1126 3066 manum
1158 3020 1183 3048 ⁸
1212 3014 1266 3065 in
1294 3013 1549 3066 christum
1585 3010 1799 3066 Domini
1833 3026 1853 3065 :
1880 3022 1925 3065 et
1954 3028 2090 3064 nunc
2108 3012 2290 3079 accipe

653 3110 927 3173 lanceam,
955 3122 1070 3177 quin
1109 3116 1185 3161 est
1223 3107 1293 3158 ad
1335 3116 1495 3174 caput
1527 3106 1694 3173 illius,
1732 3116 1779 3159 et
1813 3106 1997 3159 lentem
2028 3122 2198 3173 aqua’,
2240 3121 2288 3171 eg

657 3202 963 3257 recedamus
1011 3217 1126 3254 nos.
1176 3199 1242 3252 Lt
1272 3200 1472 3268 accepit
1524 3197 1695 3252 David
1742 3200 1997 3264 lanceam,
2028 3209 2073 3251 et
2103 3200 2289 3252 lentem

2384 1992 2463 2046 sic
2494 2000 2544 2046 te
2569 1990 2817 2044 famulari
2847 1990 2897 2042 in
2923 1997 3029 2042 tua:
3052 1987 3242 2042 salutis
3260 2000 3465 2046 necem,
3485 1984 3561 2038 sic
3580 1983 3778 2037 tibimet
3796 1981 3965 2035 mortis

2385 2083 2524 2154 apud
2546 2082 2886 2138 divinitatem
2911 2080 3243 2136 contrahere
3264 2079 3521 2149 pericula,
3552 2086 3608 2131 ut
3627 2076 3726 2132 sibi
3752 2092 3841 2145 per
3865 2076 3965 2128 lia‘c

2384 2178 2697 2249 qnazegerit
2718 2176 3061 2231 contraxerit
3092 2173 3322 2229 Saul.Si
3351 2174 3464 2228 haec
3494 2188 3596 2226 non
3625 2172 3693 2226 ita
3723 2180 3867 2230 sunt.
3892 2170 3967 2221 die

2387 2286 2485 2325 cur
2504 2286 2603 2325 nos
2635 2267 3033 2340 persequaris?
3060 2281 3255 2335 nempe
3278 2268 3401 2335 quia
3432 2281 3535 2319 non
3557 2263 3833 2318 fundamus
3857 2276 3968 2313 sai.-

2387 2367 2609 2436 guinem
2636 2362 3184 2429 innocentem.Quem
3200 2360 3283 2414 vis
3310 2361 3598 2424 imitemur,
3620 2368 3757 2417 tene.
3780 2356 3967 2409 antDa—

2386 2457 2510 2510 vid?
2532 2456 2601 2511 de
2643 2454 2807 2509 David
2840 2455 2988 2509 enim
3024 2453 3284 2522 scriptum
3320 2451 3533 2505 invenio
3561 2464 3573 2501 :
3612 2448 3674 2501 Et
3708 2447 3865 2500 David
3894 2463 3967 2498 re-

2388 2552 2563 2623 gnavit
2577 2552 2629 2603 in
2645 2548 2672 2603 I
2677 2549 2887 2614 srael,et
2901 2557 3010 2601 erat
3024 2547 3219 2615 faciens
3224 2546 3482 2616 judicium
3497 2552 3542 2597 et
3546 2543 3795 2616 justitiam
3812 2541 3858 2593 in
3874 2550 3965 2592 toto

2390 2646 2583 2717 populo
2611 2661 2704 2698 suo
2728 2642 2794 2714 (Il
2815 2641 2943 2713 Reg.
2962 2657 3079 2705 viti,
3105 2640 3188 2704 15)
3221 2656 3234 2693 :
3266 2650 3319 2694 te
3336 2653 3465 2693 vero
3484 2651 3602 2693 esse
3619 2632 3968 2691 cernimusiu-

2387 2741 2594 2811 justum
2646 2738 2919 2807 judicent,
2952 2736 3223 2789 cultorum
3280 2732 3374 2786 Dei
3428 2730 3839 2786 interfectorem.
3869 2723 3967 2779 Cur

2392 2848 2494 2888 nos
2538 2829 2935 2902 persequeris?
2966 2843 3161 2897 nempe
3188 2826 3312 2896 quia
3338 2823 3689 2885 uoluerimus,
3724 2830 3775 2873 ut
3803 2829 3853 2873 tu
3890 2832 3965 2880 es,

2394 2928 2510 2981 ﬁeri
2543 2935 2827 2996 apostatze,
2857 2925 2983 2992 quia
3015 2922 3356 2976 uoluerimus
3388 2918 3598 2973 unicum
3649 2915 3735 2968 Dei
3783 2926 3965 2981 negare

2392 3019 2611 3073 Filimn.
2645 3018 2813 3073 David
2845 3017 2984 3071 liber
3002 3025 3055 3069 et
3077 3014 3398 3069 Trinitatem
3420 3012 3648 3081 loquitur
3667 3005 3964 3077 perfectam,

2393 3122 2446 3166 ct
2479 3128 2642 3166 unam
2675 3120 2861 3166 narrat
2904 3108 3168 3164 deitatem
3221 3106 3399 3161 Patris
3444 3113 3495 3159 et
3524 3102 3637 3157 Filii
3666 3110 3715 3155 et
3748 3098 3966 3167 Spiritus

2396 3209 2603 3271 sancti;
2631 3218 2681 3261 et
2716 3215 2771 3259 tu
2790 3219 2913 3259 esse
2945 3204 3497 3270 invenirisapostata.
3522 3196 3708 3263 Quem.
3738 3192 3961 3258 inquam.

654 3313 806 3369 aquce
827 3314 858 3350 a
887 3297 1057 3367 capite
1082 3298 1220 3367 ejus,
1255 3305 1300 3348 et
1324 3294 1561 3349 abierunt
1591 3294 1690 3364 ipsi
1714 3310 1732 3348 :
1760 3304 1808 3349 et
1837 3310 1937 3347 non
1965 3304 2071 3347 erat
2099 3294 2186 3362 qui
2210 3295 2279 3345 υἰ-
2309 3291 2353 3353 C
2389 3314 2620 3369 sequar,
2656 3307 2802 3364 tene,
2845 3312 2913 3351 an
2945 3293 3157 3349 David?
3188 3292 3416 3346 illumne
3464 3289 3717 3343 cultorem
3745 3280 3961 3345 Domini,

655 3394 830 3458 deret,
858 3408 1021 3460 neque
1047 3392 1135 3461 qui
1168 3391 1322 3444 sciret
1349 3432 1364 3455 ,
1396 3400 1443 3444 et
1474 3407 1577 3444 non
1603 3400 1712 3444 erat
1744 3391 1833 3458 qui
1856 3390 2091 3458 vigilaret
2122 3406 2141 3443 :
2164 3406 2275 3443 om-

658 3502 745 3540 nes
785 3485 921 3538 enim
942 3482 1287 3543 dormiebant.
1308 3483 1552 3550 quoniam
1576 3483 1735 3536 timor
1752 3480 1963 3535 Domini
1978 3484 2207 3536 irruerat
2226 3484 2279 3534 in

653 3579 774 3633 illos
804 3594 822 3631 .'
858 3587 907 3630 et
949 3577 1188 3630 transivit
1229 3575 1402 3629 Darid
1445 3587 1655 3641 contra,
1685 3586 1733 3629 ct
1762 3576 1901 3630 stetit
1928 3576 1978 3629 in
2011 3577 2279 3630 cacumine

655 3674 843 3727 montis
883 3672 1059 3742 longe,
1089 3681 1139 3726 et
1169 3680 1279 3724 erat
1310 3686 1556 3741 magnum
1599 3673 1698 3724 iter
1722 3671 1855 3724 inter
1877 3686 1996 3725 eos:
2021 3681 2067 3724 et
2094 3671 2279 3740 depre-

653 3776 801 3821 catus
826 3776 901 3820 est
931 3764 1101 3819 David
1152 3764 1440 3834 populum,
1481 3773 1527 3816 et
1553 3763 1748 3829 Abner,
1774 3775 1821 3816 ct
1852 3763 2052 3817 locutus
2083 3774 2155 3816 est
2198 3764 2278 3815 di-

656 3875 778 3915 cens
812 3875 829 3912 :
859 3857 981 3912 Non
1020 3857 1319 3928 respondis,
1351 3857 1557 3910 Abner?
1592 3855 1658 3909 Et
1686 3859 1949 3927 respondit
1999 3858 2198 3923 Abner,
2232 3867 2278 3909 et

656 3954 826 4008 dixit:
851 3952 980 4017 Quis
1003 3968 1055 4007 es
1085 3960 1139 4005 tu
1164 3952 1255 4020 qui
1283 3966 1433 4004 vocas
1457 3951 1573 4004 me?
1603 3949 1744 4016 Quid
1775 3950 1893 4003 est?
1918 3949 1982 4003 Et
2010 3951 2141 4003 dixit
2169 3949 2277 4002 Da-

653 4049 739 4101 vid
772 4048 844 4101 ad
895 4048 1106 4101 Abner:
1160 4044 1254 4099 Vir
1294 4054 1349 4099 tu
1378 4060 1465 4111 es;
1504 4054 1548 4099 et
1578 4046 1694 4115 quis
1728 4045 1861 4098 sicut
1893 4057 1945 4098 tu
1990 4047 2044 4098 in
2076 4046 2281 4100 Israel?

654 4158 815 4215 quare
846 4158 946 4195 non
968 4139 1194 4194 custodis
1222 4139 1488 4193 dominum
1514 4148 1657 4192 tuum
1686 4138 1893 4210 regem?
1921 4139 2162 4207 quoniam
2190 4139 2275 4192 in-

656 4235 811 4288 travit
834 4251 967 4287 unus
989 4235 1051 4287 de
1072 4234 1264 4303 populo
1294 4232 1593 4302 disperdere
1615 4232 1881 4285 dominum
1908 4242 2053 4285 tuum
2081 4249 2270 4303 regem.

658 4328 785 4383 Non
835 4338 909 4383 est
936 4327 1128 4381 bonum
1158 4327 1254 4381 hoc
1281 4325 1423 4395 quod
1462 4327 1628 4398 fecisti
1664 4341 1680 4379 :
1711 4326 1831 4380 vivit
1864 4322 2123 4380 Dominus
2149 4343 2276 4396 quo-

657 4423 796 4476 niam
823 4422 923 4491 ﬁlii
963 4421 1383 4491 mortiﬁcationis
1413 4437 1500 4474 vos
1530 4421 1674 4483 estis,
1709 4421 1798 4490 qui
1830 4436 1933 4473 non
1960 4421 2277 4475 custodiistis

654 4517 681 4557 δ
714 4518 985 4572 dominum
1014 4533 1185 4589 regem
1215 4525 1476 4583 vestrum,
1508 4516 1760 4569 christum
1782 4513 1996 4567 Domini
2020 4531 2037 4567 :
2062 4525 2110 4568 et
2141 4532 2277 4569 nunc

652 4615 767 4669 vide
798 4612 885 4666 ubi
927 4622 999 4665 est
1033 4613 1213 4666 lancea
1251 4612 1409 4681 regis,
1444 4619 1491 4664 et
1538 4610 1687 4664 lentis
1736 4625 1885 4680 aqute
1912 4624 2029 4679 qute
2067 4620 2176 4663 erat
2207 4609 2276 4661 ad

2383 3393 2783 3447 misericordia:
2835 3400 3168 3454 amatorem;
3200 3402 3270 3441 an
3298 3395 3349 3440 te
3400 3382 3733 3449 sacrilegum,
3762 3375 3965 3430 carniti-

2383 3486 2709 3555 cem?cujus
2736 3484 3019 3554 sapientiae
3056 3484 3219 3535 homo
3243 3476 3581 3549 persequeris
3596 3468 3963 3528 Athanasium?

2383 3578 2611 3633 Mirarer
2644 3590 2697 3632 te
2745 3578 2861 3631 hcce
2891 3590 3051 3645 agere
3072 3614 3087 3641 ,
3115 3574 3160 3628 si
3194 3588 3299 3625 non
3330 3579 3383 3625 et
3426 3568 3609 3622 Achab
3649 3580 3736 3619 rex
3756 3566 3832 3616 sic
3859 3560 3961 3613 lle-

2381 3673 2508 3728 liam
2533 3685 2584 3727 et
2609 3682 2843 3726 caeteros
2866 3670 3081 3723 Domini
3108 3666 3400 3738 prophetas
3420 3664 3603 3718 luisset
3626 3666 3924 3730 persecutus
3950 3671 3961 3705 :

2383 3768 2613 3821 mirarer
2640 3774 2694 3819 te
2725 3763 2976 3834 persequi
3011 3762 3102 3817 Dei
3130 3759 3425 3821 hominem,
3459 3757 3502 3811 si
3530 3771 3629 3808 non
3653 3754 3703 3807 in
3725 3750 3965 3805 omnibus

2383 3869 2435 3914 te
2469 3859 2657 3914 Achab
2685 3873 2809 3912 esse
2855 3871 3163 3912 cernerem.
3194 3853 3431 3922 Denique
3462 3848 3581 3903 talia
3610 3846 3695 3901 tibi
3726 3844 3965 3898 dicuntur

2384 3968 2412 4006 a
2460 3953 2640 4018 nobis,
2673 3949 2851 4019 qualia
2898 3959 2953 4003 et
2988 3949 3067 4003 illi
3112 3963 3139 4000 a
3172 3947 3269 4001 Dei
3318 3945 3458 4000 dicta
3489 3943 3595 3998 sint
3622 3938 3919 3996 domesucis
3952 3954 3961 3987 ;

2388 4046 2516 4099 Νι)Ιὶ
2565 4044 2697 4098 Baal
2734 4042 2922 4107 colere,
2954 4043 3061 4095 noli
3106 4039 3260 4093 idolis
3299 4039 3512 4102 servire,
3553 4034 3638 4089 sed
3674 4032 3813 4096 Deo;
3840 4030 3965 4083 seni

2384 4142 2494 4196 Deo
2520 4142 2760 4207 Abraluv,
2796 4139 2907 4194 Deo
2940 4138 3116 4204 Isaac,
3152 4138 3257 4192 Deo
3287 4135 3471 4197 Jacob,
3493 4133 3617 4187 servi
3646 4130 3747 4184 Deo
3780 4127 3962 4181 lsracl.

2383 4237 2438 4292 Si
2457 4236 2579 4289 talia
2612 4233 2911 4289 meminiSti
2942 4231 3149 4287 dixisse
3175 4230 3383 4284 Ileliam
3414 4236 3469 4283 et
3490 4233 3713 4279 exteros
3736 4221 3965 4292 promte-

2385 4339 2467 4384 tas
2516 4329 2734 4383 Domini
2765 4328 2831 4383 ad
2892 4326 3082 4383 Achab
3134 4333 3437 4396 apostatam
3489 4334 3691 4390 regem,
3751 4316 3966 4369 adverte

2382 4424 2578 4477 similia
2605 4422 2699 4477 tibi
2738 4422 2807 4476 ab
2833 4421 2939 4487 eis,
2968 4420 3164 4491 quibus
3186 4416 3415 4473 docendi
3447 4412 3647 4469 dederit
3684 4409 3965 4462 auctorita.

2383 4527 2489 4572 tem
2526 4517 2804 4580 Dominus,
2834 4515 2961 4569 dici.
2993 4512 3134 4579 Noli,
3159 4510 3458 4574 Constanti,
3491 4523 3606 4562 cum
3628 4503 3835 4559 Arianis
3868 4517 3960 4571 pu-

2380 4627 2547 4682 gnare
2574 4618 2769 4666 contra
2793 4609 3145 4673 Deidomum,
3163 4606 3270 4660 nuli
3301 4601 3642 4658 idololatriam
3670 4596 3776 4650 Arii
3798 4598 3962 4647 intro-

655 4717 809 4780 caput
832 4708 964 4776 ejus.
992 4705 1060 4759 Et
1087 4706 1325 4778 eugnovit
1353 4721 1443 4759 rex
1472 4705 1786 4759 Sanlrocem
1810 4704 2003 4770 David,
2026 4714 2074 4759 et
2099 4706 2230 4758 dixit
2256 4720 2275 4756 .’
2302 4705 2350 4765 D

2261 4720 2275 4756 ῖ
2302 4705 2352 4765 D
2379 4709 2581 4764 ducere
2608 4707 2660 4761 in
2690 4706 3000 4771 ecclesiam,
3031 4704 3137 4758 noli
3172 4715 3367 4770 negare
3406 4694 3612 4751 unicum
3640 4692 3824 4747 Filium
3854 4689 3956 4743 Ini.

665 4800 781 4857 Vox
812 4810 901 4854 tua
930 4798 1060 4865 hac,
1093 4799 1171 4868 ﬁli
1198 4796 1411 4851 David?
1438 4798 1629 4854 Servus
1656 4808 1796 4858 tuus.
1823 4798 2031 4851 domine
2056 4815 2165 4853 rex.
2204 4798 2270 4853 Et

654 4894 846 4967 adjecit
879 4890 1051 4946 David
1084 4890 1190 4946 :Ut
1217 4893 1342 4955 quid
1371 4894 1466 4946 hoc
1498 4893 1821 4962 persequitur
1851 4892 2091 4946 dominus
2132 4909 2272 4947 meus

653 5001 793 5047 retro
832 5004 1037 5044 servum
1087 4987 1280 5041 suum?
1304 4988 1551 5057 quoniam
1578 4986 1704 5056 quid
1732 4986 1950 5056 deliqui,
1981 4996 2027 5040 et
2053 5002 2169 5055 qua:
2199 4997 2271 5042 est

657 5099 689 5137 a
716 5100 795 5137 me
834 5082 1070 5137 malitia?
1100 5089 1147 5135 et
1178 5095 1315 5133 nunc
1345 5079 1526 5132 audiat
1562 5078 1803 5133 dominus
1834 5097 1975 5140 meus
2005 5095 2096 5133 rex
2122 5080 2271 5134 verba

655 5178 827 5233 servi:
854 5176 913 5233 Si
944 5188 965 5215 ο
1006 5174 1263 5230 Dominus
1302 5172 1443 5231 Deus
1475 5185 1594 5230 tuus
1626 5176 1811 5229 incutit
1838 5186 1885 5230 te
1912 5176 1963 5229 in
1993 5192 2159 5230 meum
2180 5176 2274 5230 do—

655 5272 841 5338 lorem,
866 5282 912 5325 et
932 5270 1186 5324 victimam
1202 5271 1570 5326 immolationis
1592 5286 1609 5324 :
1637 5270 1777 5340 quod
1800 5270 1843 5322 si
1863 5270 1959 5337 ﬁlii
1977 5269 2263 5333 hominum,

657 5367 923 5422 maledicti
951 5364 1046 5420 bid
1071 5367 1124 5419 in
1155 5378 1433 5435 conspectu
1454 5365 1690 5431 Domini,
1714 5366 1960 5432 quoniam
2010 5367 2271 5435 ejecerunt

658 5481 737 5519 me
758 5464 915 5519 hodie
944 5480 1048 5517 non
1078 5462 1446 5530 conﬁrmatum
1474 5478 1581 5516 esse
1600 5463 1653 5516 in
1675 5470 2040 5516 testamentum
2094 5458 2270 5513 Domi-

658 5561 733 5621 ni.
766 5560 991 5615 dicentes
1023 5576 1039 5614 :
1079 5557 1247 5625 Vade,
1273 5560 1402 5611 servi
1430 5559 1528 5612 diis
1549 5558 1755 5612 alienis.
1783 5556 1851 5610 Et
1885 5573 2022 5610 nunc
2052 5572 2153 5611 non
2182 5572 2269 5608 ca.

659 5654 745 5710 det
770 5658 981 5728 sanguis
1022 5673 1165 5711 meus
1207 5656 1262 5710 in
1292 5664 1483 5709 terram
1514 5666 1630 5710 ante
1664 5665 1993 5726 conspectum
2040 5653 2274 5721 Domini,

735 5802 761 5832 ⁸
792 5794 1009 5849 Manum
1032 5811 1219 5850 meam.
1254 5793 1434 5849 Vatic.
1466 5803 1524 5847 ut
1548 5793 1600 5848 in
1631 5793 1849 5849 (ιι-ωσι).

730 5864 757 5904 ιι
786 5866 1113 5922 Custodistis.
1144 5868 1321 5921 Vatic.

734 5948 754 5976 ε
785 5942 843 5994 δὲ
857 5940 1110 5997 Dominus
1130 5938 1272 5993 Deus
1288 5950 1405 5994 tuus
1425 5938 1608 5993 incutit
1631 5949 1698 6006 te,
1712 5938 1765 5992 in
1780 5954 1861 5993 me
1881 5937 2123 5993 adoretur
2143 5937 2286 5992 victi-

2378 4802 2570 4857 dcsine
2591 4800 2841 4871 persequi
2858 4796 3210 4869 apostolicam
3235 4804 3393 4864 atque
3409 4788 3763 4859 evangelicam
3784 4784 3961 4836 tidem.

2380 4895 2507 4952 Ηωο
2555 4895 2681 4964 quia
2726 4893 2996 4957 dicamus,
3050 4888 3298 4944 videmur
3343 4900 3462 4941 esse
3504 4881 3599 4936 tibi
3629 4877 3821 4934 inimici
3850 4894 3863 4927 :
3892 4876 3964 4928 sic

2380 4988 2602 5045 fuerunt
2624 4988 2735 5058 regi
2783 5001 2909 5042 vera
2934 4985 3036 5041 sibi
3060 4983 3310 5039 dicentes
3337 4977 3556 5034 inimici.
3589 4974 3964 5029 Percurramus

2380 5083 2618 5153 denique
2642 5096 2890 5151 quaenam
2915 5079 3113 5134 iuerint
3132 5089 3270 5144 orta,
3297 5089 3414 5144 qua:
3436 5070 3567 5126 facta
3597 5068 3735 5121 inter
3759 5062 3964 5117 Heliam

2382 5176 2597 5233 Domini
2638 5174 2961 5245 prophetam
2989 5182 3045 5228 et
3083 5171 3271 5227 Achab
3321 5179 3466 5223 tuum
3496 5168 3885 5230 coapOstatam;
3916 5167 3965 5207 et

2378 5270 2625 5327 invenies
2656 5278 2708 5325 te
2753 5283 2874 5324 esse
2919 5267 3081 5322 hodie
3124 5263 3328 5320 Achab.
3380 5257 3542 5317 Vit-it.
3572 5251 3739 5323 inquit
3767 5248 3962 5304 Helias.

2380 5367 2665 5433 Dominus,
2707 5366 2790 5418 cui
2838 5363 3023 5418 assiste
3070 5370 3188 5415 ante
3228 5363 3570 5427 conspectum,
3598 5349 3640 5403 si
3679 5348 3776 5402 erit
3814 5344 3963 5397 annis

2374 5463 2487 5518 istis
2517 5477 2603 5515 ros
2647 5470 2692 5514 et
2720 5459 2918 5529 pluvia,
2970 5458 3070 5511 nisi
3114 5470 3202 5525 per
3245 5450 3442 5505 verbum
3470 5448 3569 5503 oris
3598 5444 3688 5497 mei
3714 5440 3804 5512 (Ill
3836 5437 3960 5504 Reg.

2377 5571 2510 5622 xvit,
2536 5554 2614 5627 1).
2642 5554 2796 5622 Quod
2841 5554 3028 5624 utique
3063 5565 3183 5605 cum
3217 5547 3488 5618 impletum
3520 5541 3735 5601 fuisset,
3762 5534 3962 5588 debue-

2378 5662 2463 5709 rat
2504 5669 2699 5709 vecors
2742 5663 3079 5723 cognoscere
3097 5661 3285 5702 verum
3316 5644 3477 5699 Deum
3500 5638 3669 5692 solum
3691 5638 3959 5703 potentem

2384 5808 2540 5845 mam.
2571 5789 2753 5845 Latin.
2777 5803 2846 5843 ex
2881 5785 3037 5855 Vulg.
3068 5792 3123 5840 et
3150 5783 3365 5855 Grzt‘co.
3396 5777 3641 5832 Dominus
3664 5770 3798 5825 Deus
3821 5768 3961 5820 iiira-

2382 5864 2467 5919 tit.
2500 5862 2676 5917 Vatic.
2700 5864 2908 5916 omisso
2937 5853 3078 5921 tuus,
3110 5867 3166 5911 ut
3199 5857 3248 5908 in
3281 5853 3485 5909 Cra-co.

2470 5932 2497 5972 ἀ
2521 5932 2701 6003 οὗτοι,
2733 5933 2914 5989 Graec.
2950 5930 3093 6001 quod
3123 5926 3389 5985 omittitur
3411 5938 3435 5977 a
3465 5920 3646 5979 Sabat.
