4292 6426
183 449 271 504 8H

1252 447 1387 502 PRO
1425 444 1698 503 SANC'I'O
1739 444 2140 500 A'l‘llANASlO
2180 443 2309 499 LIB.
2352 444 2392 498 ι.

3364 442 3473 497 842

181 566 334 613 totum
387 572 496 613 non
539 556 727 622 fuisse,
785 554 887 609 nisi
920 556 1069 611 illuni
1096 598 1107 617 ,
1154 556 1240 611 cui
1290 558 1520 612 serviret
1564 556 1765 611 llelias.
1795 560 1845 619 Α
1873 556 2020 609 illum
2041 555 2289 609 vocabant
2322 555 2375 607 in
2398 569 2516 608 uoce
2543 569 2749 627 magna,
2774 563 2822 607 et
2847 554 3084 610 secabant
3110 572 3164 610 se
3196 556 3477 610 secundum

179 650 302 719 Quid
328 650 435 719 agit
462 648 687 705 Achab?
730 647 884 702 Videt
913 664 1007 718 per
1033 650 1323 703 triennium
1353 659 1407 703 et
1438 665 1503 705 eo
1534 649 1771 719 amplius

180 759 277 798 non
305 758 425 799 esse
470 741 731 811 pluviam,
762 752 815 795 et
859 745 1029 812 magis
1058 752 1140 797 est
1171 742 1330 796 idoli.»
1360 743 1626 807 serviens,
1660 758 1773 797 Ina—

176 839 252 908 gis
289 848 371 893 est
395 842 622 907 cupiens
670 837 981 893 interﬁcere
1031 837 1263 891 llcliam.
1296 836 1459 892 Audit
1510 838 1606 893 Dei
1646 853 1769 907 pro-

178 928 321 999 pheta
347 944 445 983 ore
473 928 726 998 sacrilegi
760 930 947 983 Achab
976 946 988 983 :
1023 929 1083 984 Si
1116 940 1140 965 α
1166 940 1219 983 tu
1250 947 1302 983 es
1328 932 1457 1001 ipse,
1481 932 1569 999 qui
1591 932 1771 984 erertis

178 1020 435 1091 Israel(ll|
454 1022 580 1094 Heg.
607 1039 762 1088 XVIII,
786 1024 905 1092 l7)?
936 1024 1028 1079 Sic
1048 1033 1101 1079 et
1124 1035 1178 1076 III
1203 1024 1339 1078 dicis
1357 1026 1656 1079 Athanasio
1686 1025 1770 1079 vel

177 1118 345 1183 IIthis,
379 1115 523 1185 quod
549 1116 694 1171 enim
739 1132 840 1171 nos
869 1116 894 1153 δ
928 1133 1117 1171 δυηιιιδ
1153 1126 1435 1171 vertentes
1474 1117 1569 1171 Dei
1604 1133 1774 1186 popu-

173 1208 300 1271 lum,
351 1222 472 1261 cnin
525 1218 582 1262 tu
627 1208 703 1261 sis
748 1208 814 1261 ad
868 1218 1013 1262 tuam
1064 1209 1466 1278 suscipiendam
1514 1209 1769 1265 literesint

173 1300 511 1355 Christianos
536 1314 845 1355 convocans
876 1318 887 1351 :
938 1302 1032 1354 sed
1072 1301 1229 1355 audis
1261 1317 1287 1353 a
1340 1301 1498 1355 noliis
1528 1317 1647 1371 qua:
1678 1318 1772 1355 au-

175 1393 270 1449 diit
299 1393 479 1449 Achah
510 1394 598 1449 ille
636 1394 812 1447 cultor
846 1394 1172 1448 itlnlnlatiir
1203 1396 1274 1449 ali
1306 1395 1459 1449 llelia
1490 1395 1729 1463 glorioso
1758 1415 1769 1448 :

175 1486 290 1540 Non
319 1504 408 1540 nos
432 1489 705 1541 et'ertimns
736 1486 831 1540 Dei
860 1487 1092 1553 domum,
1120 1490 1207 1541 sed
1230 1490 1409 1543 ei'ertis
1438 1500 1493 1542 tu
1514 1502 1560 1543 et
1592 1490 1774 1543 domus

172 1579 324 1647 patris
347 1580 442 1631 tui.
479 1582 584 1634 Aut
614 1580 839 1651 negabis
871 1580 1006 1633 nihil
1052 1593 1102 1635 te
1129 1584 1399 1651 cogitare,
1437 1580 1542 1636 nisi
1576 1592 1631 1635 ut
1661 1599 1776 1636 om-

171 1687 264 1726 nes
286 1686 381 1726 nos
414 1685 758 1741 (Onposlatas
779 1673 982 1728 etlicias
1019 1686 1088 1727 tiu
1113 1676 1182 1729 s?
1213 1676 1316 1728 Sed
1345 1686 1401 1728 nt
1422 1692 1693 1745 nepetam
1713 1676 1780 1731 de

176 1764 338 1820 llclim
366 1774 420 1819 et
441 1764 631 1821 Achab
659 1766 843 1821 dicere
872 1768 1081 1822 actibus
1109 1786 1121 1823 :
1157 1767 1226 1821 Et
1247 1770 1376 1821 dixit
1413 1769 1593 1823 Helias
1620 1786 1637 1823 :
1666 1770 1776 1841 Ego

174 1874 273 1911 non
303 1870 440 1913 t'erto
474 1857 673 1924 Israel,
721 1862 809 1912 sed
849 1863 1033 1914 erertis
1084 1872 1137 1913 tu
1168 1873 1215 1914 et
1246 1862 1426 1915 domus
1471 1863 1631 1932 patris
1679 1864 1773 1929 tui,

1870 648 2288 701 consuetudinem
2312 663 2459 701 suam
2488 646 2676 717 gladiis
2705 657 2749 699 et
2774 648 3040 702 novaculis
3067 664 3227 717 usque
3251 650 3317 703 atl
3340 647 3478 715 effu-

1869 741 2067 795 sionem
2108 740 2373 811 sanguinis
2403 755 2559 808 super
2588 756 2664 802 se,
2691 748 2740 793 et
2761 741 3138 810 praphetabant
3168 758 3325 811 usque
3353 742 3480 795 dum

1871 835 2115 890 transiret
2146 835 2423 897 meridies;
2444 845 2489 887 et
2517 837 2710 904 factum
2731 843 2805 887 est
2828 836 3080 904 quomodo
3108 844 3131 870 ι’
3151 846 3345 906 tempus
3371 845 3483 889 erat

1872 935 1927 978 ut
1956 927 2251 979 accenderet
2282 922 2661 992 (sacriﬁcium,
2687 934 2733 979 et
2759 925 2960 978 locutus
2999 935 3071 979 est
3107 924 3288 979 Helius
3316 924 3486 980 Thes-

1874 1017 2001 1071 bites
2053 1020 2121 1070 ad
2162 1017 2440 1086 prophetas
2480 1017 2656 1070 dicens
2687 1034 2705 1070 :
2746 1016 3005 1090 Discedite
3051 1019 3263 1085 amodo,
3316 1028 3361 1071 et
3392 1033 3485 1088 ego

1874 1111 2063 1182 faciam
2088 1113 2550 1165 holocaustomata.
2588 1109 2654 1163 Et
2695 1112 3038 1165 discesserunt
3060 1122 3105 1165 et
3133 1113 3408 1175 abierunt;
3437 1123 3485 1165 et

1875 1205 2005 1258 dixit
2035 1204 2221 1260 Helias
2250 1208 2315 1259 ad
2347 1206 2641 1274 papulum:
2673 1206 2911 1259 Accedite
2936 1206 3007 1259 ad
3034 1224 3131 1259 me.
3166 1205 3231 1259 Et
3261 1221 3489 1261 accesse-

1873 1309 1995 1352 runt
2017 1316 2191 1353 omnes
2214 1302 2395 1369 populi
2416 1299 2486 1352 ad
2512 1317 2648 1365 eum,
2678 1311 2722 1354 et
2750 1303 2947 1370 accepit
2991 1301 3174 1354 Helias
3214 1301 3486 1354 duodecim

1875 1392 2077 1459 lapides
2105 1392 2387 1446 secundum
2417 1409 2689 1447 numerum
2720 1392 2882 1446 tribus
2910 1391 3101 1459 Israel,
3126 1396 3254 1447 sicut
3286 1400 3490 1447 locutus

1876 1495 1951 1538 est
1982 1483 2237 1540 Dominus
2263 1487 2332 1539 ad
2366 1503 2484 1540 eum
2524 1488 2699 1541 dicens
2733 1502 2753 1540 :
2778 1485 2951 1540 Israel
2974 1487 3068 1540 erit
3106 1504 3291 1541 nomen
3318 1498 3483 1541 tuum.

1878 1578 1946 1632 Et
1970 1580 2244 1642 a'diﬁcauit
2288 1580 2519 1648 lapides,
2549 1591 2597 1635 et
2640 1582 2862 1635 restituit
2890 1581 3058 1635 altare
3107 1581 3317 1636 Domini
3351 1585 3491 1653 quod

1878 1674 2184 1740 dissipatum
2201 1677 2388 1744 fuerat,
2412 1684 2458 1727 et
2483 1674 2605 1742 fecit
2626 1680 2843 1743 foveam,
2866 1692 2980 1745 qua:
3000 1686 3204 1743 caperet
3226 1677 3357 1731 duas
3381 1695 3491 1733 me-

1881 1778 2039 1822 tretas
2069 1770 2280 1823 seminis
2306 1770 2359 1822 in
2390 1785 2519 1839 gyro
2544 1769 2729 1822 altaris
2761 1780 2806 1822 et
2830 1772 3135 1839 constipavit
3158 1773 3322 1825 scizas
3345 1782 3370 1820 ε
3402 1790 3491 1826 su-

1880 1878 1968 1929 per
1993 1862 2159 1916 altare
2185 1862 2324 1931 quod
2350 1863 2507 1931 fecit,
2534 1872 2581 1915 et
2612 1861 2978 1915 dementbraoit
3018 1861 3407 1929 holocaustum,
3438 1874 3489 1917 et

171 1956 291 2007 dum
341 1955 629 2024 relinquitis
660 1970 744 2008 vos
797 1954 1073 2008 Dominum
1118 1954 1278 2007 Deum
1321 1965 1577 2019 nostrum,
1610 1966 1655 2008 et
1696 1956 1777 2009 itis
1808 1939 1853 1998 Β
1880 1955 2125 2020 imposuit
2150 1956 2376 2018 scisam,
2408 1966 2455 2006 et
2482 1955 2688 2022 stipaoit
2710 1970 2866 2023 super
2894 1955 3057 2008 altare
3078 1996 3093 2019 ,
3124 1968 3169 2007 et
3193 1955 3323 2009 dixit
3351 1970 3371 2010 :
3398 1956 3500 2009 Ac-

173 2057 283 2110 post
312 2045 462 2099 Baal.
506 2046 575 2099 Et
622 2064 761 2099 nunc
794 2048 956 2112 mitte,
1008 2058 1051 2101 et
1081 2066 1337 2120 congrega
1359 2049 1427 2100 ad
1473 2066 1552 2102 me
1579 2066 1779 2103 onmem

168 2136 331 2192 Israel
380 2139 432 2191 in
473 2150 698 2193 montem
744 2139 985 2206 Carmeli,
1038 2152 1083 2195 et
1135 2144 1411 2209 promittas
1459 2144 1780 2213 confusionis

176 2232 571 2302 quadringentos
600 2233 996 2302 quinquaginta,
1028 2245 1073 2287 et
1100 2236 1374 2303 prophetas
1397 2238 1627 2289 lucorum
1654 2253 1782 2305 qua-

167 2328 464 2398 dringentos
486 2368 501 2390 ,
531 2326 900 2381 manducantes
933 2338 979 2379 et
1005 2329 1231 2381 bibentes
1258 2330 1310 2381 in
1340 2346 1517 2382 mensa
1545 2329 1779 2385 Iezabel.

168 2418 234 2472 Et
265 2420 399 2472 misit
426 2436 519 2473 rex
550 2420 723 2473 Achab
746 2421 815 2473 ad
837 2430 1037 2473 omnem
1069 2419 1269 2486 Israel,
1301 2432 1345 2474 et
1373 2423 1575 2494 collegit
1608 2439 1783 2476 omnes

166 2510 440 2582 praphetas
488 2512 541 2564 in
590 2524 811 2566 montem
843 2512 1068 2566 Carmeli
1102 2530 1120 2566 :
1162 2523 1207 2567 et
1236 2516 1446 2567 accessit
1490 2513 1671 2569 Helias
1714 2516 1786 2567 ad

164 2623 359 2672 omnes,
407 2616 454 2661 et
497 2607 629 2661 dixit
653 2609 726 2660 eis
752 2624 769 2659 .·
819 2606 1097 2675 Usqttequo
1143 2624 1227 2662 vos
1280 2608 1588 2661 claudicatis
1631 2624 1784 2662 sensu

166 2702 369 2752 vestro?
396 2699 440 2752 si
474 2709 550 2753 est
578 2697 834 2751 Dominus
876 2698 1037 2765 Deus,
1069 2702 1135 2753 ite
1164 2712 1276 2770 post
1308 2703 1494 2768 ipsum.
1524 2701 1584 2757 Si
1615 2712 1783 2755 autent

167 2788 303 2842 Baal
342 2800 439 2851 est,
479 2791 546 2843 ite
573 2801 687 2857 post
714 2792 881 2844 illum.
918 2790 980 2843 Et
1014 2809 1114 2845 non
1156 2793 1422 2860 respondit
1450 2794 1525 2846 illi
1562 2796 1784 2861 populus

166 2882 376 2936 verbum
404 2901 423 2936 :
448 2893 495 2936 et
526 2883 657 2936 dixit
690 2882 878 2936 Helias
908 2885 975 2936 ar!
1006 2886 1255 2955 populum
1299 2886 1474 2938 dicens
1502 2902 1520 2939 .'
1553 2883 1668 2957 Ego
1700 2903 1786 2939 su-

169 2978 342 3045 peravi
377 2988 398 3015 ε
430 2978 575 3029 solus
604 2973 628 3012 ά
663 2980 1032 3047 praphetarum
1060 2976 1271 3031 Domini
1294 2996 1447 3043 unus,
1480 2990 1526 3032 et
1558 2982 1784 3049 prophe-

167 3078 235 3122 ιω
267 3070 424 3140 hujus
472 3067 605 3122 Baal
634 3072 1001 3138 quadringenti
1032 3074 1403 3140 quinquaginta
1430 3074 1521 3125 riri
1548 3114 1562 3135 ,
1592 3084 1638 3125 et
1666 3090 1787 3143 pro-

165 3162 336 3232 pheta:
386 3163 623 3215 lucorum
678 3162 1079 3234 quadringenti;
1126 3166 1313 3217 dentur
1341 3181 1460 3234 ergo
1505 3167 1651 3219 nobis
1680 3166 1784 3219 duo

163 3255 338 3317 bores,
366 3264 413 3306 et
439 3254 634 3323 eligant
664 3255 759 3307 sibi
791 3256 872 3307 illi
904 3272 1063 3308 unum
1085 3298 1098 3319 ,
1127 3267 1175 3309 et
1202 3256 1547 3310 demembrent
1567 3298 1581 3322 ,
1613 3268 1658 3310 et
1687 3258 1785 3310 im-

1882 2048 2033 2118 cipile
2054 2049 2181 2102 mihi
2201 2058 2427 2118 quatuor
2452 2048 2666 2119 hydrias
2688 2063 2861 2113 aquw,
2885 2059 2932 2101 et
2956 2045 3203 2113 e/fundite
3226 2066 3382 2119 super
3404 2049 3495 2103 ho-

1883 2141 2189 2207 locaustum,
2221 2152 2267 2195 et
2294 2158 2447 2212 super
2472 2143 2682 2195 scisam.
2719 2138 2786 2193 Et
2828 2141 2961 2194 dixit
2995 2154 3014 2193 :
3043 2138 3243 2193 Iterum
3289 2140 3491 2206 a/ferte.

1887 2235 1949 2288 Et
1976 2237 2162 2289 iterum
2190 2238 2496 2289 attulerunt.
2542 2234 2609 2287 Et
2639 2235 2773 2288 dixit
2804 2250 2822 2287 :
2855 2234 3087 2304 Repetite
3112 2235 3283 2287 tertio.
3314 2233 3381 2287 Et
3410 2251 3492 2288 re-

1887 2328 2138 2395 petierant
2182 2329 2355 2393 tertio,
2384 2337 2432 2381 et
2460 2329 2700 2380 manabat
2725 2342 2857 2394 aqua
2899 2326 2952 2377 in
2987 2325 3210 2378 circuitu
3255 2326 3498 2388 sacrarii,

1886 2429 1930 2473 et
1984 2423 2183 2489 foueam
2237 2420 2577 2487 impleverunt
2624 2436 2780 2486 aqua.
2844 2415 2912 2468 Et
2961 2416 3202 2469 clamavit
3237 2415 3419 2469 Helias
3447 2417 3502 2469 in

1885 2510 2087 2575 ctelum,
2141 2520 2191 2563 et
2222 2511 2351 2563 dixit
2377 2526 2395 2565 .'
2442 2508 2696 2565 Dominus
2724 2506 2867 2563 Deus
2898 2508 3162 2561 Abraham
3184 2550 3198 2570 .
3233 2519 3281 2562 et
3306 2508 3492 2576 Isaac,

1885 2616 1933 2662 et
1962 2605 2148 2671 Israel,
2167 2606 2358 2659 exaudi
2385 2622 2484 2670 me,
2504 2604 2741 2671 Domine,
2770 2605 2957 2659 exaudi
2987 2622 3065 2659 me
3094 2606 3250 2659 hodie
3277 2607 3330 2659 in
3353 2607 3497 2678 igne,

1887 2711 1940 2753 ut
1983 2702 2149 2754 sciant
2173 2698 2200 2736 ¹ι
2232 2701 2400 2753 omnis
2427 2701 2654 2771 papulas
2676 2701 2779 2765 hic,
2807 2700 3051 2769 quoniam
3084 2709 3138 2753 tu
3160 2717 3212 2754 es
3244 2699 3499 2753 Dominus

1888 2790 2026 2846 Deus
2058 2791 2251 2856 Israel,
2292 2804 2341 2846 et
2369 2809 2461 2862 ego
2491 2808 2663 2846 seruus
2692 2802 2833 2856 tuus,
2860 2802 2907 2845 et
2943 2803 3151 2860 prapter
3180 2802 3229 2844 te
3260 2793 3359 2862 feci
3388 2790 3499 2846 haec

1889 2903 2066 2955 opera,
2096 2897 2139 2940 et
2171 2898 2226 2939 tu
2250 2888 2467 2939 rersasti
2491 2885 2506 2922 ί
2535 2902 2623 2938 cor
2648 2887 2828 2954 populi
2854 2886 3013 2958 hujus
3040 2896 3198 2941 retro.
3231 2884 3296 2939 Et
3315 2887 3503 2940 cecidit

1887 2980 2021 3050 ignis
2040 2997 2070 3031 a
2100 2978 2323 3032 Domino
2346 2978 2410 3032 de
2427 2979 2576 3043 coelo,
2600 2989 2647 3033 et
2665 2979 2883 3033 comedit
2898 2980 3217 3045 holocausta,
3242 2990 3293 3034 et
3313 2982 3499 3047 srisas,

1888 3083 1934 3125 et
1960 3090 2150 3143 aquam
2178 3088 2293 3143 qua:
2322 3074 2509 3125 eratin
2531 3074 2714 3137 altare,
2747 3084 2795 3127 et
2825 3073 3026 3143 lapides
3052 3083 3097 3126 et
3130 3086 3319 3127 terram
3351 3075 3504 3128 linxit

1887 3166 2019 3237 ignis
2048 3182 2065 3218 :
2105 3176 2151 3219 et
2192 3165 2375 3219 cecidit
2406 3174 2538 3219 totus
2565 3166 2790 3235 populus
2832 3182 2987 3235 super
3018 3168 3204 3238 faciem
3239 3184 3419 3235 suam,
3450 3179 3502 3223 et

1890 3260 2023 3311 dixit
2051 3275 2063 3310 :
2103 3257 2229 3312 Vere
2251 3256 2513 3312 Dominus
2542 3258 2683 3311 Deus
2714 3260 2823 3329 ipse
2845 3270 2920 3311 est
2953 3257 3111 3313 Deus.
3142 3259 3207 3312 Et
3232 3259 3366 3314 dixit
3398 3262 3505 3316 Hc-

165 3355 367 3417 ponant
391 3363 505 3400 eum
530 3364 685 3415 super
712 3348 932 3417 lignum,
962 3359 1010 3401 et
1039 3350 1209 3419 ignem
1241 3368 1342 3404 non
1386 3362 1714 3419 supponunt;
1740 3362 1787 3404 et
1816 3335 1861 3398 C
1895 3351 1991 3405 lias
2032 3351 2102 3403 ad
2128 3352 2379 3420 populum
2410 3367 2427 3403 :
2483 3351 2744 3420 Suscipite
2774 3353 3053 3421 prOphetas
3077 3350 3232 3415 Baal.
3266 3369 3414 3410 nemo
3444 3360 3511 3411 sit
3578 3370 3583 3379 '

164 3459 262 3513 ego
294 3445 487 3513 faciam
514 3442 689 3496 bouem
715 3443 957 3506 alterum,
978 3454 1025 3495 et
1049 3446 1216 3513 ignem
1248 3463 1349 3499 non
1377 3463 1690 3515 supponant.
1724 3444 1789 3499 Et

161 3538 390 3590 clamate
416 3538 471 3590 in
496 3538 702 3591 nomine
724 3537 944 3591 deorum
977 3551 1259 3591 vestrorum
1287 3551 1333 3592 et
1359 3556 1452 3609 ego
1480 3539 1714 3593 clamabo
1737 3540 1789 3592 in

162 3632 379 3685 nomine
409 3629 507 3684 Dei
540 3632 657 3698 mei,
691 3642 738 3685 et
764 3633 859 3686 erit
886 3633 969 3685 hic
1001 3631 1138 3688 Deus
1163 3635 1471 3703 quicumque
1499 3634 1791 3687 exaudim'it

163 3739 263 3777 nos
294 3723 349 3776 in
373 3723 525 3795 igne,
562 3723 647 3776 hic
673 3726 768 3777 erit
809 3723 968 3777 Deus.
1005 3722 1072 3778 Et
1112 3728 1379 3792 respondit
1419 3728 1586 3779 omnis
1619 3744 1788 3795 popu-

161 3820 288 3882 lus,
356 3828 404 3871 et
455 3817 696 3871 dixerunt
725 3834 743 3869 :
788 3818 990 3871 Bonum
1040 3819 1245 3872 terbum
1290 3819 1428 3887 quod
1470 3821 1674 3873 locutus
1713 3830 1788 3873 cst

165 3911 377 3965 Ilelias.
408 3909 473 3964 Et
504 3910 635 3963 dixit
664 3909 849 3965 Helias
873 3911 942 3963 ad
973 3911 1251 3981 praphetas
1278 3913 1596 3980 confusionis
1622 3929 1639 3967 :
1676 3911 1789 3966 Eli-

159 4003 274 4075 gite
304 4001 443 4056 vobis
470 4002 686 4056 vitulum
720 4018 877 4055 unum
904 4013 948 4057 et
995 4005 1150 4071 facite
1180 4005 1398 4075 priores,
1428 4005 1673 4073 quoniam
1702 4021 1787 4059 vos

160 4096 322 4149 multi
354 4096 505 4160 estis,
531 4104 579 4171 et
608 4097 826 4149 clamate
850 4097 903 4149 in
929 4098 1133 4151 nomine
1162 4098 1376 4151 deorum
1400 4109 1681 4153 uestrorum
1704 4139 1718 4164 ,
1742 4111 1787 4153 et

158 4189 345 4259 ignem
375 4188 535 4242 nolite
557 4204 869 4257 supponere.
899 4187 965 4243 Et
996 4201 1302 4255 acceperunt
1325 4192 1563 4254 vitulum,
1585 4205 1633 4245 et
1656 4195 1786 4263 {ece-

156 4293 325 4346 runt;
355 4290 403 4336 et
447 4282 753 4337 invocabant
789 4284 843 4336 in
872 4286 1075 4337 nomine
1106 4283 1238 4338 Baal
1274 4302 1306 4339 a
1347 4301 1493 4338 inane
1530 4302 1692 4351 usque
1717 4288 1786 4339 ad

155 4390 458 4442 vesperam,
486 4385 534 4428 et
562 4374 799 4429 dicebant
825 4390 842 4427 :
870 4373 1079 4429 Exaudi
1103 4392 1219 4440 nos,
1250 4373 1414 4441 Baal,
1445 4376 1636 4430 exaudi
1668 4393 1780 4432 nos.

157 4467 235 4522 Et
270 4484 377 4521 non
401 4468 502 4538 fuit
523 4468 637 4522 istis
662 4483 761 4522 uox
782 4484 942 4537 neque
962 4469 1162 4523 auditio
1195 4485 1213 4522 :
1240 4468 1303 4523 Et
1329 4470 1571 4540 apposuit
1604 4469 1787 4526 Helias

153 4560 439 4617 Thesbites
466 4560 641 4614 dicens
674 4576 691 4615 :
735 4559 978 4614 Invocate
1005 4562 1059 4615 in
1088 4577 1209 4615 uoce
1236 4578 1422 4633 magna
1464 4564 1681 4630 pariter,
1722 4579 1786 4617 ne

154 4660 307 4727 forte
337 4664 623 4726 occupatus
643 4655 729 4719 sit,
760 4655 836 4709 vel
867 4654 1232 4723 dormiatipse,
1252 4667 1300 4709 et
1328 4654 1681 4710 suscitabitur.
1714 4653 1783 4709 Et

1890 3447 2063 3500 salvus
2101 3462 2166 3500 ex
2194 3444 2321 3499 illis.
2353 3444 2420 3499 Et
2465 3458 2807 3513 susceperunt
2844 3446 2983 3512 illos,
3007 3456 3055 3499 et
3086 3447 3301 3502 deduxit
3335 3452 3347 3498 i
3386 3451 3507 3506 illos

1892 3538 2078 3592 Helias
2104 3538 2173 3592 ad
2200 3547 2480 3592 torrentem
2508 3535 2688 3601 Cison,
2723 3548 2769 3591 et
2792 3537 2982 3591 occidit
3004 3538 3126 3593 illos
3156 3540 3258 3605 ibi;
3285 3552 3335 3594 et
3376 3543 3507 3596 dixit

1888 3634 1955 3686 ad
1982 3632 2157 3686 Achab
2188 3649 2207 3685 :
2249 3631 2515 3685 Manduca
2559 3641 2603 3683 et
2644 3631 2776 3697 bibe,
2800 3633 3042 3697 quoniam
3086 3650 3186 3688 uox
3210 3645 3283 3687 est
3315 3639 3504 3702 pedum

1889 3726 2095 3793 pluuia.
2141 3723 2210 3778 Et
2237 3725 2466 3777 ascendit
2493 3722 2668 3777 Achab
2690 3765 2706 3788 ,
2737 3734 2793 3776 ut
2820 3724 3157 3779 manducaret
3188 3737 3235 3780 et
3259 3727 3449 3783 biberet
3483 3746 3501 3785 .'

1886 3830 1932 3873 et
1964 3818 2143 3873 Ilclias
2171 3818 2401 3873 ascendit
2426 3819 2481 3871 in
2516 3816 2840 3885 Carmelum,
2878 3829 2923 3871 et
2948 3820 3213 3874 inclinauit
3242 3839 3295 3876 se
3320 3825 3373 3876 in
3402 3835 3506 3878 ter

1884 3928 2025 3979 ram,
2056 3922 2103 3966 et
2128 3912 2299 3982 pasuit
2326 3910 2511 3981 faciem
2546 3926 2692 3963 suam
2728 3910 2860 3963 inter
2889 3927 3079 3981 genua,
3107 3922 3156 3966 et
3181 3914 3311 3968 dixit
3341 3932 3503 3984 puero

1886 4021 1980 4060 suo
2011 4022 2029 4058 :
2052 4004 2284 4058 Ascende
2306 4013 2353 4056 et
2380 4002 2617 4072 prospice
2643 4003 2779 4055 viam
2804 4003 2986 4058 maris.
3012 4002 3079 4057 Et
3100 4007 3324 4073 respexit
3352 4024 3501 4076 puer,

1888 4108 1933 4152 et
1979 4097 2110 4150 dixit
2153 4113 2283 4167 puer
2311 4111 2329 4149 :
2363 4093 2486 4149 Non
2516 4093 2543 4131 ¹ί
2574 4104 2648 4148 est
2690 4093 2839 4149 nihil.
2874 4094 3180 4167 Circumage
3211 4107 3259 4151 te
3286 4102 3495 4168 septies.

1888 4189 1956 4243 Et
1985 4189 2182 4257 factum
2214 4197 2289 4241 est
2321 4188 2373 4241 in
2417 4187 2633 4258 septimo
2657 4226 2673 4251 ,
2703 4196 2752 4240 et
2781 4203 2899 4241 ecce
2926 4186 3075 4243 nubis
3104 4191 3320 4260 pusilla,
3352 4194 3500 4263 quasi

1887 4282 2155 4354 uestigium
2177 4279 2400 4334 hominis
2420 4278 2681 4332 adducens
2698 4293 2887 4348 aquam
2907 4281 2971 4333 de
2990 4281 3144 4336 mari.
3176 4280 3246 4335 Et
3271 4282 3403 4338 dixit
3421 4286 3501 4339 illi

1890 4373 2071 4432 Helias
2096 4373 2391 4437 :Ascende,
2412 4382 2459 4425 et
2485 4372 2567 4425 dic
2590 4371 2659 4425 ad
2681 4371 2854 4426 Achab
2882 4389 2900 4427 :
2926 4371 3102 4445 Junge
3123 4392 3332 4430 currum
3353 4388 3495 4432 tuum

1887 4478 1932 4522 et
1963 4466 2203 4533 ascende,
2236 4483 2298 4520 ne
2342 4466 2746 4538 comprehendat
2788 4478 2837 4522 te
2881 4468 3079 4537 pluuia.
3109 4467 3179 4523 Et
3201 4474 3396 4540 factum
3428 4487 3501 4529 est

1886 4561 2005 4613 hinc
2033 4570 2079 4614 et
2100 4560 2236 4623 inde,
2254 4569 2300 4611 et
2320 4560 2503 4612 caelum
2532 4558 2962 4614 contenebricavit
2990 4557 3007 4597 ¹
3040 4562 3279 4628 nubibus,
3305 4573 3352 4617 et
3371 4581 3495 4618 ren-

1885 4654 1973 4720 tis,
1999 4662 2047 4706 et
2074 4654 2212 4723 facta
2226 4660 2298 4705 est
2328 4650 2505 4721 pluuia
2526 4667 2713 4722 magna
2735 4667 2754 4706 :
2774 4661 2824 4705 et
2847 4651 3085 4723 plorabat
3111 4662 3156 4708 et
3194 4654 3299 4709 ibat
3319 4656 3497 4712 Achab

240 4784 267 4811 ιι
305 4773 354 4828 Α
400 4772 589 4827 Sahnl.
645 4772 882 4827 omissus
923 4770 1258 4836 versiculus,
1299 4770 1393 4840 qui
1425 4785 1549 4825 cum
1594 4769 1788 4825 Graeco
1813 4770 1867 4831 D
1907 4839 1931 4842 _
1962 4764 1989 4804 ἀ
2022 4765 2380 4842 Solusdemit
2404 4765 2581 4842 Latin.
2617 4765 2725 4821 Sed
2753 4766 3039 4842 retinenda
3066 4784 3207 4837 vox,
3241 4787 3362 4842 qua:
3388 4775 3496 4829 vim

150 4848 382 4915 optilltt‘
405 4846 667 4897 Ctilm't‘cl.

239 4916 269 4955 1»
317 4913 443 4969 Non
483 4930 659 4967 smnus
701 4923 949 4968 vertentes
994 4913 1126 4969 dicit
1158 4929 1309 4968 more
1339 4914 1654 4969 Grmcornm
1686 4928 1783 4983 pro

150 5006 272 5044 non
319 4986 588 5047 vertimus,
631 4993 694 5055 et
740 4989 978 5037 vertimus
1022 5000 1119 5055 pro
1159 4986 1466 5055 evertimus;
1512 4986 1650 5039 sicut
1705 4985 1779 5039 ait

149 5059 344 5132 paulo
396 5057 534 5110 infra
566 5073 579 5109 :
618 5053 731 5132 Nos
754 5072 855 5108 non
896 5053 1165 5132 evertimus
1190 5054 1287 5108 Dei
1311 5058 1541 5132 domum.
1573 5056 1664 5132 sed
1686 5064 1780 5121 tu;

149 5126 218 5189 id
257 5139 349 5184 est
381 5146 481 5181 non
506 5128 861 5199 perturbamus
889 5126 984 5179 Dei
1005 5129 1357 5191 domummon
1387 5129 1776 5197 confundimus,

150 5219 340 5273 neque
384 5198 699 5273 delinquere
729 5198 949 5273 facimus
983 5199 1077 5273 Dei
1104 5199 1383 5273 populum,
1448 5200 1780 5269 quemadmo-

152 5270 305 5329 duin
332 5288 423 5326 vos
452 5272 656 5324 Ariani.
685 5270 892 5325 Deinde
939 5271 1103 5337 paulo
1138 5270 1361 5324 inferius
1389 5281 1583 5324 vertere
1627 5286 1785 5323 usur-

152 5352 268 5417 ρηι
295 5357 400 5410 pro
429 5340 831 5417 convertere.si_c
856 5341 1109 5417 inquiens
1132 5360 1143 5393 :
1172 5340 1282 5394 Nec
1302 5351 1413 5405 post
1445 5352 1587 5417 tanta
1605 5342 1785 5417 digna-

153 5411 260 5471 iur
290 5424 451 5470 semet
478 5424 671 5468 vertere
693 5413 760 5466 ad
782 5411 967 5471 Deum,
989 5412 1039 5464 id
1064 5422 1164 5474 est,
1189 5422 1480 5465 convertere
1495 5413 1563 5464 ad
1593 5411 1784 5476 Deum,

149 5499 213 5544 et
244 5502 372 5541 eum
395 5485 674 5551 obsecrari,
707 5494 762 5539 ut
782 5484 879 5552 ipsi
900 5484 965 5535 sit
987 5485 1291 5536 misericors.
1320 5483 1361 5537 T
1367 5483 1420 5537 il.
1442 5483 1561 5538 etla
1584 5484 1784 5537 Cerda.

146 5559 427 5616 Adverle
458 5566 638 5610 tamen
664 5561 715 5611 in
739 5557 856 5625 ipso
886 5566 1036 5609 textu
1054 5554 1255 5609 editum
1285 5555 1450 5609 fuisse
1473 5572 1563 5607 nos
1588 5571 1786 5620 sumus,

148 5644 313 5691 etc.,
348 5642 513 5698 quam
544 5629 872 5685 locIIIiOncm
905 5628 1225 5687 retinemus.
1248 5642 1371 5679 cum
1402 5636 1455 5680 et
1482 5627 1791 5698 ἰιιινηιιιιιοέ

146 5702 348 5757 tinnis
372 5697 436 5752 et
463 5702 750 5754 sententias
798 5709 940 5752 ratio
982 5698 1030 5750 id
1067 5700 1305 5765 [Instulel
1340 5714 1351 5748 :
1388 5713 1550 5751 error
1584 5697 1789 5751 librarii

145 5774 320 5831 forte
348 5771 575 5839 irrepsit
608 5772 659 5823 in
694 5780 877 5824 notam
907 5769 1047 5825 Tilii.
1075 5768 1162 5822 ubi
1190 5786 1289 5821 non
1326 5783 1422 5836 pro
1444 5785 1534 5821 nos
1565 5770 1791 5821 editum.

245 5856 270 5883 ο
316 5844 423 5898 Prn
445 5857 741 5908 supersum,
775 5842 829 5895 id
859 5854 941 5893 est
963 5841 1102 5893 solus
1125 5842 1255 5893 inter
1279 5839 1373 5892 Dei
1404 5856 1544 5893 ueros
1565 5842 1792 5910 prophe-

144 5931 244 5973 tas
296 5914 531 5970 remansi
562 5922 611 5965 et
638 5928 941 5977 supersum,
964 5912 1051 5983 qui
1081 5928 1167 5967 vos
1203 5912 1597 5983 quadringentos
1635 5913 1794 5983 falsos

145 5989 313 6048 Baal
343 5985 627 6060 prophetas
654 5984 872 6036 vincant.
905 5984 1009 6039 'l‘il.
1042 5994 1097 6040 ct
1127 5984 1175 6038 la
1204 5984 1399 6040 Cerda.

480 6078 759 6142 PATBOL.
799 6075 975 6137 Xlll.

1893 4839 2095 4894 Gra‘ca:
2141 4838 2400 4892 dictionis
2430 4841 2726 4911 μονώτατος
2774 4841 2997 4909 egregie
3043 4838 3302 4909 exprimit
3341 4846 3501 4903 alteri

1889 4910 2011 4965 voci
2044 4927 2176 4963 unus
2207 4910 2494 4978 c0njnntha
2513 4952 2526 4970 ,
2557 4910 2709 4979 quasi
2737 4911 3013 4964 nnissintus
3042 4911 3275 4970 diceres.

1966 4992 1989 5018 θ
2027 4983 2130 5036 l’ro
2161 4982 2387 5048 quando.
2422 4979 2527 5034 Til.
2559 4991 2612 5034 et
2636 4982 2685 5035 la
2712 4982 2907 5037 Cerda.

1966 5052 1985 5091 ί
2018 5053 2207 5108 SahaI.
2238 5052 2539 5105 ascenderet
2564 5052 2718 5118 juxta
2747 5052 2925 5107 Graec.
2949 5057 3221 5116 ἀναϐῆναι.

1963 5136 1987 5171 κ
2018 5125 2084 5200 l_d_
2107 5134 2208 5187 est,
2235 5122 2441 5191 collegit
2460 5123 2691 5200 schisas_._
2718 5126 2767 5177 id
2794 5134 2875 5178 est
2906 5125 3047 5200 ligna
3072 5144 3193 5198 quas
3218 5141 3494 5200 secuorat,

1887 5206 1943 5253 et
1972 5196 2210 5250 sciderat
2234 5209 2400 5263 super
2421 5195 2618 5268 altare.
2651 5194 2782 5249 Nam
2812 5199 3018 5268 σχίζειν
3034 5194 3266 5254 scindere
3294 5216 3379 5255 est
3409 5194 3496 5259 vel

1884 5283 2095 5343 secare,
2135 5275 2191 5320 et
2234 5270 2406 5343 exigat
2450 5266 2667 5343 lignum
2715 5266 2923 5321 sectum
2950 5308 2967 5336 ,
3009 5281 3067 5325 et.
3110 5271 3163 5326 in
3198 5274 3495 5343 particulas

1884 5340 2202 5394 discissum.
2236 5336 2342 5391 Tit.
2372 5348 2418 5390 et
2441 5338 2492 5391 la
2519 5338 2701 5391 Cerdo.

1961 5408 1986 5482 If
2014 5410 2151 5482 tium
2175 5408 2700 5482 Gruecnyyéwaay;
2733 5410 3091 5482 sciatilegitur
3113 5430 3142 5470 a
3174 5413 3360 5471 Sabat.

1971 5480 2123 5556 {Pro
2149 5480 2406 5543 avertisti,
2437 5494 2499 5534 ac
2526 5483 2570 5533 si
2603 5481 2832 5556 diceret,
2864 5480 3085 5555 Propter
3120 5487 3372 5539 malitiam
3401 5506 3499 5556 po-

1890 5553 2001 5625 puli
2031 5556 2144 5623 ejus
2166 5569 2278 5625 eum
2301 5560 2433 5625 retro
2456 5562 2557 5604 ate
2583 5554 2847 5618 auertisti;
2874 5553 2995 5622 qua:
3024 5553 3410 5625 interpretatio.
3433 5561 3501 5616 ad

1891 5621 2200 5680 versantem
2234 5621 2556 5695 Hebraicam
2587 5626 2813 5695 propius
2840 5628 3072 5681 accedit.
3107 5621 3212 5681 Tit.

1973 5697 1987 5744 i
2031 5695 2388 5750 Deduxerunt.
2428 5693 2600 5749 Vatic.

1969 5765 2176 5838 'FMnre
2220 5765 2447 5838 Grircn,
2480 5781 2580 5838 ρῳ
2630 5782 2734 5821 non
2774 5776 2849 5821 est
2894 5768 3123 5838 aliquid,
3157 5771 3244 5827 vel
3285 5786 3386 5827 non
3428 5783 3505 5829 est

1897 5837 2198 5909 quidquam.
2233 5838 2260 5890 Ἰ
2280 5836 2339 5909 il.
2360 5848 2414 5892 et
2442 5838 2492 5891 la
2525 5835 2724 5894 Cerdo.

1978 5909 1995 5947 1
2027 5908 2081 5985 Id
2100 5922 2185 5985 est
2204 5908 2428 5985 ,_ctzlum
2457 5908 2782 5985 tenebrosum
2796 5912 3151 5985 etobscurum
3172 5916 3360 5985 factum
3389 5926 3465 5971 est
3490 5958 3504 5985 ,

1900 5981 2059 6039 sicuti
2092 5983 2146 6035 lit
2174 5980 2503 6039 adveniente
2524 5983 2722 6051 pluvia.
2754 5980 2894 6039 Ibid.

2947 6078 3025 6137 27
