4292 6404
652 385 760 445 845
1764 386 2093 447 LUCIFERI
2135 388 2449 451 EPISCOPI
2489 390 2915 452 CALARITANI
3880 410 3961 467 844

648 509 707 562 in
726 515 749 543 τι
773 505 1022 573 Israe!,et
1043 521 1229 560 manus
1249 503 1453 560 Domini
1465 504 1642 561 eratin
1656 502 1709 559 II
1716 506 1870 561 etiam
1885 504 1972 575 (Ill
1987 506 2276 583 Reg.xvm,
2308 506 2363 571 Α
2389 507 2519 576 Dei,
2547 511 2834 583 cognoscit
2863 511 3045 569 Helias
3070 511 3226 586 diligi
3266 529 3326 573 se
3355 533 3382 573 a
3420 519 3528 575 Deo
3556 536 3569 574 :
3600 529 3779 576 contra
3807 523 3963 581 Achab

650 603 767 672 18).
801 600 1173 671 Cognoscisin
1192 614 1299 671 qua
1316 600 1674 671 perversitate
1697 599 1929 657 hodietu
1944 601 2020 672 sis
2046 617 2277 659 manens
2385 601 2557 660 Heliae
2583 615 2905 676 perseeutor
2941 605 3014 662 ita
3047 615 3130 664 est
3166 609 3354 677 miser,
3382 614 3520 668 utin
3554 612 3748 669 diaboli
3784 631 3962 685 semper

650 695 703 749 in
736 709 841 764 qua
867 694 1201 749 manseritet
1228 693 1419 750 Achab
1448 710 1461 747 :
1486 693 1555 749 de
1584 694 1753 749 tantis
1777 694 1984 750 etenim
2017 694 2191 769 signis
2213 710 2276 752 ac
2384 706 2656 767 potestate
2697 698 2883 755 luerit.
2922 699 3014 758 Sic
3042 700 3398 760 Athanasium
3440 707 3585 779 juste
3641 708 3810 778 puniri
3839 724 3961 765 man-

648 791 915 863 prodigiis
944 790 1207 847 exhibitis
1239 807 1346 847 non
1377 790 1635 862 dignatur
1662 790 1908 864 gaudere
1934 806 2064 847 cum
2098 808 2273 865 popu-
2381 791 2523 851 dasti
2552 794 2828 867 quomodo
2855 804 2907 853 et
2954 795 3171 855 Jezabel
3216 797 3555 859 Nabutheum
3590 812 3613 842 ⁸
3644 802 3918 861 lsraelitem
3947 825 3957 859 :

644 886 723 953 lo,
751 886 848 942 sed
871 885 1359 949 dolet,eurllelias
1373 884 1698 942 sacerdotes
1712 900 1774 941 ac
1792 886 2277 957 prophetasidolo-
2380 888 2462 943 sic
2499 897 2552 944 tu
2579 904 2743 946 veros
2776 899 2943 947 testes
2970 890 3279 963 produxisti
3309 904 3499 952 contra
3528 898 3891 963 Athanasium,
3917 912 3961 955 ut

648 998 773 1039 rum
813 980 983 1037 fuerit
1009 981 1516 1038 aususinterlicere
1540 1000 1554 1038 :
1576 997 1682 1037 nec
1712 990 2001 1053 postlanta
2021 982 2280 1054 dignatur
2380 983 2457 1039 illi
2490 985 2868 1057 produxerunt
2897 986 2965 1042 ad
2994 1002 3131 1058 quos
3175 989 3471 1060 scripserat
3505 991 3723 1050 Jezsbel
3754 994 3958 1052 dicens:

641 1086 821 1134 semet
851 1086 1072 1134 vertere
1094 1076 1159 1132 ad
1192 1076 1388 1142 Deum,
1416 1075 1514 1132 sed
1534 1076 1707 1149 magis
1736 1074 1914 1133 adhuc
1938 1075 2057 1147 ejus
2088 1091 2276 1146 perse-
2376 1076 2628 1153 Jejunate
2659 1078 2678 1119 τ
2703 1081 2991 1153 jejunium,
3020 1091 3068 1135 et
3088 1083 3263 1138 sedeat
3294 1083 3597 1141 Nabutlieus
3622 1088 3675 1142 in
3707 1088 3863 1156 primo
3886 1105 3961 1156 po-

638 1174 827 1243 qnitur
873 1170 1166 1226 cultorem.
1219 1168 1387 1225 Videt
1430 1171 1557 1241 quia
1603 1182 1689 1227 est
1721 1170 1864 1226 Deus
1894 1170 1945 1224 in
1998 1169 2272 1237 Helia,et
2379 1174 2526 1243 pulo,
2571 1186 2618 1230 et
2669 1176 2918 1232 collocata
2959 1178 3088 1232 duos
3110 1178 3245 1235 uiros
3292 1180 3431 1248 ﬁlios
3475 1182 3767 1255 iniquorum
3804 1194 3962 1238 con’ra

641 1264 817 1336 magis
845 1264 1044 1335 qumrit
1069 1263 1187 1333 ejus
1212 1264 1474 1318 animam.
1501 1262 1785 1333 Conspicit
1809 1261 2109 1333 prophetas
2142 1264 2269 1319 Baal
2375 1286 2524 1333 eum,
2554 1281 2601 1325 et
2630 1280 2878 1327 testentur
2921 1272 3166 1329 adversus
3214 1292 3330 1332 eum
3372 1278 3591 1334 dicentes
3622 1295 3642 1333 :
3672 1279 3963 1333 Malediristi

638 1368 695 1415 et
718 1358 969 1414 lucorum
1000 1358 1170 1414 fuisse
1196 1356 1593 1414 dzemoniornm
1623 1357 1889 1421 cultores.
1913 1368 1968 1415 et
2000 1358 2125 1414 illos
2155 1373 2269 1413 nta-
2376 1360 2663 1418 Dominum
2703 1374 2750 1419 et
2770 1381 2974 1438 regem;
3016 1376 3063 1422 et
3094 1367 3330 1425 deducite
3374 1388 3523 1435 eunt,
3559 1382 3603 1426 et
3632 1372 3902 1443 lapidetur,
3925 1388 3961 1430 et

633 1455 719 1527 gis
741 1457 906 1511 etiam
931 1454 1236 1510 exstinctos
1265 1452 1464 1523 diligit,
1491 1467 1653 1522 quam
1683 1467 1832 1517 eum,
1860 1468 2023 1524 quem
2046 1461 2127 1509 tot
2152 1466 2266 1507 mo-
2374 1457 2629 1512 moriatur
2660 1455 2826 1531 (Ibid.
2860 1474 2976 1526 ιιι,
3002 1461 3081 1531 9).
3113 1461 3264 1518 Talia
3293 1472 3420 1519 sunt
3443 1480 3600 1536 opera
3632 1482 3773 1523 nunc
3802 1479 3960 1524 vestra

632 1547 721 1604 dis
742 1548 1058 1605 adverterat
1089 1547 1184 1602 Dei
1214 1545 1600 1602 domesticum.
1635 1548 1711 1602 ita
1736 1557 1789 1602 et
1820 1556 1874 1601 tu
1901 1562 1997 1603 eos
2024 1544 2266 1617 dignaris
2372 1549 2704 1607 Arianorum
2743 1570 2755 1607 :
2789 1567 2915 1610 reos
2946 1569 3045 1611 nos
3068 1554 3278 1625 dicitis,
3312 1557 3606 1629 impingitis
3652 1560 3843 1628 multa,
3876 1579 3960 1619 nec

633 1641 886 1713 diligere,
918 1656 1058 1712 quos
1098 1639 1322 1695 Ineresis
1352 1640 1574 1696 Arianae
1607 1650 1769 1695 secta:
1803 1640 1953 1696 vides
1988 1639 2261 1707 homines,

634 1745 691 1792 et
726 1751 787 1793 es
815 1735 908 1791 Dei
936 1734 1187 1791 cultores
1209 1750 1371 1806 quam
1406 1737 1675 1791 acerrime
1695 1750 2052 1807 persequens.
2082 1735 2261 1791 Pauca

631 1831 705 1887 de
734 1830 918 1886 multis
949 1830 1122 1901 gestis
1154 1830 1297 1884 inter
1329 1829 1517 1884 Achab
1555 1838 1609 1885 et
1646 1829 1857 1885 Heliam
1894 1828 2101 1884 idcirco
2131 1828 2261 1884 duxi

2372 1645 2608 1703 testibus
2638 1645 2796 1704 falsis
2843 1649 3052 1721 egetis,
3081 1649 3185 1719 ipsi
3230 1650 3375 1706 enim
3426 1662 3591 1709 testes
3635 1656 3687 1709 in
3726 1657 3961 1713 omnibus

2368 1739 2489 1795 falsi
2519 1740 2671 1795 estis.
2714 1740 2806 1797 Sic
2836 1758 2931 1797 vos
2969 1743 3061 1798 lilii
3093 1742 3413 1814 perditionis
3453 1745 3638 1803 Ariani
3674 1749 3960 1807 interficere

2371 1835 2596 1890 tentatis
2628 1833 3023 1904 Athanasium,
3058 1838 3331 1905 quomodo
3363 1839 3695 1899 Nahutlteum
3724 1843 3957 1910 Jezabel;

631 1924 737 1981 tibi
769 1923 1089 1995 ingerenda,
1112 1930 1171 1977 ut
1198 1923 1377 1994 possis
1407 1938 1635 1978 noscere
1657 1921 1683 1961 ιι
1712 1938 1828 1991 vos,
1854 1938 1922 1978 ex
1955 1938 2063 1993 quo
2094 1923 2261 1978 Deum
2300 1933 2326 1993 ι

2300 1933 2343 1993 Β
2373 1938 2649 2002 tamquam
2696 1932 2928 2002 possetis
2972 1931 3153 1987 omnia
3184 1934 3570 2002 conspicientis
3595 1936 3828 2008 eli‘ngerc
3856 1954 3958 1993 ma-

631 2016 1039 2088 derelinquitis,
1066 2032 1244 2087 neque
1264 2017 1453 2088 signis,
1478 2032 1654 2085 neque
1678 2015 1937 2087 prodigiis
1958 2015 2115 2071 facile
2133 2031 2261 2072 con-

632 2113 772 2169 verti
795 2111 861 2167 ad
882 2127 1030 2175 eum,
1055 2110 1149 2167 sed
1178 2112 1351 2181 magis
1374 2111 1426 2164 in
1448 2110 1650 2165 vestris
1671 2109 1932 2165 durantes
1954 2110 2260 2177 erroribus,

629 2216 689 2263 ut
717 2206 922 2263 beStias
964 2207 1233 2260 immanes
1270 2204 1465 2259 stevire
1498 2208 1550 2259 in
1582 2219 1803 2275 gregem
1840 2205 1933 2260 Dei
1963 2206 2259 2260 cultorum.

633 2301 1000 2374 Deprecamur
1024 2310 1097 2367 te,
1121 2299 1430 2365 Constanti,
1456 2317 1523 2356 ne
1554 2298 1729 2355 adhuc
1764 2300 1816 2355 in
1844 2300 1931 2357 his
1966 2300 2070 2355 tuis
2104 2299 2261 2354 malis

626 2400 872 2472 digneris
904 2398 1201 2465 demorari,
1240 2398 1333 2454 sed
1368 2400 1541 2468 magis
1582 2412 1830 2469 emergas
1882 2412 1909 2450 a
1954 2395 2260 2451 turbinibus

628 2494 859 2561 diaboli,
883 2510 949 2549 ne
975 2493 1064 2548 illa
1089 2492 1563 2564 comprehendant
1597 2503 1646 2548 te
1666 2492 1827 2557 mala,
1853 2507 1973 2562 quzc
1997 2490 2183 2546 Achab
2205 2499 2259 2545 et

623 2587 870 2645 Jezahel.
904 2585 1019 2642 Nec
1046 2586 1097 2640 in
1125 2602 1192 2642 eo
1215 2586 1369 2642 dicas
1392 2586 1608 2642 felicem
1638 2597 1708 2652 te,
1729 2585 1852 2656 quia
1881 2594 2072 2655 potens
2095 2585 2169 2639 sis
2192 2584 2259 2639 ad

625 2681 726 2738 Dei
751 2679 1158 2750 persequendos
1180 2679 1429 2734 homines
1452 2698 1462 2733 :
1485 2677 1701 2749 quando
1724 2679 1906 2731 videas
1927 2677 2168 2745 potuisse
2190 2675 2259 2731 ad

625 2775 853 2844 petitum
886 2774 1053 2829 Heliae
1093 2772 1368 2841 exstingui
1401 2769 1592 2827 Achab
1631 2780 1686 2826 et
1712 2769 1965 2834 Jezabel,
1995 2778 2050 2824 et
2079 2779 2257 2824 tamen

622 2868 827 2924 l'tteriut
850 2865 1149 2931 reservati,
1182 2874 1240 2917 ut
1268 2863 1481 2933 plenius
1511 2874 1564 2917 et
1596 2862 1764 2917 Helia:
1792 2861 1889 2917 Dei
1917 2861 2152 2917 hominis
2178 2870 2259 2917 to-

620 2961 850 3017 lerantia
878 2960 1062 3015 luisset
1095 2958 1398 3013 beatiliCata
1429 2968 1484 3011 et
1512 2957 1730 3011 illorum
1766 2956 1983 3026 impleta
2009 2957 2259 3026 impieta-

622 3057 691 3111 tis
734 3070 988 3111 mensura
1030 3072 1043 3108 :
1081 3056 1234 3125 quasi
1280 3066 1409 3107 vero
1457 3066 1564 3106 non
1616 3060 1799 3121 posset
1841 3049 2025 3106 Helias
2072 3059 2256 3118 petere

619 3152 813 3217 Deum,
835 3163 892 3205 ut
922 3150 1180 3206 arderent
1209 3156 1590 3219 persecutores
1620 3146 1900 3216 religionis
1925 3146 2042 3216 ejus
2076 3145 2252 3200 idolo-

621 3264 743 3303 rum
773 3246 1034 3302 cultores.
1072 3244 1253 3315 Ignem
1286 3242 1420 3311 petit
1451 3239 1566 3294 dari
1602 3238 1669 3293 de
1701 3238 1843 3293 cutio
1888 3239 1955 3293 ad
1985 3237 2253 3293 sacrificia

619 3340 1029 3403 consumenda;
1058 3337 1205 3391 illico
1223 3333 1509 3390 descendit
1532 3332 1736 3402 pluvia,
1753 3346 1875 3402 qua:
1893 3331 2127 3386 triennio
2146 3330 2253 3386 lue-

2371 2041 2525 2079 num.
2577 2024 2699 2081 Scis
2741 2024 3055 2081 vindicasse
3086 2026 3255 2081 Deum
3304 2029 3619 2100 sanguinem
3672 2029 3954 2098 Nabutbei,

2369 2126 2603 2173 mortem
2637 2117 2757 2188 ejus
2782 2117 2851 2174 de
2873 2118 3125 2175 manibus
3153 2120 3556 2177 interfectorum
3584 2124 3952 2195 exquisivisse:

2367 2220 2422 2266 et
2468 2211 2756 2267 arbitraris
2787 2227 2853 2268 ex
2902 2213 3010 2269 tuis
3040 2213 3291 2271 manilius
3323 2233 3427 2272 non
3470 2217 3632 2272 Deum
3674 2218 3954 2287 exquisitu-

2367 2320 2487 2361 rum
2520 2306 2845 2376 sangninem
2892 2308 3195 2363 sacerdotis
3225 2310 3306 2364 sui
3337 2310 3648 2366 Athanasii?
3682 2311 3742 2365 Et
3770 2322 3796 2360 ε
3834 2315 3952 2368 dixit

2365 2396 2626 2453 Dominus
2652 2400 2721 2453 ad
2768 2398 2980 2455 Heliam
3015 2400 3307 2457 Thesbitent
3347 2403 3518 2458 dicens
3550 2420 3568 2458 :
3598 2403 3764 2477 Surge
3796 2416 3840 2459 et
3872 2407 3953 2459 de-

2363 2492 2553 2546 scende
2575 2492 2630 2547 in
2655 2491 2853 2547 obviam
2879 2493 3053 2547 Achab
3079 2495 3192 2565 regi
3220 2493 3404 2559 Israel,
3428 2497 3513 2563 qui
3533 2507 3602 2551 est
3628 2498 3679 2551 in
3702 2496 3949 2563 Samaria,

2365 2585 2491 2656 quia
2536 2584 2621 2638 hic
2669 2585 2722 2638 in
2750 2585 2950 2639 vineam
2996 2583 3267 2639 Nabutltei
3297 2586 3586 2653 descendit,
3626 2598 3677 2642 ut
3708 2590 3948 2658 possideat

2364 2696 2495 2734 eum.
2535 2678 2600 2733 Et
2623 2680 2760 2733 dices
2784 2679 2853 2733 ad
2884 2694 3000 2733 eum
3030 2695 3049 2734 :
3084 2678 3212 2735 Htec
3233 2679 3355 2735 dicit
3380 2679 3626 2735 Dominus
3652 2696 3669 2735 :
3698 2680 3949 2748 Quomodo

2363 2770 2597 2826 occidisti
2636 2770 2989 2837 Nabujlteunt,
3022 2781 3069 2826 et
3098 2771 3366 2842 possedisti
3387 2772 3580 2828 vineam
3603 2774 3730 2844 ejus,
3755 2784 3950 2841 prapter

2365 2865 2460 2921 hoc
2487 2866 2594 2921 ltarc
2619 2866 2745 2919 dicit
2778 2862 3031 2919 Dominus
3056 2881 3073 2919 :
3098 2863 3166 2919 In
3195 2869 3309 2919 loco
3331 2865 3381 2918 in
3404 2882 3503 2936 quo
3533 2866 3783 2920 finxerunt
3809 2882 3949 2918 canes

2362 2968 2408 3012 et
2439 2976 2557 3012 sues
2589 2959 2893 3030 sanguinem
2936 2957 3219 3024 Nabuthei,
3250 2959 3319 3013 ibi
3358 2959 3549 3030 litigent
3576 2976 3721 3014 canes
3745 2961 3949 3031 stingui-

2362 3068 2474 3105 nem
2504 3062 2669 3115 tuum,
2700 3062 2745 3105 et
2792 3052 3093 3124 fornicaria:
3121 3050 3361 3106 iuvabunt
3388 3052 3441 3105 in
3469 3053 3713 3124 sanguine
3756 3062 3859 3105 tuo.
3888 3051 3951 3105 Et

2361 3144 2492 3199 dixit
2506 3146 2683 3200 Achab
2708 3146 2777 3199 ad
2795 3144 3000 3201 Heliam
3017 3161 3035 3199 .'
3052 3144 3111 3200 Si
3133 3145 3369 3200 inuenisti
3384 3162 3479 3211 me,
3500 3146 3769 3202 inimicusll
3787 3148 3950 3202 meus?

2362 3242 2428 3299 Et
2464 3242 2596 3297 dixit
2631 3240 2813 3297 IIelias
2847 3258 2864 3295 :
2890 3238 3094 3306 Inveni,
3124 3241 3365 3310 quoniam
3396 3240 3625 3312 cogitasti
3650 3242 3813 3311 [acere
3844 3258 3949 3295 ma-

2364 3339 2503 3408 ligne
2548 3345 2665 3391 ante
2696 3343 3024 3407 conspectum
3074 3332 3320 3397 Domini,
3374 3338 3428 3389 u't
3457 3335 3772 3391 exacerbares
3815 3354 3945 3390 eum

618 3436 901 3492 ratablata
922 3444 975 3489 et
997 3432 1279 3488 mensibus
1307 3444 1436 3494 sex;
1466 3436 1623 3498 petit,
1649 3436 1705 3482 et
1730 3425 1877 3480 illico
1901 3424 2064 3481 datur
2085 3440 2245 3497 aqua,
2276 3406 2322 3468 (ἶ
2365 3406 2491 3486 [fago
2531 3430 2656 3484 dicit
2700 3406 2955 3484 Dominus
2984 3443 3003 3483 :
3036 3426 3171 3484 Ecce
3199 3445 3291 3503 ego
3318 3429 3504 3483 induco
3531 3446 3680 3500 super
3705 3443 3750 3486 te
3790 3433 3944 3496 mala,

616 3528 1017 3603 quamplurima
1075 3527 1229 3597 signa
1286 3523 1452 3588 liunt;
1497 3530 1551 3576 et
1598 3520 1872 3591 exstingui
1917 3518 2011 3574 Dei
2043 3519 2247 3573 inimici

622 3623 692 3677 ad
742 3621 970 3693 petitum
1021 3617 1194 3674 Helia:
1246 3632 1353 3670 non
1387 3622 1706 3685 patuerunt,
1740 3626 1863 3667 eum
1913 3611 2078 3667 etiam
2128 3610 2249 3666 illos

620 3717 923 3774 honoratos
943 3710 1446 3785 quinquagenarias
1482 3706 1547 3762 ad
1575 3706 1746 3762 Helia:
1774 3706 1980 3760 dictum
2013 3704 2246 3759 descen-

618 3816 756 3869 dens
804 3812 944 3881 ignis
974 3803 1424 3877 consumpserit?
1475 3801 1647 3856 Vides
1696 3799 1861 3856 hodie
1894 3815 2087 3871 posse,
2118 3798 2244 3871 quia

623 3904 975 3980 persequaris
1004 3898 1388 3964 Athanasium,
1420 3895 1509 3950 vel
1542 3909 1641 3949 nos
1667 3902 1719 3949 te
1744 3891 1971 3948 fulmine
1999 3902 2091 3947 aut
2112 3907 2248 3962 quo-

619 4002 755 4057 libet
785 3997 949 4053 modo
972 3992 1246 4064 exstingui
1277 4002 1322 4058 ο,
1355 3989 1451 4045 sed
1497 3987 1773 4045 reservari
1801 3985 1865 4041 ad
1907 3987 2033 4053 hoc,
2065 3994 2125 4041 ut
2156 3995 2249 4041 aut

620 4107 673 4150 te
702 4086 1012 4155 convertas,
1040 4095 1134 4141 aut
1157 4084 1337 4139 omnis
1368 4081 1540 4155 possit
1560 4080 1775 4152 impleri
1805 4080 2109 4151 iniquitatis
2142 4087 2247 4134 tua:

619 4198 899 4243 mensura.
945 4179 1380 4249 Persequebatur
1423 4175 1611 4232 Achab
1663 4190 1759 4230 rex
1808 4174 2043 4239 Heliam,
2079 4182 2136 4229 ut
2190 4182 2245 4230 tu

620 4275 969 4351 persequeris
1015 4286 1159 4327 nunc
1191 4269 1572 4325 Athanasium.
1611 4267 1755 4322 Dixit
1793 4280 1988 4337 nempe
2025 4264 2246 4321 Jezahel

614 4373 686 4430 ad
720 4367 939 4427 Domini
970 4364 1316 4437 prophetam,
1350 4370 1707 4432 posteaquam
1752 4358 2117 4427 comperisset
2152 4372 2247 4428 per

622 4465 837 4522 Heliam
867 4460 990 4516 illas
1017 4458 1246 4512 virtutes
1275 4452 1548 4509 exhibitas
1578 4493 1591 4518 ,
1624 4460 1681 4507 et
1722 4450 2021 4521 prophetas
2051 4451 2244 4505 confu-

621 4557 792 4615 sionis
825 4568 984 4625 atque
1015 4549 1342 4620 religionum
1373 4544 1694 4603 sacerdotes
1724 4543 2049 4599 interiectos
2074 4563 2087 4597 ;
2116 4541 2244 4597 Haec

621 4652 649 4692 ιι
679 4652 806 4709 nti/ti
829 4651 1025 4723 faciant
1058 4646 1132 4699 dii
1152 4654 1199 4699 et
1226 4644 1334 4699 lices
1361 4641 1489 4695 mihi
1515 4640 1837 4712 adaugeunt,
1866 4640 1911 4693 si
1937 4654 2039 4692 non
2064 4639 2118 4691 in
2146 4638 2242 4691 huc

626 4752 756 4805 hora
771 4764 883 4801 cras
896 4758 1118 4817 posuero
1130 4742 1358 4795 animam
1370 4748 1534 4800 tuam,
1557 4734 1989 4801 quemadmodum
2008 4735 2096 4788 ani
2102 4749 2241 4788 mam

2355 3535 2405 3580 et
2418 3523 2728 3579 succendam
2748 3530 2860 3593 post
2879 3533 2926 3577 te
2946 3522 3137 3595 ignem,
3159 3532 3205 3576 et
3223 3522 3517 3592 disperdant
3534 3531 3673 3578 tuum
3695 3523 3735 3590 ί,
3753 3525 3943 3590 Achab,

2357 3618 2666 3689 mingentent
2694 3616 2762 3669 ad
2785 3618 3063 3686 parietem,
3086 3623 3133 3669 et
3166 3622 3588 3686 contemptum,et
3614 3615 3863 3686 reliquum
3892 3619 3944 3671 in

2359 3709 2526 3765 Israel
2552 3727 2569 3764 :
2600 3722 2648 3764 et
2679 3709 2811 3763 dabo
2829 3708 3043 3763 domum
3073 3716 3216 3761 tuum
3246 3706 3379 3761 sicut
3408 3707 3613 3762 domum
3643 3706 3947 3763 Hieroboam

2353 3803 2453 3872 lilii
2495 3800 2731 3869 Nabatlt,
2762 3801 2895 3855 sicut
2926 3799 3137 3853 domum
3177 3797 3317 3855 Saba
3353 3798 3451 3869 ﬁlii
3481 3801 3635 3865 Acia,
3665 3817 3755 3871 pro
3784 3803 3947 3855 omni-

2351 3895 2446 3950 bus
2476 3891 2978 3956 exacerbationibus,
3010 3890 3192 3962 quibus
3238 3891 3580 3959 exacerbasti,
3625 3900 3668 3946 et
3691 3902 3945 3963 peccatum

2354 3990 2547 4045 dedisti
2590 3991 2644 4043 in
2690 3987 2883 4044 Israel.
2934 3987 3002 4042 Et
3029 3987 3096 4042 ad
3125 3986 3338 4043 Jezabel
3380 3988 3577 4043 locutus
3598 3996 3671 4042 est
3694 3985 3943 4042 Dominus

2353 4084 2528 4137 dicens
2553 4098 2571 4140 .'
2592 4080 2758 4138 Canes
2782 4080 3167 4137 manducabunt
3189 4097 3300 4135 eam
3322 4089 3440 4135 ante
3460 4094 3658 4134 murum
3686 4076 3849 4133 Israel
3873 4080 3885 4129 i
3924 4097 3943 4132 :

2356 4184 2403 4228 et
2430 4184 2662 4228 mortuos
2702 4183 2816 4226 tuos
2847 4173 2899 4227 in
2927 4173 3130 4227 civitate
3158 4169 3535 4225 manducabunt
3570 4169 3792 4224 uolucres
3832 4172 3943 4224 ειειὲ

2353 4268 2520 4343 (Ibid.
2558 4269 2668 4339 17).
2700 4267 2836 4338 Quid
2871 4276 2950 4334 tu,
2982 4266 3291 4336 Constanti,
3318 4266 3455 4322 dicis
3476 4264 3541 4320 ad
3568 4265 3716 4320 haec?
3738 4266 3940 4321 minora

2351 4361 2551 4417 astrnis
2573 4375 2694 4417 esse
2718 4367 2938 4430 peccata
2961 4367 3073 4426 tua,
3095 4372 3254 4430 quam
3283 4357 3498 4413 fuerunt
3518 4354 3698 4413 Achab
3718 4365 3770 4411 et
3790 4355 3942 4412 Jen-

2352 4455 2481 4511 bel?
2514 4455 2588 4511 illi
2619 4453 2931 4511 sacerdotes
2953 4452 3050 4510 Dei
3078 4462 3205 4511 sunt
3245 4450 3546 4522 persecuti,
3570 4450 3943 4507 interimerunt

2352 4549 2449 4606 Dei
2480 4547 2841 4613 domesticos,
2882 4547 3200 4618 religionem
3226 4544 3325 4601 Dei
3375 4544 3624 4611 tulerunt,
3644 4554 3697 4600 et
3717 4545 3941 4601 idolola-

2351 4644 2508 4699 triam
2542 4650 2890 4709 statuerunt,
2926 4640 3186 4711 populum
3218 4645 3521 4693 averterunt
3549 4653 3574 4692 a
3608 4638 3719 4692 Deo
3742 4678 3759 4703 ,
3792 4646 3849 4693 et
3888 4647 3939 4693 tu

2351 4736 2468 4792 haec
2499 4734 2681 4791 omnia
2712 4735 2885 4791 fecisti
2933 4748 2998 4790 ac
3026 4733 3181 4788 facis.
3215 4730 3303 4787 Sic
3340 4746 3436 4787 nos
3467 4740 3523 4786 tu
3568 4744 3728 4785 vocas
3761 4731 3941 4783 inimi-

624 4844 781 4899 unius
802 4856 867 4895 ea:
898 4813 1015 4891 illis
1048 4832 1214 4908 (Ibid.
1248 4847 1359 4896 χιι,
1393 4829 1476 4902 2).
1510 4827 1618 4885 Sed
1650 4827 1777 4899 quid
1809 4828 1965 4882 audit
1994 4827 2180 4883 Helias
2211 4842 2239 4880 a
2271 4813 2321 4873 Ι)
2348 4844 2443 4886 cos
2468 4838 2589 4882 tuos
2612 4827 2884 4897 quomodo
2909 4834 2964 4882 et
2992 4823 3178 4880 Achab
3201 4823 3418 4888 Heliam,
3449 4824 3535 4894 qui
3556 4837 3671 4877 cum
3696 4822 3939 4877 audisset

627 4937 739 4992 Deo
769 4941 893 5005 post
917 4926 1273 5001 quadraginta
1307 4923 1519 4979 dierum
1550 4937 1617 4977 ac
1648 4921 1889 4977 noctium
1905 4920 2239 4977 celebratum

616 5025 922 5099 jejunium?
951 5035 1149 5092 nempe
1190 5029 1246 5073 ut
1274 5025 1503 5088 angeret
1551 5030 1728 5086 reges,
1765 5030 1861 5085 per
1890 5030 2025 5085 quos
2053 5014 2242 5071 Achab

626 5132 681 5178 et
710 5120 839 5177 socii
869 5118 1365 5187 exstinguerentur.
1399 5109 1497 5164 Est
1518 5124 1642 5164 cum
1670 5107 1822 5164 Helia
1856 5106 2232 5163 misericordia

700 5271 725 5299 ι
755 5260 983 5314 Jezrael.
1019 5256 1197 5310 Latin.
1223 5263 1278 5309 et
1308 5254 1497 5307 Sabat.
1527 5254 1601 5305 uti
1625 5253 1802 5309 Grato.
1826 5260 1883 5312 et
1913 5252 2073 5323 Vulg.

699 5332 724 5371 ιι
753 5333 857 5385 l’ro
888 5343 1227 5399 cognoscere,
1258 5324 1371 5399 sive
1400 5340 1569 5399 nosse.
1595 5324 1697 5378 'l'il.

705 5417 724 5440 υ
752 5394 1096 5469 Exstinguere
1130 5395 1416 5469 legendum
1443 5394 1683 5469 videtur.

696 5473 721 5511 ἀ
752 5476 816 5529 lit
862 5465 961 5525 hic
993 5465 1294 5525 versiculus
1324 5481 1354 5519 a
1385 5465 1571 5523 Sabat.
1611 5470 2045 5536 praetermissus,
2080 5466 2173 5534 qui
2202 5480 2231 5520 a

628 5548 818 5603 Grazeo
842 5544 911 5598 ali
957 5552 1178 5595 uantum
1198 5537 1380 5595 dill'ert
1400 5549 1454 5591 et
1471 5537 1642 5593 ferme
1665 5542 1915 5608 congruit
1936 5552 2061 5599 cum
2073 5536 2227 5604 Vulg.

701 5629 723 5656 ε
757 5619 860 5667 Pro
893 5560 1119 5667 Iaobotlt.
1164 5612 1241 5667 Ita
1271 5620 1328 5665 et
1364 5608 1631 5667 Joseoltus
1663 5611 1756 5665 lib.
1798 5612 1851 5667 8.
1886 5610 2068 5667 Antio.
2105 5622 2224 5667 Cap.

701 5629 723 5656 ι’
757 5619 860 5671 Pro
893 5612 1119 5668 Nobotlt.
1164 5612 1241 5667 Ita
1271 5620 1328 5665 et
1364 5612 1631 5678 Josepltus
1663 5612 1756 5665 lib.
1798 5612 1851 5667 8.
1886 5612 2068 5734 ιλιιιὶιὲ
2105 5622 2224 5678 eap.

628 5692 714 5753 15,
762 5689 1039 5743 extribus
1091 5684 1264 5739 Codd.
1298 5680 1470 5736 Vatic.
1519 5681 1861 5751 Henneherg.
1918 5692 1973 5736 et
2070 5680 2230 5736 ushe-

626 5763 828 5832 quiano
851 5757 904 5812 in
934 5755 1066 5812 edit.
1100 5754 1498 5822 llavercampii.

700 5832 718 5872 ί
767 5830 924 5885 Vers.
970 5831 1091 5880 Ant.
1141 5826 1204 5879 Et
1245 5824 1536 5895 constituite
1582 5822 1825 5895 Nabal/te
1854 5827 1906 5877 in
1944 5822 2230 5895 principum

624 5867 924 5971 populir'egt.
944 5867 1328 5971 conuiuae...
1358 5894 1649 5971 iniquitatis
1674 5867 1738 5971 eg
1775 5867 1975 5971 (libers;
1994 5867 2145 5971 eju;
2176 5867 2233 5947 ut

624 5923 833 6033 pacati.
862 5923 909 5955 ει
944 5923 1328 5952 conuulsum...
1365 5923 1649 5975 ιιιιιμιιιιιιιο
1674 5923 1738 5949 ω
1775 5923 1975 5949 urucuu
1997 5923 2111 5969 qus
2130 5936 2145 5958 ,
2177 5923 2232 5947 ιιι

624 5980 676 6047 [ιι
729 5985 812 6031 um
858 5969 1208 6028 testimonium
1254 5964 1649 6040 perhibeantu“
1682 5962 1951 6021 Benediwit
1983 5966 2153 6023 Deum
2183 5971 2232 6019 et

2349 4936 2445 4977 ore
2474 4920 2750 4991 prOphctae
2782 4917 2995 4975 Domini
3024 4916 3464 4987 indignationem,
3499 4914 3691 4971 dixerit
3726 4932 3739 4966 :
3771 4913 3833 4969 Si
3858 4916 3940 4969 iu-

2352 5014 2534 5067 veniin
2559 5030 2655 5081 me,
2679 5014 2917 5067 inimicus
2936 5009 3110 5065 Achab
3128 5011 3235 5083 regi
3256 5009 3415 5081 (Ibid.
3439 5009 3564 5080 20)?
3590 5008 3789 5077 Nempe
3809 5011 3929 5080 quia

2342 5106 2549 5162 diceret
2588 5121 2602 5159 :
2640 5103 2772 5161 Noli
2816 5103 2975 5158 idolis
3021 5103 3242 5172 servire,
3284 5103 3375 5159 sed
3419 5102 3523 5155 Deo
3550 5098 3647 5152 soli
3690 5100 3930 5169 Abrahae,

2340 5267 2509 5322 regem
2539 5267 2558 5306 :
2597 5259 2659 5322 et,
2686 5248 2956 5322 producite
2993 5246 3144 5302 illum
3171 5256 3218 5303 et
3246 5246 3491 5322 lapidate.
3525 5242 3724 5322 Lucifer
3749 5248 3927 5322 aptius

2341 5316 2455 5378 ha'sc
2473 5338 2598 5404 cum
2625 5321 2815 5404 Graeco
2839 5338 2851 5373 :
2871 5319 2946 5375 Ἐν
2972 5322 3118 5397 ἀρχῇ
3147 5324 3244 5378 τοῦ
3270 5320 3415 5381 λαοῦ,
3444 5316 3495 5369 in
3520 5316 3676 5404 primo
3700 5319 3925 5404 popatq;

2337 5396 2682 5473 nugatorium-1,
2727 5392 3019 5458 iniquorum
3041 5392 3077 5456 ξ
3094 5392 3704 5473 ’κατᾳξι-αρτυρζισὰτωσαν
3743 5392 3917 5473 Ξὺτοῦ,

2338 5459 2587 5520 ιεεὶειιιιὶν
2610 5463 2852 5518 adversus
2877 5480 3031 5531 eum;
3060 5472 3114 5518 et
3144 5459 3243 5517 add
3255 5459 3315 5515 it."
3334 5459 3606 5520 moriatur,
3649 5470 3701 5515 ut
3742 5459 3916 5516 Graec.

2338 5544 2424 5594 καὶ
2450 5537 2769 5594 ἁποθανέτω.

2409 5618 2435 5656 ιι
2471 5610 2621 5661 Ilnnc
2652 5607 3018 5668 versiculum.
3053 5604 3118 5658 Et
3163 5604 3293 5659 dixit
3335 5601 3571 5657 Dominus
3604 5603 3667 5656 ad
3708 5601 3915 5657 Heliam

2338 5678 2630 5733 Thesbitem
2660 5678 2830 5734 dicens
2850 5721 2864 5745 ,
2894 5676 3100 5733 omittit
3136 5674 3350 5742 Sabat.,
3380 5675 3467 5745 qui
3502 5689 3617 5731 cum
3647 5673 3829 5729 Graeco
3860 5681 3915 5727 ct

2341 5750 2567 5820 Vulgata
2598 5751 2857 5807 cohaeret.
3215 5819 3226 5830 '
3612 5818 3623 5832 .
3791 5819 3799 5827 I
3842 5817 3847 5825 '

2409 5819 2438 5905 ξ³
2466 5820 2647 5905 βιαιο.
2679 5822 2705 5879 ὁ
2731 5822 2925 5905 ἔχθρᾲς
2952 5840 3074 5905 μου.
3105 5818 3253 5905 Legit
3274 5818 3460 5875 Sabat.
3484 5820 3738 5905 inimicum
3762 5817 3870 5905 tibi.

2415 5891 2429 5975 ξ
2470 5892 2525 5975 id
2550 5890 2923 5975 est,
2950 5890 3113 5975 iuunt‘
3116 5901 3212 5957 est,
3246 5908 3401 5963 usque
3427 5893 3739 5965 mingentent,
3765 5899 3865 5941 rte.

2414 5964 2427 6013 ι
2458 5962 2887 6022 Δειναοιζνιιιίο.
2920 5975 3041 6019 cum
3073 5962 3284 6021 Graeco.
