4292 6372
128 365 239 423 845

1201 368 1338 425 PRO
1375 367 1646 425 SANCI'O
1690 364 2088 424 ATHANASIO
2132 366 2335 423 LIBER
2378 367 2417 423 I.

3357 369 3464 428 846

134 485 325 554 Isaac,
353 496 403 543 et
433 484 642 544 Israel:
675 494 890 543 einunc
914 489 1041 557 quia
1070 488 1164 547 tibi
1200 488 1455 546 dicatur:
1482 486 1612 544 Noli
1640 505 1751 545 esse
1779 499 1831 561 Α
1856 500 1956 543 nos
2005 484 2353 557 persequaris
2405 483 2616 541 Domini
2668 481 3017 550 sacerdotes;
3047 498 3172 542 cum
3221 484 3278 542 in
3326 484 3471 542 libro

129 580 441 647 hwretit'us,
474 583 561 637 setl
582 594 687 638 esto
720 582 1042 638 Christianus
1062 625 1075 649 ,
1102 583 1353 640 inimicos
1386 598 1569 650 vocas,
1603 582 1746 653 quod

132 676 231 731 tibi
262 674 633 733 idololatriam
662 674 897 733 tradenti
930 676 1044 731 haec
1064 677 1381 748 ingerentur
1409 685 1456 739 ι,
1488 692 1607 747 qua:
1633 675 1744 732 fue-

130 772 243 827 rint
292 772 501 843 ingesta
532 782 589 829 et
636 788 732 844 per
768 772 974 829 licliain
1024 772 1134 841 regi
1168 772 1390 833 Achab;
1439 771 1530 841 qui
1560 768 1747 826 Achab

131 866 421 925 dilexisset
450 867 697 937 profecto
724 868 955 935 Heliam,
982 868 1024 922 si
1058 868 1173 937 ejus
1194 868 1355 923 idolis
1381 866 1593 924 Domini
1620 880 1743 937 pro-

131 963 296 1032 pheta
338 964 647 1019 censuisset
694 962 1065 1029 serviendum,
1097 961 1585 1032 derelinquendutn
1619 975 1746 1016 vero

132 1054 334 1111 Deum.
362 1055 573 1126 Negare
613 1055 640 1096 δ
679 1068 733 1112 ιιι
766 1058 817 1113 id
847 1072 955 1113 non
988 1066 1163 1127 potes,
1196 1054 1339 1127 quod
1370 1058 1517 1111 etiim
1548 1056 1590 1110 si
1624 1070 1745 1111 esse

124 1148 492 1220 elegissemus
519 1151 661 1222 quod
693 1152 807 1222 ipse
833 1166 913 1217 es,
945 1149 1143 1206 fuisses
1169 1166 1265 1204 ttOs‘
1299 1151 1555 1221 singulari
1579 1150 1743 1205 dilec.

127 1252 288 1297 turus
310 1242 533 1301 aﬂectu.
557 1244 765 1312 Quibus
788 1245 949 1301 rebus
974 1244 1291 1313 intelligetis
1314 1260 1435 1299 esse
1458 1243 1595 1298 filius
1623 1258 1742 1313 pes-

124 1334 381 1405 tilentias,
411 1338 756 1394 tenebrarum
788 1340 926 1401 fons,
958 1354 1154 1409 gurges
1182 1338 1423 1393 omnium
1453 1338 1739 1399 natorum,

122 1441 294 1502 caput
328 1433 496 1489 totius
544 1436 830 1507 nequitiae,
866 1435 1079 1491 sentina
1112 1439 1354 1490 omnium
1403 1434 1743 1505 blasphema-

126 1542 271 1591 runi,
305 1526 689 1585 ha-rencorum
720 1529 909 1592 fomes,
942 1528 1095 1583 radix
1136 1528 1547 1593 amaritudinis;
1580 1529 1743 1584 arhns

120 1621 236 1693 igni
275 1621 587 1688 destinata,
618 1625 817 1695 quippe
866 1622 1101 1677 offerens
1145 1622 1354 1677 fructus
1396 1622 1739 1687 mortiferus;

118 1718 383 1775 inimicus
417 1718 533 1786 Dei,
570 1719 743 1774 hostis
774 1719 1060 1783 ecclesia-,
1090 1717 1333 1773 veritatis
1366 1718 1741 1787 interpolator.

126 1814 418 1884 pravitatis
435 1814 820 1879 concinnatur,
850 1813 1128 1883 injustititc
1152 1810 1627 1881 amator,justiti:e
1651 1810 1745 1866 ad-

1851 580 2313 650 Paralipomenon
2359 578 2603 636 secundo
2650 578 2995 635 inveniamus
3040 578 3373 636 Hieroboam
3412 591 3469 637 et

1849 676 1972 748 ejus
2001 676 2143 733 filios
2177 677 2293 733 ha-c
2321 675 2522 747 egisse.
2549 674 2717 733 Sacra
2750 676 3044 747 scriptura,
3076 674 3244 742 Juda,
3268 676 3466 747 inquit,

1848 782 1895 827 et
1926 769 2223 844 Benjamin,
2258 782 2305 826 et
2332 771 2527 837 levitas,
2560 781 2606 826 et
2637 770 2931 827 sacerdotes
2953 772 3042 841 qui
3069 781 3218 827 erant
3244 772 3298 827 in
3327 774 3470 826 omni

1848 864 2042 931 Israel,
2067 874 2417 921 convenerunt
2470 881 2534 921 ea:
2557 864 2790 921 omnibus
2810 865 3031 935 ﬁnibus,
3054 866 3299 938 quoniam
3323 865 3470 922 dere-

1848 958 2111 1028 liquerunt
2174 958 2343 1015 levittz
2400 969 2447 1015 et
2490 958 2827 1015 tabernacula
2873 976 2968 1015 sua
3018 970 3067 1015 et
3112 961 3465 1031 possessiones

1844 1068 1991 1117 suus,
2017 1064 2062 1108 et
2090 1054 2327 1111 abierunt
2358 1054 2428 1108 ad
2449 1052 2769 1109 Hieraboam
2801 1047 3128 1127 [,iqttoniam
3155 1054 3358 1127 repellit
3382 1070 3467 1110 eos

1851 1142 2184 1215 Hirroboam,
2216 1157 2269 1203 et
2288 1147 2389 1218 ﬁlii
2414 1150 2552 1216 eius,
2596 1156 2653 1203 ut
2678 1163 2784 1202 non
2820 1148 3072 1204 servirent
3113 1147 3359 1203 Domino.
3401 1149 3465 1204 Et

1845 1248 2113 1303 constituit
2148 1248 2221 1303 ibi
2248 1249 2541 1305 sacerdotes
2578 1250 2902 1306 excelsorum
2921 1292 2936 1316 ,
2978 1260 3026 1306 et
3056 1252 3353 1309 simulacris
3373 1294 3387 1319 ,
3416 1265 3464 1308 et

1847 1339 2120 1395 damoniis
2142 1384 2155 1406 ,
2177 1352 2223 1396 et
2255 1344 2429 1400 vitulis
2447 1386 2461 1410 ,
2494 1361 2612 1410 qua:
2639 1346 2762 1415 fecit
2790 1344 3102 1401 Hieraboam
3126 1364 3143 1401 :
3174 1358 3224 1403 et
3251 1350 3471 1422 projccit

1846 1452 1931 1489 eos
1960 1452 1991 1490 a
2023 1446 2047 1481 ις
2080 1437 2210 1507 ﬁliis
2248 1435 2433 1504 Israel,
2466 1450 2516 1494 et
2547 1456 2579 1493 a
2618 1440 2852 1496 tribubus
2890 1439 3073 1508 Israel,
3102 1442 3191 1513 qui
3218 1442 3468 1498 dederant

1845 1544 1937 1582 cor
1962 1546 2111 1583 suum
2140 1547 2373 1602 quaerere
2405 1530 2688 1588 Dominum
2720 1532 2887 1591 Deum
2928 1532 3089 1590 Israel
3119 1534 3187 1607 (Η
3216 1533 3460 1606 Paralip.

1848 1638 1927 1687 xi,
1970 1624 2079 1694 l2).
2117 1623 2233 1681 Non
2262 1627 2372 1682 erit
2414 1628 2600 1698 itaque
2630 1628 3049 1696 admirandum,
3082 1631 3128 1685 si
3166 1640 3221 1685 tu
3249 1644 3350 1686 nos
3380 1630 3466 1685 vel

1848 1718 2007 1772 nobis
2036 1718 2300 1776 divinitus
2328 1723 2661 1778 commissos
2690 1724 3080 1794 persequeris,
3114 1724 3162 1780 si
3185 1724 3251 1780 de
3279 1741 3340 1781 re
3374 1741 3471 1780 no-

1852 1812 1930 1866 bis
1953 1813 2248 1869 commissa
2280 1829 2385 1871 nos
2417 1817 2601 1885 pellis,
2630 1817 2676 1872 si
2702 1816 2942 1889 denique
2976 1817 3114 1875 locis
3150 1820 3353 1875 nostris
3380 1834 3467 1875 or-

118 1910 609 1974 versariusuotus
635 1910 687 1965 in
714 1910 1059 1974 tenebras,ct
1086 1908 1303 1979 quidem
1331 1908 1743 1963 inextricabiles
1777 1906 2008 1969 Bdines
2054 1907 2152 1965 Dei
2201 1910 2457 1969 inimicos
2490 1926 2627 1981 eos,
2681 1913 2776 1983 qui
2822 1921 3001 1969 tecum
3051 1913 3471 1985 dereliqueruut

121 2019 462 2070 conversus;
494 2005 668 2059 factus
698 2020 825 2059 vero
850 2004 1029 2058 verius
1065 2003 1327 2073 templum
1358 2001 1600 2057 omnium
1628 2000 1739 2055 dm-

120 2114 383 2159 monum.
416 2113 647 2167 quorum
700 2099 961 2153 insxinctu
1010 2098 1125 2152 huc
1154 2108 1382 2160 cuncta,
1419 2106 1473 2150 ut
1515 2095 1736 2160 Achab,

120 2202 481 2265 perpetratus
511 2194 678 2249 fueris
703 2195 867 2259 mala,
892 2208 953 2247 ac
976 2203 1245 2263 perpetrei
1264 2193 1331 2249 is.
1357 2192 1462 2247 Sed
1492 2207 1594 2244 non
1625 2190 1738 2253 diu,

118 2288 232 2343 nisi
267 2296 320 2343 te
351 2287 694 2342 converteris
716 2286 782 2341 ad
815 2285 1147 2349 Deum,esse
1178 2286 1381 2354 poteris
1414 2284 1739 2352 impunitus;

117 2394 251 2435 cum
302 2394 499 2435 cernas
558 2396 677 2447 qtne
726 2379 1039 2448 receperint
1090 2376 1277 2433 Achab
1322 2376 1641 2431 etJezahel.
1687 2376 1739 2430 Si

118 2473 273 2527 enim
307 2470 526 2535 Achab,
558 2472 698 2527 sicut
743 2472 789 2523 ei
840 2470 1014 2526 fuerat
1052 2470 1377 2541 promissum
1411 2487 1504 2523 ore
1550 2470 1738 2534 Ηυιίιιξ,

120 2566 349 2631 interit,
381 2567 425 2620 si
455 2580 620 2619 canes
651 2563 944 2619 comedunt
977 2563 1193 2618 Jezabel
1214 2605 1227 2627 ,
1264 2574 1317 2617 tu
1358 2564 1466 2616 eris
1497 2578 1523 2613 a
1577 2561 1740 2615 tantis

122 2656 433 2726 impunitus
463 2654 836 2711 facinoribus?
878 2656 964 2721 qui
998 2670 1099 2709 non
1133 2656 1305 2709 solum
1346 2670 1452 2707 non
1482 2654 1636 2709 doles
1665 2656 1744 2705 in-

121 2750 419 2807 terfecisse
444 2760 495 2805 te
528 2750 635 2804 Deo
671 2750 1029 2817 mancipatus,
1061 2749 1154 2803 sed
1184 2760 1235 2801 et
1262 2748 1437 2802 adhuc
1467 2748 1742 2817 glorieris,

121 2846 456 2904 existimans
480 2844 617 2899 bene
640 2852 690 2897 te
724 2843 940 2897 fecisse.
977 2841 1085 2896 Nec
1114 2842 1309 2896 mirum
1339 2856 1457 2896 cum
1488 2840 1743 2910 prmscius

121 2938 461 3003 futurorum,
486 2937 645 3006 cujus
670 2944 725 2991 tu
754 2945 1073 3006 negatores,
1102 2936 1293 2989 dixerit
1326 2936 1375 2987 in
1404 2934 1695 3003 Evangelia
1728 2950 1739 2985 :

134 3031 319 3085 Veniet
352 3042 371 3067 ο
403 3031 533 3085 hora
554 3072 567 3095 ,
603 3038 657 3085 ut
684 3030 851 3083 omnis
878 3029 965 3097 qui
998 3044 1081 3081 vos
1111 3029 1357 3082 occiderit
1392 3037 1528 3096 putet
1558 3044 1611 3081 se
1635 3026 1743 3095 o/ﬁ-

122 3129 272 3180 cium
298 3124 411 3180 Deo
444 3128 652 3197 facere;
679 3124 768 3178 sed
796 3125 889 3177 hoc
928 3124 1127 3193 faciunt
1172 3124 1292 3192 quia
1323 3124 1553 3175 nesciant
1583 3138 1744 3192 neque

132 3222 371 3289 Patrem,
387 3236 546 3290 neque
563 3219 769 3274 unicum
787 3218 984 3273 Filium
996 3222 1106 3291 ejus
1125 3215 1300 3288 (Iron.
1322 3233 1430 3281 XVI,
1446 3217 1502 3285 2)
1524 3234 1535 3269 :
1554 3217 1742 3273 Sciens

1854 2000 2049 2068 Deum,
2082 2002 2306 2073 quando
2357 2004 2547 2061 videas
2600 2004 2719 2061 hac
2752 2015 2804 2062 te
2847 2007 3080 2079 implere
3112 2023 3233 2078 qum
3274 2006 3472 2065 fecerit

1848 2094 2203 2151 ilieroboam.
2232 2097 2374 2164 Quid
2399 2108 2485 2153 est
2514 2098 2656 2155 enim
2682 2098 2870 2156 dicere
2904 2118 2918 2154 :
2966 2099 3149 2156 Fidem
3181 2102 3327 2173 apud
3357 2100 3463 2157 Ni-

1844 2205 2000 2243 ca’um
2020 2190 2262 2245 damnate
2281 2193 2657 2262 conscriptam,
2672 2204 2722 2249 et
2739 2195 2994 2267 suscipite
3014 2211 3211 2261 meam;
3229 2198 3331 2253 nisi
3359 2197 3465 2251 hoc

1845 2280 1987 2349 quod
2018 2281 2157 2336 dixit
2182 2282 2553 2338 Hicroboam:
2582 2285 2649 2339 Et
2681 2288 2959 2356 relinquite
2994 2287 3186 2355 Deum,
3217 2299 3265 2343 et
3285 2292 3470 2343 seruile

1845 2375 2143 2430 simulacris
2172 2377 2338 2433 meis?
2361 2376 2497 2447 Quis
2522 2387 2577 2433 tu
2613 2380 2775 2434 homo
2804 2381 2978 2435 dicis:
3009 2380 3264 2438 Damnate
3288 2384 3473 2439 absen-

1845 2478 1967 2532 tem,
2000 2468 2323 2535 inautlitum,
2355 2470 2725 2525 innocentem?
2754 2482 2904 2528 certe
2933 2474 3001 2539 is,
3036 2475 3128 2542 qui
3157 2473 3272 2543 jam
3305 2474 3464 2531 Iidem

1844 2564 2205 2633 apostolicam
2229 2579 2528 2634 negaveras
2550 2574 2714 2635 atque
2744 2566 3143 2637 evangelicum;
3172 2583 3372 2638 nempe
3395 2568 3462 2635 is,

1840 2656 1931 2726 qui
1953 2656 2306 2713 traditionem
2330 2658 2610 2713 beatorum
2631 2656 3013 2723 dcstruxeras,
3034 2668 3300 2729 quantum
3318 2660 3460 2730 apud

1845 2760 1899 2807 te
1932 2767 1995 2807 ac
2028 2760 2154 2808 tuos
2198 2762 2315 2815 est,
2360 2752 2736 2822 apostolorum
2764 2771 2778 2808 :
2808 2752 2937 2809 inde
2980 2753 3218 2821 denique
3258 2751 3463 2809 factum

1845 2852 1951 2909 cst,
1984 2854 2041 2897 ut
2071 2843 2138 2897 ad
2174 2851 2383 2900 tantam
2414 2844 2635 2901 venires
2662 2844 3010 2911 vecordiam,
3047 2845 3173 2916 quia
3198 2845 3376 2902 fueris
3411 2857 3467 2901 ut

1846 2934 2178 2991 llieroboam
2204 2937 2323 2991 sine
2356 2935 2485 2991 Deo.
2508 2934 2777 2992 Caeterum
2806 2937 2851 2991 si
2879 2936 3047 2992 Deum
3080 2937 3391 3004 habuisses,
3423 2939 3467 2994 si

1845 3040 1893 3083 te
1910 3030 2027 3097 ejus
2046 3030 2394 3085 meminisses
2412 3032 2701 3099 cultorem,
2730 3047 3024 3100 numquam
3048 3032 3291 3103 profecto
3313 3032 3463 3091 dice-

1846 3136 1932 3178 res
1957 3141 1968 3175 :
1996 3121 2249 3178 Damnare
2278 3124 2608 3179 innocentem
2629 3126 2915 3195 ,‘percutite
2938 3126 3254 3191 inauditum,
3281 3131 3463 3182 absen-

1846 3225 1967 3277 tcm,
1984 3217 2400 3272 consacerdotem
2422 3228 2664 3272 vestrum.
2696 3218 2757 3273 Et
2774 3226 2831 3273 ut
2849 3218 3037 3274 videas
3063 3228 3115 3275 te
3142 3233 3247 3274 non
3264 3234 3388 3276 esse
3409 3220 3461 3275 in

123 3326 209 3382 tu,
239 3315 447 3386 degens
486 3316 607 3371 sine
639 3315 831 3370 notitia
882 3314 974 3368 Dei
1014 3314 1361 3383 persequeris
1390 3313 1748 3367 Athanasium
1775 3294 1821 3359 (ἶ
1857 3308 1991 3375 Deo,
2018 3309 2161 3366 unde
2184 3320 2239 3366 et
2264 3311 2388 3366 talia
2413 3311 2529 3367 fieri
2566 3312 2862 3375 mandaris,
2885 3312 3073 3383 accipe
3102 3329 3311 3385 regem,
3337 3330 3462 3370 cum

122 3423 261 3464 vera
292 3407 387 3463 tibi
430 3406 705 3463 dicentem
730 3447 744 3470 .
775 3422 838 3462 cx
881 3415 997 3461 toto
1036 3414 1315 3460 amantem
1364 3406 1531 3460 lleum
1562 3405 1745 3459 corde.

120 3502 220 3558 Sic
254 3513 307 3557 ct
356 3501 545 3558 Achab
588 3511 910 3573 persecutus
964 3499 1193 3556 Ileliam.
1229 3499 1337 3557 Sed
1369 3501 1492 3556 vide
1538 3502 1745 3557 exitum

126 3593 305 3650 Ilelitc
348 3604 511 3665 atque
562 3594 763 3649 inimici
796 3594 914 3663 ejus
963 3592 1166 3647 Achab.
1225 3593 1430 3647 lleliam
1486 3595 1747 3661 conSpicc

124 3686 460 3742 translatum
489 3684 555 3741 ad
584 3682 914 3757 “amicitias
942 3684 1035 3739 Dei
1084 3684 1438 3755 perfruendas
1486 3696 1742 3749 mterna~;

123 3788 184 3837 et
233 3794 375 3835 nunc
403 3778 591 3836 Achab
640 3787 923 3850 torquetur
966 3780 1017 3833 iu
1067 3778 1432 3834 exterioribus
1477 3778 1740 3834 tenebris.

125 3877 227 3931 Est
270 3873 453 3929 Helias
501 3872 568 3927 de
611 3872 706 3927 Dei
739 3872 990 3943 gaudens
1022 3870 1303 3936 amicitiis,
1347 3880 1399 3925 et
1434 3879 1519 3925 est
1560 3871 1746 3927 Achab

122 3967 429 4026 exsolvens
459 3974 751 4036 perpetuas
782 3980 991 4034 pmnas.
1023 3964 1141 4019 Erit
1170 3965 1288 4021 sine
1307 3964 1473 4020 dubio
1509 3964 1748 4019 Athana-

120 4063 245 4119 sius
278 4061 331 4117 in
362 4058 619 4117 convivio
648 4061 739 4117 ubi
771 4071 851 4116 est
886 4059 1089 4125 llelias,
1121 4068 1177 4115 et
1208 4070 1260 4115 tu
1285 4060 1393 4114 eris
1418 4059 1471 4113 in
1498 4059 1620 4115 loco
1652 4058 1745 4114 illo

123 4164 567 4219 tormentorum,
598 4153 703 4208 nisi
733 4152 827 4208 tibi
852 4152 1200 4208 consulueris
1220 4193 1233 4216 ,
1260 4152 1313 4205 in
1336 4166 1443 4221 quo
1467 4150 1744 4206 detinetur

122 4247 324 4305 Achab
343 4289 357 4312 ,
382 4247 536 4318 cujus
562 4247 613 4302 in
644 4246 904 4301 omnibus
930 4246 1172 4299 imitator
1202 4244 1501 4314 reperieris
1523 4256 1568 4297 υ.
1596 4243 1735 4299 istud

123 4351 216 4399 est
240 4356 461 4412 sapere,
487 4349 545 4396 ut
565 4340 831 4411 elegisses
858 4337 1236 4395 infelicitatem
1263 4347 1524 4394 :eternam
1558 4338 1745 4395 Achab

123 4437 313 4507 regis,
342 4435 512 4507 magis
542 4450 704 4507 quam
738 4435 843 4490 frui
869 4434 1131 4490 felicitate
1156 4445 1438 4504 perpetua,
1473 4450 1633 4505 quam
1660 4444 1746 4492 est

122 4537 472 4586 consecutus
538 4527 756 4584 Helias?
813 4528 971 4597 cujus
1032 4527 1447 4582 translationem
1507 4528 1745 4598 loquitur

124 4623 406 4692 scriptura
441 4621 493 4677 in
524 4630 721 4691 quarto
763 4620 1073 4690 Regnorum
1125 4620 1261 4676 libro
1285 4620 1477 4676 dicens
1509 4639 1519 4674 :
1552 4620 1743 4675 Eunti-

1854 3418 1959 3472 quo
1992 3418 2091 3474 pro
2120 3403 2329 3460 meritis
2360 3407 2529 3460 fuerit
2554 3405 2701 3461 Deus
2732 3420 2885 3469 suus,
2915 3406 3104 3476 accipe
3130 3416 3184 3461 et
3214 3406 3336 3476 ejus
3364 3408 3461 3464 ob—

1851 3499 2219 3553 secrationem
2251 3497 2319 3555 ad
2348 3498 2565 3554 Domini
2591 3500 2931 3566 sacerdotes,
2962 3516 3102 3571 quos
3128 3502 3329 3573 popqu
3353 3503 3452 3559 Dei

1848 3590 2942 3662 impellebatjustumjudicarejutlicium
2969 3612 2981 3647 :
3006 3596 3269 3666 conspice
3290 3598 3453 3651 etiam

1849 3692 2069 3737 tuorum
2117 3698 2145 3737 a
2196 3694 2250 3740 te
2299 3696 2493 3740 contra
2536 3687 2827 3741 ecclesiam
2882 3688 3261 3744 institutorum
3308 3689 3457 3759 judi-

1849 3777 1998 3833 cium
2033 3774 2082 3844 ιι,
2112 3787 2167 3833 et
2199 3778 2351 3833 illius
2386 3779 2770 3836 ministrorum
2798 3790 2977 3847 actus,
3010 3792 3067 3838 et
3096 3783 3301 3851 poteris
3328 3799 3459 3856 pcr-

1848 3868 2113 3939 pendere,
2150 3870 2194 3924 si
2236 3880 2416 3926 tecum
2455 3886 2565 3927 non
2598 3871 2862 3926 innnundi
2910 3873 3139 3943 spiritus
3182 3886 3334 3944 sunt,
3364 3878 3458 3948 qui

1850 3959 2068 4016 fuerunt
2099 3978 2221 4019 cum
2254 3964 2601 4019 Hieroboam.
2630 3963 2701 4019 Et
2728 3966 2999 4031 habitarit,
3026 3968 3203 4036 inquit
3231 3969 3284 4023 in
3310 3969 3455 4026 libro

1849 4056 2096 4110 secundo
2138 4056 2619 4127 Paralipomenon,
2654 4056 2910 4130 .Iosaphat
2948 4060 3002 4112 in
3043 4059 3363 4129 Jerusalem,
3404 4074 3451 4117 et

1848 4161 2122 4202 conversus
2145 4158 2237 4209 est,
2272 4157 2321 4203 et
2352 4149 2477 4203 exiit
2509 4152 2561 4203 in
2594 4152 2785 4222 populo
2817 4168 2849 4204 a
2891 4150 3150 4209 Bersabee
3190 4171 3351 4227 usque
3383 4158 3451 4210 ad

1850 4252 2074 4295 montem
2097 4240 2352 4312 Ephrem,
2377 4254 2423 4298 et
2456 4246 2711 4299 convertit
2746 4263 2830 4301 eos
2865 4248 2933 4300 ad
2972 4247 3253 4304 Dominum
3280 4250 3451 4307 Deum

1852 4346 2057 4407 patrum
2081 4355 2317 4404 suorum,
2349 4350 2400 4394 et
2430 4342 2610 4394 statuit
2635 4341 2847 4413 judices
2877 4343 2930 4397 in
2956 4345 3196 4401 omnibus
3228 4347 3451 4401 civitati-

1850 4432 1943 4486 bus
1968 4431 2111 4486 Juda
2139 4434 2370 4499 munitis,
2395 4442 2443 4487 et
2464 4450 2554 4503 per
2575 4434 2807 4505 singulas
2830 4437 3065 4492 civitates
3087 4438 3219 4492 dixit
3246 4441 3449 4509 judici-

1847 4525 1939 4580 bus
1964 4542 1981 4580 :
2011 4525 2194 4581 Videte
2216 4527 2341 4596 quid
2372 4526 2386 4563 ί
2419 4528 2557 4582 vobis
2581 4529 2835 4600 facietis:
2858 4547 2963 4586 non
2987 4534 3123 4586 enim
3145 4534 3341 4590 homini
3357 4540 3453 4609 ju-

1850 4617 2104 4683 dicabitis,
2150 4619 2240 4673 sed
2281 4617 2528 4685 Domino,
2577 4632 2627 4675 et
2669 4624 2929 4678 vobiscum
2973 4636 3049 4679 est
3097 4627 3150 4680 in
3195 4629 3366 4696 verbo,
3402 4641 3454 4685 et

128 4717 229 4770 bus
271 4723 438 4767 autem
480 4712 586 4767 illis
617 4722 665 4767 et
698 4713 1044 4781 loquentibus,
1093 4729 1208 4767 erce
1234 4728 1419 4767 currus
1445 4714 1656 4786 igneus,
1691 4723 1740 4767 et
1775 4692 1823 4754 θ
1850 4729 1982 4766 nunc
2008 4714 2073 4767 sit
2098 4714 2253 4769 tintor
2277 4713 2487 4769 Domini
2508 4732 2663 4785 super
2689 4733 2797 4781 eos,
2832 4729 2886 4771 ut
2908 4720 3116 4773 servetis
3142 4730 3193 4774 et
3218 4692 3445 4792 faciatis.

126 4808 249 4876 equi
273 4807 438 4876 ignei,
466 4816 518 4861 et
554 4807 812 4876 separavit
837 4808 969 4861 inter
991 4817 1228 4875 utrosque
1256 4824 1274 4861 :
1300 4817 1345 4861 et
1373 4808 1603 4863 ascendit
1636 4807 1677 4861 Η
1687 4825 1739 4862 e-

126 4902 233 4957 lias
261 4902 316 4955 in
333 4901 671 4956 commotione
693 4901 837 4967 quasi
858 4902 913 4956 in
936 4904 1116 4956 calum
1142 4911 1223 4955 :et
1257 4900 1504 4956 Ilelistcus
1518 4902 1738 4967 ridebat,

128 5004 176 5050 et
200 4994 314 5067 ipse
333 4994 614 5059 clamabat,
636 5003 687 5048 et
708 4994 841 5047 dixit
864 5010 882 5047 :
911 4993 1090 5060 Pater,
1111 5003 1278 5066 pater,
1302 4995 1526 5065 agitator
1554 4994 1735 5049 Israel.

128 5084 203 5143 Et
235 5102 341 5141 non
368 5086 499 5141 vidit
536 5102 654 5143 eum
685 5086 911 5157 amplius
940 5085 1027 5155 (IV
1060 5086 1191 5156 Reg.
1227 5102 1260 5141 tt
1284 5128 1296 5150 .
1355 5085 1441 5157 Η)
1501 5086 1615 5142 Νιιη
1649 5101 1744 5142 ιιο-

127 5196 263 5236 νιιιη
298 5181 455 5237 nobis
484 5190 656 5245 tuum,
684 5180 959 5243 bzcretioe,
999 5180 1197 5235 factum
1236 5182 1439 5251 potetit
1471 5182 1671 5251 videri,
1700 5183 1743 5237 si

211 5375 237 5437 μ
277 5364 600 5437 Ingerantur.
635 5367 710 5423 Id.

206 5435 236 5475 δ
267 5434 520 5509 Ille'gam,
548 5450 602 5493 ut
629 5440 837 5493 totidem
866 5454 966 5491 non
994 5452 1185 5507 posses.
1218 5434 1291 5489 ltl.
1315 5444 1593 5509 corrupte.

212 5518 234 5546 ε
266 5506 424 5562 Veis.
461 5509 586 5564 Ant.
618 5509 761 5565 "ora
802 5526 941 5573 mea,
968 5506 1022 5563 ut
1066 5510 1229 5562 omnis
1250 5551 1263 5565 .
1294 5509 1381 5577 qui
1428 5506 1734 5576 interfecerit

131 5597 259 5644 vos,
302 5579 576 5652 arbitretur
614 5583 902 5652 obsequium
934 5591 1177 5652 praestare
1222 5577 1359 5642 Deo;
1392 5578 1481 5631 sed
1522 5578 1642 5652 ἠως
1660 5580 1743 5643 {a—

133 5654 281 5709 ciunt
303 5650 481 5717 vobis;
512 5653 632 5721 quia
658 5647 759 5707 non
790 5664 1037 5707 noverunt
1066 5650 1271 5704 Patrem
1294 5664 1454 5715 neque
1486 5664 1582 5701 me.
1603 5647 1740 5721 Cum

133 5724 412 5795 Cypriane
437 5719 627 5791 ep.'56
676 5725 925 5795 congruit
970 5722 1183 5778 Lucifer
1231 5735 1398 5789 nsque
1450 5733 1510 5773 ea
1546 5719 1741 5785 verba,

135 5793 227 5850 sed
254 5793 349 5848 hoc
371 5794 590 5861 faciunt,
624 5807 730 5848 etc.

210 5863 237 5903 ιι
266 5865 428 5937 itide.
463 5863 670 5937 quiede
694 5866 792 5937 hac
838 5881 895 5919 re
919 5864 1280 5921 disseruimus
1306 5862 1359 5918 in
1392 5861 1600 5917 Praefal.

214 5947 237 5975 ε
278 5935 559 6007 Reperiris.
593 5935 768 5992 Latin.

1853 4806 2035 4878 Neque
2070 4810 2203 4863 enim
2252 4819 2326 4865 est
2370 4827 2485 4864 cum
2525 4808 2755 4864 Domino
2802 4810 2914 4867 Deo
2959 4822 3134 4867 nostro
3177 4815 3447 4887 iniquitas.

1850 4921 2011 4975 neque
2048 4920 2280 4972 personae
2308 4904 2560 4975 acceptio,
2597 4922 2763 4974 neque
2798 4922 3068 4961 munerum
3098 4910 3355 4980 acceptio.
3384 4910 3450 4966 Et

1845 4998 2051 5068 quidem
2090 5004 2143 5051 tn
2188 4995 2515 5052 Hierusalem
2546 4999 2726 5052 statuit
2772 4996 3031 5069 Iosophat
3071 5000 3135 5054 de
3171 5002 3356 5068 let'itis,
3400 5015 3445 5059 et

1848 5091 2219 5158 sacerdotibus,
2246 5100 2294 5145 et
2318 5092 2639 5162 principibus
2669 5091 2836 5147 Israel
2857 5094 2908 5146 in
2923 5094 3188 5166 judicium
3213 5094 3442 5161 Domini,

1851 5196 1894 5239 et
1911 5187 2155 5259 judicare
2184 5189 2197 5235 i
2236 5186 2521 5241 habitantes
2549 5189 2602 5241 in
2624 5187 2937 5242 Jerusalem.
2964 5187 3032 5243 Et
3061 5191 3321 5248 mandavit
3352 5210 3442 5247 su-

1928 5364 1947 5402 ί
1983 5366 2228 5449 Roboam.
2263 5365 2444 5449 id._et_
2467 5378 2647 5434 recte;
2675 5369 2729 5424 in
2760 5370 2982 5449 (iunco,
3029 5374 3156 5449 Πρὸς
3178 5372 3339 5433 ’ἰούδα
3376 5380 3446 5439 εἰς

1850 5435 2323 5514 ἸιρουΑσσελῄμκυΙὶὶ
2353 5438 2587 5514 Bobttam
2620 5457 2782 5514 regna
2793 5444 2901 5495 bat.

1846 5504 2171 5633 “evantes
2202 5504 2399 5577 Israel,
2430 5504 2714 5567 domitura
2735 5512 2912 5568 Latin.
2936 5522 2993 5568 et
3020 5514 3175 5570 abest
3202 5532 3231 5571 a
3256 5516 3448 5575 Graeco

1984 5597 2013 5631 ιι
2043 5595 2096 5633 2.

1984 5595 2096 5645 mg.

1922 5648 1947 5686 ³³
1975 5649 2246 5704 Iudicum.
2278 5653 2449 5708 Vatic.

1931 5720 1944 5801 ξ
1991 5720 2112 5802 γοῇ
2140 5725 2330 5802 facitis.
2365 5723 2556 5802 _Latin.
2593 5735 2651 5780 ut
2693 5725 2746 5779 in
2793 5725 3007 5794 Gra‘co,
3039 5731 3193 5802 ὑμεῖς
3228 5740 3438 5787 ποιεῖτε.

1862 5792 1997 5862 Infra
2025 5810 2039 5846 :
2074 5791 2174 5846 Vos
2203 5796 2420 5862 facietis.

1932 5864 1944 5911 ι
1983 5861 2039 5916 ld
2061 5874 2175 5936 est.
2204 5861 2274 5936 at!
2310 5866 2666 5933 iudicant/um,
2699 5875 2753 5922 et
2782 5877 2835 5923 ut
2859 5869 3101 5936 iudicent
3128 5873 3444 5929 habitatores

1856 5928 2169 5987 Jerusalem.
2202 5935 2306 5990 Til.
