4636 6384
766 376 869 433 διτ

1868 359 2193 419 LUCIFERI
2232 352 2540 415 EPISCOPI
2580 350 3005 410 CALARITANI

3978 342 4082 399 868

766 508 859 559 per
884 506 967 543 eos
990 488 1164 541 dicens
1194 502 1210 539 :
1234 484 1321 538 Ita
1351 482 1553 552 facietis
1585 483 1637 533 in
1667 479 1849 533 timore
1880 477 2112 541 Domini,
2138 477 2195 531 in
2216 473 2371 530 corde
2395 477 2443 535 Α
2472 487 2588 526 cum
2613 470 2720 526 illis
2746 468 2939 525 librum
2963 465 2980 505 ί
3014 466 3141 539 legis
3172 463 3405 531 Domini,
3430 474 3478 518 et
3501 461 3908 535 pertransierunt
3933 462 3989 514 in
4018 463 4085 514 ci-

766 584 1019 655 perfccto;
1042 592 1087 633 et
1120 594 1269 633 omne
1282 577 1550 649 judicium
1572 574 1711 640 quod
1736 582 2004 643 acceptum
2032 572 2187 641 fuerit
2217 584 2369 638 super

763 695 848 731 vos
878 694 908 729 a
940 675 1189 744 fratribus
1222 672 1422 735 vestris,
1454 670 1543 738 qui
1569 668 1806 721 habitant
1828 669 1880 721 in
1912 667 2199 720 civitatibus
2238 664 2367 730 suis,

762 775 897 824 inter
945 771 1171 823 medium
1220 767 1493 838 sanguinis
1542 775 1589 818 et
1637 764 1922 835 sanguinis,
1975 763 2107 816 inter
2144 761 2371 813 medium

764 868 914 936 legis,
939 867 994 918 in
1022 863 1281 916 mandatis
1318 880 1379 914 ac
1416 860 1902 928 iustificationibus,
1941 866 1988 911 et
2027 857 2095 909 ad
2115 855 2321 928 judicia
2351 869 2371 907 :

764 970 809 1012 ct
833 958 1162 1025 distinguetis
1188 958 1263 1010 eis
1291 964 1338 1019 α,
1371 964 1419 1007 ει
1453 970 1556 1008 non
1600 954 1890 1022 peccabunt
1924 950 2168 1015 Domino,
2196 959 2241 1003 et
2269 964 2371 1002 non

762 1056 859 1107 erit
885 1054 965 1105 ira
992 1068 1150 1119 super
1182 1066 1268 1103 vos
1296 1058 1341 1101 et
1381 1051 1570 1117 fratres
1608 1057 1798 1100 restros
1822 1061 1839 1097 :
1865 1046 1939 1098 sic
1968 1045 2146 1111 facite,
2193 1050 2240 1095 et
2270 1056 2373 1095 non

767 1149 1075 1218 peccabitis.
1108 1144 1242 1197 Ecce
1266 1142 1507 1197 Amarias
1532 1141 1774 1194 sacerdos
1809 1140 2052 1207 princeps
2079 1153 2240 1207 super
2281 1151 2369 1189 vos

762 1246 818 1296 in
837 1258 988 1296 omne
1006 1239 1215 1293 rei-bum
1234 1236 1475 1299 Domini,
1492 1246 1537 1289 et
1558 1234 1811 1288 Jubadias
1829 1231 1855 1269 ι’
1874 1232 2014 1299 filius
2032 1229 2265 1290 Zmabel,
2285 1227 2372 1297 qui

762 1337 1003 1406 princeps
1017 1342 1091 1387 est
1109 1332 1286 1385 domui
1304 1328 1447 1383 Iuda
1460 1330 1513 1382 in
1529 1344 1679 1381 omne
1692 1327 1900 1380 verbum
1920 1325 2055 1393 regis
2072 1342 2088 1377 :
2108 1334 2153 1377 et
2170 1321 2371 1384 scribat,

762 1440 809 1483 et
833 1430 1001 1482 levita:
1031 1428 1085 1479 in
1111 1435 1393 1492 conspectu
1424 1432 1613 1475 vestro.
1642 1417 2023 1488 Confortamini
2051 1425 2099 1470 et
2125 1416 2301 1487 facile,
2326 1423 2375 1466 et

761 1525 861 1577 erit
885 1521 1145 1575 Dominus
1181 1518 1441 1571 vobiscum
1462 1530 1580 1569 cum
1604 1513 1736 1566 bono
1767 1512 1833 1583 (II
1872 1510 2108 1578 Paralip.
2146 1524 2263 1573 XIX,
2294 1504 2373 1574 4).

759 1613 1033 1684 Numquid
1060 1611 1201 1666 dixit
1221 1609 1287 1664 ad
1310 1605 1887 1670 Dominisacerdotes,
1910 1602 1996 1658 vel
2016 1602 2081 1655 ad
2111 1601 2261 1670 regni
2292 1598 2375 1653 sui

759 1711 1063 1780 principes,
1086 1706 1173 1760 vel
1189 1704 1257 1759 ad
1272 1713 1507 1759 caeteros
1522 1700 1737 1770 judiccs
1756 1716 1768 1750 :
1785 1695 2371 1764 Condcmnatejustum,

760 1806 1132 1879 persequimini
1182 1805 1537 1863 innocentem,
1575 1798 1853 1860 damnate;
1891 1792 2161 1861 interficite
2200 1804 2375 1842 ontnes

2470 564 2653 618 vitates
2678 561 2843 628 Iuda,
2869 570 2919 615 et
2942 559 3194 614 docebant
3226 559 3499 629 papulum.
3536 557 3602 611 Et
3629 561 3797 629 factus
3823 564 3897 608 est
3922 569 4085 621 putor

2474 658 2685 712 Domini
2730 658 2783 711 in
2824 656 2999 725 regnis
3045 664 3217 719 terrm,
3264 662 3311 705 et
3350 654 3405 705 in
3442 652 3666 706 circuitu
3700 649 3864 713 Iuda,
3902 657 3949 701 et
3982 663 4085 701 non

2473 751 2791 805 bellaverunt
2834 746 3138 817 Iosophat:
3188 754 3233 799 et
3282 746 3343 800 ab
3397 744 3706 816 alienigenis
3737 741 4082 809 afferebantl.r

2468 821 2725 917 Iosophat
2770 860 3009 906 munera,
3064 854 3115 896 et
3156 848 3431 911 argentum
3456 882 3467 904 ,
3499 848 3543 894 et
3597 839 3758 902 dona,
3799 847 3846 891 et
3891 833 4086 890 Arabes

2473 939 2759 1008 offerebant
2780 938 2860 993 illi
2895 938 3082 993 arietes
3106 938 3278 991 ovium
3301 945 3497 1005 septem
3520 934 3688 987 millia
3709 932 4087 1002 septingentos;

2473 1043 2521 1087 et
2560 1043 2669 1088 erat
2713 1032 2971 1101 Iosophat
3017 1030 3295 1085 ambulans
3322 1026 3691 1099 magnificatus
3724 1040 3885 1095 usque
3925 1022 3977 1076 in
4009 1022 4089 1074 al-

2474 1136 2583 1179 tum
2614 1122 2778 1195 (Ibid.
2810 1124 2888 1194 8).
2924 1122 3068 1191 Quid
3102 1132 3159 1176 tu
3192 1120 3302 1175 tale
3332 1118 3507 1173 iacis?
3539 1133 3738 1185 nempe
3767 1115 3961 1172 misisti
3994 1128 4089 1184 per

2475 1234 2640 1273 omne
2671 1232 2904 1288 regnum
2927 1226 3105 1282 tuum,
3138 1224 3196 1269 ut
3223 1213 3408 1269 cuncti
3440 1210 3701 1266 mandata
3726 1209 3820 1264 Dei
3846 1208 4090 1279 despue-

2475 1327 2685 1379 remus,
2735 1310 3255 1378 susciperemusque
3308 1313 3646 1376 pra-ceptum
3699 1312 3887 1367 tuum,
3941 1298 4091 1371 quod

2478 1412 2717 1460 tentaret
2764 1404 3087 1472 impugnare
3135 1397 3355 1453 Domini
3414 1404 3775 1468 praeceptum.
3824 1392 4094 1466 Josapltat

2480 1500 2635 1555 misit
2666 1499 2945 1569 principes
2977 1493 3196 1550 virtutis
3223 1494 3377 1565 regni
3411 1493 3519 1557 sui,
3557 1491 3709 1546 misit
3738 1487 4093 1546 consiliarios

2479 1612 2633 1662 suos,
2670 1596 2816 1649 misit
2847 1594 3051 1650 levitas
3080 1607 3145 1647 ac
3178 1589 3392 1645 Domini
3420 1586 3758 1652 sacerdotes,
3787 1586 4093 1640 obsecrans

2480 1698 2541 1745 ut
2570 1688 2756 1744 cancri
2784 1686 3031 1742 cultores
3063 1683 3278 1739 Domini
3312 1681 3549 1737 fuissent
3584 1682 3636 1735 in
3671 1693 3842 1751 regno
3870 1691 3997 1741 suo,
4034 1682 4091 1728 ut

2480 1795 2678 1837 omnes
2714 1780 3003 1834 unanimes
3047 1778 3164 1832 Deo
3206 1782 3416 1829 tantum
3448 1781 3626 1828 semet
3658 1773 3974 1843 praberent
4014 1768 4093 1820 la-

758 1860 1022 1956 credentes
1048 1900 1103 1951 in
1141 1895 1347 1950 Deum?
1374 1891 1644 1963 Numquid
1672 1890 1810 1943 dixit
1837 1904 1851 1941 :
1877 1860 2077 1946 Amare,
2105 1882 2245 1951 quod
2272 1898 2376 1935 non
2406 1875 2454 1935 B
2484 1874 2698 1937 mulos;
2734 1871 3090 1927 miuiteliam
3122 1869 3320 1923 librum
3359 1880 3537 1920 sacrae
3573 1863 3711 1934 legis
3747 1876 3844 1933 per
3884 1860 4093 1932 glorio-

759 2005 903 2051 amat
933 1993 1097 2059 Deus;
1124 1992 1262 2046 adite
1282 1989 1571 2061 justitiam,
1608 1984 1810 2056 diligite
1840 1980 2177 2053 injustitiam,
2209 1975 2373 2031 sicuti

762 2090 907 2144 dicis
955 2088 1047 2141 tu?
1078 2089 1187 2140 Aut
1236 2080 1503 2151 numquid
1536 2091 1738 2147 negare
1789 2072 1998 2144 poteris
2045 2081 2097 2125 te
2141 2068 2371 2135 dixisse,

762 2181 1024 2237 Damnate
1054 2175 1404 2230 Athanasium
1436 2172 1725 2232 absentem,
1750 2163 2081 2220 inauditum?
2107 2160 2374 2229 Josaphat

758 2274 874 2328 Deo
904 2271 1115 2325 dicatus
1154 2283 1247 2321 rex
1288 2264 1448 2320 Iuda:
1484 2262 1619 2317 dicit
1647 2257 1945 2314 secundum
1982 2252 2199 2308 Domini
2228 2249 2374 2320 judi-

756 2366 995 2423 candum
1027 2364 1246 2433 legem;
1278 2368 1332 2413 et
1362 2367 1417 2411 tu
1447 2356 1589 2410 dicis
1620 2353 1674 2407 in
1700 2351 2039 2420 apostasiam
2067 2358 2379 2402 conversus

763 2476 885 2520 rex,
918 2456 1177 2509 Damnate
1220 2451 1535 2505 inauditum.
1588 2447 1738 2501 Pone
1784 2446 2020 2506 interea,
2064 2438 2373 2504 Constanti,

766 2553 931 2608 hodie
967 2553 1018 2606 in
1052 2563 1290 2617 corpore
1322 2560 1450 2598 esse
1489 2542 1757 2609 Josaphat
1789 2552 2001 2607 regem,
2033 2544 2087 2589 et
2116 2545 2375 2599 utrosque

762 2663 861 2703 vos
893 2647 1079 2701 dicere
1106 2642 1174 2697 ad
1206 2656 1327 2702 nos,
1355 2640 1449 2693 ille
1477 2635 1697 2707 quidem
1729 2634 1843 2686 haec
1878 2648 1890 2683 :
1928 2628 2106 2682 Videte
2135 2624 2259 2695 quid
2286 2639 2375 2677 vos

761 2740 966 2813 facietis
1000 2755 1017 2792 :
1049 2754 1153 2790 non
1184 2735 1321 2788 enim
1343 2730 1543 2785 homini
1563 2725 1892 2801 judicabitis,
1924 2722 2012 2776 sed
2043 2719 2294 2780 Domino,
2328 2726 2378 2769 et

762 2833 1025 2887 vobiscum
1054 2838 1126 2883 est
1151 2830 1205 2881 in
1236 2827 1414 2887 verbo,
1440 2834 1485 2877 et
1522 2838 1658 2874 nunc
1696 2820 1760 2872 sit
1797 2818 1949 2870 timor
1987 2812 2195 2866 Domini
2224 2825 2379 2877 super

763 2944 874 2991 vos,
905 2937 956 2978 ut
983 2923 1190 2977 serrctis
1217 2929 1263 2973 et
1287 2918 1517 2989 faciatis.
1550 2912 1735 2981 Neque
1759 2910 1894 2963 enim
1918 2918 1990 2961 est
2010 2921 2129 2959 cum
2155 2902 2377 2957 Domino

767 3022 872 3074 Deo
907 3027 1082 3072 nostro
1110 3015 1379 3083 iniquitas,
1408 3024 1568 3077 neque
1590 3019 1825 3076 persona:
1847 3000 2079 3064 acceptio
2106 2995 2271 3067 (Ibid.
2293 2994 2375 3064 6);

766 3124 825 3167 tu
853 3123 1047 3167 contra
1069 3124 1193 3164 ease
1221 3102 1591 3161 darnnandnm
1630 3098 1783 3151 dicas
1814 3093 2142 3155 inauditum,
2168 3099 2224 3145 et
2252 3101 2376 3142 eum

765 3212 987 3283 quidem
1022 3221 1184 3273 quem
1216 3205 1380 3260 etiam
1406 3201 1522 3267 ipse
1550 3196 1693 3249 scias
1722 3194 2074 3245 innocentem
2097 3202 2113 3251 ;
2134 3187 2220 3239 cui
2249 3184 2378 3239 obe-

2477 1983 2597 2022 sum
2629 1968 2868 2039 Moysem
2923 1964 3203 2027 traditum,
3241 1969 3301 2016 ut
3345 1960 3483 2016 nihil
3538 1969 3699 2015 extra
3747 1952 4090 2021 fecissent“,

2473 2078 2635 2133 quam
2662 2077 2785 2130 qua:
2812 2060 2931 2114 lieri
2962 2059 3283 2113 mandasset
3307 2055 3476 2111 Deus.
3503 2053 3585 2109 Tu
3627 2068 3739 2109 non
3785 2052 3970 2106 solum
4018 2049 4095 2105 le-

2476 2172 2597 2225 gem
2620 2156 2843 2211 Domini
2870 2154 3136 2209 inveniris
3162 2154 3539 2224 impugnassc,
3569 2164 3692 2221 quae
3722 2146 3989 2219 prmcepit
4013 2147 4095 2201 in-

2478 2262 2771 2307 nocentem
2814 2260 2870 2305 et
2906 2249 3114 2319 justum
3149 2264 3256 2301 non
3292 2244 3634 2306 necandum,
3670 2242 3767 2297 sed
3814 2251 3871 2297 et
3916 2240 4094 2312 ipsum

2477 2346 2840 2417 dereliquisse
2874 2346 3040 2400 Deum
3064 2360 3078 2409 ;
3106 2341 3374 2411 siquidem
3397 2356 3506 2395 non
3533 2339 3610 2393 sis
3631 2335 3990 2407 apostolicam
4017 2346 4099 2390 te-

2481 2456 2618 2495 nens
2649 2439 2836 2502 Iidem,
2866 2436 2964 2492 sed
2997 2435 3113 2490 Arii
3144 2433 3451 2503 perﬁdiam.
3484 2431 3583 2485 Ille
3611 2430 3875 2500 populum
3905 2444 4099 2485 erran-

2483 2541 2592 2585 tem
2626 2531 2697 2583 ab
2729 2529 2893 2583 idolis
2929 2529 3205 2583 convertit
3249 2524 3316 2579 ad
3353 2519 3553 2591 Deum,
3582 2531 3638 2577 lu
3684 2522 3948 2592 potiulum
3988 2521 4100 2577 Deo

2481 2623 2722 2678 dicatum
2763 2630 2997 2676 conatus
3038 2635 3098 2674 es
3144 2618 3323 2673 lacere
3370 2625 3706 2687 apostatam,
3737 2614 3883 2686 quod
3923 2630 3984 2670 es
4018 2624 4098 2680 tu,

2484 2720 2589 2770 hoc
2615 2725 2720 2778 est,
2755 2714 3080 2781 sacrilegus.
3108 2711 3443 2766 Perseculus
3469 2723 3531 2763 es
3553 2716 3718 2778 atque
3747 2708 4104 2778 persequeris

2483 2808 2869 2873 Athanasium,
2905 2807 3030 2875 ejus
3075 2807 3275 2860 sitiens
3314 2819 3599 2859 cruorem.
3649 2802 3757 2859 Sed
3800 2802 3926 2857 vide
3970 2802 4103 2873 quid

2483 2903 2724 2972 Spiritus
2772 2911 2998 2955 sanctus
3037 2899 3187 2953 dicat
3229 2899 3282 2953 in
3326 2912 3476 2952 nono
3518 2896 3756 2968 psalmo,
3802 2897 3854 2950 in
3896 2912 4010 2967 quo
4046 2906 4107 2950 ιιι

2482 2994 2616 3051 mihi
2664 2992 2979 3063 Specialiter
3021 2991 3336 3062 descriptus
3381 3005 3507 3047 esse
3550 2989 3804 3044 videris:
3848 2986 4002 3042 Dixit
4054 2988 4108 3041 in

2483 3091 2638 3144 corde
2660 3107 2752 3143 suo
2782 3105 2800 3143 :
2834 3087 2959 3142 Non
3000 3086 3240 3141 movebar
3265 3103 3297 3140 a
3335 3085 3346 3123 ί
3381 3085 3575 3141 saeculo
3610 3086 3665 3139 in
3699 3085 3954 3139 saxulum
3994 3086 4107 3139 sine

2486 3188 2647 3251 malo,
2672 3189 2824 3257 cujus
2849 3201 2905 3238 os
2927 3183 3299 3236 maledictione
3320 3182 3532 3252 plenum
3554 3188 3651 3243 est,
3678 3189 3725 3233 et
3751 3179 4110 3233 amaritudine

767 3259 887 3362 dire
912 3300 1218 3373 Poterimus
1250 3310 1350 3349 nos
1373 3288 1650 3346 antiSIites
1672 3284 1803 3341 Dei?
1824 3295 2107 3351 nos,qnos
2124 3286 2255 3331 ante
2278 3292 2376 3346 po-
2404 3270 2450 3333 C
2484 3293 2532 3338 et
2562 3282 2683 3336 dolo
2714 3297 2733 3335 :
2763 3281 2856 3335 sub
2893 3281 3073 3351 lingua
3101 3280 3216 3347 eius
3246 3278 3393 3332 labor
3420 3286 3467 3332 et
3496 3276 3650 3331 dolor
3681 3292 3700 3330 :
3723 3259 3864 3337 sedet
3896 3277 3952 3329 in
3981 3275 4109 3329 insi-

767 3403 899 3472 pulo
913 3370 1016 3453 suo
1030 3412 1128 3450 ore
1142 3390 1398 3448 Ieremiae
1416 3385 1744 3455 promiserat
1763 3381 1953 3435 dit-ens
1973 3394 1985 3429 :
2005 3376 2071 3430 Et
2088 3374 2220 3427 dabo
2238 3370 2377 3424 vobis

767 3508 1001 3567 pastores
1026 3489 1310 3546 secundum
1332 3500 1421 3537 cor
1440 3495 1631 3539 meum,
1660 3486 1703 3530 et
1730 3481 1939 3539 pascent
1974 3488 2082 3536 vos,
2115 3475 2378 3536 pascentes

773 3558 891 3643 cum
934 3582 1217 3653 disciplina
1249 3575 1386 3647 (Ier.
1422 3589 1500 3635 Ill,
1534 3570 1647 3638 15).
1686 3568 1805 3625 (Ini.
1844 3566 2091 3633 inquam,
2126 3558 2379 3613 obedire-

772 3698 916 3739 tnus.
936 3679 1032 3735 tilti
1060 3652 1128 3731 ne
1161 3690 1228 3727 an
1253 3668 1517 3737 Josaphat
1547 3662 1730 3717 dicato
1765 3659 1878 3713 Deo
1905 3656 2049 3721 viro,
2075 3652 2171 3723 qui
2201 3652 2251 3705 id
2277 3664 2378 3703 nos

765 3778 947 3831 facere
974 3766 1359 3832 compelleret,
1394 3758 1537 3830 quod
1588 3753 2035 3809 meminissemus
2068 3744 2189 3801 ﬁeri
2220 3758 2377 3797 man-

773 3870 937 3923 dasse
972 3860 1181 3918 Deum?
1214 3857 1270 3911 Si
1300 3854 1485 3922 itaque
1517 3848 1671 3901 illum
1700 3843 1990 3913 cognoscis
2028 3838 2243 3892 Domini
2274 3838 2379 3889 im-

774 3964 926 4031 plere
976 3949 1311 4025 pra-cepisse
1356 3941 1635 4004 mandata,
1687 3947 1740 3991 te
1781 3951 1914 3989 vero
1956 3931 2234 3987 exstitisse
2272 3943 2382 3982 non

773 4021 950 4109 solum
977 4021 1076 4101 Dei
1106 4040 1495 4098 mandatorum
1522 4035 1953 4092 destructorem,
1986 4038 2178 4079 verum
2211 4021 2378 4076 etiam

773 4147 948 4217 ipsius
976 4142 1345 4195 desertorem,
1376 4135 1636 4196 superest
1665 4132 1725 4177 ut
1753 4120 1961 4183 videas,
1990 4117 2113 4187 quis
2142 4124 2382 4168 vestrum

778 4206 947 4295 literit
976 4235 1141 4287 homo
1177 4227 1294 4289 Dei,
1323 4223 1447 4293 quiis
1477 4220 1600 4289 ejus
1632 4213 1942 4269 clementia:
1968 4209 2158 4264 fecerit
2188 4206 2383 4261 volun-

779 4342 970 4388 tatem.
1008 4324 1261 4391 Legimus
1291 4316 1559 4383 scriptum
1600 4309 1684 4363 sic
1726 4306 1795 4361 de
1834 4306 1929 4359 illo
1962 4322 1973 4357 :
2008 4300 2077 4354 Et
2108 4305 2273 4371 factus
2313 4309 2386 4354 est

777 4426 1027 4481 Dominus
1054 4433 1168 4473 cmn
1199 4411 1480 4480 Iosophat,
1509 4407 1754 4475 quoniam
1781 4399 2061 4455 ambulavit
2092 4399 2145 4450 in
2171 4397 2266 4450 viis
2290 4412 2385 4465 pa-

776 4520 867 4574 tris
896 4516 977 4571 sui
1010 4525 1031 4552 ο
1056 4510 1259 4584 primis.
1292 4517 1339 4559 et
1370 4520 1473 4557 non
1504 4499 1739 4569 qutesivit
1763 4494 2066 4557 simulacra,
2093 4490 2182 4545 sed
2208 4488 2389 4543 Domi-

778 4629 899 4668 nunt
931 4581 1097 4663 Deum
1141 4601 1306 4674 patris
1336 4597 1438 4662 sui,
1476 4603 1524 4649 et
1555 4592 1608 4645 in
1646 4587 1906 4643 mandatis
1936 4586 2052 4653 ejus
2082 4581 2381 4651 ambulavit,

2482 3378 2585 3431 diis
2612 3392 2730 3429 cum
2776 3374 3020 3428 divitibus
3063 3374 3115 3427 in
3154 3372 3399 3436 occultis,
3448 3382 3504 3425 ut
3546 3371 3829 3438 interficiat
3856 3370 4110 3423 innocen-

2483 3479 2601 3522 tem.
2633 3467 2787 3522 Oculi
2822 3471 2935 3541 ejus
2961 3467 3014 3519 in
3054 3481 3337 3535 pauperem
3370 3464 3659 3532 respiciunt
3690 3478 3707 3516 :
3738 3462 4029 3515 insidiatur
4056 3462 4110 3515 in

2483 3562 2731 3615 absconso
2758 3560 2893 3614 sicut
2936 3559 3015 3613 leo
3052 3559 3104 3612 in
3153 3558 3404 3626 spelunca
3433 3573 3559 3621 sua;
3586 3556 3867 3610 insidiatur
3911 3564 3971 3608 ut
4022 3573 4112 3609 ra-

2485 3654 2595 3724 piat
2632 3667 2937 3723 pauperem,
2978 3667 3163 3722 rapere
3194 3665 3500 3721 pauperem,
3538 3648 3700 3702 donec
3729 3645 3964 3701 adducat
3994 3664 4113 3701 eum

2484 3747 2537 3800 in
2565 3744 2954 3800 conversatione
2971 3760 3065 3797 sua
3088 3759 3106 3797 :
3135 3744 3189 3797 in
3210 3744 3398 3808 laqueo
3419 3758 3511 3795 suo
3534 3739 3829 3794 humiliavit
3857 3756 4006 3805 eum,
4030 3742 4113 3793 in-

2486 3839 2696 3893 clinavit
2726 3854 2801 3902 se,
2839 3846 2885 3890 et
2916 3838 3065 3890 cadet
3104 3836 3231 3889 dum
3260 3836 3564 3889 dominatur
3600 3850 3915 3907 pauperum.
3960 3832 4112 3889 Dixit

2486 3932 2541 3983 in
2571 3929 2727 3984 corde
2756 3945 2892 3982 suo:
2924 3926 3127 3982 Oblitus
3171 3936 3245 3981 est
3278 3927 3439 3992 Deus,
3470 3927 3655 3982 avertit
3696 3927 3888 3997 faciem
3931 3944 4109 3992 suam,

2488 4042 2551 4079 ne
2575 4024 2745 4079 videat
2765 4040 2927 4093 usque
2955 4024 3010 4077 in
3039 4024 3193 4091 finem
3221 4019 3353 4096 (Ps.
3379 4038 3451 4087 ts,
3476 4021 3532 4088 6,
3564 4032 3679 4091 post
3705 4021 3768 4077 2|
3792 4028 3833 4094 ).
3863 4024 3951 4076 An
3982 4022 4031 4077 si
4058 4022 4111 4077 in

2488 4116 2591 4173 hac
2614 4114 3057 4187 perseveraveris
3080 4114 3346 4183 nequitia,
3378 4129 3485 4167 non
3509 4114 3619 4168 erit
3641 4113 3749 4168 dici
3782 4112 4016 4183 dignum
4041 4112 4111 4168 de

2491 4221 2543 4268 te
2596 4229 2609 4266 :
2654 4212 2847 4265 Avertit
2894 4210 3090 4282 faciem
3137 4226 3284 4261 suam
3327 4225 3389 4261 ne
3430 4208 3597 4261 videat
3643 4223 3804 4273 usque
3848 4208 3905 4260 in
3952 4208 4112 4278 finem

2490 4302 2722 4376 (Ibid)?
2756 4302 2928 4357 Tanta
2974 4310 3102 4356 sunt
3146 4300 3336 4355 funera
3369 4309 3484 4368 tua,
3525 4300 3835 4364 Constanti,
3869 4310 3933 4354 ut
3983 4314 4109 4355 cum

2491 4397 2694 4452 dicitur
2726 4396 2778 4450 in
2814 4396 3026 4465 psalmo
3056 4395 3277 4450 decimo
3306 4411 3375 4450 ex
3400 4408 3635 4465 persona
3666 4394 3851 4467 pepuli
3889 4394 4110 4449 nostri:

2492 4489 2559 4544 In
2610 4489 2831 4543 Domino
2862 4488 3094 4558 confido,
3140 4487 3403 4558 quomodo
3453 4487 3627 4541 dicitis
3670 4487 3683 4536 i
3725 4486 3920 4539 anima:
3958 4502 4109 4549 mete,

2496 4580 2831 4653 Transmigra
2854 4582 2903 4634 in
2929 4590 3155 4634 montem
3181 4581 3315 4633 sicut
3338 4580 3553 4650 passer?
3572 4579 3819 4648 quoniam
3844 4593 3963 4632 ecce
3992 4594 4111 4648 pec-

775 4715 823 4759 et
856 4719 958 4757 non
986 4700 1059 4753 sic
1079 4693 1105 4732 ἀ
1138 4709 1294 4765 opera
1326 4687 1494 4743 Israel
1522 4700 1539 4739 :
1568 4693 1612 4739 et
1644 4680 1834 4735 direxit
1866 4676 2125 4731 Dominus
2166 4691 2379 4747 regnum
2408 4681 2463 4742 D
2486 4690 2683 4734 catores
2704 4674 3080 4731 intenderunt"
3098 4691 3299 4739 arcum,
3330 4683 3640 4745 paraverunt
3667 4673 3885 4746 sagittas
3909 4690 4035 4729 suos
4058 4674 4111 4727 in

776 4802 889 4869 ejus
921 4809 939 4846 :
965 4801 1013 4846 et
1042 4786 1183 4841 dedit
1211 4784 1376 4837 omnis
1411 4777 1555 4831 Iuda
1588 4790 1804 4827 munera
1826 4767 2083 4837 Iosuphat
2107 4785 2124 4822 :
2150 4778 2197 4823 et
2232 4768 2384 4837 facta

772 4862 891 4943 sunt
932 4885 1011 4939 illi
1038 4879 1233 4934 divititc
1274 4885 1321 4927 et
1358 4871 1527 4943 gloria
1556 4868 1765 4919 multa:
1794 4874 1839 4918 et
1871 4862 2158 4916 exaltatum
2197 4871 2270 4914 est
2297 4876 2385 4914 cor

771 4985 883 5047 eius
902 4983 957 5033 in
973 4978 1065 5030 viis
1084 4969 1316 5030 Domini,
1340 4976 1385 5019 et
1404 4963 1577 5015 adhuc
1594 4958 1878 5027 amputavit
1896 4967 1941 5010 et
1965 4966 1986 4993 ε
2008 4958 2150 5009 lucos
2168 4972 2197 5007 a
2213 4953 2388 5009 Iuda:

775 5085 821 5129 et
855 5073 1002 5125 tertio
1031 5082 1169 5120 anno
1200 5059 1341 5131 regni
1375 5057 1454 5111 sui
1484 5054 1625 5107 misit
1664 5052 1819 5103 duces
1855 5065 1998 5111 suos,
2033 5058 2078 5100 et
2111 5048 2248 5114 filios
2278 5048 2383 5099 vir-

779 5175 941 5220 tutum
964 5161 1031 5231 (ιι
1057 5157 1295 5222 Paralip.
1325 5165 1458 5214 xvu,
1490 5146 1567 5217 5).
1604 5144 1670 5199 Et
1694 5142 1833 5197 infra
1862 5161 1875 5197 :
1904 5140 1971 5194 Et
1998 5157 2115 5194 cum
2148 5142 2250 5195 illis
2277 5140 2392 5195 Eli-

781 5268 967 5323 masat,
1016 5263 1062 5308 et
1109 5248 1294 5303 Joram
1344 5242 1659 5305 sacerdotes,
1707 5247 1759 5293 et
1800 5236 2049 5290 docebant
2096 5234 2313 5302 Iudam,
2347 5248 2395 5292 et

844 5429 869 5455 λ
904 5418 1008 5473 Eos
1035 5410 1177 5484 apud
1208 5406 1419 5484 Sanan,
1455 5402 1558 5484 sed.
1580 5401 1757 5484 Qrznc.
1784 5402 1983 5460 αὐτοῖς.

850 5491 875 5529 ιι
905 5470 1168 5543 ἷαὺυᾶίαε
1192 5480 1335 5549 ﬁlms
1364 5474 1576 5549 Isinael.
1612 5472 1943 5549 Latin._cum
1978 5470 2192 5527 (ἑτερου.

856 5576 875 5599 ε
910 5542 1083 5614 I’atris
1114 5542 1414 5609 suiDavid.
1452 5546 1527 5600 ιιι.
1562 5560 1685 5599 cum
1722 5542 1878 5613 Vulg.

849 5631 873 5669 δ
909 5633 1080 5687 Sicut.
1111 5627 1190 5681 Id.
1228 5634 1280 5677 et
1312 5620 1420 5675 Til.
1923 5661 1938 5668 _

854 5717 875 5741 ε
909 5683 1179 5758 βιηιιςιιιει
1207 5706 1253 5748 et
1276 5694 1435 5749 deest
1456 5687 1596 5759 apud
1627 5688 1813 5743 Sabat.
1842 5687 1933 5755 qui
1959 5686 2087 5755 legit
2121 5683 2285 5740 etiam
2319 5685 2383 5738 de

774 5774 913 5830 Inda
942 5791 1037 5841 pro
1071 5789 1098 5821 (ι
1126 5768 1291 5841 Iuda.

851 5852 864 5886 ί
901 5831 1025 5903 Erat
1056 5844 1185 5896 liber
1217 5838 1364 5910 legis,
1390 5832 1533 5910 apud
1562 5831 1749 5910 subat2

851 5931 871 5969 ὅ
901 5898 1238 5974 ᾗιιηϐιωοιιε
1264 5898 1543 5964 metu...
1570 5900 1853 5973 ἀλλοφύλων
1875 5898 1953 5973 i’qs
1962 5921 2068 5972 ρον.

2490 4773 2760 4844 pharetra,
2781 4779 2835 4822 ut
2847 4768 3091 4838 sagittent
3103 4768 3157 4820 in
3177 4768 3394 4821 obscuro
3408 4777 3571 4821 rectos
3586 4763 3934 4834 corde(Psal.
3954 4782 4010 4829 ι.
4025 4764 4106 4837 ‘2);

2492 4874 2546 4920 tu
2570 4864 2702 4918 mihi
2727 4860 3035 4930 descriptus
3053 4874 3173 4915 esse
3194 4875 3318 4914 cum
3340 4860 3610 4916 scelerum
3635 4866 3854 4913 tuorum
3882 4858 4110 4929 partici-

2495 4959 2654 5030 pibus
2703 4956 2958 5011 videaris.
3020 4954 3413 5026 Cognoscimus
3460 4954 3669 5010 etenim
3723 4967 3823 5008 vos
3870 4952 4111 5007 Arianos

2495 5067 2619 5108 esse
2648 5052 2909 5119 temporis
2941 5049 3111 5103 nostri
3149 5048 3513 5103 antichristos
3544 5064 3556 5099 :
3590 5056 3684 5101 aut
3725 5046 3769 5100 si
3806 5058 3918 5098 non
3954 5044 4002 5099 is
4028 5059 4108 5103 es.

2498 5144 2588 5213 qui
2620 5142 2883 5197 merearis
2931 5140 3211 5195 numerari
3250 5140 3396 5196 inter
3420 5137 3806 5201 antichristos,
3838 5137 4057 5191 aestima
4086 5133 4103 5172 ι

2502 5238 2598 5293 Dei
2649 5237 2793 5292 unici
2842 5235 2966 5291 Filii
3002 5245 3253 5307 negator.
3284 5235 3425 5290 Dicit
3470 5232 3716 5304 Spiritus
3747 5244 3977 5287 sanetus
4012 5246 4108 5303 per

2569 5396 2594 5435 ¹ι
2624 5399 2727 5455 Pro
2760 5403 2987 5469 facerent
3013 5414 3114 5453 suo
3146 5412 3319 5453 more.
3353 5395 3462 5452 Til.

2565 5472 2576 5507 ί
2620 5467 2775 5525 Vers.
2810 5468 2940 5528 Ant.
2972 5469 3049 5524 De
3082 5470 3417 5540 generatione
3458 5469 3510 5521 in
3552 5467 4020 5540 generationem...
4059 5468 4111 5520 in

2485 5543 2759 5597 occulto...
2794 5542 2849 5595 in
2883 5539 3094 5595 occulto,
3114 5543 3247 5595 sicut
3271 5542 3357 5612 _leo
3394 5540 3449 5592 in
3488 5539 3646 5612 cubili
3689 5557 3856 5612 suo...
3906 5555 4105 5612 paupe-

2484 5630 2594 5667 rem
2617 5616 2740 5667 dum
2766 5614 3019 5667 abstrahit
3059 5610 3326 5665 illum.'In
3366 5612 3548 5681 laqueo
3583 5611 3843 5680 afflictabit
3877 5604 4101 5666 illum...

2487 5685 2610 5739 dum
2638 5685 3010 5745 dominabitur,
3045 5694 3152 5737 etc.

2563 5756 2576 5805 ἱ
2622 5757 2778 5811 Vers.
2806 5756 2934 5811 Ant.
2971 5754 3193 5808 Dieetis.

2560 5825 2587 5913 ξ
2622 5827 2778 5913 Xers.
2810 5826 2940 5882 Ant.
2968 5825 3389 5913 Tetenderunt...
3418 5826 3718 5913 sagitta's‘in
3750 5828 4081 5913 pharetram.

2570 5895 2585 5934 ι
2621 5896 2693 5953 Es
2721 5908 2888 5955 tamen
2921 5914 2939 5952 :
2967 5896 3145 5954 Latin.
3182 5905 3237 5954 et
3264 5908 3452 5965 recte;
3482 5895 3578 5955 sed
3607 5896 3711 5954 Til.
3743 5895 4003 5965 Phrasis,
4034 5900 4111 5953 iu-
