4292 6462
189 478 279 534 849

1206 476 1343 532 PRO
1382 474 1651 532 SANCTO
1692 475 2095 533 ATHANASIO
2136 476 2338 531 LIBER
2380 477 2419 530 Ι.

3366 474 3475 531 850

191 595 506 666 prophetam
535 615 547 649 :
586 594 837 649 Dominus
864 595 916 648 in
942 596 1130 665 templo
1158 604 1338 647 sancto
1364 609 1481 659 suo,
1516 591 1770 647 Dominus
1798 597 1850 655 Α
1875 595 2035 655 malo,
2069 593 2117 646 ét
2154 594 2288 647 labia
2333 603 2422 646 tua
2460 611 2521 648 ne
2566 595 2843 661 loquantur
2887 594 3065 648 dolum
3104 610 3122 647 :
3152 602 3201 647 et
3246 602 3416 647 averte
3446 609 3479 645 a

194 698 214 724 λ
240 691 288 743 in
334 692 463 744 caelo
504 692 647 743 sedes
682 692 795 755 ejus
827 705 844 742 :
872 690 1017 742 oculi
1056 690 1170 757 ejus
1210 689 1263 739 in
1294 703 1575 756 pauperem
1616 686 1777 755 respi-

192 782 343 843 ciunt,
382 792 431 834 et
462 779 489 818 δ
518 780 775 852 palpebra:
805 784 915 851 ejus
962 782 1285 848 interrogant
1318 780 1456 845 ﬁlios
1487 777 1776 829 hominum.

192 871 439 927 Dominus
462 876 743 945 interrogat
764 878 969 944 justum
993 885 1036 926 et
1062 874 1279 943 impium
1310 889 1326 924 :
1352 874 1438 942 qui
1466 884 1635 924 autem
1655 872 1777 924 dili-

190 969 260 1037 git
282 970 631 1039 iniquitatem,
657 968 769 1022 odit
796 971 1027 1022 animum
1057 986 1202 1019 suam
1236 967 1404 1032 (Psal.
1438 983 1491 1030 χ,
1524 966 1603 1035 5).
1630 966 1693 1020 Et
1726 975 1780 1019 tu

189 1064 425 1117 statuisti
450 1079 573 1117 eum
608 1064 966 1132 puniendum,
999 1077 1157 1130 quem
1196 1077 1295 1115 nec
1325 1060 1440 1131 ipse
1466 1060 1783 1129 cogn0veris

191 1173 364 1217 reum,
399 1156 501 1209 nisi
528 1166 734 1210 tantum
768 1158 821 1211 in
860 1171 948 1221 co,
978 1156 1121 1224 quod
1160 1162 1265 1208 tua:
1306 1152 1660 1221 blasplieinia'
1692 1168 1780 1208 rc—

190 1252 408 1313 stiterit,
459 1252 665 1306 factum
700 1252 840 1319 apud
882 1260 937 1305 te
982 1252 1171 1303 mortis
1204 1266 1375 1304 reum.
1419 1250 1556 1301 Audi
1600 1248 1785 1301 dicere

192 1342 281 1397 Di-i
313 1343 566 1412 spiritum
594 1360 607 1397 :
640 1345 741 1411 Qui
769 1354 939 1398 autem
964 1343 1135 1411 diligit
1167 1343 1511 1411 iniquitatem,
1547 1340 1651 1391 odit
1673 1340 1786 1392 ani—

190 1451 325 1488 mam
372 1452 519 1489 suam
561 1434 729 1507 (Ibid.
764 1436 820 1505 6)
870 1453 879 1487 :
916 1445 969 1489 et
1014 1437 1165 1503 cngis
1215 1434 1555 1503 iniquitatem
1602 1447 1787 1485 amare

186 1543 359 1596 magis
383 1544 543 1598 quam
571 1528 869 1596 justitiam.
900 1529 951 1580 Si
984 1544 1088 1579 non
1115 1539 1197 1580 est
1230 1527 1491 1595 injustum
1524 1524 1786 1579 damnare

189 1619 524 1683 inauditum,
576 1618 960 1673 accusantibus
1010 1619 1167 1671 vobis
1214 1617 1507 1678 luereticis,
1550 1614 1787 1669 catholi-

187 1729 311 1768 cum
344 1718 634 1767 convince.
671 1713 785 1783 Ego
810 1717 1011 1767 etenim
1047 1728 1166 1765 cum
1200 1712 1377 1765 adhuc
1414 1713 1675 1779 scriptum
1710 1710 1790 1763 in-

188 1808 351 1861 venio
386 1825 398 1859 :
431 1805 590 1861 Pluet
619 1824 775 1876 super
807 1822 1105 1877 peceatores
1130 1814 1338 1875 laqueos
1368 1824 1379 1857 :
1413 1806 1567 1876 ignis,
1598 1817 1643 1857 et
1677 1806 1787 1858 sul-

186 1903 349 1968 pitur,
382 1910 430 1953 et
456 1901 672 1965 spiritus
696 1902 1069 1971 procellarum,
1104 1911 1147 1953 et
1176 1910 1197 1937 ο
1222 1916 1341 1969 pars
1365 1900 1541 1951 calicis
1571 1914 1747 1950 eorum
1774 1913 1791 1950 :

1883 688 2045 757 malo,
2084 697 2130 740 et
2172 691 2256 758 {ac
2296 688 2482 741 bonum
2514 687 2632 757 (Ps.
2660 704 2854 755 χχχιιι,
2889 688 3012 759 13);
3062 699 3116 743 ιιι
3153 702 3333 744 tamen
3366 702 3475 743 non

1884 780 2124 851 quietem
2149 783 2333 850 capias
2360 782 2475 835 hmc
2503 780 2765 852 gerendo,
2796 797 2915 852 qua:
2941 794 2990 835 te
3014 781 3355 852 prohibuerit
3380 796 3475 851 ge-

1884 888 2008 928 rere
2043 874 2203 927 Deus.
2241 873 2353 927 Hoc
2384 883 2467 928 est
2500 874 2644 928 nolle
2677 873 2866 928 videre
2898 874 3015 928 dies
3043 874 3238 937 bonos,
3270 872 3372 926 hoc
3394 880 3482 927 est

1887 966 2034 1019 nolle
2063 967 2251 1029 vitam,
2286 965 2388 1020 hoc
2413 975 2496 1020 cst
2519 977 2706 1034 petere
2729 966 2832 1020 sibi
2866 966 3026 1020 tribui
3056 978 3313 1021 mortem.
3343 965 3477 1019 Cum

1886 1058 2069 1125 itaque
2099 1061 2173 1111 sis
2205 1060 2349 1124 talis,
2374 1059 2467 1127 qui
2491 1058 2559 1112 ad
2584 1072 2813 1113 mortem
2841 1068 3098 1114 :vternam
3122 1058 3480 1114 hauriendam

1890 1168 2101 1217 curras,
2128 1155 2292 1208 etiam
2325 1153 2376 1206 in
2402 1169 2546 1207 χχχν
2579 1165 2630 1206 ιιι
2656 1155 2783 1207 mihi
2809 1154 3013 1209 videris
3037 1170 3161 1208 esse
3184 1166 3484 1223 prmosteu-

1888 1262 2005 1301 sus.
2043 1246 2183 1300 Dixit
2207 1249 2455 1317 injustus,
2486 1258 2541 1300 ut
2570 1248 2832 1314 delinquat
2855 1250 2909 1301 in
2936 1250 3271 1320 semetipsum
3294 1258 3318 1296 8
3344 1267 3357 1303 :
3382 1263 3487 1303 non

1890 1351 1961 1395 est
1994 1340 2145 1392 timor
2171 1339 2270 1395 Dei
2290 1352 2409 1394 ante
2430 1340 2607 1393 oculos
2638 1344 2751 1413 ejus
2783 1358 2801 1395 :
2828 1343 3073 1411 quoniam
3099 1341 3278 1395 dolose
3304 1341 3409 1411 egit
3436 1341 3488 1394 in

1892 1441 2167 1501 conspectu
2197 1436 2331 1504 ejus,
2368 1444 2422 1486 ut
2456 1433 2750 1486 inveniatur
2781 1434 3026 1504 iniquitas
3054 1438 3166 1506 ejus
3208 1443 3255 1487 et
3282 1433 3484 1487 odium.

1902 1524 2066 1578 Verba
2110 1525 2214 1577 oris
2242 1534 2353 1595 ejus
2389 1526 2638 1592 iniquitas
2674 1538 2720 1578 et
2748 1526 2901 1579 dolus
2935 1541 2953 1579 .'
2986 1526 3149 1579 noluit
3180 1526 3491 1594 intelligere,

1894 1627 1948 1669 ut
1977 1617 2100 1670 bene
2122 1627 2291 1687 ageret
2318 1631 2335 1670 :
2359 1617 2683 1686 iniquitatem
2705 1619 2981 1671 meditatus
3009 1629 3084 1672 est
3110 1620 3164 1671 in
3194 1618 3351 1670 cubili
3374 1632 3490 1681 suo,

1893 1714 2085 1765 assistit
2106 1713 2246 1765 omni
2278 1713 2372 1765 via:
2400 1729 2501 1765 non
2542 1714 2709 1775 bonae,
2746 1715 2997 1767 malitiam
3018 1727 3189 1767 autem
3212 1729 3314 1766 non
3337 1712 3496 1764 odieit

1896 1804 2016 1874 (Ps.
2049 1821 2212 1870 xxxv,
2241 1806 2320 1877 Ξ).
2351 1805 2538 1874 Qualis
2562 1822 2622 1860 es
2650 1807 2896 1872 adverte,
2925 1807 3227 1877 jnStissimc
3256 1804 3283 1843 δ
3316 1806 3495 1874 impe-

1897 1912 2067 1961 rator,
2105 1911 2327 1967 propter
2357 1916 2516 1967 quem
2546 1916 2673 1954 esse
2702 1900 2846 1956 dicta
2880 1902 3191 1955 sentiantur
3213 1900 3377 1954 etiam
3408 1898 3499 1953 illa

184 1995 628 2067 quoniamjustus
663 1993 937 2058 Dominus,
970 1994 1292 2063 etjustitiam
1320 1992 1499 2045 dilexit
1531 2008 1547 2043 :
1572 1992 1789 2061 a-quita-
1827 1998 1870 2057 Β
1898 2005 2017 2060 qum
2060 1990 2113 2044 in
2144 1989 2449 2045 Scariotem
2490 1990 2500 2026 ί
2534 1992 2729 2047 ludam
2774 2002 2829 2047 et
2882 1993 3137 2063 populum
3180 1992 3501 2049 Judzeorum

187 2086 434 2137 temvidit
460 2087 627 2138 vultm
651 2090 761 2157 ejus
794 2086 959 2157 (Ibid.
995 2086 1083 2153 7);
1122 2094 1174 2137 te
1198 2096 1362 2154 atque
1388 2098 1579 2137 omnes
1614 2094 1789 2135 tecum

186 2178 459 2233 facientes
489 2179 540 2231 iu
576 2181 675 2233 bac
705 2190 859 2249 parte
897 2196 1020 2234 esse
1056 2194 1350 2249 cognosco.
1384 2178 1575 2232 Veniet
1604 2177 1791 2246 utique

184 2288 362 2341 super
390 2287 490 2326 vos
520 2274 658 2340 ignis
690 2284 743 2326 et
769 2274 1018 2342 sulphur,
1053 2284 1108 2327 et
1138 2275 1363 2344 spiritus
1397 2271 1790 2341 procellarum,

187 2368 293 2423 nisi
326 2368 582 2422 conversi
611 2365 824 2420 [ueritis
856 2367 921 2418 ad
958 2366 1151 2428 Deum,
1185 2366 1309 2434 quia
1342 2368 1414 2417 sit
1447 2378 1569 2432 pars
1603 2364 1794 2415 calicis

182 2460 361 2515 vestri
400 2470 722 2527 negaturum
768 2458 910 2512 unici
954 2457 1076 2511 Filii
1122 2456 1241 2518 Dei,
1278 2460 1396 2526 ejus
1436 2456 1635 2508 divina:
1676 2470 1793 2507 ma-

177 2554 406 2625 iestatis
454 2552 757 2606 dicaturum
794 2550 1249 2619 persecutoribus
1292 2567 1303 2601 :
1338 2551 1427 2617 qui
1457 2564 1579 2601 cum
1609 2547 1797 2600 sciatis

183 2646 367 2701 Deum
394 2646 624 2714 justum.
654 2644 923 2713 justitiam
958 2644 1207 2711 diligere,
1237 2657 1422 2695 amare
1454 2640 1791 2711 aequitatem,

182 2754 287 2792 vos
317 2736 653 2793 censueritis
696 2736 960 2788 damnare
996 2736 1365 2795 innocentem,
1397 2733 1650 2801 persequi
1687 2731 1797 2784 Do-

178 2833 327 2887 mini
364 2831 741 2885 ﬁdelissimum
774 2828 1139 2883 sacerdmem.
1173 2827 1406 2897 Diligite,
1442 2826 1641 2894 inquit,
1688 2824 1795 2878 Do-

178 2932 411 2996 mitium,
470 2930 520 2983 iu
581 2928 796 2997 ps:ilmo
847 2942 977 2981 χχχ.
1028 2926 1267 2993 Spiritus
1324 2933 1568 2987 sanctus,
1616 2937 1794 2974 omnes

176 3025 360 3080 sancti
382 3025 516 3095 ejus,
545 3024 791 3090 quoniam
818 3021 1081 3074 veritatem
1108 3018 1321 3087 requirit
1352 3016 1629 3075 Dominus,
1658 3023 1706 3066 et
1727 3030 1800 3066 re-

177 3120 380 3173 tribuet
420 3118 727 3187 facientibus
759 3111 786 3151 ἀ
814 3114 1141 3167 abundanter
1172 3112 1467 3181 superbiam
1508 3110 1627 3177 (Ps.
1658 3126 1794 3172 xxx,

174 3212 307 3284 24).
344 3211 415 3267 Et
444 3222 501 3267 tu
548 3226 647 3263 nos
690 3208 999 3278 impuleras
1042 3206 1108 3259 ad
1151 3204 1593 3259 interﬁciendum
1638 3204 1796 3257 inno-

171 3318 429 3370 centem,
456 3304 521 3357 ad
548 3303 867 3371 superbiam
892 3312 1038 3355 tuam
1070 3298 1483 3367 possidendam.
1509 3296 1625 3350 Non
1649 3298 1798 3350 eiiim

1901 2082 2103 2137 fuerint
2161 2084 2323 2137 dicta.
2381 2084 2668 2152 Quomodo
2722 2100 3121 2156 potueramus,
3174 2088 3499 2153 Consumti,

1897 2176 2157 2230 damnare
2205 2178 2552 2232 innocentem
2597 2179 2662 2233 ad
2712 2180 2990 2247 Superbia-
3035 2192 3142 2234 tua:
3173 2180 3507 2234 consilium?

1898 2288 2019 2326 cum
2051 2275 2313 2329 sciremus
2342 2277 2607 2345 scriptum
2639 2274 2782 2343 apud
2815 2274 2981 2328 David
3010 2291 3022 2327 :
3059 2272 3317 2328 Ostendet
3350 2276 3504 2328 mise-

1897 2368 2177 2420 ricordiam
2218 2379 2363 2422 tuam
2402 2371 2684 2423 scientibus
2728 2380 2797 2432 te,
2837 2380 2884 2421 et
2916 2371 3183 2442 justitiam
3224 2380 3366 2422 tuam
3399 2369 3503 2436 his,

1899 2461 1985 2529 qui
2016 2472 2150 2513 recto
2177 2472 2295 2514 sunt
2325 2464 2498 2514 corde.
2530 2461 2655 2515 Non
2677 2465 2854 2516 veniat
2884 2464 3012 2514 mihi
3041 2479 3129 2528 pes
3158 2464 3436 2533 superbia’,
3459 2472 3509 2517 et

1901 2572 2083 2609 manus
2134 2559 2416 2621 peccatoris
2455 2555 2482 2593 ¹ί
2527 2575 2631 2612 non
2680 2571 2880 2610 mat-eat
2923 2575 3001 2611 me
3045 2573 3064 2611 :
3094 2559 3163 2611 ibi
3211 2558 3508 2612 ceciderunt

1900 2666 2073 2704 omnes
2102 2653 2190 2718 qui
2220 2664 2507 2717 operantur
2538 2653 2885 2722 iniquitatem,
2913 2654 3122 2723 expulsi
3145 2662 3262 2706 sunt
3289 2670 3381 2706 nec
3409 2669 3505 2722 po-

1900 2752 2067 2796 ternnt
2104 2740 2121 2779 ι
2153 2753 2290 2797 stare
2319 2743 2485 2809 (Ibid.
2522 2745 2634 2815 Η).
2668 2745 2811 2810 Quid
2852 2744 3033 2798 dicis?
3067 2746 3193 2799 talis
3221 2754 3308 2799 est
3336 2746 3507 2799 mise-

1900 2836 2134 2891 ricordia
2168 2838 2259 2891 Dei
2288 2854 2352 2891 ac
2374 2838 2609 2907 iustitia,
2637 2848 2696 2891 ut
2726 2840 2983 2893 absentes
3013 2848 3068 2891 et
3092 2839 3318 2891 inauditi
3349 2838 3505 2891 dam-

1904 2928 2139 2982 nentur?
2191 2938 2245 2982 et
2299 2928 2523 2997 quidem
2574 2930 2917 2995 innocentes,
2966 2943 3105 2999 quos
3152 2930 3347 2998 punire
3405 2945 3509 2984 nec

1905 3032 2204 3091 prmsenles
2236 3023 2387 3077 licet.
2426 3022 2533 3077 Sed
2565 3024 2695 3090 quid
2729 3024 2926 3078 mirum
2957 3021 3004 3078 si
3044 3022 3163 3077 lirec
3194 3022 3311 3077 ﬁeri
3347 3038 3502 3077 man-

1904 3117 2068 3180 dasti,
2099 3116 2267 3189 .bonio
2298 3118 2560 3172 nesciens
2592 3117 2807 3171 Deum?
2836 3118 2973 3184 Quid
3013 3117 3237 3183 mirum,
3267 3118 3313 3173 si
3346 3118 3504 3188 igno-

1904 3222 2030 3260 rans
2054 3207 2172 3274 ejus
2202 3208 2637 3262 misericordiam
2669 3208 3139 3278 atquejustitiam,
3167 3211 3499 3281 praeceperis

1907 3314 2172 3367 perversa
2207 3299 2347 3360 lteri,
2373 3299 2577 3369 iniqua,
2608 3300 2807 3367 injusta
2827 3301 2850 3354 ’ἔ
2873 3300 2987 3354 Νοιι
3022 3312 3074 3355 te
3097 3316 3126 3353 a
3160 3312 3311 3355 tanto
3331 3304 3511 3378 (potuit

175 3410 233 3455 re
268 3413 479 3468 negare
507 3397 685 3467 possis
713 3410 836 3450 esse
866 3395 1187 3462 superbum,
1225 3406 1349 3445 cum
1380 3399 1435 3443 et
1461 3389 1512 3441 in
1555 3388 1647 3442 Dei
1678 3386 1796 3440 cul-
1827 3396 1872 3458 (ζ
1906 3408 2191 3448 removere
2216 3392 2425 3447 scelere
2457 3394 2865 3464 psalmograpbi
2895 3409 3079 3449 sermo
3110 3394 3346 3451 dicentis
3379 3414 3391 3451 :
3425 3394 3509 3450 Ibi

172 3505 340 3550 tores
372 3492 615 3546 funesuas
649 3492 867 3543 miseris
896 3502 1109 3549 manus,
1142 3495 1196 3539 et
1226 3484 1596 3550 evangelicam
1630 3481 1795 3535 [idem

168 3588 486 3643 destruere
515 3584 681 3639 fueris
711 3595 959 3645 conatus,
1000 3594 1163 3650 atque
1201 3583 1416 3633 lirmare
1458 3577 1791 3630 luereticam.

167 3682 234 3737 In
276 3696 435 3734 χχχιι
465 3680 673 3750 psalmo
710 3693 816 3731 non
851 3677 1064 3745 legeras
1098 3694 1109 3729 :
1142 3675 1327 3744 Diligit
1358 3674 1611 3725 Dominus
1644 3682 1667 3707 θ
1698 3672 1792 3723 mi-

164 3773 528 3830 sericordiam
556 3783 603 3827 et
624 3773 908 3841 judicium,
934 3784 981 3823 et
1006 3770 1363 3822 misericordia
1397 3766 1607 3819 Domini
1634 3766 1789 3835 plena

162 3878 254 3923 est
298 3878 439 3919 terra
467 3864 590 3933 (Ps.
630 3880 803 3927 χχχιι,
837 3864 924 3931 5);
961 3871 1018 3914 ιιι
1052 3861 1275 3928 iuberes
1314 3859 1560 3911 damnari
1594 3858 1791 3910 absen-

166 3960 344 4014 tem?
374 3960 663 4026 Cognosce
692 3970 789 4025 per
828 3954 943 4008 lure
972 3968 1137 4023 opera
1171 3965 1257 4005 tua
1293 3966 1452 4020 quam
1482 3951 1560 4003 sis
1602 3949 1795 4003 incon-

160 4052 490 4115 sideratus,
538 4063 811 4119 quamque
863 4057 969 4100 tua:
1021 4045 1209 4098 salutis
1264 4042 1460 4105 hostis,
1522 4043 1611 4109 qui
1669 4056 1792 4095 cum

158 4145 459 4215 scriptum
492 4142 813 4198 memineris
849 4156 860 4194 :
890 4142 1017 4206 Quis
1060 4149 1135 4192 est
1166 4139 1319 4191 homo
1358 4138 1447 4205 qui
1478 4137 1587 4188 vult
1613 4137 1788 4197 vitam,

1906 3488 2196 3539 ceciderunt
2229 3504 2408 3540 omnes
2454 3489 2545 3556 qui
2590 3498 2878 3555 aperantur
2919 3489 3264 3558 iniquitatem,
3306 3492 3513 3558 expulsi

1904 3593 2025 3637 sunt
2053 3600 2144 3637 nec
2172 3594 2446 3651 patuerunt
2471 3594 2613 3637 stare
2639 3583 2806 3655 (Ibid.
2846 3584 2973 3655 15)?
3003 3600 3106 3639 nec
3135 3584 3228 3641 ille
3260 3586 3313 3640 in
3348 3587 3513 3657 trige-

1902 3678 2043 3727 simo
2080 3685 2237 3727 sexto
2275 3694 2286 3726 :
2322 3674 2507 3728 Desine
2542 3676 2606 3728 ab
2645 3677 2743 3741 ira,
2773 3686 2821 3728 et
2852 3677 3149 3746 derelinque
3171 3687 3210 3713 ω
3243 3682 3513 3748 furorem;

1901 3766 2009 3817 noli
2032 3765 2272 3818 wuiulari
2299 3777 2352 3817 ut
2383 3767 2705 3838 maligueris,
2732 3769 2977 3832 quoniam
3013 3770 3101 3836 qui
3130 3768 3507 3838 malignantur,

1900 3857 2385 3910 exterminabuntur
2419 3857 2535 3928 (Ps.
2568 3874 2758 3922 XXXVI,
2794 3859 2887 3929 8)?
2922 3858 3047 3913 Haec
3083 3858 3267 3929 itaque
3296 3860 3509 3929 legens,

1900 3952 2028 4019 quia
2080 3966 2180 4019 pro
2216 3952 2388 4005 nihilo
2434 3951 2687 4006 habenda
2728 3962 2933 4006 statuta
2962 3953 3248 4007 censueris
3272 3953 3506 4019 Domini,

1906 4044 2111 4098 idcirco
2142 4054 2193 4098 te
2218 4060 2343 4100 esse
2365 4044 2552 4115 judico
2579 4046 2750 4112 illum,
2777 4044 2847 4099 de
2879 4060 2988 4116 quo
3013 4045 3219 4100 dictum
3249 4056 3332 4101 est
3357 4064 3370 4100 :
3405 4046 3510 4101 0b-

1901 4140 2121 4192 seruabit
2152 4152 2390 4207 peccator
2422 4144 2618 4207 justum
2647 4150 2696 4192 et
2724 4140 2963 4192 stridebit
2994 4148 3021 4174 ιι
3043 4156 3203 4209 super
3232 4156 3346 4192 eum
3376 4142 3505 4194 den-

156 4251 215 4295 et
250 4247 405 4294 amat
432 4237 453 4274 τ
495 4237 663 4290 ridere
704 4237 813 4289 dies
848 4236 1037 4288 bonos?
1067 4233 1279 4302 prohibe
1321 4231 1553 4301 linguam
1582 4240 1719 4281 tuam
1759 4246 1792 4281 a
1902 4230 2035 4284 tibus
2062 4231 2208 4295 suis;
2237 4228 2494 4284 Dominus
2526 4246 2701 4284 autem
2731 4229 2985 4284 deridebit
3009 4238 3034 4265 ο
3060 4247 3201 4296 eum,
3224 4232 3343 4300 quia
3385 4248 3508 4301 pro—

1902 4370 2225 4424 histrionem.
2266 4370 2476 4424 Glossm
2526 4384 2743 4423 veteres
2787 4372 2929 4435 apud
2976 4368 3241 4422 Isidorum
3276 4385 3288 4419 :
3331 4368 3500 4433 Strio,

1903 4442 2197 4505 minmrius,
2249 4442 2421 4497 lerme
2457 4442 2708 4495 seenieus.
2755 4440 2997 4495 Srarioth
3044 4440 3208 4493 etiam
3259 4439 3396 4493 dixit
3440 4439 3502 4495 S.

1901 4510 2021 4567 Odo
2052 4514 2255 4567 Abbas.
2290 4513 2533 4567 Cluniac.
2570 4527 2736 4566 serm.
2768 4515 2837 4566 de
2870 4511 3100 4578 Magdal.
3140 4528 3153 4565 :
3194 4511 3347 4577 Quod
3384 4528 3503 4565 vero

1904 4584 2077 4637 Judas
2109 4584 2349 4639 Scarioth
2373 4594 2552 4636 contra
2575 4584 2708 4637 lianc
2732 4583 3107 4636 sanctissimam
3133 4584 3399 4634 mulierem
3424 4584 3501 4634 in-

1908 4656 2153 4727 dignatus
2184 4654 2372 4727 dicere.
2403 4654 2535 4708 Inde
2574 4658 2737 4709 etiam
2767 4653 3055 4727 Spaniscus
3088 4668 3199 4727 pr0_
3219 4652 3501 4727 Hispanis-

1908 4723 2015 4785 συὶ.
2048 4737 2141 4780 aut
2174 4725 2512 4794 Hispanicus,
2544 4738 2594 4779 ut
2630 4742 2749 4780 cum
2784 4725 2919 4777 dixit
2952 4723 3270 4778 AnaStasius
3310 4723 3362 4776 in
3404 4723 3503 4778 Be-

1824 4788 1879 4847 D
1905 4797 2124 4851 nedictu
2175 4788 2285 4861 ΙΙΙ(
2320 4788 2623 4868 Spaniscas,
2676 4812 2791 4863 qum
2842 4795 3261 4868 pendent‘super
3287 4798 3499 4868 altare.

1899 4868 2037 4921 Item
2085 4882 2271 4923 vestem
2316 4866 2377 4922 de
2430 4867 2687 4937 Spanisco
2728 4880 2965 4920 ornatam
2994 4883 3011 4919 :
3046 4866 3098 4920 id
3129 4878 3237 4931 est,
3268 4866 3338 4921 de
3384 4867 3503 4921 velo

1899 4940 2227 5009 Hispanico;
2261 4949 2318 4993 ut
2339 4940 2483 4993 enim
2508 4950 2666 5009 erant
2699 4941 2811 4992 vela
2838 4938 3000 5006 Tyria
3023 4946 3081 4992 et
3108 4937 3499 5003 Alexandrina,

1896 5010 1971 5064 ita
1997 5006 2048 5066 et
2079 5012 2390 5081 Hispanica.
2419 5009 2494 5081 La
2516 5006 2703 5063 Cerda.

1974 5082 1987 5133 i
2046 5079 2203 5138 νει-ἐ.
2250 5082 2377 5137 Αιιι.
2432 5080 2719 5135 Prwtendit
2767 5080 3124 5134 misericordia
3160 5089 3270 5132 tua.
3315 5079 3493 5134 Graec.

1895 5154 2339 5229 cu_rn__lniciiero,
2372 5158 2677 5229 τεαράτεινον
2705 5156 2762 5209 τὸ
2781 5151 2923 5211 ἔλεός
2945 5173 3062 5206 σου.

1970 5225 1997 5263 ¹ί
2027 5226 2185 5281 Vers.
2218 5224 2345 5278 Ant.
2379 5223 2788 5279 Peccatorum...
2824 5239 2998 5276 omnes
3026 5231 3317 5287 operantes.

1979 5296 1997 5335 1
2034 5298 2134 5352 Hic
2170 5312 2293 5352 eum
2333 5295 2492 5349 Vers.
2536 5298 2661 5349 Aut.
2708 5303 2986 5367 poterunt;
3018 5293 3114 5348 sed
3150 5293 3313 5364 paulo
3364 5293 3503 5349 infe-

1900 5370 2018 5423 rius
2050 5379 2324 5437 potuerunt
2354 5384 2481 5422 cum
2505 5365 3001 5423 Οτιιθεσδύνωνται.

1974 5450 2013 5477 ιη
2037 5436 2193 5495 Vera.
2223 5440 2352 5495 Ant.
2377 5438 2691 5507 Derelinque
2719 5439 3130 5507 indignationem
3158 5454 3177 5491 :
3206 5453 3267 5491 ne
3295 5436 3507 5491 temule-

1900 5514 1975 5567 ris
2017 5523 2071 5566 ut
2113 5514 2339 5582 nequiter
2368 5513 2553 5580 facins,
2582 5510 2829 5581 quoniam
2871 5512 2958 5577 qui
2988 5510 3158 5578 inique
3184 5518 3378 5582 agunt,
3399 5519 3505 5562 etc.

1900 5584 2119 5639 Lucifer
2148 5580 2370 5654 propius
2398 5584 2463 5635 ad
2493 5580 2666 5636 Griec.
2699 5582 3145 5654 furorem,6upiw;
3178 5593 3232 5631 ut
3255 5580 3507 5651 maligne-

1901 5657 1997 5715 ris.
2023 5659 2154 5712 ὥστε
2190 5655 2597 5729 πονηρεύισθαι;
2626 5658 2715 5723 qui
2746 5653 3117 5723 malignantur,
3141 5653 3187 5705 oi
3227 5653 3510 5727 πονηρευό-

1904 5750 2212 5874 “mutinae.
2243 5812 2367 5874 cum
2400 5797 2788 5874 I_.n<_:i_l._upiEu.
2822 5794 2978 5850 Vers.
3012 5794 3140 5874 ᾼιιι.
3186 5794 3439 5874 frmiebit.

1986 5880 2010 5906 ο
2042 5872 2193 5924 Vers.
2225 5868 2355 5923 Ant.
2400 5866 2653 5923 Irridebit'
2694 5885 2830 5930 eum,
2872 5867 3115 5935 quoniam
3165 5866 3415 5936 prospicit
3453 5882 3511 5919 eo

1913 5944 2054 6007 quod
2075 5943 2261 5996 ueniat.
2293 5941 2477 5997 Sabat.
2507 5954 2723 6011 quoque
2756 5938 2900 6006 legit,
2934 5936 3179 6003 quoniam
3210 5937 3473 6007 prospicit.

152 4386 333 4457 quit,
365 4379 648 4457 rudisest,
672 4377 825 4457 quasi
856 4377 1004 4457 dicat
1036 4391 1047 4426 :
1081 4373 1309 4457 Turni/ii
1336 4370 1793 4457 uiderislille’esfs‘e,

155 4440 234 4510 de
271 4440 385 4525 quo
416 4440 703 4525 l’salinistd
726 4449 937 4517 loquens
967 4445 1029 4499 de
1055 4444 1399 4525 _Antichristis
1436 4443 1589 4521 verba
1627 4440 1753 4510 [arit
1778 4457 1794 4493 :

151 4529 263 4582 vel
286 4512 474 4580 'etiam
513 4539 525 4574 :
559 4512 935 4574 Ai'stima'uum
961 4528 1012 4568 tu
1049 4518 1090 4568 is
1122 4532 1174 4568 es
1202 4518 1288 4584 qui
1330 4512 1575 4584 mergaris
1619 4527 1798 4563 nume-

150 4600 290 4653 rari
350 4597 486 4648 inter
530 4592 895 4652 Anticliristos,
949 4590 1034 4659 qui
1078 4585 1172 4639 Dei
1215 4582 1360 4639 unici
1408 4582 1537 4635 Filii
1585 4592 1801 4654 negator

150 4670 390 4725 existis.

241 4752 272 4777 ει
310 4739 603 4794 Ontittitnr
631 4734 887 4787 Dominus
917 4732 968 4786 in
1001 4730 1157 4785 Vers.
1190 4728 1346 4793 Ant.,
1378 4727 1471 4781 sed
1506 4728 1705 4797 legitur
1739 4725 1791 4779 in

146 4814 387 4869 Grmco
416 4820 468 4863 et
497 4808 743 4878 Vulgata.

238 4884 272 4922 ι)
312 4881 388 4934 Et
417 4881 575 4933 deest
602 4870 657 4932 in
693 4877 850 4931 Vcrs.
877 4877 1005 4930 Ant.
1039 4883 1093 4927 et
1126 4870 1381 4934 Vulgata.

240 4966 267 4992 ι’
315 4952 387 5005 Et
415 4952 685 5004 omittitur
716 4949 765 5001 in
800 4948 951 5000 Ἶρι-ς.
988 4947 1112 5000 Αιιι.
1145 4953 1201 4997 et
1230 4940 1487 5011 Vulgata,
1519 4941 1609 4995 ubi
1629 4940 1794 5012 justi-

146 5028 277 5082 tias
318 5024 525 5090 legitur
554 5036 653 5091 pro
676 5020 963 5091 justitiam.

231 5095 267 5136 ἀ
316 5084 478 5148 Vers.
508 5084 635 5145 Ant.
671 5084 767 5143 His
792 5092 881 5159 qui
908 5089 1229 5159 abundanter
1254 5092 1454 5159 faciunt
1475 5084 1760 5159 superbius.

237 5180 267 5207 ε
317 5166 578 5220 Dominus
601 5156 860 5215 omittunt
892 5158 1049 5213 Vers.
1075 5160 1203 5212 Ant.
1234 5156 1289 5211 et
1322 5157 1479 5229 Vulg.
1518 5160 1605 5212 ubi
1639 5156 1789 5208 mise-

138 5240 425 5297 ricordia
452 5246 661 5290 tantum
692 5234 886 5301 legitur
915 5246 1013 5301 pro
1044 5240 1092 5284 et
1118 5230 1503 5301 misericordia.

237 5312 266 5351 τ
316 5311 479 5363 Vers.
511 5307 638 5361 Ant.
676 5300 900 5373 Cupit...
925 5301 1190 5355 Cohibe...
1222 5302 1421 5373 dolum.
1453 5300 1686 5354 Deverte.

233 5392 265 5428 8
313 5381 482 5435 Vera.
509 5381 634 5434 Ant.
664 5372 849 5432 Sibi...
873 5384 927 5428 ut
949 5374 1196 5427 inveniret
1224 5372 1550 5440 iniquitatem
1574 5386 1793 5425 suam...

177 5458 339 5512 diis.

132 5476 438 5599 σαειῂᾳο
487 5522 619 5599 dici!
669 5524 957 5599 ιερωηικῷς,
1005 5532 1141 5599 cum.
1178 5531 1300 5599 eum
1354 5514 1794 5599 iniustissimum,

132 5612 355 5665 atque
390 5585 774 5663 impiissimu'm
798 5592 1024 5665 judicet,
1056 5591 1178 5665 quia
1208 5585 1518 5665 absentem,
1544 5596 1619 5652 ct,
1652 5585 1795 5665 quod

127 5660 346 5744 pejus
371 5660 482 5731 est,
507 5660 856 5719 iuuet-enlem
884 5664 1131 5716 damnari
1155 5660 1391 5714 voluerit
1413 5660 1792 5713 Athanasium.

197 5745 277 5800 il.

128 5747 277 5853 Tui.
320 5810 647 5870 Scariotem,
697 5805 807 5859 iota
848 5804 1057 5869 ablato,
1091 5804 1243 5866 dicit,
1286 5814 1339 5859 et
1387 5805 1459 5857 ita
1498 5800 1799 5870 smpissime

139 5884 427 5949 nomina
461 5881 679 5950 propria
710 5875 1037 5950 corrumpit,
1074 5886 1135 5950 ut
1162 5874 1512 5950 luncynlgus
1544 5871 1799 5950 loqueba—

148 5940 299 6019 i'lii'.
352 5951 435 6007 id.
461 5940 579 6004 Ῥι-ιὶ
614 5940 960 6019 Ischarioten'.
997 5946 1255 6019 gaudens
1284 5940 1597 6019 dimidiare.
1622 5940 1625 5941 ⁷
1648 5940 1801 5998 Unde

150 6012 458 6090 sitvirnlus
490 6022 631 6086 apud
663 6017 962 6072 Arnoliimu
993 6012 1088 6087 pro
1111 6012 1434 6083 ltistrieulus,
1465 6016 1682 6071 trionem
1708 6026 1800 6081 pro
