4292 6390
684 424 777 480 851

1678 388 1681 389 ί
1764 423 2085 483 LUCIFERI
2126 424 2434 483 EPISCOPI
2475 426 2903 484 CALARITANI

3847 435 3929 491 853

685 543 839 615 spicit
856 543 979 613 quia
997 543 1160 597 veniet
1184 541 1295 597 dies
1309 540 1612 616 eius(Psal.
1637 556 1820 607 χχιιι,
1845 542 1957 613 12).
1988 541 2134 627 Inter
2155 541 2280 598 illos
2310 549 2357 602 Α
2390 556 2483 597 vos
2513 556 2889 613 persecutores
2922 543 3014 598 Del
3050 559 3356 627 servorum,
3387 546 3526 602 unici
3548 546 3777 605 FililDel
3799 566 3929 621 nega-

686 647 739 690 te
764 634 1047 700 habemus,
1073 634 1139 691 de
1158 634 1354 705 quibus
1373 635 1577 692 dictum
1602 648 1804 691 cerno:
1829 625 2079 689 σιιιάιςηιι
2107 636 2284 706 euagi-

682 729 937 785 naveruut
963 741 1279 803 peccatores,
1304 732 1641 786 intenderunt
1669 742 1850 786 arcum
1880 742 1907 770 ι
1930 748 2081 788 suum
2112 741 2167 786 ιιι
2193 730 2283 787 de-

669 823 862 893 jiciant
888 825 1095 893 inopem
1122 833 1167 876 et
1191 839 1496 893 pauperem,
1525 834 1574 878 et
1605 824 1862 879 trucident
1883 836 2050 879 rectos
2083 825 2238 879 corde
2264 839 2285 880 .'

679 916 888 989 gladius
917 932 1093 971 eorum
1118 917 1273 972 intret
1295 921 1346 970 in
1367 916 1527 970 corda
1557 918 1811 986 ipsorum,
1843 928 1888 972 et
1918 933 2069 971 arcus
2097 932 2279 970 eorum

671 1007 1057 1079 confringatur.
1095 1005 1286 1063 Melius
1318 1006 1344 1045 δ
1374 1016 1446 1062 est
1475 1009 1736 1063 modicum
1755 1011 1959 1082 justum
1998 1024 2154 1081 super
2196 1007 2281 1063 di-

665 1102 821 1155 vitias
861 1112 1195 1170 peccatorum
1237 1101 1428 1155 multas
1462 1120 1481 1157 :
1510 1103 1754 1172 quoniam
1792 1101 2002 1156 brachia
2037 1114 2277 1170 peccato-

672 1211 792 1248 rum
821 1204 1144 1250 conterentur
1169 1193 1332 1265 (Ibid.
1364 1192 1476 1260 14).
1500 1193 1580 1251 Tu
1611 1196 1752 1251 inter
1786 1199 1919 1250 istos
1941 1194 2196 1251 inimicus
2220 1209 2279 1249 es

674 1287 887 1341 Domini
921 1287 1280 1356 constitutus,
1321 1302 1459 1359 quos
1488 1286 1751 1343 describit
1792 1286 1883 1342 Del
1914 1281 2153 1357 Spiritus
2182 1284 2276 1340 ad-

670 1381 779 1436 huc
829 1379 966 1435 intra
999 1399 1011 1434 :
1053 1380 1270 1435 Inimici
1310 1378 1527 1435 Domini
1570 1392 1691 1435 mox
1729 1392 1780 1435 ut
1816 1391 1837 1420 ο
1880 1382 2277 1436 honorabantur

668 1483 715 1525 et
745 1472 1135 1537 exctltabuntur,
1178 1472 1472 1543 deﬁcientes
1503 1484 1557 1527 ut
1604 1477 1781 1545 fumus
1824 1474 2065 1545 deﬁcient
2107 1470 2271 1546 (Ibid.

666 1564 785 1635 20).
818 1564 1116 1622 Considera
1143 1565 1357 1622 tandem
1388 1576 1441 1622 te
1461 1581 1584 1622 cum
1607 1567 1756 1622 omni
1789 1574 1879 1623 tua
1911 1566 2272 1633 Sublimitate,

669 1658 773 1712 nisi
811 1667 973 1713 temet
993 1658 1325 1726 correxeris,
1354 1670 1411 1714 ut
1440 1659 1643 1715 iunium
1670 1661 2046 1728 interiturum,
2073 1660 2274 1731 quippe

665 1750 766 1805 Dei
802 1751 1106 1807 inimicum.
1149 1752 1343 1809 Adhuc
1388 1753 1456 1810 de
1499 1762 1551 1809 te
1600 1754 1860 1825 scriptum
1901 1754 2084 1821 video,
2131 1754 2271 1825 quod

666 1845 771 1899 nisi
804 1856 1110 1902 conversus
1145 1848 1485 1918 pceuitueris,
1514 1854 1780 1904 venturus
1800 1850 1875 1903 sis
1904 1848 1969 1903 ad
2001 1849 2228 1905 nihilum
2258 1866 2271 1904 :

2391 648 2536 692 tores
2572 638 2920 708 serpentibus
2953 648 3006 693 et
3036 626 3314 711 :tspidiblts
3352 650 3719 712 comparatos;
3761 651 3806 698 et
3843 659 3927 701 non

2390 728 2604 785 tandem
2638 735 2794 784 times
2818 729 2883 785 ad
2918 732 3007 787 Dei
3059 741 3108 788 te
3143 732 3440 791 transferre
3468 735 3721 792 domum?
3748 750 3839 795 non
3866 748 3925 806 te,

2387 821 2476 891 qui
2509 832 2646 877 unus
2670 836 2791 877 esse
2825 825 3154 879 monstraris
3181 840 3250 879 ex
3288 823 3396 881 illis
3436 827 3726 897 aspidibus,
3756 829 3818 885 ita
3843 831 3929 885 lor-

2387 929 2505 969 toas
2533 915 2601 971 ad
2624 915 2821 970 diaboli
2852 915 3175 972 calcandum
3209 926 3402 987 caput,
3434 935 3541 991 quo
3578 921 3743 991 possis
3767 922 3928 993 dignus

2383 1005 2525 1061 elllei
2556 1022 2785 1078 regnare
2815 1007 2957 1063 inter
2977 1023 3093 1077 eos,
3121 1024 3349 1081 quorum
3379 1008 3614 1068 Joannes
3645 1024 3809 1068 narrat
3831 1016 3928 1087 glo-

2385 1100 2521 1154 riam
2546 1118 2558 1154 :
2586 1100 2649 1155 In
2671 1118 2765 1156 sua
2780 1099 2807 1139 ικ
2829 1104 3209 1174 propr-invenit,
3234 1105 3374 1158 etsui
3390 1122 3503 1160 cum
3526 1123 3625 1162 non
3646 1122 3929 1181 receperunt;

2381 1202 2629 1265 quotquot
2669 1204 2841 1247 autent
2886 1205 3186 1265 receperunt
3215 1212 3351 1264 eunt,
3375 1198 3514 1253 dedit
3536 1199 3638 1255 illis
3667 1211 3930 1272 potestatem

2382 1284 2519 1353 ﬁlios
2538 1285 2651 1355 ﬁeri
2672 1283 2790 1353 Dei,
2806 1287 2893 1356 qui
2911 1290 3125 1343 credunt
3142 1290 3194 1343 in
3221 1291 3423 1345 nomine
3438 1295 3553 1366 ejus
3572 1293 3746 1366 (Joan.
3771 1310 3805 1361 ι,
3832 1294 3931 1363 ll)?

2378 1375 2496 1433 Non
2553 1379 2883 1434 memineras
2928 1382 3195 1452 scriptun!
3244 1381 3298 1436 in
3346 1399 3470 1439 LVIII
3522 1386 3771 1456 psalmo:
3814 1385 3931 1441 Deus

2387 1467 2573 1535 Israel,
2595 1470 2801 1524 intende
2818 1469 2887 1524 ad
2903 1471 3185 1527 visitandas
3206 1490 3376 1528 omnes
3397 1475 3588 1548 gentes,
3604 1493 3701 1532 non
3721 1482 3932 1533 miserea-

2379 1565 2450 1618 ris
2478 1563 2711 1619 domibus
2729 1566 2819 1634 qui
2840 1578 3117 1636 operantur
3144 1568 3454 1640 iniquitatem
3480 1569 3593 1641 (Ps.
3619 1588 3758 1639 mnu,
3784 1572 3857 1644 6);
3888 1582 3933 1629 ut

2375 1656 2602 1727 jubcrcs
2640 1656 2873 1712 dandam
2918 1659 2970 1713 in
3019 1660 3299 1717 absentem
3343 1662 3694 1719 senténtiam?
3728 1682 3820 1722 nec
3860 1681 3935 1721 ut

2379 1760 2731 1806 eommone‘re
2756 1752 2955 1821 pariter
2969 1761 3131 1823 atque
3146 1754 3426 1825 increpare
3447 1755 3699 1823 Spiritum
3717 1770 3936 1814 sanctum

2381 1859 2478 1914 per
2507 1847 2621 1900 lucc
2649 1844 2818 1901 verba
2846 1854 3177 1918 cognoveras
3208 1866 3220 1901 :
3255 1850 3526 1921 Quousque
3558 1853 3746 1907 irruitis
3778 1855 3825 1906 in
3852 1853 3934 1908 ho-

675 1936 800 1992 Vldi
838 1939 1055 2010 impium
1088 1941 1531 2010 superexaltatunt
1570 1950 1619 1995 et
1657 1943 1915 1996 eleratum
1942 1959 2100 2014 super
2129 1942 2154 1977 ά
2191 1957 2275 1996 ce-
2311 1944 2352 2004 Β
2384 1937 2606 1990 minem?
2650 1938 2939 2008 inter/icitls
2980 1936 2998 1977 ι
3028 1941 3288 1995 uniuersos
3326 1940 3442 2009 (Ps.
3475 1959 3554 1998 ut
3576 1986 3589 2008 ,
3626 1943 3721 2015 ιη
3757 1942 3936 2011 Timor,

672 2033 793 2086 dros
829 2030 1011 2087 Libani
1042 2043 1131 2087 :et
1162 2034 1397 2102 transivi,
1430 2044 1481 2089 et
1519 2050 1639 2089 ccce
1678 2052 1781 2089 non
1809 2046 1952 2100 erat;
1980 2045 2028 2089 et
2065 2035 2278 2105 qutcst'ci

663 2141 809 2191 eum,
843 2135 891 2180 et
932 2135 1131 2180 nonest
1161 2128 1397 2181 inventus
1421 2129 1566 2182 locus
1593 2129 1705 2196 ejus
1734 2126 1899 2199 (Ibid.
1933 2126 2054 2195 35).
2081 2126 2161 2180 Tu
2189 2141 2273 2195 es,

668 2219 913 2289 inquam,
942 2218 1059 2284 ille,
1094 2220 1399 2285 Constanti,
1432 2221 1499 2276 de
1527 2234 1633 2291 quo
1666 2220 1833 2275 etiam
1872 2221 1988 2276 lure
2014 2217 2160 2275 dicta
2195 2218 2280 2274 vi-

671 2310 775 2365 deo
810 2330 823 2365 :
855 2310 1119 2387 Conspicit
1154 2324 1176 2352 ο
1209 2326 1448 2384 peccator
1480 2319 1709 2388 justunt,
1736 2326 1787 2370 et
1824 2316 2009 2387 quierit
2048 2315 2277 2387 mortiﬁ-

670 2419 788 2457 care
812 2419 929 2457 eunt
964 2420 981 2458 :
1009 2403 1263 2462 Dominus
1284 2419 1458 2462 autent
1490 2424 1590 2462 non
1613 2408 1936 2479 derelinquet
1959 2425 2076 2463 eum
2102 2410 2154 2463 in
2173 2426 2280 2463 nta-

674 2499 825 2552 nibus
861 2502 978 2572 ejus
1010 2499 1174 2570 (Ibid.
1209 2501 1326 2574 5'2).
1364 2503 1502 2559 Dicit
1536 2503 1799 2574 propheta
1845 2504 2037 2573 plenus
2074 2504 2279 2576 Spiritu

672 2603 861 2648 saneto
889 2611 900 2647 :
937 2593 1066 2649 Noli
1091 2600 1329 2651 cumulari
1369 2599 1505 2653 inter
1532 2600 1906 2671 malignan'es,
1942 2616 2102 2670 neque
2137 2601 2277 2653 zela-

673 2693 804 2742 verls
845 2685 864 2724 ¹
897 2688 1148 2759 facientes
1195 2683 1525 2761 iniqttitaient
1558 2709 1577 2747 :
1606 2692 1856 2764 quoniam
1902 2703 2162 2762 tamquam
2202 2696 2278 2764 fe—

674 2794 794 2832 num
838 2779 1081 2834 velociter
1111 2793 1363 2847 arescent,
1396 2792 1446 2837 et
1490 2784 1619 2837 sicut
1659 2784 1802 2838 olera
1850 2782 2130 2837 herbarunt
2177 2783 2279 2837 cito

673 2871 912 2926 decident
949 2871 1117 2944 (Ibid.
1174 2872 1244 2941 ί).
1300 2874 1367 2930 Et
1418 2875 1620 2932 dicitur
1661 2893 1688 2930 a
1735 2889 1787 2931 te
1826 2873 2148 2931 Constantio
2185 2875 2282 2931 de-

674 2976 947 3021 structore
984 2967 1074 3022 Dei
1107 2969 1416 3038 religionis,
1461 2968 1608 3024 Meos
1642 2969 1968 3024 imitamini?
2004 2969 2154 3037 Quis.
2186 2984 2281 3024 vos

674 3058 941 3120 imitetur,
999 3060 1100 3113 nisi
1154 3062 1242 3128 qui
1299 3061 1425 3115 Vt'iil
1483 3062 1759 3117 vobiscum
1804 3072 2075 3130 tamquam
2127 3062 2280 3115 olera

675 3150 961 3206 herbtrn‘ut
997 3152 1597 3221 arescere?Quis?nisi
1632 3154 1718 3225 qui
1746 3156 1873 3209 velit
1902 3154 1993 3209 Dei
2030 3154 2280 3224 indigna-

675 3243 821 3300 tione
863 3245 1068 3299 deleri?
1107 3247 1159 3301 Si
1200 3263 1331 3302 vere
1373 3246 1557 3318 utique
1600 3248 1774 3303 dicit:
1810 3247 2081 3303 Justitiam
2114 3248 2280 3318 loqui-

2385 2029 2562 2099 inqttit
2592 2030 2849 2087 SalomOu
2879 2074 2893 2099 ,
2926 2031 3157 2100 Domini,
3187 2034 3387 2088 initittttt
3417 2053 3621 2106 sensus;
3659 2040 3941 2106 sapientiam

2382 2132 2553 2175 autem
2578 2133 2624 2177 et
2646 2122 2975 2195 disciplinam
3004 2126 3151 2195 impii
3171 2139 3415 2197 spernunt
3448 2126 3626 2200 (Prov.
3653 2146 3690 2196 t,
3714 2130 3790 2202 7).
3826 2130 3943 2186 llinc

2380 2214 2728 2284 disciplinam
2756 2225 2811 2271 et
2838 2217 3163 2287 sapientiam
3203 2221 3435 2290 spernis,
3465 2223 3587 2291 quia
3618 2224 3690 2276 sis
3712 2225 3825 2278 sine
3859 2224 3945 2279 Dei

2384 2308 2599 2364 timore.
2638 2309 2774 2365 Hinc
2803 2312 2998 2381 impius
3029 2328 3153 2369 esse
3185 2316 3353 2370 sacris
3380 2316 3701 2372 describcris
3729 2316 3943 2372 litteris:

2385 2401 2583 2471 impius
2608 2404 2817 2474 utique,
2839 2405 2963 2475 quia
2988 2421 3094 2462 non
3119 2406 3294 2462 solum
3318 2409 3431 2478 ipse
3451 2408 3753 2464 deserueris
3773 2409 3947 2476 Dctnn,

2384 2494 2479 2550 sed
2512 2505 2569 2551 et
2598 2498 2687 2566 qui
2714 2507 2753 2534 ω
2783 2500 3035 2555 colentes
3059 2500 3209 2554 illum
3244 2512 3350 2556 tam
3378 2501 3571 2559 infeste
3599 2506 3946 2574 persequaris.

2389 2588 2478 2643 νω
2521 2587 2614 2643 tibi
2649 2590 2775 2660 quia
2817 2605 2941 2646 cum
2976 2592 3082 2648 illis
3123 2608 3246 2650 esse
3282 2596 3559 2660 inveniris,
3586 2597 3650 2652 du
3689 2598 3875 2669 quibus
3901 2597 3952 2653 in

2381 2679 2693 2735 Proverbiis
2719 2681 2840 2752 lego
2865 2700 2876 2735 :
2910 2681 3040 2748 Fili.
3066 2702 3167 2739 non
3195 2696 3241 2740 te
3275 2688 3516 2742 seducunt
3546 2690 3637 2742 viri
3664 2690 3839 2759 impii,
3866 2707 3949 2743 ue-

2382 2789 2479 2843 que
2517 2776 2839 2845 acquiescas,
2870 2779 2912 2832 si
2946 2789 2993 2832 te
3032 2782 3319 2854 ragavcrint
3348 2782 3567 2837 dicentes
3594 2800 3613 2839 :
3653 2781 3796 2849 Veni,
3825 2800 3955 2839 cont-

2386 2869 2593 2921 munica
2640 2868 2903 2924 nobiscum
2934 2874 3257 2943 sanguinem,
3296 2874 3664 2929 abscondamus
3705 2888 3867 2932 autem
3906 2881 3953 2931 iu

2387 2969 2526 3014 terra
2567 2963 2730 3016 virum
2766 2966 2977 3037 justum
3018 2966 3211 3039 injuste
3238 2984 3257 3022 .·
3289 2968 3622 3040 deglutinmus
3643 2978 3670 3005 ιι
3695 2982 3855 3024 autem
3894 2972 3952 3024 il-

2386 3053 2514 3119 lam,
2540 3054 2678 3108 velut
2706 3056 2861 3128 inferi
2892 3058 3061 3112 vivum
3086 3058 3251 3130 (Ibid.
3279 3058 3387 3133 IO).
3413 3062 3543 3128 Quid
3568 3074 3619 3117 te
3643 3062 3949 3118 Arianorum

2384 3144 2698 3201 Iudaeorum
2757 3150 3091 3206 imitatorum
3133 3154 3525 3221 delecmre'tat,
3561 3156 3850 3220 Constanti,
3901 3170 3956 3211 ut

2388 3240 2486 3294 has
2529 3241 2750 3297 illorum
2788 3244 2980 3314 impias
3019 3245 3246 3301 audiens
3286 3261 3447 3303 voces
3487 3248 3548 3302 ad
3592 3247 3958 3304 clfundcndum’

674 3338 819 3402 ntini,
855 3340 999 3409 juste
1024 3348 1046 3382 α
1069 3340 1304 3410 judicute
1346 3340 1443 3408 ﬁlii
1480 3339 1744 3394 hominum
1777 3339 1896 3406 (Ps.
1932 3357 2056 3403 Lm,
2089 3341 2149 3411 ‘2)
2183 3358 2194 3393 :
2228 3349 2282 3396 et
2310 3340 2355 3404 C
2387 3337 2711 3407 sanguinem
2756 3338 2852 3393 Dei
2895 3353 3178 3395 servorum
3226 3342 3418 3397 {uisus
3462 3341 3672 3397 eosdem
3711 3343 3953 3398 secutus?

678 3440 731 3483 tu
770 3431 820 3484 in
872 3432 1183 3486 inuoecnlis
1214 3434 1471 3502 essurgis
1524 3447 1743 3487 necent.
1797 3432 2055 3487 DubEtarc
2101 3432 2284 3501 itaque

679 3541 783 3577 non
822 3526 1021 3593 pulerit
1058 3535 1108 3579 te
1152 3541 1273 3579 esse
1317 3542 1378 3579 ex
1418 3524 1523 3579 illis
1572 3525 1641 3578 ad
1687 3539 1823 3593 «(nos
1866 3526 1995 3578 dicit
2045 3526 2284 3596 Spiritus

677 3628 936 3672 sanctus:
983 3618 1185 3673 Etenim
1225 3620 1277 3673 in
1324 3620 1479 3673 corde
1518 3619 1817 3689 iniquitates
1860 3620 2180 3689 aperantini,
2232 3622 2284 3674 in

675 3723 811 3765 terra
860 3713 1181 3780 iniquitatrm
1214 3729 1398 3767 manus
1429 3724 1608 3767 vestrm
1648 3714 1979 3768 concinnant.
2012 3712 2284 3769 Alienatih

674 3819 789 3861 sunt
819 3816 1113 3879 peccatores
1163 3808 1226 3861 ab
1265 3813 1437 3871 utero,
1484 3818 1785 3863 erraverunt
1815 3826 1845 3861 a
1872 3819 2075 3876 ventre,
2122 3809 2285 3863 locuti

672 3909 789 3951 sunt
818 3898 955 3967 falsa
984 3900 1102 3954 :ira
1133 3901 1238 3955 illis
1266 3899 1548 3953 secundum
1586 3901 1982 3955 similitudinem
2008 3902 2282 3973 serpentis,

676 3992 808 4045 sicut
838 3993 1040 4060 aspidis
1071 3995 1262 4058 surda',
1295 4004 1341 4047 et
1368 3994 1659 4047 obturantis
1683 4010 1835 4048 aures
1866 4011 2010 4061 suas,
2041 4011 2156 4062 qua:
2182 4012 2285 4049 non

674 4085 935 4139 exaudivit
963 4100 1134 4139 vocent
1176 4086 1558 4140 incantantium
1594 4086 1938 4141 incantatoris
1978 4083 2022 4154 ί,
2054 4103 2171 4159 qua:
2200 4089 2284 4142 itt-

674 4188 916 4234 cantatur
943 4198 974 4234 n
998 4182 1249 4250 sapiente.
1282 4177 1424 4236 Deus
1458 4191 1691 4236 conterat
1724 4182 1738 4231 ι
1781 4181 1958 4235 dentes
1992 4198 2189 4247 eorum,
2232 4182 2286 4237 in

673 4289 761 4326 ore
786 4274 1198 4344 ipsorumntolas
1218 4276 1426 4329 leonum
1454 4277 1745 4348 confringet
1778 4274 2031 4330 Dominus
2063 4292 2081 4331 .'
2112 4276 2181 4330 ad
2204 4277 2287 4331 ni-

675 4367 841 4420 hilum
893 4369 1146 4423 venientes
1197 4379 1252 4423 ut
1301 4386 1437 4439 aqua
1479 4371 1789 4436 decurrent,
1838 4370 2063 4425 intendit
2104 4388 2285 4426 arcunt

675 4475 825 4514 suum
857 4460 1019 4517 donec
1043 4462 1391 4531 inﬁrmentur.
1420 4463 1571 4520 Sicut
1593 4481 1712 4519 cera
1737 4464 2015 4537 liquefacta
2034 4469 2288 4537 auferan-

674 4564 780 4621 tur,
801 4573 959 4627 super
973 4574 1060 4612 eos
1075 4557 1260 4613 cecidit
1277 4559 1433 4631 ignis,
1451 4576 1555 4614 non
1573 4559 1812 4615 viderunt
1833 4559 1995 4615 solem
2015 4558 2179 4633 (Ibid.
2202 4562 2284 4634 3).

676 4649 842 4705 Audis
877 4662 930 4708 te
956 4667 1080 4708 cum
1116 4653 1222 4709 tuis
1258 4652 1324 4707 ad
1359 4654 1591 4709 nihilum
1625 4662 1940 4719 venturum,
1975 4664 2033 4709 ut
2056 4654 2170 4725 jam
2205 4654 2286 4710 illi

2389 3431 2497 3484 Cur
2538 3447 2646 3486 non
2694 3434 2925 3488 consilia
2971 3433 3173 3491 audisti
3218 3435 3524 3491 Salomonis
3568 3437 3785 3493 dicentis
3834 3437 3954 3491 tibi?

2392 3521 2503 3578 Nec
2531 3525 2717 3579 abieris
2741 3527 2851 3580 vias
2881 3542 3001 3580 cum
3023 3527 3149 3593 illis,
3183 3545 3245 3583 ne
3268 3527 3598 3583 declinaveris
3624 3543 3795 3601 praem
3818 3541 3947 3584 tanta

2388 3617 2456 3670 ad
2498 3618 2710 3672 semitas
2759 3634 2936 3672 eorum
2967 3636 2985 3673 :
3012 3625 3112 3674 non
3153 3622 3291 3675 enint
3320 3622 3486 3690 inique
3524 3623 3789 3676 tenduntur
3828 3626 3948 3676 retia

2387 3708 2567 3763 avibus
2590 3726 2608 3763 :
2636 3711 2737 3779 ipsi
2764 3711 2896 3764 enim
2921 3713 3010 3781 qui
3034 3712 3299 3768 homicidii
3318 3715 3589 3785 participes
3609 3725 3735 3774 sunt.
3761 3714 3952 3769 thesau-

2387 3802 2556 3855 rizant
2581 3801 2911 3872 sibimetipsis
2934 3805 3090 3858 mala.
3120 3803 3221 3860 [Ite
3241 3815 3357 3859 sunt
3379 3806 3471 3860 vim
3490 3808 3703 3861 omnium
3724 3822 3951 3859 consum-

2389 3896 2641 3949 mantium
2680 3896 2861 3965 iniqua
2896 3913 2916 3951 .'
2955 3913 3051 3952 sua
3087 3899 3220 3953 enint
3259 3899 3514 3969 impietate
3559 3916 3699 3954 suam
3738 3900 3949 3953 dirimunt

2390 3991 2636 4059 auferunt
2667 3987 2830 4057 (Ibid.
2868 3990 2978 4060 15).
3019 3991 3085 4046 Et
3118 3994 3311 4048 iterum
3345 4010 3358 4046 :
3391 3992 3592 4059 Quanto
3629 4006 3843 4064 tempore
3876 3995 3959 4049 in.

2391 4090 2632 4135 nocentes
2668 4090 2692 4117 °
2725 4085 2981 4138 tenuerint
3020 4088 3301 4159 justitiam,
3334 4105 3434 4142 non
3481 4088 3792 4152 erubescent;
3826 4090 3953 4143 insi-

2390 4176 2585 4246 pientes
2612 4185 2782 4231 autent
2804 4177 2929 4231 dum
2959 4181 3278 4236 contumelia
3297 4180 3469 4250 cupidi
3498 4192 3643 4244 sunt,
3670 4182 3809 4253 impii
3834 4182 3953 4242 {acu

2392 4269 2609 4323 oderunt
2647 4271 2987 4337 intellectum,
3036 4282 3081 4327 et
3124 4273 3335 4343 subiecti
3375 4274 3496 4347 facti
3531 4284 3641 4327 sunt
3676 4275 3955 4343 opprobriis

2393 4361 2558 4433 (Ibid.
2593 4364 2711 4437 2'2).
2742 4365 2822 4422 Tu
2853 4366 2974 4433 tibi,
3005 4367 3318 4433 Constanti,
3360 4368 3471 4423 haec
3501 4367 3727 4438 quatsisti
3768 4383 3958 4436 oppro-

2391 4457 2531 4524 bria,
2575 4466 2630 4513 tu
2669 4469 2837 4515 temet
2875 4460 3163 4528 damnasti,
3190 4460 3279 4531 qui
3323 4470 3580 4531 pra‘ccpta
3616 4472 3956 4514 cuntenmeus

2393 4549 2427 4604 D
2444 4552 2511 4616 ei,
2541 4550 2847 4608 maledictis
2875 4551 3187 4609 Judzeorum
3214 4553 3492 4623 discipulis
3517 4554 3713 4607 lia-rere
3735 4566 3957 4606 censue-

2392 4646 2469 4701 ris
2513 4646 2753 4714 Arianis,
2785 4664 2907 4703 cum
2952 4648 3150 4719 quibus
3179 4647 3338 4721 digne
3376 4646 3549 4702 adhuc
3594 4650 3703 4700 lucc
3745 4646 3900 4700 audis
3940 4663 3953 4698 :

676 4752 964 4808 venerunt,
998 4760 1231 4816 quorum
1253 4761 1376 4803 esse
1396 4747 1671 4819 delegeris
1701 4746 1969 4803 imitator.
2000 4748 2289 4822 Conspieis
2319 4739 2364 4799 Β

2261 4764 2289 4806 s
2319 4739 2364 4799 D
2396 4740 2538 4796 Nunt
2563 4743 2808 4814 quoniam
2840 4742 3116 4811 vocabam,
3157 4759 3247 4798 rec
3288 4743 3618 4807 obediebatis;
3644 4752 3689 4795 et
3724 4742 3956 4796 extende-

745 4906 958 4984 N‘Veis.
1010 4910 1135 4963 Ant.
1193 4907 1255 4984 Et
1285 4911 1677 4965 tetenderunt...
1721 4923 1777 4966 ut
1811 4911 2078 4967 trucident
2110 4914 2285 4984 justas

673 4979 845 5036 corde.
873 4979 1118 5035 Framea.
1136 5021 1174 5035 ..
1205 4981 1261 5035 in
1284 4997 1393 5036 cor.

740 5051 768 5091 δ
802 5051 857 5125 ld
888 5061 997 5113 est.
1044 5061 1255 5120 prastat
1280 5054 1487 5125 justum
1534 5070 1643 5109 esse
1685 5055 1893 5109 modica
1934 5055 2068 5110 bona
2114 5056 2285 5125 possi-

670 5124 863 5182 dendo.
892 5141 1047 5199 quam
1080 5124 1333 5199 injustam
1360 5141 1523 5199 esse,
1546 5138 1596 5180 et
1641 5134 1875 5199 ingentes
1913 5124 2121 5181 divitias
2166 5144 2285 5182 cum

672 5195 1024 5265 peccatoribus
1048 5195 1331 5263 possidere.
1358 5196 1461 5252 Til.
1490 5197 1597 5254 Sed
1620 5195 1800 5268 apiius
1824 5200 2077 5267 fortasse,
2101 5200 2284 5255 melius

671 5280 744 5352 est
754 5268 1035 5352 modicum.
1045 5271 1270 5352 justam.
1303 5269 1356 5352 id
1387 5277 1505 5337 est,
1539 5268 1662 5325 bene
1694 5279 1919 5344 partum.
1952 5270 2112 5328 Vers.
2148 5273 2276 5328 Aut.

673 5349 730 5395 et
753 5338 883 5415 sub.
917 5338 1175 5415 modicum
1196 5343 1366 5415 justo.

747 5418 769 5485 ς
798 5409 960 5485 _\_’ers.
996 5414 1124 5485 Aut.
1156 5409 1330 5485 statim
1358 5414 1487 5485 legit
1512 5430 1611 5485 pro
1640 5431 1761 5471 mox
1787 5422 1861 5469 αι,

743 5480 769 5519 ά
798 5482 956 5538 Vers.
989 5482 1120 5538 Ant.
1150 5480 1321 5539 Sicut.

744 5562 767 5591 ⁸
797 5553 953 5610 Vers.
982 5558 1109 5631 Ant.
1146 5552 1517 5631 Considerat...
1550 5571 1604 5614 et
1646 5559 1861 5631 perdere
1900 5577 2017 5615 eum
2044 5574 2069 5631 ξ
2092 5559 2277 5615 Domi-

666 5641 766 5767 ta}?
803 5642 906 5681 non
943 5628 1209 5699 relinquet.
1248 5625 1424 5684 Crine.
1467 5625 1787 5700 θανατῶσαι,
1820 5634 1879 5688 ιιι
1910 5629 2090 5689 Lucil.
2135 5647 2277 5688 mor-

688 5714 702 5750 ι
749 5714 887 5750 care.

688 5714 887 5750 tncare.

745 5766 763 5806 ί
795 5767 1102 5845 Aintulatus
1139 5770 1298 5845 [ueris
1334 5784 1434 5843 pro
1470 5772 1738 5842 zetaveris,
1776 5785 1830 5833 et
1858 5778 1960 5831 cllo
2001 5790 2102 5845 pro
2131 5775 2269 5832 velo-

667 5839 812 5901 clter.
847 5841 900 5895 in
934 5841 1089 5897 Vers.
1125 5839 1256 5899 Ant.

735 5920 762 5959 ιι
797 5911 950 5967 Vers.
986 5914 1113 5967 Ant.
1146 5911 1321 5970 Justa.

733 5980 761 6021 δ
785 5982 937 6042 Vers.
976 5986 1105 6043 Ant.
1136 5984 1495 6046 Abalienati...
1520 5990 1857 6062 serpentium,
1887 5991 2021 6051 sicut
2050 5992 2261 6066 aspidas

2390 4909 2567 4966 surda:
2585 4916 2635 4964 et
2662 4906 2978 4963 obturantes.

2470 4984 2484 5020 ι
2518 4979 2676 5036 Vers.
2709 4980 2838 5035 Ant.
2884 4978 2952 5033 Et
2981 4978 3221 5048 veneﬁci,
3264 4979 3352 5047 qui
3383 4979 3713 5046 incantantttr,
3744 4986 3854 5035 etc.
3898 4979 3949 5033 la

2390 5053 2582 5111 Gr:cco
2611 5067 2869 5108 numerus
2889 5051 3099 5122 singul.
3131 5061 3186 5106 ut
3210 5048 3262 5105 in
3296 5067 3433 5108 vers.
3465 5049 3629 5107 Lucil.

2467 5126 2481 5175 l
2528 5124 2679 5180 Vers.
2708 5123 2838 5179 Ant.
2871 5120 3109 5177 Canteret
3135 5123 3307 5177 dentes
3327 5139 3498 5178 eorum
3525 5125 3575 5178 in
3598 5137 3681 5176 ore
3706 5123 3767 5189 ip;
3785 5138 3948 5186 orum,

2390 5198 2555 5253 molas
2584 5197 2788 5250 leonum
2819 5193 3137 5265 confregit...
3168 5193 3429 5250 devenient
3458 5199 3588 5249 velut
3611 5210 3736 5261 aqua
3761 5196 3951 5246 decur-

2390 5286 2527 5336 rens,
2568 5267 2907 5323 intendens...
2955 5269 3251 5337 deferentur
3291 5283 3310 5322 :
3334 5280 3485 5337 super
3521 5266 3693 5320 cecidit
3722 5266 3876 5335 ignis,
3907 5273 3952 5317 et

2390 5347 2674 5467 "ciuilis:
2701 5414 2828 5466 Ant.
2864 5406 2928 5464 In
2955 5411 3236 5481 propria...
3269 5408 3410 5481 dedit
3435 5409 3573 5462 eis...
3601 5408 3684 5461 his‘
3702 5409 3809 5474 qui.

2466 5483 2482 5524 ι
2523 5483 2677 5539 Vers.
2727 5487 2856 5538 Ant.
2900 5479 2965 5537 et'
2992 5479 3303 5552 inter/icere.
3345 5479 3516 5536 ϐιαιο.
3554 5483 3772 5536 mox:
3825 5492 3940 5535 eum

2384 5553 2560 5614 Lucil.

2455 5635 2497 5667 ω
2526 5624 2596 5682 Ει
2618 5626 2859 5684 colentes.
2894 5624 3068 5681 Vatic.

2456 5710 2484 5738 ιι
2518 5700 2672 5758 Vers.
2705 5703 2833 5756 Ant.
2877 5694 3255 5755 Absorbeamus
3282 5711 3396 5752 vero
3437 5710 3547 5749 eum
3578 5702 3830 5765 tamquam
3873 5693 3947 5745 in-

2380 5775 2559 5845 fernus
2585 5772 2848 5826 viventem.

2454 5854 2479 5882 ο
2511 5844 2670 5899 Vers.
2702 5846 2832 5899 Ant.
2866 5839 3136 5913 Simplices
3165 5840 3456 5913 obtinent...
3482 5836 3819 5913 imprudenter
3848 5852 3943 5913 eu-

2377 5926 2498 5981 tent,
2521 5917 2844 5972 contumelia
2869 5907 3108 5986 cunisint
3130 5911 3324 5986 cupidi,
3354 5913 3492 5986 impii
3512 5909 3672 5979 e/fectt‘
3700 5908 3815 5965 odio
3841 5907 3932 5961 bs-

2376 5990 2591 6047 buerunt
2618 6003 2841 6053 sensum,
2872 5994 2919 6045 et
2949 5982 3222 6047 obnoxii...
3253 5982 3683 6065 increpationibus.
