3900 6370
879 397 1109 455 CODEX
1145 396 1326 453 νειμ]
1335 396 1679 455 ELLENSIS.

1309 501 1394 545 tur
1422 505 1535 554 me,
1569 504 1674 544 non

1307 570 1389 614 est
1416 576 1502 615 me
1532 560 1741 629 dignus.

488 566 578 620 33.
618 564 775 619 Patre
804 577 925 619 meo
944 604 959 628 ,
986 562 1075 632 qui

489 643 575 691 est
603 634 653 689 iu
680 635 880 688 caelis:
1005 631 1013 632 7
1308 632 1396 685 39.
1439 631 1539 697 Qui
1578 634 1769 684 invene
1812 667 1825 682 .
1870 667 1885 682 .
1932 666 1946 681 .

490 704 592 772 Qui
619 712 793 758 autem
820 718 918 758 nec
1309 702 1562 772 animum,
1606 740 1619 751 .
1666 738 1679 753 .
1722 738 1738 753 .
1784 713 1872 772 .-ι--

491 768 692 843 rga-ierit
714 788 800 827 me
1310 770 1396 824 det
1425 770 1572 843 illam
1604 786 1617 821 τ
1652 768 1816 839 etqui

492 840 672 899 coram
703 843 871 897 liomi-
1312 840 1576 909 perdideri
1608 880 1620 892 .
1668 877 1682 890 .
1728 877 1741 891 .
1787 875 1803 893 .
1847 876 1861 893 .
1908 876 1923 889 .
1963 873 1979 889 .

496 914 679 977 nibus,
712 911 914 981 negabo
939 921 995 967 et
1017 924 1119 981 ego
1311 911 1491 963 anima
1530 938 1552 960 .v
1590 949 1604 961 .
1647 944 1664 961 .
1706 948 1721 962 .
1767 948 1780 961 .
1828 948 1840 960 .

496 998 615 1037 eum
640 997 821 1036 coram
1310 994 1394 1032 am
1423 994 1485 1047 pr
1526 1018 1538 1030 .
1587 1018 1600 1031 .
1645 1017 1661 1032 .
1705 1019 1718 1032 .
1763 1018 1777 1031 .
1825 1017 1837 1029 .

1311 1064 1420 1113 me,
1451 1047 1687 1102 inveniet

1310 1119 1397 1172 40.
1438 1132 1577 1172 eam.
1600 1117 1699 1182 Qui
1718 1116 1848 1172 reci-

1311 1189 1389 1257 pit
1407 1201 1523 1249 vos,
1556 1201 1644 1240 me
1665 1202 1751 1257 re-

1310 1256 1438 1323 cipit
1475 1277 1487 1312 :
1512 1268 1566 1310 et
1594 1256 1684 1325 qui
1706 1270 1793 1312 re-

1310 1326 1438 1396 cipit
1464 1342 1569 1391 me,
1602 1326 1737 1380 reci-

1309 1398 1555 1466 piteum,
1584 1409 1653 1464 qu
1695 1435 1708 1448 .
1754 1432 1769 1448 .
1815 1435 1828 1448 .
1874 1432 1888 1447 .

1310 1466 1477 1520 misit.

1309 1536 1400 1589 41.
1441 1534 1546 1602 Qui
1590 1534 1780 1603 recipit
1817 1572 1833 1588 .
1880 1571 1894 1587 .
1939 1574 1952 1588 .
1998 1573 2014 1588 .

1308 1606 1527 1674 phetum
1558 1606 1612 1659 in
1654 1643 1668 1656 .
1712 1642 1727 1659 .
1771 1641 1787 1657 .

1308 1676 1447 1728 mine
1474 1688 1574 1741 pro
1614 1713 1628 1726 .
1673 1711 1687 1725 .
1733 1710 1748 1725 .

494 1052 651 1106 Patre
678 1065 797 1105 meo
816 1092 831 1116 ,
861 1052 952 1122 qui

491 1130 574 1174 est
600 1122 650 1174 in
681 1122 862 1176 caelis.

489 1189 580 1247 34.
619 1189 793 1245 Nolite
818 1190 1047 1245 arbitra-

489 1274 549 1314 re
579 1260 701 1326 quia
722 1261 843 1314 veni

491 1331 704 1385 mittere
733 1343 916 1399 pacem

492 1400 545 1453 in
576 1410 766 1453 terram
800 1416 813 1451 :
843 1413 950 1453 non

491 1469 613 1523 veni
643 1483 825 1538 pacem

492 1537 705 1594 mittere
724 1578 740 1604 ,
770 1537 863 1592 sed
890 1538 1001 1607 gla-

488 1608 579 1663 55.
620 1607 785 1663 dium.
814 1607 949 1662 Veni
1024 1612 1027 1615 ’

488 1677 631 1732 enim
656 1693 871 1747 separa-

494 1786 508 1799 .
544 1788 555 1800 .
590 1787 603 1799 .
640 1787 653 1799 .
782 1786 795 1798 .
831 1784 844 1799 .
874 1745 973 1800 ad-
1310 1754 1415 1805 tae,
1445 1742 1746 1797 mercedem

495 1855 510 1870 .
543 1857 557 1870 .
591 1852 605 1869 .
639 1856 651 1868 .
690 1855 702 1867 .
740 1855 753 1868 .
789 1853 803 1867 .
828 1825 1035 1883 patrem
1310 1814 1625 1883 prophetae,
1648 1824 1740 1865 ac-

495 1924 508 1937 .
544 1924 557 1938 .
594 1924 606 1936 .
642 1924 655 1936 .
692 1925 704 1937 .
741 1924 756 1938 .
790 1922 803 1935 .
829 1880 854 1937 ’.
880 1883 983 1936 ﬁli-
1310 1880 1608 1951 cipiet;(c)
1638 1889 1692 1936 et
1718 1881 1808 1949 qui
1839 1895 1925 1935 re-

496 1993 509 2008 .
542 1993 555 2006 .
589 1993 602 2006 .
637 1954 933 2007 .adversus
1308 1952 1436 2019 cipit
1459 1953 1661 2018 justum

493 2032 717 2077 matrem
744 2037 894 2077 suam
914 2063 928 2084 ,
1310 2020 1363 2074 in
1384 2021 1599 2076 nomine

494 2107 972 2148 ........um
1304 2090 1829 2158 justi,nier....

496 2175 986 2216 ......susso-
1308 2159 1715 2227 demjus...
1812 2187 1821 2195 -

490 2246 636 2286 erum
663 2246 812 2285 suam
839 2248 851 2283 :
1305 2228 1484 2297 cipiet.
1511 2227 1551 2297 -ζι

487 2301 575 2356 36.
616 2312 668 2356 et
696 2300 892 2354 inimici
925 2300 1021 2352 lio-
1302 2297 1392 2352 42.
1433 2299 1498 2353 Et
1540 2299 1632 2367 qui
1718 2337 1731 2351 .
1823 2337 1835 2349 .
1930 2334 1944 2348 .
2030 2331 2047 2349 .

489 2371 928 2432 minis,domes—
1307 2408 1321 2421 .
1400 2408 1413 2421 .
1504 2406 1518 2419 .
1606 2406 1621 2421 .
1717 2407 1729 2419 .
1822 2406 1837 2421 .
1927 2408 1939 2420 .
2032 2405 2045 2419 .

490 2439 743 2506 ticiejus.
1306 2477 1318 2490 .
1403 2477 1415 2489 .
1510 2476 1526 2490 .
1610 2475 1626 2490 .
1718 2478 1734 2493 .
1822 2477 1835 2490 .
1924 2474 1941 2492 .
2027 2472 2045 2490 .

485 2509 574 2565 37.
616 2510 713 2575 Qui
740 2508 910 2578 diligit
934 2514 1135 2577 patrem

486 2588 577 2633 aut
605 2589 823 2633 matrem
1305 2617 1318 2629 .
1399 2618 1411 2629 .
1506 2618 1517 2628 .
1607 2618 1623 2630 .
1713 2614 1729 2631 ο
1818 2619 1830 2632 .
1926 2616 1939 2631 .
2028 2614 2043 2630 ο

484 2648 759 2717 plusquam
791 2661 876 2702 tne
894 2688 907 2708 ,

482 2732 586 2771 non
615 2728 697 2772 est
723 2733 806 2771 uie
834 2717 949 2784 dig-

481 2802 582 2841 nus
613 2802 628 2851 ;
662 2784 735 2855 (b)
768 2796 821 2841 et
846 2782 935 2855 qui
967 2782 1047 2837 di—

482 2856 597 2925 ligit
622 2856 786 2909 ﬁlium

480 2935 571 2979 aut
603 2927 763 2979 llliam
793 2925 911 2992 plus

479 3008 637 3063 quam
665 3009 747 3048 me
771 3035 785 3057 ,
820 3006 925 3046 non

426 3092 431 3097 ο
478 3061 561 3117 est
590 3079 672 3132 me
695 3063 907 3132 dignus.
935 3061 974 3129 -ί-

475 3131 920 3271 ῗῗξειῗῖιῗὲέιξῖ⁰¹¹
946 3142 1036 3183 ³⁰’
1374 3267 1387 3271 Α
1466 3175 1714 3271 parur
1743 3175 1837 3231 XI.

475 3264 652 3337 suam,
684 3280 737 3326 et
759 3270 938 3341 sequi.
1367 3267 1419 3321 1.
1465 3266 1533 3321 Et
1552 3264 1751 3322 factum
1779 3277 1894 3331 εει,

896 3360 1125 3427 CODLX
1161 3358 1620 3416 CORBEIENSIS.

474 3433 735 3498 minibus,
777 3444 830 3487 et
869 3447 968 3500 ego
1007 3430 1301 3483 conﬁtebor
1328 3446 1449 3485 eum
1481 3446 1660 3485 coram
1688 3430 1847 3487 Patre
1874 3445 1994 3486 meo
2021 3473 2035 3497 ,

475 3506 562 3572 qui
590 3514 671 3557 est
696 3504 747 3556 in
774 3504 939 3557 coelis
968 3518 980 3551 :
1006 3501 1093 3569 qui
1119 3508 1295 3572 autem
1324 3502 1600 3569 negaverit
1625 3516 1710 3572 me
1730 3516 1909 3555 coram
1942 3501 2038 3556 ho-

475 3570 735 3635 minibus,
762 3574 777 3603 ¹
805 3583 860 3625 et
902 3585 1004 3640 ego
1049 3570 1251 3638 negabo
1297 3585 1417 3624 eum
1461 3586 1642 3625 coram
1681 3570 1837 3625 Patre
1877 3586 2034 3637 meo,

472 3644 562 3711 qui
592 3654 673 3697 est
699 3643 750 3695 iu
779 3639 965 3696 coelis’.
996 3639 1169 3707 Nolite
1196 3650 1378 3711 putare
1401 3642 1520 3708 quia
1551 3641 1670 3693 veni
1700 3655 1883 3708 pacem
1911 3640 2037 3711 mit:

475 3708 584 3765 fere
614 3721 996 3781 supertcrraiu
1045 3728 1057 3760 :
1099 3722 1211 3781 non
1240 3710 1615 3781 Aveni‘pacem
1640 3711 1851 3775 mittere
1873 3748 1888 3773 ,
1937 3708 2031 3762 sed

474 3777 724 3849 gladium.
754 3780 883 3835 Veni
907 3780 1045 3833 enim
1071 3781 1090 3809 ²
1111 3778 1349 3832 dividere
1371 3777 1529 3831 [ilium
1553 3778 1808 3849 adversus
1827 3786 2030 3846 patrem

472 3848 625 3906 suum
649 3892 664 3917 ,
696 3863 747 3906 et
776 3851 934 3904 tiliam
959 3850 1214 3903 adversus
1237 3857 1457 3902 matrem
1488 3863 1636 3901 suam
1661 3888 1675 3905 .
1700 3848 1721 3878 ³
1745 3858 1797 3902 et
1819 3862 2031 3901 socrum

478 3916 730 3976 atlversus
773 3922 964 3975 nurum
994 3933 1141 3971 suatu
1178 3935 1189 3970 :
1219 3929 1272 3971 et
1299 3917 1497 3971 inimici
1528 3917 1787 3981 hominis,
1821 3916 2034 3971 domes-

477 3990 565 4042 tici
589 3991 718 4057 ejus.
735 3990 1024 4058 Qui‘amat
1046 3999 1245 4058 patrem
1268 3998 1359 4041 aut
1382 3996 1601 4041 matrem
1630 3998 1789 4055 super
1812 4002 1897 4040 me
1925 4003 2029 4041 non

477 4069 555 4110 est
578 4074 659 4111 uie
682 4060 867 4128 dignus
900 4078 911 4111 :
943 4069 995 4113 ct
1024 4059 1110 4128 qui
1141 4068 1281 4111 aiuat
1313 4058 1475 4111 lilium
1506 4066 1596 4110 aut
1641 4058 1800 4128 liliaui
1824 4058 1844 4086 ⁸
1872 4071 2032 4126 super

476 4141 581 4191 me,
601 4142 701 4181 non
720 4126 800 4182 est
820 4145 904 4183 me
920 4126 1127 4199 dignus.
1146 4128 1214 4199 Et
1236 4129 1324 4197 qui
1354 4144 1457 4182 nou
1482 4128 1501 4157 °
1531 4126 1800 4196 acceperit
1818 4140 2028 4199 crucem

475 4208 646 4255 suam,
676 4208 729 4249 et
756 4197 1009 4264 sequutus
1058 4214 1142 4252 iue
1174 4198 1363 4264 fuerit,
1412 4213 1516 4251 nou
1559 4211 1640 4250 est
1682 4212 1767 4250 me
1814 4197 2025 4263 dignus.

476 4264 574 4328 Qui
597 4265 616 4295 ⁷
646 4268 1033 4318 amatanimam
1059 4282 1228 4330 suam,
1255 4269 1438 4333 perdet
1466 4268 1608 4319 illam
1640 4287 1654 4318 :
1692 4275 1747 4319 et
1789 4269 1879 4334 qui
1914 4283 2030 4333 per-

476 4334 673 4388 diderit
697 4334 927 4387 animam
951 4349 1097 4385 suam
1132 4343 1343 4399 propter
1388 4351 1491 4397 me,
1525 4336 1803 4388 inveniet8
1860 4335 2026 4387 illam.

473 4404 574 4472 Qui
600 4404 961 4472 suscipimus,
996 4417 1077 4455 me
1105 4401 1367 4472 suscipit;
1412 4412 1461 4454 et
1515 4404 1601 4472 qui
1641 4418 1739 4472 me
1784 4405 2026 4472 suscipit,

474 4469 696 4543 suscipit
724 4469 869 4536 eum,
904 4473 990 4540 qui
1021 4486 1105 4524 me
1132 4469 1292 4521 misit.
1331 4470 1428 4543 Qui
1458 4469 1681 4543 suscipit
1714 4470 2028 4543 pr0ph_et_aut

471 4545 523 4597 in
557 4537 769 4599 nomine
793 4537 1103 4611 prophetae,
1140 4539 1437 4611 mercedem
1469 4538 1757 4611 prophetae
1786 4537 2029 4611 accipiet;

470 4630 524 4667 et
550 4617 638 4683 qui
672 4606 1073 4679 recij'iitjustum
1103 4611 1151 4661 iu
1178 4606 1559 4683 nuniinejusti,
1585 4606 1886 4683 mercedem
1907 4606 2031 4683 justi

470 4677 712 4751 accipiet.
748 4677 811 4738 Et
830 4677 1192 4751 quiquumque
1218 4686 1397 4751 potum
1423 4677 1634 4730 dederit
1662 4677 1751 4751 nui
1778 4691 1843 4729 ex
1873 4677 2031 4751 mihi-

470 4744 706 4805 niisistis
730 4744 1139 4817 calieein'aquue
1167 4746 1392 4816 frigidae
1448 4755 1651 4817 tantum
1707 4745 1758 4798 iu
1817 4744 2031 4817 nomine

469 4837 629 4874 meo:
680 4836 833 4875 ameu
888 4814 1206 4892 dico'vobis
1230 4814 1257 4884 ζ
1295 4832 1400 4870 non
1430 4819 1449 4849 θ
1490 4816 1675 4885 perdet
1731 4814 2031 4869 mercedem

468 4904 637 4945 suam.

466 5022 469 5025 λ
536 4959 627 5015 XI.
654 4958 721 5013 Et
758 4958 953 5012 factum
994 4968 1093 5011 est.

1302 2724 1505 2770 tantum
1530 2716 1581 2769 in
1614 2733 1715 2770 uo-

1302 2786 1445 2856 mine
1464 2787 1695 2856 discipu-

1297 2854 1333 2907 li
1369 2873 1381 2908 :
1406 2871 1560 2909 amen

1299 2924 1419 2979 dico
1444 2926 1620 2997 vobis,
1641 2926 1765 2994 quia
1787 2926 1866 2997 (ά)

1302 3008 1407 3047 non
1432 2995 1624 3062 perivit

1300 3077 1505 3119 merces
1534 3066 1653 3133 ejus
1672 3062 1737 3133 1-.

1044 278 1315 345 EUSEBII
1340 282 1677 341 VERCELL.
1720 278 2031 338 EVANGEI.

2150 278 2163 336 ι
2199 276 2340 337 CUM
2366 276 2591 339 VARIIS
2616 278 2771 338 σοι).
2799 278 3191 343 οοιιΑτωι.

3623 290 3726 346 2M

2568 392 2797 451 CODEX
2817 392 3263 459 VERONENSIS.

2973 502 3150 557 suam,
3176 498 3231 544 et
3254 496 3473 545 secutus

2971 558 3138 613 fuerit
3164 574 3280 623 me,
3309 575 3417 615 non

2153 484 2310 541 tehor
2330 494 2385 540 et
2398 498 2510 554 ego

2152 555 2241 610 33.
2285 570 2408 610 eum
2433 570 2614 611 coram
2635 556 2739 613 Pa—

2153 633 2238 679 tre
2266 640 2406 699 meo,
2432 626 2521 699 qui
2972 636 3058 699 est
3080 644 3164 699 me
3185 629 3393 699 dignus.

2152 696 2317 765 estin
2346 696 2510 750 caelis
2534 713 2549 748 :
2972 698 3061 755 39.
3104 697 3204 765 Qui
3227 696 3432 755 invenit

2152 763 2253 829 Qui
2284 772 2462 835 autem
2512 792 2513 795 η
2972 763 3203 822 animam
3233 783 3408 835 suam,

2153 832 2433 903 negaberit
2483 903 2495 907 _
2730 838 2733 841 ’
2968 837 3155 907 perdet
3178 837 3322 893 illam
3345 856 3360 894 :

2155 918 2241 958 me
2270 917 2451 958 coram
2482 903 2582 960 ho-

2968 906 3026 962 et
3046 906 3135 977 qui
3166 906 3413 975 perdide-

2154 972 2407 1037 minibus,
2428 972 2646 1045 negabo

2970 977 3038 1031 rit
3056 977 3292 1032 animam
3317 992 3470 1034 suam

2154 1051 2210 1128 et
2233 1057 2331 1128 ego
2352 1057 2506 1128 (39!!!”
2972 1056 3191 1128 propter
3217 1062 3324 1112 me,
3351 1049 3435 1102 in-

2154 1116 2335 1166 coram
2364 1111 2521 1167 Patre
2971 1111 3153 1171 'veniet
3180 1111 3319 1172 eam.

2154 1196 2297 1261 meo,
2328 1181 2419 1249 qui
2441 1191 2522 1237 est
2544 1181 2599 1236 in
2970 1183 3065 1241 40.
3104 1187 3205 1252 Qui
3237 1186 3431 1261 recipit

2154 1251 2340 1305 caelis.
2972 1269 3090 1322 vos,
3124 1251 3209 1310 uie
3233 1251 3423 1326 recipit
3453 1275 3468 1312 :

2154 1320 2218 1339 ..
2482 1319 2729 1339 --ιη-,με
2984 1332 3020 1339 κ-
3128 1326 3141 1339 .
3354 1326 3391 1339 ..

2153 1320 2244 1375 34.
2284 1318 2732 1376 Nolitearbitrari

2154 1390 2277 1459 quia
2308 1390 2428 1446 veni
2465 1390 2589 1454 mit—

2155 1470 2271 1515 tere
2293 1473 2477 1527 pacem
2502 1460 2556 1516 in

2155 1538 2353 1584 terram
2379 1545 2393 1581 ἶ
2416 1543 2525 1584 non

2970 1332 3027 1379 et
3051 1326 3143 1393 qui
3170 1341 3259 1381 me
3282 1326 3429 1381 reei-

2970 1394 3071 1463 pit,
3103 1395 3296 1463 recipit
3323 1408 3470 1463 eum,

2969 1465 3058 1534 qui
3080 1477 3169 1534 me
3191 1465 3362 1534 misit.

2954 1533 3060 1589 41.
3103 1533 3204 1604 Qui
3232 1534 3426 1604 recipit

2969 1602 3278 1672 prophetam
3307 1602 3361 1659 in

2968 1671 3449 1807 1322.233?"

2969 1811 3266 1881 prophetae
3296 1812 3455 1881 oeci-7r

2969 1880 3131 1953 nec;
3164 1880 3238 1953 te)
3267 1880 3435 1952 οιιιιιι

2924 2002 2935 2015 ,
2968 1950 3159 2018 recipit
3176 1950 3388 2019 justum

2967 2019 3025 2073 in
3054 2021 3271 2100 nomine
3291 2020 3463 2100 justi,

2154 1598 2277 1652 veui
2303 1611 2488 1667 pacem

2154 1668 2387 1722 mittere.
2414 1666 2509 1722 sed

2153 1682 2387 1729 mittere,

2153 1736 2243 1791 35.
2282 1734 2537 1806 gladium.
2571 1736 2706 1793 Veni

2153 1806 2299 1877 enim
2329 1819 2583 1877 separare
2609 1805 2690 1877 (α)

2155 1873 2323 1929 ﬁlium
2349 1874 2391 1945 τ
2418 1873 2678 1931 adversus

2159 1955 2365 2013 patrem
2390 1960 2543 1999 suum
2571 1986 2585 2010 ,

2157 2023 2213 2068 et
2242 2013 2403 2068 tiliam
2427 2014 2687 2070 adversus

2158 2092 2383 2137 matrem
2413 2098 2587 2159 suam,
2968 2088 3272 2159 mercedem
3294 2088 3441 2159 'justi

2154 2165 2209 2216 et
2232 2168 2425 2207 nurum
2453 2153 2709 2209 adversus
2967 2157 3217 2240 accipiet.
3244 2158 3286 2240 ί·

2153 2236 2603 2301 socrum_suum_:_
2720 2291 2731 2301 _
2968 2226 3057 2282 62.
3090 2226 3169 2282 Et
3187 2226 3498 2301 quicunque

2151 2292 2242 2365 36.
2283 2301 2337 2365 et
2365 2292 2570 2365 inimici
2589 2291 2754 2349 homi-
2969 2304 3154 2365 potum
3179 2291 3393 2354 dederit

2151 2363 2257 2433 nis,
2289 2362 2595 2419 domestici.
2968 2362 3059 2422 imi
3080 2381 3147 2421 ex
3174 2367 3415 2424 minimis
3498 2432 3501 2433 ν

2149 2446 2380 2567 gignat
2408 2500 2583 2571 diligit

2148 2581 2379 2639 patrem,
2407 2581 2499 2626 aut
2524 2584 2637 2626 ma-

2148 2648 2284 2696 trem
2313 2640 2429 2709 plns
2453 2656 2612 2711 quam

2146 2726 2257 2778 me,
2282 2719 2495 2773 nonest

2146 2795 2233 2835 me
2252 2779 2447 2850 dignus
2479 2797 2493 2834 :
2524 2778 2601 2849 (ὁ)

2145 2858 2199 2904 et
2225 2851 2313 2919 qui
2345 2857 2491 2919 amat

2146 2917 2314 2973 lilium
2340 2928 2430 2972 aut
2458 2917 2625 2975 (Iliam

2144 3004 2296 3044 suam
2328 2988 2449 3055 plus
2475 3001 2633 3056 quam

2143 3074 2253 3125 me,
2287 3072 2397 3112 non
2425 3055 2509 3111 est
2537 3070 2625 3112 me
2651 3055 2730 3112 di-

2142 3126 2236 3183 38.
2276 3142 2409 3196 gnus
2436 3125 2497 3196 τ’.

2220 3163 2236 3178 ο
2276 3143 2409 3179 unus
2436 3143 2497 3179 τ.

2144 3143 2236 3183 eo.
2276 3143 2409 3196 gnus
2436 3143 2463 3196 -ι

2144 3197 2213 3252 Ει
2237 3196 2327 3266 qui
2356 3211 2463 3250 non

2143 3261 2417 3336 acceperit
2441 3280 2657 3322 crucem
3034 3266 3090 3320 Ι.
3127 3264 3199 3320 Et
3219 3261 3420 3320 factum
3449 3272 3568 3331 est,

2598 3360 2831 3418 CODEX
2855 3358 3247 3418 BRIXIANUS.

2141 3430 2293 3487 tebor
2336 3440 2390 3487 et
2422 3447 2521 3501 ego
2542 3432 2687 3487 illum
2733 3448 2912 3487 eorum
2958 3432 3116 3487 Patre
3145 3445 3269 3501 meo
3304 3429 3397 3500 qui
3441 3430 3497 3501 in
3549 3430 3711 3486 caelis

2138 3510 2241 3573 est.
2272 3502 2361 3572 qui
2387 3499 2565 3557 autem
2615 3504 3000 3573 negaveritime
3028 3515 3207 3555 coram
3256 3499 3572 3573 hominibus
3619 3515 3713 3573 ite-

2137 3571 2274 3642 gabo
2290 3569 2346 3626 et
2366 3588 2465 3641 ego
2502 3588 2622 3626 eum
2655 3569 2836 3627 coram
2885 3571 3040 3642 Patre
3078 3584 3198 3642 meo
3217 3569 3309 3639 qui
3332 3578 3417 3625 est
3443 3569 3495 3622 in
3522 3570 3707 3626 caelis.

2208 3640 2386 3695 Nolite
2404 3639 2671 3694 'arbitrari
2716 3642 2839 3709 quia
2881 3639 3004 3693 veni
3051 3640 3265 3694 mittere
3308 3649 3494 3709 pacem
3550 3653 3711 3708 super

2138 3717 2360 3779 terram.
2395 3725 2502 3763 non
2534 3712 2650 3764 veni
2680 3725 2860 3779 pacein
2902 3710 3114 3779 mittere
3136 3709 3229 3764 sed
3271 3709 3528 3778 gladium.
3578 3709 3707 3763 Veni

2136 3778 2281 3849 enim
2304 3793 2553 3849 separare
2585 3778 2850 3834 hominem
2881 3778 3142 3835 adversus
3172 3788 3379 3849 patrem
3424 3794 3604 3833 suum.
3632 3788 3709 3849 iet

2135 3846 2298 3928 ﬁliam
2330 3846 2583 3928 adversus
2608 3858 2829 3905 matrem
2852 3860 3026 3902 suam.
3052 3857 3107 3905 et
3134 3846 3333 3903 inimici
3352 3848 3589 3903 hominis
3612 3848 3709 3903 do-

2134 3919 2344 3971 mestici
2366 3919 2502 3982 ejus.

2205 3988 2303 4053 Qui
2336 3987 2507 4056 diligit
2537 3996 2789 4056 'patrem_
2815 3995 2905 4038 aut
2948 3996 3175 4056 matrem
3225 3984 3343 4056 plus
3392 4001 3552 4053 quam
3584 4001 3703 4056 me.

2136 4070 2241 4110 nou
2269 4068 2346 4109 εει
2377 4054 2461 4110 me
2483 4054 2689 4126 dignus.
2724 4054 2799 4126 (b)
2827 4064 2881 4109 et
2907 4055 2996 4126 qui
3024 4054 3199 4124 diligit
3210 4054 3380 4126 illium
3412 4062 3507 4126 aut
3546 4054 3704 4109 ﬁliam

2133 4126 2250 4195 plus
2278 4143 2432 4196 quam
2464 4121 2567 4180 me'.
2601 4140 2707 4178 non
2733 4121 2818 4179 est
2856 4121 2942 4178 me
2962 4121 3169 4194 dignus.
3196 4121 3237 4193 -ί-
3261 4123 3326 4177 Et
3346 4124 3434 4191 qui
3482 4138 3593 4178 non
3613 4138 3701 4196 ac-

2132 4193 2262 4265 cipit
2297 4193 2523 4251 crucem
2559 4210 2706 4250 suam
2754 4202 2807 4248 et
2850 4193 3091 4263 sequitur
3137 4209 3243 4247 me.
3262 4201 3489 4265 nonest
3508 4208 3595 4247 me
3618 4193 3703 4250 di-

2130 4262 2287 4334 guus.
2314 4268 2413 4331 Qui
2461 4267 2662 4320 iuvenit
2706 4262 2938 4318 animam
2965 4279 3113 4318 suam
3150 4262 3336 4332 perdet
3359 4262 3507 4334 illam
3533 4273 3588 4316 et
3613 4280 3700 4331 qut

2138 4332 2433 4403 perdiderit
2466 4337 2699 4389 animam
2730 4350 2877 4389 suam
2909 4344 3128 4403 propter
3157 4348 3242 4389 me
3271 4332 3506 4403 inveniet
3536 4347 3675 4386 eam.

2204 4405 2303 4483 Qui
2332 4406 2526 4483 recipit
2562 4420 2679 4458 vos.
2711 4420 2795 4483 me
2826 4401 3024 4483 recipit
3045 4413 3098 4483 et
3128 4404 3226 4483 qui
3272 4417 3355 4483 me
3386 4401 3583 4483 recipit
3620 4419 3702 4456 re-

2134 4474 2263 4539 cipit
2292 4489 2411 4525 eum
2440 4470 2528 4539 qui
2553 4490 2637 4525 me
2662 4474 2830 4525 misit.
2856 4470 2957 4538 Qui
2977 4470 3167 4539 recipit
3188 4470 3503 4539 prophetam
3532 4472 3583 4525 in
3609 4487 3701 4525 no.

2134 4544 2278 4612 niiue
2310 4544 2600 4612 prouinciae
2622 4542 2933 4612 mercedem
2951 4541 3240 4609 prophetae
3266 4542 3513 4612 accipiet.
3549 4540 3622 4612 (c)
3647 4552 3697 4597 et

2132 4610 2447 4706 (χωρ-ςαξρὲ
2460 4610 2659 4675 justum
2694 4612 2743 4663 iu
2796 4609 3010 4664 nomine
3048 4612 3178 4680 justi
3218 4610 3524 4665 mercedem
3560 4609 3695 4682 justi

2132 4688 2377 4744 acetpiet.
2407 4688 2433 4746 -ε

2206 4746 2270 4800 Ει
2296 4747 2597 4815 quicunque
2639 4758 2820 4812 potum
2849 4747 3060 4803 dederit
3083 4750 3171 4803 uni
3203 4764 3269 4803 ex
3302 4750 3536 4804 minimis
3578 4753 3691 4805 istis

2133 4816 2359 4891 calieeiii
2397 4830 2571 4891 aquae
2590 4817 2832 4886 frigidae.
2882 4827 3086 4891 tantum
3116 4819 3168 4871 in
3197 4822 3412 4891 nomine
3447 4820 3695 4891 discipuli

2132 4898 2287 4956 auieu
2312 4886 2428 4956 dico
2459 4887 2624 4940 vobis.
2661 4904 2762 4943 non
2796 4888 2984 4956 perdet
3013 4888 3316 4945 mercedem
3340 4904 3514 4945 suam.

2207 4954 2274 5007 Et
2314 4953 2508 5006 factum
2550 4965 2649 5010 est.

2968 2435 3086 2491 istis
3109 2437 3333 2493 calicem

2966 2520 3139 2576 aquae
3164 2505 3391 2588 frigidae

2968 2582 3174 2629 tantum
3203 2591 3254 2629 in
3278 2591 3377 2631 no-

2966 2645 3112 2700 mine
3136 2645 3257 2699 men
3286 2660 3302 2697 :

2964 2718 3125 2768 amen
3148 2714 3270 2768 dico
3298 2728 3393 2769 vo-
3448 2770 3453 2774 .

2963 2781 3216 2864 bis,-_q.uia
3236 2783 3323 2855 (it)
3348 2799 3457 2840 non

2964 2852 3161 2920 peribit
3182 2852 3391 2911 merces

2962 2935 3080 2978 sua.
3103 2920 3147 2993 1-
3170 2970 3179 2973 -
3246 2972 3249 2977 .

3158 3101 3386 3160 CAPUT
3412 3102 3509 3159 XI.

1157 5047 1543 5127 VARlANTES
1567 5044 1943 5105 LECTIONES
1966 5044 2233 5103 CODICIS
2263 5046 2372 5100 MS.
2415 5048 2471 5101 S.
2506 5047 3004 5107 GERMANENSIS.

523 5148 539 5175 ³
575 5141 764 5205 negabo
789 5145 841 5189 et
864 5151 956 5201 ego
980 5150 1090 5186 eum

521 5208 541 5237 ⁸
574 5214 805 5263 separare

519 5269 541 5296 ³
574 5261 795 5313 θὶήυνυδ
819 5261 1050 5309 adversus
1073 5272 1263 5309 socrum
1286 5273 1420 5309 suam
1447 5275 1456 5308 :

523 5329 540 5353 ³
574 5324 807 5384 diligit....
831 5322 1078 5383 plusquam

518 5387 536 5414 '
570 5385 819 5446 plusquam

2190 5138 2210 5203 ξ
2243 5138 2471 5203 accipit...
2493 5145 2545 5187 et
2562 5142 2783 5200 sequitur
2804 5155 2901 5203 me,

2190 5199 2209 5228 "
2246 5199 2428 5245 invenit

2190 5258 2210 5329 ξ
2245 5272 2369 5329 θείη.
2390 5258 2485 5329 Qui
2508 5260 2794 5329 τροφὴ-(εἰσ
2809 5267 3162 5329 consequenter)

2190 5321 2209 5349 ’
2245 5320 2422 5381 peribit
2444 5320 2634 5373 merces
2658 5320 2778 5385 ejus.

1746 5441 2108 5498 BLANCHINI
2143 5441 2370 5497 NOTAE.

528 5514 606 5586 ζα)
636 5513 711 5566 ita
730 5523 785 5586 ct
808 5512 928 5586 cod.
952 5509 1103 5565 Cant.
1132 5514 1257 5586 υἱὸξ),
1285 5526 1313 5563 e
1344 5512 1501 5586 Luca.
1531 5543 1597 5553 —
1623 5512 1699 5582 (ὁ)
1730 5512 1873 5579 Haec,
1898 5520 1943 5586 et
1972 5514 2231 5586 qui,_etc.,
2263 5528 2431 5586 usque
2477 5514 2540 5586 ad
2588 5532 2667 5586 ine
2695 5520 2875 5586 dignus
2903 5562 2917 5586 ,
2947 5522 3141 5577 desunt
3166 5522 3217 5575 in
3259 5522 3378 5574 cod.
3402 5520 3561 5576 Cant.
3590 5521 3680 5577 Gr.

451 5592 504 5660 et
535 5579 644 5635 Lat.
670 5612 743 5660 ⁵-
768 5582 993 5660 (cinge
1018 5624 1031 5646 ,
1064 5592 1110 5637 ει
1127 5584 1222 5660 ’ίμιί
1253 5582 1461 5660 recipit,
1493 5579 1818 5660 etc.,'u’sque
1849 5582 1915 5638 ad
1939 5621 1953 5649 ,
1983 5579 2193 5654 accipiet
2214 5624 2227 5649 ,
2260 5579 2451 5639 desunt
2499 5585 2548 5639 in
2574 5584 2725 5644 Cant.
2749 5579 2848 5647 ‘Cr.
2882 5579 2934 5649 et
2960 5593 3073 5648 Lat.
3109 5620 3178 5634 ——
3205 5591 3286 5660 (ά)
3339 5589 3415 5644 Ita
3458 5600 3513 5647 et
3560 5592 3677 5648 cod.

1127 5652 1137 5667 I
1273 5653 1293 5667 ἢ
1311 5652 1316 5665 9

449 5648 598 5703 (Ᾰὶιιιι-
635 5653 688 5704 οὗ
731 5648 794 5719 ini
821 5648 1081 5707 ⁷διτιτόλιητίςι
1119 5648 1365 5721 apices:
1388 5653 1563 5707 αὐτοῦ.
