4292 6392
203 410 309 466 853

1231 410 1363 466 PRO
1403 411 1671 468 SANCTU
1712 411 2105 470 ATHANASIO
2148 413 2350 468 LIBER
2402 415 2426 469 ι.

3392 412 3499 468 851s

201 524 317 576 bam
343 535 518 589 verba,
553 539 644 578 nec
666 522 1003 578 attendebatis
1039 540 1055 578 :
1085 524 1175 577 sed
1211 525 1360 577 irrita
1401 526 1663 594 faciebatis
1689 542 1800 579 mea
1832 532 1868 584 Λ
1905 528 2034 594 peri,
2066 527 2230 580 irritat
2255 542 2391 592 eum,
2425 529 2511 595 qui
2551 528 2668 598 fecit
2697 528 2847 581 illum
2879 527 3045 598 (Ibid.
3081 526 3206 597 31);
3247 535 3302 582 ut
3337 527 3498 582 inno-

200 617 439 679 consilia,
472 616 598 669 meis
626 627 796 670 autem
828 615 1264 683 increpationibus
1299 632 1397 668 non
1431 617 1792 669 intendebatis.

201 705 389 776 Itaque
433 716 480 759 et
527 722 622 779 ego
669 716 832 760 restra
883 707 1172 774 perditione
1223 706 1397 760 ridebo
1438 722 1455 759 :
1497 707 1797 775 gratulabor

199 810 375 854 autem
393 800 643 854 adversus
666 816 771 864 vos,
807 818 918 854 cum
944 803 1135 855 venerit
1157 801 1296 854 vobis
1319 802 1489 854 subito
1519 802 1793 868 tumultus,

198 895 398 947 eversio
445 904 615 946 autem
655 894 842 947 similis
881 895 1138 960 procellaz,
1185 909 1297 945 cum
1329 893 1590 946 advenerit
1625 903 1797 946 autem

198 986 341 1040 vobis
371 987 612 1041 interitus
650 1005 660 1040 :
691 989 784 1039 erit
811 989 945 1040 enim
969 1002 1086 1040 cum
1113 1002 1190 1038 me
1214 986 1540 1051 invocabitis,
1576 1001 1669 1056 ego
1696 1001 1792 1037 uu-

199 1089 300 1131 tein
333 1095 436 1132 non
469 1078 746 1133 exaudiam
769 1096 786 1145 ,'
814 1089 1040 1149 quarent
1063 1095 1143 1131 me
1167 1080 1289 1131 mali
1314 1089 1359 1132 et
1387 1095 1490 1132 non
1513 1079 1791 1132 invenient.

202 1173 440 1226 Oderunt
470 1175 606 1226 enim
638 1176 974 1243 sapientiam,
1013 1173 1218 1227 verbum
1249 1183 1417 1226 autem
1453 1171 1664 1226 Domini
1693 1189 1791 1225 non

196 1275 623 1331 assumpserunt,
667 1283 830 1335 neque
873 1266 1148 1319 voluerunt
1190 1267 1312 1318 meis
1361 1265 1594 1317 consiliis
1630 1264 1793 1316 inten-

197 1354 325 1407 dere
366 1371 384 1408 :
425 1369 723 1424 spreverunt
756 1359 891 1410 enim
935 1373 1071 1408 meas
1113 1358 1493 1425 increpationes
1529 1373 1546 1409 :
1579 1357 1794 1426 ideoque

194 1444 346 1498 edent
373 1447 468 1500 via:
489 1456 594 1499 sua'
616 1447 842 1515 fructus,
873 1459 919 1501 et
943 1465 1036 1501 sua
1058 1450 1319 1519 impietate
1343 1448 1651 1500 saturabunt
1679 1447 1793 1499 ani-

193 1552 324 1588 mas.
377 1536 516 1590 Nam
558 1539 678 1606 quia
731 1540 1054 1608 decipiebant
1106 1539 1370 1606 parvulos,
1417 1540 1794 1608 inter/icientur

193 1624 382 1697 (Prov.
415 1644 451 1695 t,
483 1627 597 1699 2b).
635 1629 869 1686 interfici
904 1642 1056 1685 certe
1089 1642 1262 1684 tecum
1317 1633 1690 1694 merebamur,
1739 1639 1794 1685 et

189 1722 416 1792 quidem
441 1739 472 1778 a
502 1723 637 1789 Deo,
664 1727 706 1779 si
725 1734 903 1780 tecum
927 1726 1020 1780 Dei
1049 1724 1323 1778 hominem
1350 1726 1644 1778 fuissemus
1668 1739 1790 1793 per-

187 1820 388 1872 secuti.
427 1818 534 1875 Sed
575 1821 850 1890 quomodo
882 1822 1026 1875 isutd
1059 1820 1422 1875 fecissemus?
1449 1819 1540 1888 qtii
1579 1818 1793 1872 scieba-

190 1932 312 1968 mus
345 1917 608 1985 scriptum
646 1937 655 1969 :
694 1917 819 1971 Noli
845 1918 1100 1987 fabricare
1130 1917 1183 1970 in
1211 1917 1434 1968 amicum
1455 1924 1599 1967 tuum
1625 1914 1782 1979 mala,

185 2007 238 2058 in
277 2009 504 2061 incolam
544 2020 591 2063 et
628 2011 992 2078 conﬁdentem.
1038 2008 1163 2062 Noli
1202 2009 1504 2062 inimicitias
1544 2023 1782 2060 exercere

183 2097 436 2153 adversus
478 2102 734 2154 hominem
764 2104 872 2155 sine
922 2119 1096 2165 causa,
1141 2119 1203 2154 ne
1242 2102 1364 2170 quid
1405 2101 1495 2154 tibi
1541 2112 1782 2166 operetur

183 2192 385 2244 malum
432 2192 541 2261 (Ib.
589 2208 682 2257 Ill,
720 2194 836 2264 ‘29).
887 2197 993 2249 Aut
1042 2194 1302 2263 numquid
1350 2209 1455 2246 non
1499 2201 1617 2246 erat.
1663 2194 1782 2246 sine

180 2300 369 2352 causa,
398 2287 440 2341 si
470 2296 628 2357 prout
661 2289 880 2342 insanus
909 2289 1057 2341 furor
1085 2288 1534 2340 cohmretictiruui
1563 2298 1780 2339 tuorum

182 2393 280 2445 per
327 2386 380 2431 te
415 2379 676 2447 jusscrat,
727 2381 778 2434 in
830 2381 1178 2434 innocentem
1234 2381 1426 2432 mortis
1469 2377 1784 2432 tulissemus

177 2471 553 2524 sententiam?
583 2471 671 2525 \lie
702 2473 818 2533 tibi.
845 2474 966 2541 quia
1000 2473 1210 2526 dictum
1246 2473 1311 2524 de
1344 2482 1392 2525 te
1429 2480 1782 2539 persecutore

183 2573 381 2615 nostro
421 2563 620 2620 video:
663 2566 857 2618 Oculus
893 2565 1326 2627 contumeliosus,
1365 2564 1542 2632 lingua
1579 2563 1777 2630 iniqua,

178 2672 365 2709 manus
391 2667 513 2710 sunt
540 2666 564 2693 ⁸
588 2657 914 2724 eﬂ'undentes
940 2660 1242 2726 sanguinem
1263 2658 1413 2719 justi,
1437 2667 1480 2708 et
1502 2673 1590 2709 cor
1620 2656 1782 2723 fabri-

179 2764 304 2801 cans
348 2751 686 2818 cogitationes
719 2753 906 2813 malas,
938 2761 984 2802 et
1029 2753 1179 2817 pedes
1211 2750 1510 2819 festinantes
1547 2749 1614 2800 ad
1648 2749 1780 2800 male

177 2841 479 2908 faciendum
508 2841 615 2911 (Ib.
655 2859 725 2908 τι,
767 2843 878 2912 17).
916 2843 1113 2912 Legisti
1146 2859 1157 2894 :
1197 2841 1324 2906 Fili,
1358 2843 1556 2894 honora
1599 2839 1781 2893 Domi-

178 2951 330 2998 num,
377 2945 424 2986 et
470 2935 658 2989 ualebis
683 2952 701 2988 :
733 2948 920 3006 prtrter
949 2953 1063 2988 eum
1095 2953 1156 2987 ne
1194 2938 1374 2988 timeas
1415 2938 1633 2986 alterum
1667 2931 1777 3001 (Ib.

176 3043 270 3093 vn,
306 3027 391 3098 1);
423 3037 477 3082 et
511 3036 689 3084 tamen
721 3038 770 3084 te
803 3030 979 3083 timeri
1013 3029 1254 3090 voluisti,
1291 3027 1456 3080 Deum
1489 3042 1621 3080 vero
1647 3041 1776 3079 con-

177 3122 373 3175 tenini.
414 3121 566 3177 Unde
594 3123 793 3178 etenim
829 3124 1005 3176 solum
1042 3123 1205 3176 Deum
1235 3124 1575 3190 potuerimus
1617 3135 1778 3188 repe-

175 3213 273 3268 riri
314 3224 642 3280 metuentes,
677 3217 719 3269 si
766 3216 927 3269 minis
959 3216 1064 3268 tuis
1096 3215 1542 3276 Snceumbcntes,
1581 3213 1777 3266 absen-

1903 631 2117 674 centem
2152 628 2329 673 tecum
2364 633 2462 672 nos
2487 620 2796 674 interficere
2824 619 3096 673 traheris?
3126 619 3180 673 Si
3205 619 3349 671 enim
3375 632 3510 671 con—

1904 712 2177 764 tumeliam
2221 709 2443 763 facienti
2485 710 2735 764 irascitur
2779 709 2938 771 Deus,
2980 719 3182 778 quanto
3233 713 3403 780 magis
3449 708 3496 762 ci

1900 804 1990 872 qui
2046 800 2380 856 interfecerit
2425 801 2542 869 ejus
2589 802 2972 856 sacerdotem!
3008 801 3278 872 Scriptum
3325 800 3504 856 adhuc

1901 912 2006 949 non
2045 896 2319 950 retinebas
2351 913 2361 947 :
2399 893 2613 948 Initium
2652 897 2746 949 via:
2785 895 2950 961 borue,
2983 897 3153 964 facere
3176 899 3326 968 justa
3353 911 3371 948 :
3405 912 3492 948 ac-

1899 997 2045 1055 cepta
2075 997 2247 1039 autem
2285 998 2407 1041 sunt
2436 988 2578 1056 apud
2611 986 2891 1041 Dominam
2929 989 3090 1059 magis
3121 1004 3277 1056 quam
3316 989 3502 1041 immo.

1897 1083 2007 1138 lare
2033 1083 2226 1136 hostias
2254 1081 2359 1152 (Ib.
2396 1096 2508 1146 nt,
2531 1081 2620 1150 5);
2655 1091 2712 1135 ut
2744 1092 2795 1134 tu
2835 1066 3031 1150 iniusta
3065 1097 3163 1135 nos
3190 1083 3369 1136 facere
3397 1096 3493 1135 co—
3525 1118 3527 1121 τ

1897 1174 2094 1245 geres?
2123 1173 2226 1229 Sed
2253 1174 2436 1228 etalio
2464 1174 2618 1228 loco:
2651 1172 2752 1240 Qui
2767 1177 2970 1246 justum
2994 1184 3139 1227 ιόεαε
3162 1173 3188 1210 b
3220 1175 3492 1243 injustam.

1899 1268 2152 1334 iniustum
2205 1277 2373 1320 autem
2427 1277 2482 1319 ut
2531 1268 2776 1335 justum,
2825 1267 3184 1320 abominabilis
3238 1275 3312 1320 est
3354 1266 3496 1336 apud

1899 1356 2066 1412 Deum
2101 1356 2206 1428 (Ib.
2239 1374 2371 1422 itvu,
2407 1355 2517 1429 15).
2551 1358 2966 1414 Abominabiles
3001 1359 3119 1413 sine
3149 1357 3314 1413 dubio
3346 1372 3494 1413 esse-

1898 1467 2039 1517 mus,
2075 1454 2118 1505 si
2156 1463 2205 1506 te
2242 1453 2446 1520 justum
2503 1453 3022 1521 pronuntiaremus,
3064 1462 3116 1506 et
3164 1453 3338 1506 virum
3383 1451 3494 1506 Deo

1897 1555 2181 1614 acceptum
2209 1545 2564 1600 Athanasium
2589 1545 2843 1615 injustam
2865 1546 3258 1615 judicaremus.
3285 1544 3494 1610 Mirari,

1897 1641 2087 1708 inquit,
2119 1654 2395 1710 personam
2427 1639 2574 1707 impii
2603 1655 2703 1691 non
2734 1650 2808 1692 est
2838 1623 3052 1705 bonum,
3079 1655 3237 1709 neque
3257 1648 3492 1692 sanctum

1897 1735 2158 1787 declinare
2197 1735 2400 1802 justum
2443 1734 2496 1785 in
2533 1733 2742 1805 judicio
2790 1730 2900 1803 (Ib.
2936 1748 3088 1798 smn,
3135 1733 3213 1801 5).
3250 1731 3328 1786 Tu
3358 1731 3496 1786 dicis

1897 1837 2090 1880 contra
2138 1827 2228 1896 qui
2271 1827 2322 1880 iti
2378 1825 2530 1896 impii
2585 1841 2814 1893 persona
2870 1824 3070 1879 videris
3118 1823 3433 1892 descriptus
3474 1839 3488 1876 :

1817 1923 1863 1982 B
1892 1918 2146 1973 Damnate
2186 1921 2473 1983 insontem,
2506 1920 2695 1972 imitati
2723 1935 2889 1972 meam
2930 1919 3111 1988 injusti
3155 1931 3431 1987 personam
3473 1932 3491 1970 :

1889 2025 1945 2070 et
1974 2015 2099 2068 licet
2128 2018 2244 2069 lucc
2270 2029 2370 2068 nos
2408 2014 2588 2068 facere
2628 2013 2893 2083 coegeris,
2925 2029 3045 2083 qua:
3074 2012 3232 2067 nobis
3267 2022 3491 2081 possent

1892 2109 2060 2164 Deum
2089 2123 2338 2179 quau—ere
2364 2108 2584 2173 iratum,
2611 2116 2788 2160 tamen
2816 2106 3099 2159 hort-amur
3129 2115 3179 2159 te
3205 2103 3489 2159 inimicum

1886 2199 2168 2270 sospitatis
2218 2209 2441 2264 nostrae,
2482 2214 2549 2253 ex
2597 2197 2760 2264 impio
2805 2197 2951 2265 pium
2996 2195 3131 2262 fieri,
3168 2195 3375 2249 salvum
3421 2209 3486 2248 ex

1887 2308 2055 2361 aegro,
2092 2293 2268 2344 vivum
2304 2306 2366 2346 ex
2418 2301 2652 2356 mortue,
2705 2289 3020 2359 religiosum
3077 2303 3146 2342 ex
3187 2287 3484 2357 sacrilego.

1890 2385 2062 2451 Unde,
2112 2386 2312 2453 inquis,
2350 2383 2467 2438 hac
2503 2383 2721 2452 assequi
2772 2381 3000 2452 potero?
3046 2380 3246 2450 quibus
3290 2380 3491 2434 rebus?

1887 2479 2082 2533 Desine
2113 2475 2364 2547 persequi
2386 2475 2479 2530 Dei
2504 2475 2762 2540 domum;
2787 2473 2978 2528 desine
3002 2472 3368 2542 proscribere,
3393 2471 3486 2526 de-

1884 2581 2123 2640 portare,
2157 2570 2470 2624 interficere
2500 2569 2618 2638 ejus
2651 2582 2876 2632 servos;
2913 2565 3085 2621 fatere
3120 2575 3172 2620 te
3216 2564 3486 2620 Christia-

1883 2681 2031 2731 num,
2060 2679 2350 2719 exsecrare
2383 2664 2668 2717 nobiscum
2701 2673 2978 2718 catervam
3017 2671 3333 2716 commento
3364 2659 3484 2714 dia-

1882 2758 1991 2812 boli
2041 2759 2327 2826 quassitam
2379 2753 2949 2821 Arianorum;crede
2997 2753 3158 2808 sicuti
3207 2751 3485 2807 credimus

1883 2866 2003 2914 nos,
2036 2851 2124 2919 qui
2159 2865 2225 2904 ex
2265 2849 2548 2904 beatorum
2583 2847 2969 2916 Apostolorum
2999 2844 3353 2899 successione
3385 2858 3482 2897 su-

1883 2957 2005 2996 mus
2050 2940 2299 3010 episcopi
2329 2957 2342 3004 ;
2369 2939 2632 2994 confitere
2678 2936 2898 2991 unicum
2935 2935 3031 2990 Dei
3078 2933 3296 2999 Filium,
3330 2934 3492 2988 sicuti

1879 3033 1954 3088 illi
1983 3034 2220 3087 confessi
2249 3042 2396 3096 sunt,
2427 3046 2488 3085 ac
2511 3046 2611 3084 nos
2635 3028 2988 3094 confitemur;
3021 3036 3078 3081 et
3105 3027 3318 3080 veniam
3348 3041 3478 3080 eon-

1880 3125 2125 3194 sequeris
2160 3131 2434 3178 tantorum
2464 3122 2758 3177 scelerum.
2791 3118 2994 3190 Legisti
3030 3117 3174 3172 enim
3205 3116 3346 3187 apud
3380 3116 3479 3172 Sa-

1880 3215 2152 3269 lomonem
2186 3230 2197 3264 :
2230 3211 2374 3266 Mors
2395 3222 2441 3265 et
2469 3213 2573 3265 vita
2601 3211 2654 3264 in
2682 3210 2923 3262 manibus
2952 3208 3142 3277 lingutz
3165 3205 3329 3278 (Ibid.
3355 3205 3473 3277 21),

178 3315 311 3371 tem,
347 3307 670 3369 inauditum,
697 3317 750 3361 et
778 3309 997 3377 quidem
1025 3323 1171 3369 (‘lllll,
1205 3322 1367 3375 quem
1403 3304 1768 3372 sciremusju-
1802 3298 1846 3359 C
1880 3320 1933 3363 et
1978 3308 2117 3377 apud
2165 3307 2383 3361 beatum
2435 3305 2658 3360 Paulum
2694 3325 2706 3359 :
2744 3301 2916 3356 Corde
2952 3302 3178 3355 creditur
3215 3301 3282 3354 ad
3317 3302 3481 3371 justi-

174 3412 345 3462 smm,
398 3399 816 3454 datnnarentus?
863 3401 1120 3457 Salomon
1171 3403 1300 3455 dicit
1351 3419 1361 3452 :
1409 3401 1619 3454 Stalera
1667 3401 1775 3453 doli

174 3493 496 3546 abominatio
523 3506 593 3548 est
621 3511 795 3547 coram
820 3493 1043 3548 Domino
1077 3514 1087 3548 :
1125 3498 1327 3565 pondus
1361 3505 1532 3548 autem
1572 3510 1773 3563 tequum

173 3593 448 3656 acceptum
478 3597 551 3638 est
585 3587 630 3638 ei
673 3585 778 3656 (Ib.
811 3603 884 3651 xi,
921 3587 994 3656 1).
1030 3587 1109 3640 Tu
1134 3597 1324 3640 contra
1366 3589 1622 3640 mandare
1667 3587 1773 3640 nOn

173 3676 420 3742 dubitas,
457 3677 710 3733 Dantuate
738 3681 929 3749 injrsto
958 3681 1164 3752 judicio
1201 3681 1386 3743 virum,
1423 3680 1525 3732 hoc
1565 3688 1770 3733 rectum

175 3780 398 3839 putans,
430 3773 572 3842 quod
607 3788 920 3840 perversum
966 3786 1070 3825 est.
1107 3773 1296 3826 Adhuc
1333 3770 1590 3826 Salomon
1624 3770 1690 3824 dc
1720 3779 1772 3824 te

170 3879 234 3917 ac
298 3864 396 3918 tibi
457 3866 722 3919 similibus
768 3884 778 3917 :
839 3865 948 3918 i'iw
997 3867 1354 3936 insipientium
1403 3875 1552 3917 rectm
1597 3880 1771 3916 coram

171 3958 303 4024 ipsis
337 3972 356 4010 :
386 3958 596 4011 exaudit
635 3969 806 4010 autem
855 3957 1073 4010 consilia
1113 3959 1320 4026 sapiens
1370 3955 1476 4025 (Ib.
1526 3972 1620 4021 xu,
1654 3957 1767 4023 15).

172 4049 455 4116 Damnate,
511 4052 711 4122 inquis,
765 4053 1149 4106 Athanasium:
1185 4065 1236 4106 et
1279 4053 1498 4121 quidem
1545 4052 1631 4105 ubi
1674 4067 1760 4106 va-

171 4142 288 4198 lere
345 4159 451 4198 non
510 4145 730 4214 potuisti
775 4141 1010 4214 ingenio
1060 4146 1395 4200 detestanda!
1453 4145 1772 4199 subtilitatis

171 4248 300 4303 tuae,
338 4237 546 4294 viribus
590 4240 799 4308 imperii
837 4243 908 4294 tui
942 4241 1178 4308 empisti.
1215 4241 1286 4295 De
1326 4252 1375 4294 te
1418 4250 1598 4308 itaque
1635 4239 1770 4294 scri-

170 4341 328 4400 ptum
364 4332 590 4400 accipe:
627 4331 799 4384 Malus
838 4349 952 4384 cum
995 4333 1302 4384 contumelia
1342 4331 1447 4401 agit
1490 4330 1627 4383 mala
1659 4329 1765 4401 (Ib.

170 4438 290 4488 xttt,
333 4422 450 4493 10);
479 4435 531 4478 et
559 4427 778 4484 iterum.
810 4426 947 4492 qnod
976 4436 1136 4479 tentet
1164 4427 1240 4478 sic
1266 4425 1584 4494 laqueojam
1615 4440 1774 4479 neca-

169 4520 340 4579 veris,
377 4516 637 4572 hzt-rentlo
665 4519 905 4586 Ariauis,
941 4521 1100 4574 sicuti
1134 4531 1183 4574 ct
1215 4522 1379 4574 Jutlas
1402 4519 1654 4575 Scarioth
1679 4520 1776 4576 Ju-

167 4610 306 4662 tlzteis
346 4626 357 4660 :
390 4607 499 4664 Lex
520 4611 746 4678 sapienti
767 4615 882 4679 fons
907 4625 975 4663 ist
1011 4613 1144 4678 l'Iitl',
1172 4613 1359 4666 stultus
1386 4625 1563 4666 autem
1597 4614 1777 4681 laqueo

1884 3400 2029 3461 tiam,
2051 3415 2138 3452 orc
2162 3409 2330 3453 autem
2357 3398 2610 3468 confessio
2628 3397 2685 3465 ﬁt
2701 3396 2768 3448 ad
2791 3395 3006 3449 salutem
3031 3403 3052 3431 ε
3078 3392 3258 3463 (Rom.
3282 3409 3338 3454 χ.
3367 3393 3477 3462 10).

1886 3491 2178 3547 Meministi
2211 3491 2472 3561 scriptum
2498 3509 2508 3544 :
2531 3490 2695 3543 Testis
2723 3489 2889 3558 falsus
2918 3504 3017 3541 non
3041 3487 3324 3556 impunitus
3344 3487 3477 3550 erit;

1882 3597 1926 3642 et
1952 3588 2038 3657 qui
2069 3597 2278 3641 accusat
2311 3587 2498 3654 inique,
2535 3601 2636 3636 non
2669 3581 2875 3654 effugiet
2919 3579 3102 3652 (Prov.
3143 3594 3256 3645 xxx,
3292 3579 3350 3647 5)
3384 3595 3396 3630 :
3428 3587 3481 3632 et

1883 3691 2060 3732 tamen
2096 3677 2240 3732 fuisti
2272 3691 2434 3730 ausus
2465 3674 2692 3730 inficiari
2715 3673 2740 3709 ά
2765 3673 3146 3727 Athanasium.
3182 3670 3299 3724 Non
3328 3672 3471 3724 enim

1879 3770 2033 3824 uoltis
2084 3771 2255 3824 fuerat
2306 3768 2487 3836 aliqua
2535 3780 2698 3820 eausa
2745 3779 2867 3819 cum
2911 3762 3138 3832 collegis
3169 3771 3332 3816 secta:
3367 3770 3466 3815 tuac

1878 3864 2116 3928 At-ian'ts,
2144 3877 2264 3916 eum
2293 3860 2518 3915 eosdem
2545 3858 2655 3928 jam
2687 3858 2897 3928 pridem
2932 3856 3026 3910 Dei
3060 3854 3302 3924 patentia
3343 3869 3466 3908 cum

1879 3958 2008 4010 Ario
2039 3954 2178 4025 apud
2213 3953 2467 4015 Nicaeam,
2505 3962 2747 4020 tempore
2778 3964 2886 4019 quo
2927 3961 3031 4002 non
3075 3946 3252 4000 solum
3278 3953 3466 3999 contra

1879 4049 2268 4120 blasphemiam
2299 4057 2558 4108 vestram,
2584 4044 2676 4100 sed
2709 4053 2763 4098 et
2791 4051 2983 4099 contra
3012 4054 3206 4094 omnes
3231 4040 3470 4092 haereses

1879 4146 2011 4198 fides
2042 4143 2315 4211 descripta
2344 4149 2447 4204 est,
2479 4139 2846 4210 praeuuiverit.
2875 4135 3013 4199 Non,
3045 4133 3288 4202 inquam,
3315 4129 3476 4188 nobis

1876 4256 2000 4297 cum
2048 4239 2155 4293 illis
2207 4233 2712 4307 pseudoepiscopis,
2764 4230 3002 4285 inimicis
3043 4227 3162 4291 Dei,
3198 4225 3478 4295 magistris

1879 4340 2008 4403 tuis,
2049 4336 2226 4404 aliqua
2275 4333 2449 4386 fuerat
2485 4329 2736 4399 quaeStio,
2781 4336 2838 4380 ut
2879 4326 3076 4380 iterum
3118 4329 3306 4376 contra
3348 4334 3473 4373 eos-

1879 4433 1999 4487 dem
2035 4428 2468 4496 eonlligercmus,
2509 4436 2644 4493 quos
2681 4419 2852 4475 semel
2885 4418 3031 4472 Deus
3077 4413 3367 4485 pepulerat
3407 4411 3475 4467 de

1879 4523 2076 4594 populo
2125 4534 2243 4574 suo.
2293 4517 2481 4587 Itaque
2528 4529 2670 4568 nunc
2716 4512 2871 4567 nobis
2925 4520 3099 4564 tecum
3143 4515 3228 4561 est
3286 4504 3426 4557 ratio
3455 4545 3471 4571 ,

1882 4616 2003 4687 quia
2052 4624 2105 4668 te
2149 4619 2424 4666 auctorem
2478 4605 2803 4670 institueris,
2846 4600 2988 4672 quod
3038 4598 3184 4654 enim
3232 4598 3477 4650 Athana-

166 4707 422 4760 morietur
455 4703 619 4778 (Ibid.
655 4707 762 4777 1-4).
794 4709 989 4763 Adhuc
1019 4710 1215 4763 dicitur
1245 4709 1310 4763 de
1337 4719 1387 4765 te
1413 4727 1426 4762 :
1458 4708 1571 4764 Rea:
1595 4709 1772 4763 audax
1801 4693 1848 4751 Ι)
1877 4710 1990 4762 sius
2013 4706 2203 4759 fuisset
2227 4717 2354 4758 reus
2378 4709 2429 4755 ετ
2454 4714 2612 4771 quem
2652 4694 2955 4751 inauditum
2994 4690 3120 4761 quia
3150 4687 3345 4758 punire
3379 4699 3477 4739 no-

166 4799 365 4850 incidet
410 4799 461 4851 in
494 4801 634 4851 mala
673 4799 836 4868 (Ibid.
885 4801 993 4869 17).
1028 4799 1222 4870 Utique
1274 4801 1520 4856 incidisti
1563 4801 1613 4854 ill
1656 4800 1770 4855 hcc

169 4891 340 4952 mala,
373 4891 495 4958 quia
533 4891 666 4944 nihil
707 4895 996 4961 sapientia:
1029 4893 1122 4947 tibi
1170 4893 1488 4962 reliqueris,
1521 4893 1768 4963 negando

169 4984 396 5038 unicum
450 4981 544 5037 Dei
593 4981 810 5048 Filium,
857 4985 950 5038 sed
1005 4994 1173 5039 totum
1223 4993 1389 5039 lt‘lllel
1443 4985 1676 5039 verteris
1719 4985 1770 5038 in

165 5078 488 5140 stultitiam,
523 5092 642 5146 qua:
668 5090 758 5130 res
785 5075 1028 5129 effecerit
1061 5087 1110 5130 te
1144 5086 1390 5130 mat-tare
1418 5077 1530 5129 Deo
1553 5076 1769 5130 charos.

165 5172 450 5240 Scriptum
498 5182 625 5225 est:
661 5169 884 5238 Sapiens
928 5170 1156 5223 timendo
1203 5171 1482 5225 declinabit
1528 5184 1560 5223 a
1609 5170 1768 5235 mulo,

165 5264 429 5332 insipiens
447 5276 618 5318 autem
643 5265 880 5317 miscetur
903 5263 1165 5339 conﬁdens
1185 5264 1359 5327 iniquo
1377 5261 1482 5333 (Ib.
1515 5278 1628 5327 xiv,
1655 5263 1767 5333 16).

167 5356 285 5410 Non
320 5355 536 5426 legeras
579 5357 841 5428 scriptum
880 5373 892 5408 :
932 5355 1032 5422 Qui
1078 5355 1443 5409 contumeliam
1475 5357 1600 5425 facit
1637 5373 1765 5425 pau-

240 5510 263 5534 κ
303 5497 443 5552 Sunt
470 5497 616 5552 delet
638 5498 825 5556 Sahat.

240 5569 268 5608 δ
302 5567 463 5644 Yers.
501 5579 628 5624 Ant.
653 5572 936 5626 Judicat...'
964 5572 1213 5643 infastum
1243 5585 1358 5624 tero
1374 5575 1595 5644 justum,
1628 5585 1772 5625 exse—

170 5641 407 5698 crabilis.

244 5726 266 5751 c
303 5715 462 5766 Vers.
491 5713 620 5768 Aut.
657 5711 722 5766 In
748 5715 988 5768 salutem.

240 5785 267 5823 ά
305 5783 413 5838 Pro
443 5784 564 5853 falsi
592 5785 823 5840 criminis
859 5802 1105 5841 accusare
1144 5787 1501 5849 Athanasium,
1536 5793 1582 5837 et
1620 5783 1664 5837 ei
1695 5783 1774 5837 in-

170 5858 369 5931 iuriam
401 5859 590 5931 facere.
620 5855 727 5931 ΤῙΙΣ

250 5940 272 5969 ο
313 5928 388 5987 Ex
417 5926 598 5984 Latin.
627 5936 678 5984 el
709 5927 812 5984 Til.
845 5942 1003 5986 antea
1043 5949 1199 5988 meus.

1882 4800 2162 4864 luerimus,
2213 4796 2376 4849 homo
2400 4795 2488 4863 qui
2524 4801 2691 4846 tentet
2729 4797 2922 4842 testem
2963 4783 3135 4840 scires
3165 4781 3391 4841 falsum,
3417 4789 3478 4834 ut

1880 4890 1990 4946 fera
2021 4888 2275 4944 immanis
2309 4901 2370 4939 ac
2408 4882 2580 4938 bellua
2624 4878 2837 4947 cmpisti
2873 4892 2970 4930 nos
3011 4888 3137 4930 cum
3170 4869 3474 4926 Athanasio

1876 4985 2016 5040 Velle
2071 4982 2283 5053 punire,
2347 4988 2618 5047 tamquam
2677 4972 3022 5029 frendorihus
3069 4971 3086 5008 ί
3142 4967 3247 5021 tuis
3300 4961 3484 5055 possis,

1875 5091 2160 5133 servorum
2195 5071 2288 5126 Dei
2323 5071 2562 5142 xigorem
2608 5080 2882 5137 superare.
2929 5063 3084 5117 Licet
3123 5059 3268 5114 enim
3313 5056 3467 5111 Salo-

1877 5187 2001 5226 mon
2031 5169 2205 5224 dicat:
2244 5163 2400 5235 Regis
2425 5173 2451 5211 κ
2475 5163 2626 5216 mirice
2657 5159 2847 5214 similes
2877 5161 2993 5210 sunt
3016 5149 3289 5224 gemitibus
3307 5146 3470 5201 leonis

1877 5261 2039 5334 (Ibid.
2071 5260 2158 5326 12)
2179 5299 2193 5324 ,
2218 5267 2401 5311 tamen
2434 5255 2667 5327 gemitus
2691 5250 2762 5304 tui
2796 5246 2998 5304 leonini
3031 5251 3220 5300 contra
3252 5254 3352 5294 nos
3379 5240 3474 5292 ha-

1876 5359 2006 5414 bere
2033 5356 2288 5410 virtutem
2315 5367 2420 5408 non
2454 5361 2729 5421 poterunt.
2755 5345 2969 5414 Quare?
2997 5341 3122 5412 quia
3146 5354 3222 5393 SIS
3246 5347 3300 5391 tu
3337 5350 3475 5405 pra:-

1955 5494 1972 5533 ί
2007 5493 2062 5549 ιιι
2093 5502 2197 5555 est,
2225 5491 2417 5545 rabidis
2455 5486 2786 5541 clamoribus.
2812 5481 2940 5555 “vox
2973 5476 3200 5555 barbara
3239 5469 3471 5555 aoverbo

1879 5543 2070 5622 Latino
2098 5543 2322 5636 ifiendoi;
2357 5559 2594 5636 frendens
2617 5557 2765 5636 enim
2795 5553 3016 5636 dicitur,
3047 5545 3190 5618 quod
3225 5543 3475 5598 minando

1879 5627 2328 5709 [ranqat'denles;
2361 5629 2588 5709 iEaA'Sig-
2617 5627 3008 5709 ί¹ᾘΕίΥξη9μ¹⁶ηί
3159 5688 3244 5709 με,
3283 5685 3473 5709 ,,,,,;,,,ε

1955 5688 2167 5762 iners.
2213 5688 2336 5760 Ant'.
2373 5700 2546 5770 Iniqui
2585 5701 2723 5772 regis
2762 5688 3016 5772 minitatio
3058 5688 3245 5772 similis
3281 5688 3472 5772 t‘uqitui

1882 5781 2067 5835 leonis.
2102 5778 2250 5833 Alius
2283 5763 2552 5841 Interprcs
2580 5763 2753 5827 Gr'a-c.
2791 5763 3101 5841 in_lle)tapl.
3135 5777 3233 5826 pro
3254 5763 3469 5841 rugitu‘i,

1883 5823 2842 5930 Dei—ariciayué‘pmpius
2858 5823 3228 5930 Lppiiy‘rs.
3239 5845 3272 5930 ,ε
3283 5823 3476 5930 ιεῐὲῗιιιο

1887 5901 2310 5981 ἷιῗιὲῖῗιῖέϐιέωο.
2334 5927 2417 5974 est
2442 5901 2646 5980 eam,
2675 5901 2835 5977 mina,
2864 5908 2953 5967 ubi
2972 5905 3128 5963 Vers.
3151 5901 3277 5958 Atil.
3305 5901 3402 5952 ira.
