  <div class='ocr_page' id='page_1' title='image "/cluster/home/n/w/nwhite01/storage/ocr_20150623/12-13/uc1.31175013632818/1091.png"; bbox 0 0 4292 6376; ppageno 0'>
   <div class='ocr_carea' id='block_1_1' title="bbox 623 370 729 425">
    <p class='ocr_par' dir='ltr' id='par_1_1' title="bbox 623 370 729 425">
     <span class='ocr_line' id='line_1_1' title="bbox 623 370 729 425; baseline 0 0"><span class='ocrx_word' id='word_1_1' title='bbox 623 370 729 425; x_wconf 71' lang='lat'><strong>855</strong></span> 
     </span>
    </p>
   </div>
   <div class='ocr_carea' id='block_1_2' title="bbox 1710 369 2852 429">
    <p class='ocr_par' dir='ltr' id='par_1_2' title="bbox 1710 369 2852 429">
     <span class='ocr_line' id='line_1_2' title="bbox 1710 369 2852 429; baseline 0.002 -4"><span class='ocrx_word' id='word_1_2' title='bbox 1710 370 2036 428; x_wconf 79' lang='lat' dir='ltr'><strong>LUCIFERI</strong></span> <span class='ocrx_word' id='word_1_3' title='bbox 2078 370 2390 428; x_wconf 81' lang='lat' dir='ltr'><strong>EPISCOPI</strong></span> <span class='ocrx_word' id='word_1_4' title='bbox 2431 369 2852 429; x_wconf 81' lang='lat' dir='ltr'><strong>CALARITANI</strong></span> 
     </span>
    </p>
   </div>
   <div class='ocr_carea' id='block_1_3' title="bbox 3820 380 3910 436">
    <p class='ocr_par' dir='ltr' id='par_1_3' title="bbox 3820 380 3910 436">
     <span class='ocr_line' id='line_1_3' title="bbox 3820 380 3910 436; baseline 0 0"><span class='ocrx_word' id='word_1_5' title='bbox 3820 380 3910 436; x_wconf 80' lang='lat'><strong>856</strong></span> 
     </span>
    </p>
   </div>
   <div class='ocr_carea' id='block_1_4' title="bbox 616 484 3913 561">
    <p class='ocr_par' dir='ltr' id='par_1_4' title="bbox 616 484 3913 561">
     <span class='ocr_line' id='line_1_4' title="bbox 616 484 3913 561; baseline 0.003 -20"><span class='ocrx_word' id='word_1_6' title='bbox 616 501 811 541; x_wconf 84' lang='lat' dir='ltr'><strong>cursor</strong></span> <span class='ocrx_word' id='word_1_7' title='bbox 856 485 1200 551; x_wconf 89' lang='lat' dir='ltr'><strong>antichristi,</strong></span> <span class='ocrx_word' id='word_1_8' title='bbox 1256 494 1311 541; x_wconf 91' lang='lat' dir='ltr'><strong>et</strong></span> <span class='ocrx_word' id='word_1_9' title='bbox 1357 500 1457 541; x_wconf 90' lang='lat' dir='ltr'><strong>nos</strong></span> <span class='ocrx_word' id='word_1_10' title='bbox 1506 500 1696 540; x_wconf 89' lang='lat' dir='ltr'><strong>sumus</strong></span> <span class='ocrx_word' id='word_1_11' title='bbox 1748 485 1949 541; x_wconf 82' lang='lat' dir='ltr'><strong>milites</strong></span> <span class='ocrx_word' id='word_1_12' title='bbox 1997 484 2224 542; x_wconf 77' lang='lat' dir='ltr'><strong>Christi.</strong></span> <span class='ocrx_word' id='word_1_13' title='bbox 2256 490 2307 550; x_wconf 71' lang='grc' dir='ltr'><strong>Α</strong></span> <span class='ocrx_word' id='word_1_14' title='bbox 2332 494 2485 558; x_wconf 92' lang='lat' dir='ltr'><strong>ptum</strong></span> <span class='ocrx_word' id='word_1_15' title='bbox 2512 505 2525 542; x_wconf 89' lang='lat'><strong>:</strong></span> <span class='ocrx_word' id='word_1_16' title='bbox 2558 486 2743 542; x_wconf 89' lang='lat' dir='ltr'><strong>Libera</strong></span> <span class='ocrx_word' id='word_1_17' title='bbox 2766 505 2850 544; x_wconf 93' lang='lat' dir='ltr'><strong>eos</strong></span> <span class='ocrx_word' id='word_1_18' title='bbox 2876 490 2962 559; x_wconf 98' lang='lat' dir='ltr'><strong>qui</strong></span> <span class='ocrx_word' id='word_1_19' title='bbox 2991 491 3251 547; x_wconf 86' lang='lat' dir='ltr'><strong>ducuntur</strong></span> <span class='ocrx_word' id='word_1_20' title='bbox 3279 494 3347 546; x_wconf 88' lang='lat' dir='ltr'><strong>ad</strong></span> <span class='ocrx_word' id='word_1_21' title='bbox 3367 503 3597 561; x_wconf 85' lang='lat' dir='ltr'><strong>mortem,</strong></span> <span class='ocrx_word' id='word_1_22' title='bbox 3622 504 3666 547; x_wconf 88' lang='lat' dir='ltr'><strong>et</strong></span> <span class='ocrx_word' id='word_1_23' title='bbox 3685 496 3913 551; x_wconf 83' lang='lat' dir='ltr'><strong>redimere</strong></span> 
     </span>
    </p>
   </div>
   <div class='ocr_carea' id='block_1_5' title="bbox 618 579 2229 650">
    <p class='ocr_par' dir='ltr' id='par_1_5' title="bbox 618 579 2229 650">
     <span class='ocr_line' id='line_1_5' title="bbox 618 579 2229 650; baseline 0.001 -17"><span class='ocrx_word' id='word_1_24' title='bbox 618 580 839 647; x_wconf 85' lang='lat' dir='ltr'><strong>Quare?</strong></span> <span class='ocrx_word' id='word_1_25' title='bbox 867 580 994 650; x_wconf 92' lang='lat' dir='ltr'><strong>quia</strong></span> <span class='ocrx_word' id='word_1_26' title='bbox 1019 579 1271 635; x_wconf 87' lang='lat' dir='ltr'><strong>homines</strong></span> <span class='ocrx_word' id='word_1_27' title='bbox 1297 580 1390 634; x_wconf 87' lang='lat' dir='ltr'><strong>Dei</strong></span> <span class='ocrx_word' id='word_1_28' title='bbox 1424 579 1648 635; x_wconf 86' lang='lat' dir='ltr'><strong>vincere</strong></span> <span class='ocrx_word' id='word_1_29' title='bbox 1680 593 1785 634; x_wconf 91' lang='lat' dir='ltr'><strong>non</strong></span> <span class='ocrx_word' id='word_1_30' title='bbox 1816 580 1998 635; x_wconf 86' lang='lat' dir='ltr'><strong>valcas</strong></span> <span class='ocrx_word' id='word_1_31' title='bbox 2022 590 2076 634; x_wconf 92' lang='lat' dir='ltr'><strong>tu</strong></span> <span class='ocrx_word' id='word_1_32' title='bbox 2104 594 2229 649; x_wconf 82' lang='lat' dir='ltr'><strong>per—</strong></span> 
     </span>
    </p>
   </div>
   <div class='ocr_carea' id='block_1_6' title="bbox 617 672 2225 744">
    <p class='ocr_par' dir='ltr' id='par_1_6' title="bbox 617 672 2225 744">
     <span class='ocr_line' id='line_1_6' title="bbox 617 672 2225 744; baseline 0 -15"><span class='ocrx_word' id='word_1_33' title='bbox 617 682 839 729; x_wconf 86' lang='lat' dir='ltr'><strong>secutor</strong></span> <span class='ocrx_word' id='word_1_34' title='bbox 870 673 988 744; x_wconf 83' lang='lat' dir='ltr'><strong>ejus</strong></span> <span class='ocrx_word' id='word_1_35' title='bbox 1015 674 1316 743; x_wconf 82' lang='lat' dir='ltr'><strong>religionis.</strong></span> <span class='ocrx_word' id='word_1_36' title='bbox 1353 673 1482 727; x_wconf 92' lang='lat' dir='ltr'><strong>Item</strong></span> <span class='ocrx_word' id='word_1_37' title='bbox 1508 674 1616 726; x_wconf 90' lang='lat' dir='ltr'><strong>alio</strong></span> <span class='ocrx_word' id='word_1_38' title='bbox 1645 674 1785 740; x_wconf 91' lang='lat' dir='ltr'><strong>loco,</strong></span> <span class='ocrx_word' id='word_1_39' title='bbox 1821 672 1994 739; x_wconf 74' lang='lat' dir='ltr'><strong>Niliil,</strong></span> <span class='ocrx_word' id='word_1_40' title='bbox 2028 673 2225 744; x_wconf 79' lang='lat' dir='ltr'><strong>inquit,</strong></span> 
     </span>
    </p>
   </div>
   <div class='ocr_carea' id='block_1_7' title="bbox 616 768 2224 841">
    <p class='ocr_par' dir='ltr' id='par_1_7' title="bbox 616 768 2224 841">
     <span class='ocr_line' id='line_1_7' title="bbox 616 768 2224 841; baseline 0.001 -20"><span class='ocrx_word' id='word_1_41' title='bbox 616 769 828 823; x_wconf 87' lang='lat' dir='ltr'><strong>interest</strong></span> <span class='ocrx_word' id='word_1_42' title='bbox 851 768 982 822; x_wconf 88' lang='lat' dir='ltr'><strong>inter</strong></span> <span class='ocrx_word' id='word_1_43' title='bbox 1006 769 1176 823; x_wconf 83' lang='lat' dir='ltr'><strong>minus</strong></span> <span class='ocrx_word' id='word_1_44' title='bbox 1206 769 1340 840; x_wconf 83' lang='lat' dir='ltr'><strong>regis</strong></span> <span class='ocrx_word' id='word_1_45' title='bbox 1366 778 1413 820; x_wconf 87' lang='lat' dir='ltr'><strong>et</strong></span> <span class='ocrx_word' id='word_1_46' title='bbox 1432 770 1561 823; x_wconf 89' lang='lat' dir='ltr'><strong>iram</strong></span> <span class='ocrx_word' id='word_1_47' title='bbox 1582 769 1747 823; x_wconf 78' lang='lat' dir='ltr'><strong>leonis</strong></span> <span class='ocrx_word' id='word_1_48' title='bbox 1775 770 1832 837; x_wconf 76' lang='lat'><strong>&quot;(</strong></span> <span class='ocrx_word' id='word_1_49' title='bbox 1844 768 2000 825; x_wconf 84' lang='lat' dir='ltr'><strong>Prov.</strong></span> <span class='ocrx_word' id='word_1_50' title='bbox 2022 785 2114 834; x_wconf 78' lang='lat' dir='ltr'><strong>xx,</strong></span> <span class='ocrx_word' id='word_1_51' title='bbox 2142 768 2224 841; x_wconf 78' lang='lat'><strong>‘2).</strong></span> 
     </span>
    </p>
   </div>
   <div class='ocr_carea' id='block_1_8' title="bbox 617 861 2226 933">
    <p class='ocr_par' dir='ltr' id='par_1_8' title="bbox 617 861 2226 933">
     <span class='ocr_line' id='line_1_8' title="bbox 617 861 2226 933; baseline 0.003 -18"><span class='ocrx_word' id='word_1_52' title='bbox 617 861 759 930; x_wconf 84' lang='lat' dir='ltr'><strong>Quid</strong></span> <span class='ocrx_word' id='word_1_53' title='bbox 796 864 896 916; x_wconf 86' lang='lat' dir='ltr'><strong>hoc</strong></span> <span class='ocrx_word' id='word_1_54' title='bbox 926 862 993 915; x_wconf 90' lang='lat' dir='ltr'><strong>ad</strong></span> <span class='ocrx_word' id='word_1_55' title='bbox 1026 861 1123 916; x_wconf 86' lang='lat' dir='ltr'><strong>Dei</strong></span> <span class='ocrx_word' id='word_1_56' title='bbox 1154 877 1368 927; x_wconf 89' lang='lat' dir='ltr'><strong>servos,</strong></span> <span class='ocrx_word' id='word_1_57' title='bbox 1400 862 1491 931; x_wconf 89' lang='lat' dir='ltr'><strong>qui</strong></span> <span class='ocrx_word' id='word_1_58' title='bbox 1524 874 1723 933; x_wconf 60' lang='lat' dir='ltr'><strong>praeter</strong></span> <span class='ocrx_word' id='word_1_59' title='bbox 1754 863 1923 919; x_wconf 91' lang='lat' dir='ltr'><strong>Deum</strong></span> <span class='ocrx_word' id='word_1_60' title='bbox 1951 865 2226 920; x_wconf 89' lang='lat' dir='ltr'><strong>neminem</strong></span> 
     </span>
    </p>
   </div>
   <div class='ocr_carea' id='block_1_9' title="bbox 615 955 2227 1027">
    <p class='ocr_par' dir='ltr' id='par_1_9' title="bbox 615 955 2227 1027">
     <span class='ocr_line' id='line_1_9' title="bbox 615 955 2227 1027; baseline 0.002 -18"><span class='ocrx_word' id='word_1_61' title='bbox 615 970 739 1010; x_wconf 89' lang='lat' dir='ltr'><strong>esse</strong></span> <span class='ocrx_word' id='word_1_62' title='bbox 764 955 1067 1010; x_wconf 88' lang='lat' dir='ltr'><strong>timendum</strong></span> <span class='ocrx_word' id='word_1_63' title='bbox 1099 956 1486 1011; x_wconf 82' lang='lat' dir='ltr'><strong>statuerimus?</strong></span> <span class='ocrx_word' id='word_1_64' title='bbox 1508 957 1597 1027; x_wconf 90' lang='lat' dir='ltr'><strong>qui</strong></span> <span class='ocrx_word' id='word_1_65' title='bbox 1624 957 1676 1011; x_wconf 93' lang='lat' dir='ltr'><strong>in</strong></span> <span class='ocrx_word' id='word_1_66' title='bbox 1701 972 1861 1011; x_wconf 89' lang='lat' dir='ltr'><strong>manu</strong></span> <span class='ocrx_word' id='word_1_67' title='bbox 1896 958 1986 1011; x_wconf 89' lang='lat' dir='ltr'><strong>Dei</strong></span> <span class='ocrx_word' id='word_1_68' title='bbox 2016 958 2227 1013; x_wconf 83' lang='lat' dir='ltr'><strong>animas</strong></span> 
     </span>
    </p>
   </div>
   <div class='ocr_carea' id='block_1_10' title="bbox 618 1051 2227 1124">
    <p class='ocr_par' dir='ltr' id='par_1_10' title="bbox 618 1051 2227 1124">
     <span class='ocr_line' id='line_1_10' title="bbox 618 1051 2227 1124; baseline 0.002 -20"><span class='ocrx_word' id='word_1_69' title='bbox 618 1052 821 1120; x_wconf 75' lang='lat' dir='ltr'><strong>positus</strong></span> <span class='ocrx_word' id='word_1_70' title='bbox 856 1060 1075 1106; x_wconf 87' lang='lat' dir='ltr'><strong>nostras</strong></span> <span class='ocrx_word' id='word_1_71' title='bbox 1109 1051 1561 1107; x_wconf 86' lang='lat' dir='ltr'><strong>meminerimus?</strong></span> <span class='ocrx_word' id='word_1_72' title='bbox 1594 1061 1824 1122; x_wconf 84' lang='lat' dir='ltr'><strong>possunt</strong></span> <span class='ocrx_word' id='word_1_73' title='bbox 1865 1053 2075 1124; x_wconf 84' lang='lat' dir='ltr'><strong>rugitus</strong></span> <span class='ocrx_word' id='word_1_74' title='bbox 2106 1064 2227 1109; x_wconf 89' lang='lat' dir='ltr'><strong>tuos</strong></span> 
     </span>
    </p>
   </div>
   <div class='ocr_carea' id='block_1_11' title="bbox 619 1144 2225 1214">
    <p class='ocr_par' dir='ltr' id='par_1_11' title="bbox 619 1144 2225 1214">
     <span class='ocr_line' id='line_1_11' title="bbox 619 1144 2225 1214; baseline 0.002 -17"><span class='ocrx_word' id='word_1_75' title='bbox 619 1146 811 1199; x_wconf 88' lang='lat' dir='ltr'><strong>timere</strong></span> <span class='ocrx_word' id='word_1_76' title='bbox 840 1145 1081 1199; x_wconf 91' lang='lat' dir='ltr'><strong>coariani</strong></span> <span class='ocrx_word' id='word_1_77' title='bbox 1116 1144 1187 1198; x_wconf 92' lang='lat' dir='ltr'><strong>tui</strong></span> <span class='ocrx_word' id='word_1_78' title='bbox 1213 1187 1227 1210; x_wconf 95' lang='lat'><strong>,</strong></span> <span class='ocrx_word' id='word_1_79' title='bbox 1257 1145 1384 1213; x_wconf 88' lang='lat' dir='ltr'><strong>quia</strong></span> <span class='ocrx_word' id='word_1_80' title='bbox 1419 1145 1539 1199; x_wconf 79' lang='lat' dir='ltr'><strong>sitis</strong></span> <span class='ocrx_word' id='word_1_81' title='bbox 1566 1146 1685 1200; x_wconf 89' lang='lat' dir='ltr'><strong>sine</strong></span> <span class='ocrx_word' id='word_1_82' title='bbox 1717 1145 1907 1199; x_wconf 90' lang='lat' dir='ltr'><strong>notitia</strong></span> <span class='ocrx_word' id='word_1_83' title='bbox 1939 1146 2067 1211; x_wconf 87' lang='lat' dir='ltr'><strong>Dei,</strong></span> <span class='ocrx_word' id='word_1_84' title='bbox 2101 1146 2225 1214; x_wconf 89' lang='lat' dir='ltr'><strong>quia</strong></span> 
     </span>
    </p>
   </div>
   <div class='ocr_carea' id='block_1_12' title="bbox 612 1237 2225 1295">
    <p class='ocr_par' dir='ltr' id='par_1_12' title="bbox 612 1237 2225 1295">
     <span class='ocr_line' id='line_1_12' title="bbox 612 1237 2225 1295; baseline 0.002 -3"><span class='ocrx_word' id='word_1_85' title='bbox 612 1239 717 1292; x_wconf 92' lang='lat' dir='ltr'><strong>sint</strong></span> <span class='ocrx_word' id='word_1_86' title='bbox 750 1238 970 1292; x_wconf 89' lang='lat' dir='ltr'><strong>minime</strong></span> <span class='ocrx_word' id='word_1_87' title='bbox 993 1254 1143 1292; x_wconf 81' lang='lat' dir='ltr'><strong>arma</strong></span> <span class='ocrx_word' id='word_1_88' title='bbox 1170 1237 1197 1276; x_wconf 72' lang='grc' dir='ltr'>ι)</span> <span class='ocrx_word' id='word_1_89' title='bbox 1235 1238 1329 1293; x_wconf 89' lang='lat' dir='ltr'><strong>Dei</strong></span> <span class='ocrx_word' id='word_1_90' title='bbox 1359 1238 1842 1295; x_wconf 80' lang='lat' dir='ltr'><strong>induti.Caeterum</strong></span> <span class='ocrx_word' id='word_1_91' title='bbox 1881 1240 1971 1295; x_wconf 88' lang='lat' dir='ltr'><strong>Dei</strong></span> <span class='ocrx_word' id='word_1_92' title='bbox 2004 1239 2225 1295; x_wconf 84' lang='lat' dir='ltr'><strong>domes-</strong></span> 
     </span>
    </p>
   </div>
   <div class='ocr_carea' id='block_1_13' title="bbox 614 1332 2223 1419">
    <p class='ocr_par' dir='ltr' id='par_1_13' title="bbox 614 1332 2223 1419">
     <span class='ocr_line' id='line_1_13' title="bbox 614 1332 2223 1419; baseline 0.003 -33"><span class='ocrx_word' id='word_1_93' title='bbox 614 1332 703 1386; x_wconf 89' lang='lat' dir='ltr'><strong>tici</strong></span> <span class='ocrx_word' id='word_1_94' title='bbox 740 1332 984 1387; x_wconf 86' lang='lat' dir='ltr'><strong>ridemus</strong></span> <span class='ocrx_word' id='word_1_95' title='bbox 1019 1334 1228 1419; x_wconf 66' lang='lat' dir='ltr'><strong>rugitus</strong></span> <span class='ocrx_word' id='word_1_96' title='bbox 1269 1343 1393 1389; x_wconf 90' lang='lat' dir='ltr'><strong>tuos</strong></span> <span class='ocrx_word' id='word_1_97' title='bbox 1424 1334 1562 1389; x_wconf 88' lang='lat' dir='ltr'><strong>leoni</strong></span> <span class='ocrx_word' id='word_1_98' title='bbox 1595 1335 1824 1390; x_wconf 90' lang='lat' dir='ltr'><strong>similes.</strong></span> <span class='ocrx_word' id='word_1_99' title='bbox 1855 1335 2077 1403; x_wconf 83' lang='lat' dir='ltr'><strong>Quare?</strong></span> <span class='ocrx_word' id='word_1_100' title='bbox 2099 1337 2223 1407; x_wconf 88' lang='lat' dir='ltr'><strong>quia</strong></span> 
     </span>
    </p>
   </div>
   <div class='ocr_carea' id='block_1_14' title="bbox 614 1427 2227 1500">
    <p class='ocr_par' dir='ltr' id='par_1_14' title="bbox 614 1427 2227 1500">
     <span class='ocr_line' id='line_1_14' title="bbox 614 1427 2227 1500; baseline 0.003 -20"><span class='ocrx_word' id='word_1_101' title='bbox 614 1427 791 1482; x_wconf 81' lang='lat' dir='ltr'><strong>feram</strong></span> <span class='ocrx_word' id='word_1_102' title='bbox 827 1436 878 1482; x_wconf 91' lang='lat' dir='ltr'><strong>te</strong></span> <span class='ocrx_word' id='word_1_103' title='bbox 909 1439 1327 1498; x_wconf 78' lang='lat' dir='ltr'><strong>cognoscentes,</strong></span> <span class='ocrx_word' id='word_1_104' title='bbox 1359 1430 1514 1498; x_wconf 90' lang='lat' dir='ltr'><strong>cujus</strong></span> <span class='ocrx_word' id='word_1_105' title='bbox 1545 1431 1759 1500; x_wconf 81' lang='lat' dir='ltr'><strong>rugitus</strong></span> <span class='ocrx_word' id='word_1_106' title='bbox 1787 1429 1989 1486; x_wconf 86' lang='lat' dir='ltr'><strong>habere</strong></span> <span class='ocrx_word' id='word_1_107' title='bbox 2019 1431 2227 1486; x_wconf 84' lang='lat' dir='ltr'><strong>descri-</strong></span> 
     </span>
    </p>
   </div>
   <div class='ocr_carea' id='block_1_15' title="bbox 612 1521 2225 1594">
    <p class='ocr_par' dir='ltr' id='par_1_15' title="bbox 612 1521 2225 1594">
     <span class='ocr_line' id='line_1_15' title="bbox 612 1521 2225 1594; baseline 0.002 -19"><span class='ocrx_word' id='word_1_108' title='bbox 612 1521 780 1585; x_wconf 88' lang='lat' dir='ltr'><strong>beris,</strong></span> <span class='ocrx_word' id='word_1_109' title='bbox 815 1521 1092 1575; x_wconf 87' lang='lat' dir='ltr'><strong>rideamus</strong></span> <span class='ocrx_word' id='word_1_110' title='bbox 1124 1532 1175 1577; x_wconf 91' lang='lat' dir='ltr'><strong>te</strong></span> <span class='ocrx_word' id='word_1_111' title='bbox 1207 1522 1381 1592; x_wconf 89' lang='lat' dir='ltr'><strong>magis</strong></span> <span class='ocrx_word' id='word_1_112' title='bbox 1409 1524 1510 1578; x_wconf 89' lang='lat' dir='ltr'><strong>sub</strong></span> <span class='ocrx_word' id='word_1_113' title='bbox 1544 1522 1715 1594; x_wconf 82' lang='lat' dir='ltr'><strong>ﬁgura</strong></span> <span class='ocrx_word' id='word_1_114' title='bbox 1747 1523 1989 1579; x_wconf 80' lang='lat' dir='ltr'><strong>hominis</strong></span> <span class='ocrx_word' id='word_1_115' title='bbox 2020 1525 2225 1579; x_wconf 86' lang='lat' dir='ltr'><strong>consti-</strong></span> 
     </span>
    </p>
   </div>
   <div class='ocr_carea' id='block_1_16' title="bbox 609 1614 2222 1687">
    <p class='ocr_par' dir='ltr' id='par_1_16' title="bbox 609 1614 2222 1687">
     <span class='ocr_line' id='line_1_16' title="bbox 609 1614 2222 1687; baseline 0.004 -21"><span class='ocrx_word' id='word_1_116' title='bbox 609 1622 783 1668; x_wconf 86' lang='lat' dir='ltr'><strong>tutam</strong></span> <span class='ocrx_word' id='word_1_117' title='bbox 811 1614 1055 1668; x_wconf 87' lang='lat' dir='ltr'><strong>rabidam</strong></span> <span class='ocrx_word' id='word_1_118' title='bbox 1106 1614 1275 1669; x_wconf 83' lang='lat' dir='ltr'><strong>feram</strong></span> <span class='ocrx_word' id='word_1_119' title='bbox 1324 1625 1648 1682; x_wconf 90' lang='lat' dir='ltr'><strong>cernentes,</strong></span> <span class='ocrx_word' id='word_1_120' title='bbox 1690 1632 1851 1687; x_wconf 90' lang='lat' dir='ltr'><strong>quam</strong></span> <span class='ocrx_word' id='word_1_121' title='bbox 1902 1616 2222 1685; x_wconf 84' lang='lat' dir='ltr'><strong>timeamus,</strong></span> 
     </span>
    </p>
   </div>
   <div class='ocr_carea' id='block_1_17' title="bbox 613 1709 2224 1783">
    <p class='ocr_par' dir='ltr' id='par_1_17' title="bbox 613 1709 2224 1783">
     <span class='ocr_line' id='line_1_17' title="bbox 613 1709 2224 1783; baseline 0.003 -21"><span class='ocrx_word' id='word_1_122' title='bbox 613 1724 842 1764; x_wconf 87' lang='lat' dir='ltr'><strong>necesse</strong></span> <span class='ocrx_word' id='word_1_123' title='bbox 863 1720 965 1763; x_wconf 90' lang='lat' dir='ltr'><strong>est.</strong></span> <span class='ocrx_word' id='word_1_124' title='bbox 1002 1709 1110 1765; x_wconf 89' lang='lat' dir='ltr'><strong>Sed</strong></span> <span class='ocrx_word' id='word_1_125' title='bbox 1135 1710 1180 1763; x_wconf 92' lang='lat' dir='ltr'><strong>si</strong></span> <span class='ocrx_word' id='word_1_126' title='bbox 1230 1725 1336 1764; x_wconf 91' lang='lat' dir='ltr'><strong>non</strong></span> <span class='ocrx_word' id='word_1_127' title='bbox 1386 1726 1445 1766; x_wconf 93' lang='lat' dir='ltr'><strong>es</strong></span> <span class='ocrx_word' id='word_1_128' title='bbox 1491 1710 1601 1766; x_wconf 80' lang='lat' dir='ltr'><strong>fera</strong></span> <span class='ocrx_word' id='word_1_129' title='bbox 1641 1711 1743 1766; x_wconf 89' lang='lat' dir='ltr'><strong>sub</strong></span> <span class='ocrx_word' id='word_1_130' title='bbox 1785 1712 2022 1783; x_wconf 83' lang='lat' dir='ltr'><strong>imagine</strong></span> <span class='ocrx_word' id='word_1_131' title='bbox 2052 1712 2224 1767; x_wconf 90' lang='lat' dir='ltr'><strong>latens</strong></span> 
     </span>
    </p>
   </div>
   <div class='ocr_carea' id='block_1_18' title="bbox 610 1802 2222 1874">
    <p class='ocr_par' dir='ltr' id='par_1_18' title="bbox 610 1802 2222 1874">
     <span class='ocr_line' id='line_1_18' title="bbox 610 1802 2222 1874; baseline 0.001 -18"><span class='ocrx_word' id='word_1_132' title='bbox 610 1802 885 1867; x_wconf 87' lang='lat' dir='ltr'><strong>hominis,</strong></span> <span class='ocrx_word' id='word_1_133' title='bbox 916 1802 1109 1857; x_wconf 89' lang='lat' dir='ltr'><strong>dicito.</strong></span> <span class='ocrx_word' id='word_1_134' title='bbox 1154 1802 1353 1874; x_wconf 76' lang='lat' dir='ltr'><strong>Legisti</strong></span> <span class='ocrx_word' id='word_1_135' title='bbox 1400 1804 1540 1872; x_wconf 90' lang='lat' dir='ltr'><strong>apud</strong></span> <span class='ocrx_word' id='word_1_136' title='bbox 1574 1804 1968 1859; x_wconf 82' lang='lat' dir='ltr'><strong>Salomonem:</strong></span> <span class='ocrx_word' id='word_1_137' title='bbox 2015 1803 2222 1858; x_wconf 84' lang='lat' dir='ltr'><strong>Miseri-</strong></span> 
     </span>
    </p>
   </div>
   <div class='ocr_carea' id='block_1_19' title="bbox 2331 582 3907 656">
    <p class='ocr_par' dir='ltr' id='par_1_19' title="bbox 2331 582 3907 656">
     <span class='ocr_line' id='line_1_19' title="bbox 2331 582 3907 656; baseline 0.006 -22"><span class='ocrx_word' id='word_1_138' title='bbox 2331 597 2419 635; x_wconf 88' lang='lat' dir='ltr'><strong>eos</strong></span> <span class='ocrx_word' id='word_1_139' title='bbox 2448 583 2535 650; x_wconf 87' lang='lat' dir='ltr'><strong>qui</strong></span> <span class='ocrx_word' id='word_1_140' title='bbox 2564 582 2949 651; x_wconf 82' lang='lat' dir='ltr'><strong>interﬁciuntur</strong></span> <span class='ocrx_word' id='word_1_141' title='bbox 2970 625 2985 649; x_wconf 87' lang='lat'><strong>,</strong></span> <span class='ocrx_word' id='word_1_142' title='bbox 3018 601 3080 640; x_wconf 89' lang='lat' dir='ltr'><strong>ne</strong></span> <span class='ocrx_word' id='word_1_143' title='bbox 3106 604 3291 656; x_wconf 88' lang='lat' dir='ltr'><strong>parcas</strong></span> <span class='ocrx_word' id='word_1_144' title='bbox 3319 584 3366 640; x_wconf 68' lang='grc' dir='ltr'><strong>ά.</strong></span> <span class='ocrx_word' id='word_1_145' title='bbox 3400 587 3459 643; x_wconf 89' lang='lat' dir='ltr'><strong>Si</strong></span> <span class='ocrx_word' id='word_1_146' title='bbox 3496 599 3662 643; x_wconf 88' lang='lat' dir='ltr'><strong>autem</strong></span> <span class='ocrx_word' id='word_1_147' title='bbox 3700 590 3907 656; x_wconf 75' lang='lat' dir='ltr'><strong>dixeris,</strong></span> 
     </span>
    </p>
   </div>
   <div class='ocr_carea' id='block_1_20' title="bbox 2334 672 3902 749">
    <p class='ocr_par' dir='ltr' id='par_1_20' title="bbox 2334 672 3902 749">
     <span class='ocr_line' id='line_1_20' title="bbox 2334 672 3902 749; baseline 0.006 -22"><span class='ocrx_word' id='word_1_148' title='bbox 2334 672 2526 729; x_wconf 87' lang='lat' dir='ltr'><strong>Nescio</strong></span> <span class='ocrx_word' id='word_1_149' title='bbox 2566 675 2735 742; x_wconf 80' lang='lat' dir='ltr'><strong>hunc,</strong></span> <span class='ocrx_word' id='word_1_150' title='bbox 2764 678 2891 731; x_wconf 89' lang='lat' dir='ltr'><strong>scito</strong></span> <span class='ocrx_word' id='word_1_151' title='bbox 2938 679 3187 749; x_wconf 88' lang='lat' dir='ltr'><strong>quoniam</strong></span> <span class='ocrx_word' id='word_1_152' title='bbox 3221 680 3471 737; x_wconf 82' lang='lat' dir='ltr'><strong>Dominus</strong></span> <span class='ocrx_word' id='word_1_153' title='bbox 3510 684 3665 737; x_wconf 84' lang='lat' dir='ltr'><strong>corda</strong></span> <span class='ocrx_word' id='word_1_154' title='bbox 3694 685 3902 738; x_wconf 88' lang='lat' dir='ltr'><strong>omnium</strong></span> 
     </span>
    </p>
   </div>
   <div class='ocr_carea' id='block_1_21' title="bbox 2332 770 3898 844">
    <p class='ocr_par' dir='ltr' id='par_1_21' title="bbox 2332 770 3898 844">
     <span class='ocr_line' id='line_1_21' title="bbox 2332 770 3898 844; baseline 0.007 -23"><span class='ocrx_word' id='word_1_155' title='bbox 2332 770 2471 822; x_wconf 84' lang='lat' dir='ltr'><strong>novit</strong></span> <span class='ocrx_word' id='word_1_156' title='bbox 2494 786 2513 823; x_wconf 89' lang='lat'><strong><em>:</em></strong></span> <span class='ocrx_word' id='word_1_157' title='bbox 2544 782 2590 823; x_wconf 86' lang='lat' dir='ltr'><strong>et</strong></span> <span class='ocrx_word' id='word_1_158' title='bbox 2617 771 2705 841; x_wconf 89' lang='lat' dir='ltr'><strong>qui</strong></span> <span class='ocrx_word' id='word_1_159' title='bbox 2730 770 2975 840; x_wconf 82' lang='lat' dir='ltr'><strong>ﬁguravit</strong></span> <span class='ocrx_word' id='word_1_160' title='bbox 3006 773 3246 844; x_wconf 75' lang='lat' dir='ltr'><strong>spiritum</strong></span> <span class='ocrx_word' id='word_1_161' title='bbox 3269 778 3503 831; x_wconf 89' lang='lat' dir='ltr'><strong>omnibus</strong></span> <span class='ocrx_word' id='word_1_162' title='bbox 3528 778 3649 844; x_wconf 86' lang='lat' dir='ltr'><strong>illis,</strong></span> <span class='ocrx_word' id='word_1_163' title='bbox 3679 780 3770 833; x_wconf 89' lang='lat' dir='ltr'><strong>scit</strong></span> <span class='ocrx_word' id='word_1_164' title='bbox 3799 797 3898 833; x_wconf 84' lang='lat' dir='ltr'><strong>ont-</strong></span> 
     </span>
    </p>
   </div>
   <div class='ocr_carea' id='block_1_22' title="bbox 2333 866 3901 945">
    <p class='ocr_par' dir='ltr' id='par_1_22' title="bbox 2333 866 3901 945">
     <span class='ocr_line' id='line_1_22' title="bbox 2333 866 3901 945; baseline 0.007 -26"><span class='ocrx_word' id='word_1_165' title='bbox 2333 866 2419 919; x_wconf 87' lang='lat' dir='ltr'><strong>nia</strong></span> <span class='ocrx_word' id='word_1_166' title='bbox 2440 909 2454 931; x_wconf 92' lang='lat'><strong>,</strong></span> <span class='ocrx_word' id='word_1_167' title='bbox 2483 868 2572 937; x_wconf 92' lang='lat' dir='ltr'><strong>qui</strong></span> <span class='ocrx_word' id='word_1_168' title='bbox 2592 868 2763 922; x_wconf 80' lang='lat' dir='ltr'><strong>reddit</strong></span> <span class='ocrx_word' id='word_1_169' title='bbox 2807 871 3082 941; x_wconf 86' lang='lat' dir='ltr'><strong>unicuique</strong></span> <span class='ocrx_word' id='word_1_170' title='bbox 3109 874 3390 926; x_wconf 84' lang='lat' dir='ltr'><strong>secundum</strong></span> <span class='ocrx_word' id='word_1_171' title='bbox 3432 891 3587 943; x_wconf 85' lang='lat' dir='ltr'><strong>opera</strong></span> <span class='ocrx_word' id='word_1_172' title='bbox 3610 876 3720 945; x_wconf 84' lang='lat' dir='ltr'><strong>ejus</strong></span> <span class='ocrx_word' id='word_1_173' title='bbox 3752 875 3901 945; x_wconf 87' lang='lat' dir='ltr'><strong>(Ibid.</strong></span> 
     </span>
    </p>
   </div>
   <div class='ocr_carea' id='block_1_23' title="bbox 2333 960 3905 1033">
    <p class='ocr_par' dir='ltr' id='par_1_23' title="bbox 2333 960 3905 1033">
     <span class='ocr_line' id='line_1_23' title="bbox 2333 960 3905 1033; baseline 0.005 -18"><span class='ocrx_word' id='word_1_174' title='bbox 2333 975 2483 1026; x_wconf 79' lang='lat' dir='ltr'><strong>xxiv,</strong></span> <span class='ocrx_word' id='word_1_175' title='bbox 2521 960 2645 1033; x_wconf 91' lang='lat' dir='ltr'><strong>ll).</strong></span> <span class='ocrx_word' id='word_1_176' title='bbox 2678 962 2759 1016; x_wconf 88' lang='lat' dir='ltr'><strong>Ad</strong></span> <span class='ocrx_word' id='word_1_177' title='bbox 2790 962 2939 1027; x_wconf 62' lang='lat' dir='ltr'><strong>haec,</strong></span> <span class='ocrx_word' id='word_1_178' title='bbox 2978 975 3027 1019; x_wconf 92' lang='lat' dir='ltr'><strong>tc</strong></span> <span class='ocrx_word' id='word_1_179' title='bbox 3058 965 3305 1032; x_wconf 88' lang='lat' dir='ltr'><strong>dicente,</strong></span> <span class='ocrx_word' id='word_1_180' title='bbox 3335 966 3585 1022; x_wconf 87' lang='lat' dir='ltr'><strong>Damnate</strong></span> <span class='ocrx_word' id='word_1_181' title='bbox 3624 967 3719 1023; x_wconf 85' lang='lat' dir='ltr'><strong>Dei</strong></span> <span class='ocrx_word' id='word_1_182' title='bbox 3756 971 3905 1023; x_wconf 85' lang='lat' dir='ltr'><strong>culto-</strong></span> 
     </span>
    </p>
   </div>
   <div class='ocr_carea' id='block_1_24' title="bbox 2330 1053 3905 1133">
    <p class='ocr_par' dir='ltr' id='par_1_24' title="bbox 2330 1053 3905 1133">
     <span class='ocr_line' id='line_1_24' title="bbox 2330 1053 3905 1133; baseline 0.006 -27"><span class='ocrx_word' id='word_1_183' title='bbox 2330 1070 2458 1120; x_wconf 85' lang='lat' dir='ltr'><strong>rem,</strong></span> <span class='ocrx_word' id='word_1_184' title='bbox 2477 1053 2814 1126; x_wconf 86' lang='lat' dir='ltr'><strong>derelinquite</strong></span> <span class='ocrx_word' id='word_1_185' title='bbox 2834 1057 2989 1125; x_wconf 81' lang='lat' dir='ltr'><strong>ﬁdem</strong></span> <span class='ocrx_word' id='word_1_186' title='bbox 3013 1058 3371 1128; x_wconf 74' lang='lat' dir='ltr'><strong>apostolicam,</strong></span> <span class='ocrx_word' id='word_1_187' title='bbox 3397 1063 3634 1131; x_wconf 83' lang='lat' dir='ltr'><strong>suscipite</strong></span> <span class='ocrx_word' id='word_1_188' title='bbox 3656 1063 3905 1133; x_wconf 81' lang='lat' dir='ltr'><strong>per/idiom</strong></span> 
     </span>
    </p>
   </div>
   <div class='ocr_carea' id='block_1_25' title="bbox 2331 1149 3901 1223">
    <p class='ocr_par' dir='ltr' id='par_1_25' title="bbox 2331 1149 3901 1223">
     <span class='ocr_line' id='line_1_25' title="bbox 2331 1149 3901 1223; baseline 0.006 -24"><span class='ocrx_word' id='word_1_189' title='bbox 2331 1163 2529 1212; x_wconf 86' lang='lat' dir='ltr'><strong>meam,</strong></span> <span class='ocrx_word' id='word_1_190' title='bbox 2563 1149 2752 1218; x_wconf 89' lang='lat' dir='ltr'><strong>utique</strong></span> <span class='ocrx_word' id='word_1_191' title='bbox 2791 1157 2842 1204; x_wconf 90' lang='lat' dir='ltr'><strong>te</strong></span> <span class='ocrx_word' id='word_1_192' title='bbox 2883 1152 3061 1220; x_wconf 88' lang='lat' dir='ltr'><strong>aperit</strong></span> <span class='ocrx_word' id='word_1_193' title='bbox 3107 1166 3229 1206; x_wconf 90' lang='lat' dir='ltr'><strong>esse</strong></span> <span class='ocrx_word' id='word_1_194' title='bbox 3257 1152 3527 1209; x_wconf 89' lang='lat' dir='ltr'><strong>hominem</strong></span> <span class='ocrx_word' id='word_1_195' title='bbox 3559 1156 3901 1223; x_wconf 69' lang='lat' dir='ltr'><strong>pestilentem.</strong></span> 
     </span>
    </p>
   </div>
   <div class='ocr_carea' id='block_1_26' title="bbox 2333 1238 3904 1315">
    <p class='ocr_par' dir='ltr' id='par_1_26' title="bbox 2333 1238 3904 1315">
     <span class='ocr_line' id='line_1_26' title="bbox 2333 1238 3904 1315; baseline 0.005 -23"><span class='ocrx_word' id='word_1_196' title='bbox 2333 1238 2478 1295; x_wconf 88' lang='lat' dir='ltr'><strong>Deus</strong></span> <span class='ocrx_word' id='word_1_197' title='bbox 2510 1239 2664 1295; x_wconf 86' lang='lat' dir='ltr'><strong>nobis</strong></span> <span class='ocrx_word' id='word_1_198' title='bbox 2707 1242 3000 1298; x_wconf 92' lang='lat' dir='ltr'><strong>subvenire</strong></span> <span class='ocrx_word' id='word_1_199' title='bbox 3032 1253 3055 1280; x_wconf 74' lang='grc' dir='ltr'><strong><em>ο</em></strong></span> <span class='ocrx_word' id='word_1_200' title='bbox 3089 1244 3202 1299; x_wconf 84' lang='lat' dir='ltr'><strong>vult</strong></span> <span class='ocrx_word' id='word_1_201' title='bbox 3240 1245 3291 1299; x_wconf 93' lang='lat' dir='ltr'><strong>in</strong></span> <span class='ocrx_word' id='word_1_202' title='bbox 3342 1247 3610 1315; x_wconf 89' lang='lat' dir='ltr'><strong>pressuris</strong></span> <span class='ocrx_word' id='word_1_203' title='bbox 3638 1258 3793 1315; x_wconf 82' lang='lat' dir='ltr'><strong>atque</strong></span> <span class='ocrx_word' id='word_1_204' title='bbox 3819 1263 3904 1302; x_wconf 84' lang='lat' dir='ltr'><strong>an-</strong></span> 
     </span>
    </p>
   </div>
   <div class='ocr_carea' id='block_1_27' title="bbox 2330 1332 3908 1407">
    <p class='ocr_par' dir='ltr' id='par_1_27' title="bbox 2330 1332 3908 1407">
     <span class='ocr_line' id='line_1_27' title="bbox 2330 1332 3908 1407; baseline 0.005 -23"><span class='ocrx_word' id='word_1_205' title='bbox 2330 1332 2523 1401; x_wconf 85' lang='lat' dir='ltr'><strong>gustiis</strong></span> <span class='ocrx_word' id='word_1_206' title='bbox 2549 1332 2899 1399; x_wconf 88' lang='lat' dir='ltr'><strong>constitutis;</strong></span> <span class='ocrx_word' id='word_1_207' title='bbox 2935 1346 2990 1390; x_wconf 81' lang='lat' dir='ltr'><strong>et.</strong></span> <span class='ocrx_word' id='word_1_208' title='bbox 3019 1345 3075 1390; x_wconf 91' lang='lat' dir='ltr'><strong>tu</strong></span> <span class='ocrx_word' id='word_1_209' title='bbox 3102 1350 3220 1401; x_wconf 88' lang='lat' dir='ltr'><strong>eos,</strong></span> <span class='ocrx_word' id='word_1_210' title='bbox 3255 1351 3392 1404; x_wconf 91' lang='lat' dir='ltr'><strong>quos</strong></span> <span class='ocrx_word' id='word_1_211' title='bbox 3424 1337 3733 1393; x_wconf 75' lang='lat' dir='ltr'><strong>benefacere</strong></span> <span class='ocrx_word' id='word_1_212' title='bbox 3763 1353 3908 1407; x_wconf 81' lang='lat' dir='ltr'><strong>Opor-</strong></span> 
     </span>
    </p>
   </div>
   <div class='ocr_carea' id='block_1_28' title="bbox 2331 1425 3907 1502">
    <p class='ocr_par' dir='ltr' id='par_1_28' title="bbox 2331 1425 3907 1502">
     <span class='ocr_line' id='line_1_28' title="bbox 2331 1425 3907 1502; baseline 0.006 -25"><span class='ocrx_word' id='word_1_213' title='bbox 2331 1430 2433 1490; x_wconf 91' lang='lat' dir='ltr'><strong>tet,</strong></span> <span class='ocrx_word' id='word_1_214' title='bbox 2465 1427 2604 1481; x_wconf 90' lang='lat' dir='ltr'><strong>male</strong></span> <span class='ocrx_word' id='word_1_215' title='bbox 2632 1425 2810 1481; x_wconf 83' lang='lat' dir='ltr'><strong>facere</strong></span> <span class='ocrx_word' id='word_1_216' title='bbox 2835 1444 3018 1498; x_wconf 82' lang='lat' dir='ltr'><strong>urges,</strong></span> <span class='ocrx_word' id='word_1_217' title='bbox 3053 1438 3106 1483; x_wconf 87' lang='lat' dir='ltr'><strong>et</strong></span> <span class='ocrx_word' id='word_1_218' title='bbox 3134 1429 3350 1499; x_wconf 89' lang='lat' dir='ltr'><strong>quidem</strong></span> <span class='ocrx_word' id='word_1_219' title='bbox 3377 1430 3670 1485; x_wconf 86' lang='lat' dir='ltr'><strong>admovens</strong></span> <span class='ocrx_word' id='word_1_220' title='bbox 3689 1446 3771 1496; x_wconf 89' lang='lat' dir='ltr'><strong>ea,</strong></span> <span class='ocrx_word' id='word_1_221' title='bbox 3801 1448 3907 1502; x_wconf 67' lang='lat' dir='ltr'><strong>qum</strong></span> 
     </span>
    </p>
   </div>
   <div class='ocr_carea' id='block_1_29' title="bbox 2332 1516 3911 1592">
    <p class='ocr_par' dir='ltr' id='par_1_29' title="bbox 2332 1516 3911 1592">
     <span class='ocr_line' id='line_1_29' title="bbox 2332 1516 3911 1592; baseline 0.004 -20"><span class='ocrx_word' id='word_1_222' title='bbox 2332 1518 2527 1573; x_wconf 87' lang='lat' dir='ltr'><strong>timere</strong></span> <span class='ocrx_word' id='word_1_223' title='bbox 2562 1516 2580 1555; x_wconf 69' lang='grc' dir='ltr'><strong>ί</strong></span> <span class='ocrx_word' id='word_1_224' title='bbox 2616 1534 2777 1588; x_wconf 88' lang='lat' dir='ltr'><strong>posse</strong></span> <span class='ocrx_word' id='word_1_225' title='bbox 2803 1519 3161 1575; x_wconf 77' lang='lat' dir='ltr'><strong>existimaris.</strong></span> <span class='ocrx_word' id='word_1_226' title='bbox 3187 1521 3430 1577; x_wconf 74' lang='lat' dir='ltr'><strong>Advorte</strong></span> <span class='ocrx_word' id='word_1_227' title='bbox 3453 1521 3564 1592; x_wconf 88' lang='lat' dir='ltr'><strong>jam</strong></span> <span class='ocrx_word' id='word_1_228' title='bbox 3593 1523 3635 1578; x_wconf 90' lang='lat' dir='ltr'><strong>si</strong></span> <span class='ocrx_word' id='word_1_229' title='bbox 3660 1537 3761 1577; x_wconf 91' lang='lat' dir='ltr'><strong>non</strong></span> <span class='ocrx_word' id='word_1_230' title='bbox 3792 1525 3839 1577; x_wconf 90' lang='lat' dir='ltr'><strong>in</strong></span> <span class='ocrx_word' id='word_1_231' title='bbox 3866 1533 3911 1578; x_wconf 90' lang='lat' dir='ltr'><strong>te</strong></span> 
     </span>
    </p>
   </div>
   <div class='ocr_carea' id='block_1_30' title="bbox 2330 1612 3909 1687">
    <p class='ocr_par' dir='ltr' id='par_1_30' title="bbox 2330 1612 3909 1687">
     <span class='ocr_line' id='line_1_30' title="bbox 2330 1612 3909 1687; baseline 0.004 -23"><span class='ocrx_word' id='word_1_232' title='bbox 2330 1612 2402 1665; x_wconf 91' lang='lat' dir='ltr'><strong>sit</strong></span> <span class='ocrx_word' id='word_1_233' title='bbox 2426 1612 2646 1667; x_wconf 88' lang='lat' dir='ltr'><strong>morbus</strong></span> <span class='ocrx_word' id='word_1_234' title='bbox 2673 1613 2763 1668; x_wconf 93' lang='lat' dir='ltr'><strong>ille</strong></span> <span class='ocrx_word' id='word_1_235' title='bbox 2784 1614 2876 1684; x_wconf 92' lang='lat' dir='ltr'><strong>qui</strong></span> <span class='ocrx_word' id='word_1_236' title='bbox 2905 1624 3131 1669; x_wconf 82' lang='lat' dir='ltr'><strong>vocatur</strong></span> <span class='ocrx_word' id='word_1_237' title='bbox 3158 1617 3352 1687; x_wconf 87' lang='lat' dir='ltr'><strong>pestis,</strong></span> <span class='ocrx_word' id='word_1_238' title='bbox 3383 1626 3466 1670; x_wconf 92' lang='lat' dir='ltr'><strong>est</strong></span> <span class='ocrx_word' id='word_1_239' title='bbox 3497 1615 3711 1671; x_wconf 91' lang='lat' dir='ltr'><strong>morbus</strong></span> <span class='ocrx_word' id='word_1_240' title='bbox 3729 1617 3794 1671; x_wconf 88' lang='lat' dir='ltr'><strong>ad</strong></span> <span class='ocrx_word' id='word_1_241' title='bbox 3818 1617 3909 1671; x_wconf 87' lang='lat' dir='ltr'><strong>hoc</strong></span> 
     </span>
    </p>
   </div>
   <div class='ocr_carea' id='block_1_31' title="bbox 2332 1706 3913 1778">
    <p class='ocr_par' dir='ltr' id='par_1_31' title="bbox 2332 1706 3913 1778">
     <span class='ocr_line' id='line_1_31' title="bbox 2332 1706 3913 1778; baseline 0.003 -20"><span class='ocrx_word' id='word_1_242' title='bbox 2332 1706 2544 1771; x_wconf 86' lang='lat' dir='ltr'><strong>valens,</strong></span> <span class='ocrx_word' id='word_1_243' title='bbox 2574 1716 2631 1760; x_wconf 93' lang='lat' dir='ltr'><strong>ut</strong></span> <span class='ocrx_word' id='word_1_244' title='bbox 2660 1723 2766 1760; x_wconf 84' lang='lat' dir='ltr'><strong>non</strong></span> <span class='ocrx_word' id='word_1_245' title='bbox 2800 1707 2975 1762; x_wconf 92' lang='lat' dir='ltr'><strong>solum</strong></span> <span class='ocrx_word' id='word_1_246' title='bbox 3007 1723 3265 1778; x_wconf 89' lang='lat' dir='ltr'><strong>corpora,</strong></span> <span class='ocrx_word' id='word_1_247' title='bbox 3294 1708 3386 1762; x_wconf 87' lang='lat' dir='ltr'><strong>sed</strong></span> <span class='ocrx_word' id='word_1_248' title='bbox 3411 1717 3467 1763; x_wconf 92' lang='lat' dir='ltr'><strong>et</strong></span> <span class='ocrx_word' id='word_1_249' title='bbox 3494 1708 3696 1762; x_wconf 88' lang='lat' dir='ltr'><strong>animas</strong></span> <span class='ocrx_word' id='word_1_250' title='bbox 3723 1710 3913 1762; x_wconf 85' lang='lat' dir='ltr'><strong>morbi-</strong></span> 
     </span>
    </p>
   </div>
   <div class='ocr_carea' id='block_1_32' title="bbox 2329 1800 3914 1873">
    <p class='ocr_par' dir='ltr' id='par_1_32' title="bbox 2329 1800 3914 1873">
     <span class='ocr_line' id='line_1_32' title="bbox 2329 1800 3914 1873; baseline 0.001 -19"><span class='ocrx_word' id='word_1_251' title='bbox 2329 1800 2428 1855; x_wconf 84' lang='lat' dir='ltr'><strong>das</strong></span> <span class='ocrx_word' id='word_1_252' title='bbox 2458 1802 2636 1871; x_wconf 90' lang='lat' dir='ltr'><strong>possis</strong></span> <span class='ocrx_word' id='word_1_253' title='bbox 2663 1800 2887 1857; x_wconf 78' lang='lat' dir='ltr'><strong>efﬁcere</strong></span> <span class='ocrx_word' id='word_1_254' title='bbox 2910 1845 2924 1867; x_wconf 93' lang='lat'><strong>,</strong></span> <span class='ocrx_word' id='word_1_255' title='bbox 2950 1817 3135 1857; x_wconf 88' lang='lat' dir='ltr'><strong>eorum</strong></span> <span class='ocrx_word' id='word_1_256' title='bbox 3171 1803 3421 1858; x_wconf 75' lang='lat' dir='ltr'><strong>videlicet</strong></span> <span class='ocrx_word' id='word_1_257' title='bbox 3448 1804 3535 1873; x_wconf 91' lang='lat' dir='ltr'><strong>qui</strong></span> <span class='ocrx_word' id='word_1_258' title='bbox 3562 1813 3610 1857; x_wconf 88' lang='lat' dir='ltr'><strong>te</strong></span> <span class='ocrx_word' id='word_1_259' title='bbox 3636 1803 3802 1857; x_wconf 88' lang='lat' dir='ltr'><strong>velint</strong></span> <span class='ocrx_word' id='word_1_260' title='bbox 3828 1818 3914 1856; x_wconf 81' lang='lat' dir='ltr'><strong>an-</strong></span> 
     </span>
    </p>
   </div>
   <div class='ocr_carea' id='block_1_33' title="bbox 610 1895 3917 1971">
    <p class='ocr_par' dir='ltr' id='par_1_33' title="bbox 610 1895 3917 1971">
     <span class='ocr_line' id='line_1_33' title="bbox 610 1895 3917 1971; baseline 0 -22"><span class='ocrx_word' id='word_1_261' title='bbox 610 1897 794 1949; x_wconf 85' lang='lat' dir='ltr'><strong>cordia</strong></span> <span class='ocrx_word' id='word_1_262' title='bbox 824 1906 870 1949; x_wconf 88' lang='lat' dir='ltr'><strong>et</strong></span> <span class='ocrx_word' id='word_1_263' title='bbox 910 1903 1099 1950; x_wconf 81' lang='lat' dir='ltr'><strong>veritas</strong></span> <span class='ocrx_word' id='word_1_264' title='bbox 1131 1898 1297 1950; x_wconf 85' lang='lat' dir='ltr'><strong>tutela</strong></span> <span class='ocrx_word' id='word_1_265' title='bbox 1337 1907 1415 1952; x_wconf 87' lang='lat' dir='ltr'><strong>est</strong></span> <span class='ocrx_word' id='word_1_266' title='bbox 1451 1900 1594 1968; x_wconf 89' lang='lat' dir='ltr'><strong>regi,</strong></span> <span class='ocrx_word' id='word_1_267' title='bbox 1645 1908 1693 1952; x_wconf 89' lang='lat' dir='ltr'><strong>et</strong></span> <span class='ocrx_word' id='word_1_268' title='bbox 1733 1899 2052 1951; x_wconf 87' lang='lat' dir='ltr'><strong>circumeunt</strong></span> <span class='ocrx_word' id='word_1_269' title='bbox 2087 1900 2224 1971; x_wconf 83' lang='lat' dir='ltr'><strong>justi</strong></span> <span class='ocrx_word' id='word_1_270' title='bbox 2256 1897 2303 1957; x_wconf 88' lang='lat' dir='ltr'><strong>B</strong></span> <span class='ocrx_word' id='word_1_271' title='bbox 2330 1895 2450 1950; x_wconf 88' lang='lat' dir='ltr'><strong>dire</strong></span> <span class='ocrx_word' id='word_1_272' title='bbox 2475 1896 2751 1951; x_wconf 71' lang='lat' dir='ltr'><strong>(licentem</strong></span> <span class='ocrx_word' id='word_1_273' title='bbox 2782 1913 2792 1949; x_wconf 92' lang='lat'>:</span> <span class='ocrx_word' id='word_1_274' title='bbox 2828 1896 3079 1951; x_wconf 88' lang='lat' dir='ltr'><strong>Dantnate</strong></span> <span class='ocrx_word' id='word_1_275' title='bbox 3105 1896 3310 1950; x_wconf 88' lang='lat' dir='ltr'><strong>Domini</strong></span> <span class='ocrx_word' id='word_1_276' title='bbox 3338 1897 3631 1961; x_wconf 88' lang='lat' dir='ltr'><strong>antistitem,</strong></span> <span class='ocrx_word' id='word_1_277' title='bbox 3659 1898 3917 1963; x_wconf 75' lang='lat' dir='ltr'><strong>repudiate</strong></span> 
     </span>
    </p>
   </div>
   <div class='ocr_carea' id='block_1_34' title="bbox 607 1988 2225 2061">
    <p class='ocr_par' dir='ltr' id='par_1_34' title="bbox 607 1988 2225 2061">
     <span class='ocr_line' id='line_1_34' title="bbox 607 1988 2225 2061; baseline 0.001 -19"><span class='ocrx_word' id='word_1_278' title='bbox 607 1989 779 2042; x_wconf 87' lang='lat' dir='ltr'><strong>sedem</strong></span> <span class='ocrx_word' id='word_1_279' title='bbox 812 1992 921 2061; x_wconf 82' lang='lat' dir='ltr'><strong>ejus</strong></span> <span class='ocrx_word' id='word_1_280' title='bbox 969 1988 1143 2056; x_wconf 91' lang='lat' dir='ltr'><strong>(Ibid.</strong></span> <span class='ocrx_word' id='word_1_281' title='bbox 1176 1988 1301 2059; x_wconf 75' lang='lat'><strong>28).</strong></span> <span class='ocrx_word' id='word_1_282' title='bbox 1336 1989 1470 2044; x_wconf 85' lang='lat' dir='ltr'><strong>Cum</strong></span> <span class='ocrx_word' id='word_1_283' title='bbox 1517 2000 1567 2043; x_wconf 89' lang='lat' dir='ltr'><strong>te</strong></span> <span class='ocrx_word' id='word_1_284' title='bbox 1607 2000 1795 2044; x_wconf 88' lang='lat' dir='ltr'><strong>contra</strong></span> <span class='ocrx_word' id='word_1_285' title='bbox 1839 2001 2057 2045; x_wconf 85' lang='lat' dir='ltr'><strong>caterva</strong></span> <span class='ocrx_word' id='word_1_286' title='bbox 2110 2006 2225 2044; x_wconf 90' lang='lat' dir='ltr'><strong>ma-</strong></span> 
     </span>
    </p>
   </div>
   <div class='ocr_carea' id='block_1_35' title="bbox 609 2082 2225 2152">
    <p class='ocr_par' dir='ltr' id='par_1_35' title="bbox 609 2082 2225 2152">
     <span class='ocr_line' id='line_1_35' title="bbox 609 2082 2225 2152; baseline 0.002 -19"><span class='ocrx_word' id='word_1_287' title='bbox 609 2082 882 2152; x_wconf 84' lang='lat' dir='ltr'><strong>lignorum</strong></span> <span class='ocrx_word' id='word_1_288' title='bbox 914 2083 1361 2151; x_wconf 84' lang='lat' dir='ltr'><strong>circnmsepserit</strong></span> <span class='ocrx_word' id='word_1_289' title='bbox 1394 2083 1719 2137; x_wconf 84' lang='lat' dir='ltr'><strong>Arianorum</strong></span> <span class='ocrx_word' id='word_1_290' title='bbox 1745 2125 1759 2149; x_wconf 93' lang='lat'><strong>,</strong></span> <span class='ocrx_word' id='word_1_291' title='bbox 1789 2096 1845 2138; x_wconf 92' lang='lat' dir='ltr'><strong>et</strong></span> <span class='ocrx_word' id='word_1_292' title='bbox 1875 2098 1998 2139; x_wconf 85' lang='lat' dir='ltr'><strong>esse</strong></span> <span class='ocrx_word' id='word_1_293' title='bbox 2029 2099 2225 2139; x_wconf 88' lang='lat' dir='ltr'><strong>cerua-</strong></span> 
     </span>
    </p>
   </div>
   <div class='ocr_carea' id='block_1_36' title="bbox 609 2175 2224 2245">
    <p class='ocr_par' dir='ltr' id='par_1_36' title="bbox 609 2175 2224 2245">
     <span class='ocr_line' id='line_1_36' title="bbox 609 2175 2224 2245; baseline 0 -16"><span class='ocrx_word' id='word_1_294' title='bbox 609 2188 729 2229; x_wconf 84' lang='lat' dir='ltr'><strong>mus</strong></span> <span class='ocrx_word' id='word_1_295' title='bbox 779 2175 1174 2230; x_wconf 62' lang='lat' dir='ltr'><strong>misericordiae</strong></span> <span class='ocrx_word' id='word_1_296' title='bbox 1224 2176 1566 2245; x_wconf 90' lang='lat' dir='ltr'><strong>puuitorem,</strong></span> <span class='ocrx_word' id='word_1_297' title='bbox 1612 2176 1861 2231; x_wconf 78' lang='lat' dir='ltr'><strong>veritatis</strong></span> <span class='ocrx_word' id='word_1_298' title='bbox 1903 2187 2224 2233; x_wconf 83' lang='lat' dir='ltr'><strong>exsecratu-</strong></span> 
     </span>
    </p>
   </div>
   <div class='ocr_carea' id='block_1_37' title="bbox 610 2268 2225 2338">
    <p class='ocr_par' dir='ltr' id='par_1_37' title="bbox 610 2268 2225 2338">
     <span class='ocr_line' id='line_1_37' title="bbox 610 2268 2225 2338; baseline 0.002 -17"><span class='ocrx_word' id='word_1_299' title='bbox 610 2283 726 2323; x_wconf 91' lang='lat' dir='ltr'><strong>rem</strong></span> <span class='ocrx_word' id='word_1_300' title='bbox 754 2311 767 2327; x_wconf 82' lang='lat'><em>.</em></span> <span class='ocrx_word' id='word_1_301' title='bbox 797 2268 925 2338; x_wconf 92' lang='lat' dir='ltr'><strong>quid</strong></span> <span class='ocrx_word' id='word_1_302' title='bbox 959 2282 1083 2323; x_wconf 92' lang='lat' dir='ltr'><strong>esse</strong></span> <span class='ocrx_word' id='word_1_303' title='bbox 1111 2268 1258 2322; x_wconf 87' lang='lat' dir='ltr'><strong>aliud</strong></span> <span class='ocrx_word' id='word_1_304' title='bbox 1294 2278 1345 2323; x_wconf 89' lang='lat' dir='ltr'><strong>te</strong></span> <span class='ocrx_word' id='word_1_305' title='bbox 1369 2269 1777 2338; x_wconf 88' lang='lat' dir='ltr'><strong>judicabimus,</strong></span> <span class='ocrx_word' id='word_1_306' title='bbox 1812 2269 1913 2324; x_wconf 92' lang='lat' dir='ltr'><strong>nisi</strong></span> <span class='ocrx_word' id='word_1_307' title='bbox 1958 2271 2126 2325; x_wconf 82' lang='lat' dir='ltr'><strong>feram</strong></span> <span class='ocrx_word' id='word_1_308' title='bbox 2162 2286 2225 2325; x_wconf 90' lang='lat' dir='ltr'><strong>ac</strong></span> 
     </span>
    </p>
   </div>
   <div class='ocr_carea' id='block_1_38' title="bbox 608 2364 2227 2435">
    <p class='ocr_par' dir='ltr' id='par_1_38' title="bbox 608 2364 2227 2435">
     <span class='ocr_line' id='line_1_38' title="bbox 608 2364 2227 2435; baseline 0.002 -18"><span class='ocrx_word' id='word_1_309' title='bbox 608 2364 885 2419; x_wconf 78' lang='lat' dir='ltr'><strong>bellumn?</strong></span> <span class='ocrx_word' id='word_1_310' title='bbox 909 2364 1170 2419; x_wconf 76' lang='lat' dir='ltr'><strong>excitaris</strong></span> <span class='ocrx_word' id='word_1_311' title='bbox 1200 2365 1251 2419; x_wconf 93' lang='lat' dir='ltr'><strong>in</strong></span> <span class='ocrx_word' id='word_1_312' title='bbox 1282 2380 1413 2432; x_wconf 90' lang='lat' dir='ltr'><strong>nos,</strong></span> <span class='ocrx_word' id='word_1_313' title='bbox 1445 2374 1503 2419; x_wconf 91' lang='grc' dir='ltr'><strong>ιιι</strong></span> <span class='ocrx_word' id='word_1_314' title='bbox 1535 2366 1619 2420; x_wconf 92' lang='lat' dir='ltr'><strong>leo</strong></span> <span class='ocrx_word' id='word_1_315' title='bbox 1651 2366 1905 2435; x_wconf 84' lang='lat' dir='ltr'><strong>rugiens,</strong></span> <span class='ocrx_word' id='word_1_316' title='bbox 1940 2366 2087 2435; x_wconf 89' lang='lat' dir='ltr'><strong>quod</strong></span> <span class='ocrx_word' id='word_1_317' title='bbox 2124 2365 2227 2419; x_wconf 85' lang='lat' dir='ltr'><strong>mi-</strong></span> 
     </span>
    </p>
   </div>
   <div class='ocr_carea' id='block_1_39' title="bbox 607 2456 2222 2528">
    <p class='ocr_par' dir='ltr' id='par_1_39' title="bbox 607 2456 2222 2528">
     <span class='ocr_line' id='line_1_39' title="bbox 607 2456 2222 2528; baseline 0.001 -19"><span class='ocrx_word' id='word_1_318' title='bbox 607 2456 967 2512; x_wconf 89' lang='lat' dir='ltr'><strong>sericordiam</strong></span> <span class='ocrx_word' id='word_1_319' title='bbox 999 2466 1053 2511; x_wconf 89' lang='lat' dir='ltr'><strong>et</strong></span> <span class='ocrx_word' id='word_1_320' title='bbox 1085 2458 1373 2512; x_wconf 89' lang='lat' dir='ltr'><strong>veritatem</strong></span> <span class='ocrx_word' id='word_1_321' title='bbox 1403 2457 1727 2527; x_wconf 82' lang='lat' dir='ltr'><strong>diligamus,</strong></span> <span class='ocrx_word' id='word_1_322' title='bbox 1755 2457 1905 2528; x_wconf 91' lang='lat' dir='ltr'><strong>quod</strong></span> <span class='ocrx_word' id='word_1_323' title='bbox 1932 2472 2037 2511; x_wconf 93' lang='lat' dir='ltr'><strong>non</strong></span> <span class='ocrx_word' id='word_1_324' title='bbox 2067 2458 2222 2511; x_wconf 91' lang='lat' dir='ltr'><strong>inno-</strong></span> 
     </span>
    </p>
   </div>
   <div class='ocr_carea' id='block_1_40' title="bbox 606 2549 2225 2619">
    <p class='ocr_par' dir='ltr' id='par_1_40' title="bbox 606 2549 2225 2619">
     <span class='ocr_line' id='line_1_40' title="bbox 606 2549 2225 2619; baseline 0.001 -15"><span class='ocrx_word' id='word_1_325' title='bbox 606 2558 819 2604; x_wconf 87' lang='lat' dir='ltr'><strong>centem</strong></span> <span class='ocrx_word' id='word_1_326' title='bbox 844 2557 901 2603; x_wconf 91' lang='lat' dir='ltr'><strong>et</strong></span> <span class='ocrx_word' id='word_1_327' title='bbox 927 2549 1135 2619; x_wconf 90' lang='lat' dir='ltr'><strong>justum</strong></span> <span class='ocrx_word' id='word_1_328' title='bbox 1179 2550 1583 2617; x_wconf 83' lang='lat' dir='ltr'><strong>puniverimus,</strong></span> <span class='ocrx_word' id='word_1_329' title='bbox 1610 2560 1665 2604; x_wconf 89' lang='lat' dir='ltr'><strong>et</strong></span> <span class='ocrx_word' id='word_1_330' title='bbox 1707 2551 1995 2605; x_wconf 76' lang='lat' dir='ltr'><strong>arbitraris</strong></span> <span class='ocrx_word' id='word_1_331' title='bbox 2027 2566 2134 2605; x_wconf 92' lang='lat' dir='ltr'><strong>nou</strong></span> <span class='ocrx_word' id='word_1_332' title='bbox 2173 2561 2225 2605; x_wconf 89' lang='lat' dir='ltr'><strong>te</strong></span> 
     </span>
    </p>
   </div>
   <div class='ocr_carea' id='block_1_41' title="bbox 608 2643 2223 2699">
    <p class='ocr_par' dir='ltr' id='par_1_41' title="bbox 608 2643 2223 2699">
     <span class='ocr_line' id='line_1_41' title="bbox 608 2643 2223 2699; baseline -0.001 0"><span class='ocrx_word' id='word_1_333' title='bbox 608 2658 730 2699; x_wconf 87' lang='lat' dir='ltr'><strong>esse</strong></span> <span class='ocrx_word' id='word_1_334' title='bbox 770 2643 1067 2698; x_wconf 88' lang='lat' dir='ltr'><strong>immanem</strong></span> <span class='ocrx_word' id='word_1_335' title='bbox 1112 2643 1284 2699; x_wconf 81' lang='lat' dir='ltr'><strong>feram</strong></span> <span class='ocrx_word' id='word_1_336' title='bbox 1324 2659 1385 2697; x_wconf 87' lang='lat' dir='ltr'><strong>ac</strong></span> <span class='ocrx_word' id='word_1_337' title='bbox 1416 2644 1653 2698; x_wconf 88' lang='lat' dir='ltr'><strong>belluam</strong></span> <span class='ocrx_word' id='word_1_338' title='bbox 1688 2644 2086 2699; x_wconf 56' lang='lat' dir='ltr'><strong>saevissimam?</strong></span> <span class='ocrx_word' id='word_1_339' title='bbox 2115 2643 2223 2698; x_wconf 87' lang='lat' dir='ltr'><strong>Sed</strong></span> 
     </span>
    </p>
   </div>
   <div class='ocr_carea' id='block_1_42' title="bbox 608 2736 2222 2810">
    <p class='ocr_par' dir='ltr' id='par_1_42' title="bbox 608 2736 2222 2810">
     <span class='ocr_line' id='line_1_42' title="bbox 608 2736 2222 2810; baseline 0.002 -19"><span class='ocrx_word' id='word_1_340' title='bbox 608 2752 731 2807; x_wconf 70' lang='lat' dir='ltr'><strong>quae</strong></span> <span class='ocrx_word' id='word_1_341' title='bbox 783 2747 832 2792; x_wconf 92' lang='lat' dir='ltr'><strong>te</strong></span> <span class='ocrx_word' id='word_1_342' title='bbox 876 2738 1134 2793; x_wconf 90' lang='lat' dir='ltr'><strong>voluntas</strong></span> <span class='ocrx_word' id='word_1_343' title='bbox 1184 2736 1252 2791; x_wconf 89' lang='lat' dir='ltr'><strong>ad</strong></span> <span class='ocrx_word' id='word_1_344' title='bbox 1295 2738 1413 2795; x_wconf 63' lang='lat' dir='ltr'><strong>haec</strong></span> <span class='ocrx_word' id='word_1_345' title='bbox 1453 2740 1818 2809; x_wconf 89' lang='lat' dir='ltr'><strong>perpetranda</strong></span> <span class='ocrx_word' id='word_1_346' title='bbox 1872 2740 2222 2810; x_wconf 82' lang='lat' dir='ltr'><strong>perduxerit,</strong></span> 
     </span>
    </p>
   </div>
   <div class='ocr_carea' id='block_1_43' title="bbox 608 2832 2228 2907">
    <p class='ocr_par' dir='ltr' id='par_1_43' title="bbox 608 2832 2228 2907">
     <span class='ocr_line' id='line_1_43' title="bbox 608 2832 2228 2907; baseline 0.001 -20"><span class='ocrx_word' id='word_1_347' title='bbox 608 2847 836 2902; x_wconf 87' lang='lat' dir='ltr'><strong>prorsus</strong></span> <span class='ocrx_word' id='word_1_348' title='bbox 870 2832 1056 2887; x_wconf 90' lang='lat' dir='ltr'><strong>videre</strong></span> <span class='ocrx_word' id='word_1_349' title='bbox 1078 2849 1183 2887; x_wconf 90' lang='lat' dir='ltr'><strong>non</strong></span> <span class='ocrx_word' id='word_1_350' title='bbox 1210 2848 1456 2904; x_wconf 88' lang='lat' dir='ltr'><strong>possum,</strong></span> <span class='ocrx_word' id='word_1_351' title='bbox 1484 2844 1543 2889; x_wconf 93' lang='lat' dir='ltr'><strong>ut</strong></span> <span class='ocrx_word' id='word_1_352' title='bbox 1571 2836 1741 2890; x_wconf 88' lang='lat' dir='ltr'><strong>totius</strong></span> <span class='ocrx_word' id='word_1_353' title='bbox 1760 2837 1987 2905; x_wconf 62' lang='lat' dir='ltr'><strong>iustitia:</strong></span> <span class='ocrx_word' id='word_1_354' title='bbox 2014 2836 2228 2907; x_wconf 84' lang='lat' dir='ltr'><strong>episco-</strong></span> 
     </span>
    </p>
   </div>
   <div class='ocr_carea' id='block_1_44' title="bbox 611 2924 2226 2993">
    <p class='ocr_par' dir='ltr' id='par_1_44' title="bbox 611 2924 2226 2993">
     <span class='ocr_line' id='line_1_44' title="bbox 611 2924 2226 2993; baseline 0.005 -18"><span class='ocrx_word' id='word_1_355' title='bbox 611 2939 738 2993; x_wconf 90' lang='lat' dir='ltr'><strong>pum</strong></span> <span class='ocrx_word' id='word_1_356' title='bbox 790 2924 1163 2988; x_wconf 75' lang='lat' dir='ltr'><strong>catholicum,</strong></span> <span class='ocrx_word' id='word_1_357' title='bbox 1217 2925 1431 2979; x_wconf 80' lang='lat' dir='ltr'><strong>Domini</strong></span> <span class='ocrx_word' id='word_1_358' title='bbox 1479 2927 1822 2981; x_wconf 88' lang='lat' dir='ltr'><strong>sacerdotem</strong></span> <span class='ocrx_word' id='word_1_359' title='bbox 1878 2928 2078 2983; x_wconf 81' lang='lat' dir='ltr'><strong>fuisses</strong></span> <span class='ocrx_word' id='word_1_360' title='bbox 2132 2929 2226 2984; x_wconf 89' lang='lat' dir='ltr'><strong>tali</strong></span> 
     </span>
    </p>
   </div>
   <div class='ocr_carea' id='block_1_45' title="bbox 609 3016 2222 3089">
    <p class='ocr_par' dir='ltr' id='par_1_45' title="bbox 609 3016 2222 3089">
     <span class='ocr_line' id='line_1_45' title="bbox 609 3016 2222 3089; baseline 0.002 -18"><span class='ocrx_word' id='word_1_361' title='bbox 609 3016 777 3071; x_wconf 83' lang='lat' dir='ltr'><strong>exitio</strong></span> <span class='ocrx_word' id='word_1_362' title='bbox 800 3025 1140 3086; x_wconf 88' lang='lat' dir='ltr'><strong>persecutus.</strong></span> <span class='ocrx_word' id='word_1_363' title='bbox 1164 3016 1433 3088; x_wconf 89' lang='lat' dir='ltr'><strong>Numquid</strong></span> <span class='ocrx_word' id='word_1_364' title='bbox 1456 3033 1562 3073; x_wconf 92' lang='lat' dir='ltr'><strong>non</strong></span> <span class='ocrx_word' id='word_1_365' title='bbox 1584 3022 1915 3075; x_wconf 79' lang='lat' dir='ltr'><strong>rnemineras</strong></span> <span class='ocrx_word' id='word_1_366' title='bbox 1934 3022 2222 3089; x_wconf 84' lang='lat' dir='ltr'><strong>scriptum:</strong></span> 
     </span>
    </p>
   </div>
   <div class='ocr_carea' id='block_1_46' title="bbox 610 3106 2227 3183">
    <p class='ocr_par' dir='ltr' id='par_1_46' title="bbox 610 3106 2227 3183">
     <span class='ocr_line' id='line_1_46' title="bbox 610 3106 2227 3183; baseline 0.004 -24"><span class='ocrx_word' id='word_1_367' title='bbox 610 3106 807 3162; x_wconf 81' lang='lat' dir='ltr'><strong>Facere</strong></span> <span class='ocrx_word' id='word_1_368' title='bbox 816 3111 1103 3178; x_wconf 85' lang='lat' dir='ltr'><strong>justitiam,</strong></span> <span class='ocrx_word' id='word_1_369' title='bbox 1120 3120 1165 3162; x_wconf 91' lang='lat' dir='ltr'><strong>et</strong></span> <span class='ocrx_word' id='word_1_370' title='bbox 1191 3126 1417 3164; x_wconf 74' lang='lat' dir='ltr'><strong>ueracem</strong></span> <span class='ocrx_word' id='word_1_371' title='bbox 1433 3126 1562 3174; x_wconf 85' lang='lat' dir='ltr'><strong>esse,</strong></span> <span class='ocrx_word' id='word_1_372' title='bbox 1582 3113 1749 3181; x_wconf 88' lang='lat' dir='ltr'><strong>placet</strong></span> <span class='ocrx_word' id='word_1_373' title='bbox 1767 3110 1875 3167; x_wconf 89' lang='lat' dir='ltr'><strong>Deo</strong></span> <span class='ocrx_word' id='word_1_374' title='bbox 1893 3114 2057 3183; x_wconf 84' lang='lat' dir='ltr'><strong>magis</strong></span> <span class='ocrx_word' id='word_1_375' title='bbox 2071 3130 2227 3183; x_wconf 88' lang='lat' dir='ltr'><strong>quant</strong></span> 
     </span>
    </p>
   </div>
   <div class='ocr_carea' id='block_1_47' title="bbox 611 3201 2225 3288">
    <p class='ocr_par' dir='ltr' id='par_1_47' title="bbox 611 3201 2225 3288">
     <span class='ocr_line' id='line_1_47' title="bbox 611 3201 2225 3288; baseline 0.003 -33"><span class='ocrx_word' id='word_1_376' title='bbox 611 3204 899 3256; x_wconf 82' lang='lat' dir='ltr'><strong>hostiarum</strong></span> <span class='ocrx_word' id='word_1_377' title='bbox 935 3202 1147 3274; x_wconf 86' lang='lat' dir='ltr'><strong>sanguis</strong></span> <span class='ocrx_word' id='word_1_378' title='bbox 1172 3201 1340 3275; x_wconf 88' lang='lat' dir='ltr'><strong>(Ibid.</strong></span> <span class='ocrx_word' id='word_1_379' title='bbox 1371 3220 1484 3288; x_wconf 54' lang='grc' dir='ltr'>χιι,</span> <span class='ocrx_word' id='word_1_380' title='bbox 1518 3204 1611 3274; x_wconf 77' lang='lat'><strong>3)?</strong></span> <span class='ocrx_word' id='word_1_381' title='bbox 1640 3205 1901 3277; x_wconf 86' lang='lat' dir='ltr'><strong>Displicet</strong></span> <span class='ocrx_word' id='word_1_382' title='bbox 1931 3207 2024 3260; x_wconf 88' lang='lat' dir='ltr'><strong>tibi</strong></span> <span class='ocrx_word' id='word_1_383' title='bbox 2050 3206 2225 3260; x_wconf 83' lang='lat' dir='ltr'><strong>Atha-</strong></span> 
     </span>
    </p>
   </div>
   <div class='ocr_carea' id='block_1_48' title="bbox 2329 1987 3913 2057">
    <p class='ocr_par' dir='ltr' id='par_1_48' title="bbox 2329 1987 3913 2057">
     <span class='ocr_line' id='line_1_48' title="bbox 2329 1987 3913 2057; baseline 0.002 -19"><span class='ocrx_word' id='word_1_384' title='bbox 2329 1987 2487 2056; x_wconf 77' lang='lat' dir='ltr'><strong>ﬂdem</strong></span> <span class='ocrx_word' id='word_1_385' title='bbox 2518 2004 2673 2057; x_wconf 88' lang='lat' dir='ltr'><strong>quam</strong></span> <span class='ocrx_word' id='word_1_386' title='bbox 2701 2004 2903 2056; x_wconf 86' lang='lat' dir='ltr'><strong>semper</strong></span> <span class='ocrx_word' id='word_1_387' title='bbox 2933 1989 3094 2041; x_wconf 80' lang='lat' dir='ltr'><strong>tenuit</strong></span> <span class='ocrx_word' id='word_1_388' title='bbox 3124 1989 3336 2041; x_wconf 82' lang='lat' dir='ltr'><strong>ecclesia</strong></span> <span class='ocrx_word' id='word_1_389' title='bbox 3357 2029 3372 2053; x_wconf 92' lang='lat'><strong>,</strong></span> <span class='ocrx_word' id='word_1_390' title='bbox 3407 1997 3452 2041; x_wconf 90' lang='lat' dir='ltr'><strong>et</strong></span> <span class='ocrx_word' id='word_1_391' title='bbox 3496 1988 3730 2046; x_wconf 75' lang='lat' dir='ltr'><strong>suscipite</strong></span> <span class='ocrx_word' id='word_1_392' title='bbox 3759 2004 3913 2041; x_wconf 73' lang='lat' dir='ltr'><strong>meam</strong></span> 
     </span>
    </p>
   </div>
   <div class='ocr_carea' id='block_1_49' title="bbox 2329 2079 3918 2150">
    <p class='ocr_par' dir='ltr' id='par_1_49' title="bbox 2329 2079 3918 2150">
     <span class='ocr_line' id='line_1_49' title="bbox 2329 2079 3918 2150; baseline 0.002 -19"><span class='ocrx_word' id='word_1_393' title='bbox 2329 2096 2485 2148; x_wconf 88' lang='lat' dir='ltr'><strong>quam</strong></span> <span class='ocrx_word' id='word_1_394' title='bbox 2538 2079 2751 2132; x_wconf 87' lang='lat' dir='ltr'><strong>tradidit</strong></span> <span class='ocrx_word' id='word_1_395' title='bbox 2799 2080 2972 2132; x_wconf 81' lang='lat' dir='ltr'><strong>Arius.</strong></span> <span class='ocrx_word' id='word_1_396' title='bbox 3019 2079 3361 2144; x_wconf 82' lang='lat' dir='ltr'><strong>Erubescere,</strong></span> <span class='ocrx_word' id='word_1_397' title='bbox 3391 2079 3559 2150; x_wconf 86' lang='lat' dir='ltr'><strong>inquit</strong></span> <span class='ocrx_word' id='word_1_398' title='bbox 3587 2090 3764 2135; x_wconf 82' lang='lat' dir='ltr'><strong>sancta</strong></span> <span class='ocrx_word' id='word_1_399' title='bbox 3793 2084 3918 2136; x_wconf 69' lang='lat' dir='ltr'><strong>scri-</strong></span> 
     </span>
    </p>
   </div>
   <div class='ocr_carea' id='block_1_50' title="bbox 2331 2173 3919 2244">
    <p class='ocr_par' dir='ltr' id='par_1_50' title="bbox 2331 2173 3919 2244">
     <span class='ocr_line' id='line_1_50' title="bbox 2331 2173 3919 2244; baseline 0.001 -19"><span class='ocrx_word' id='word_1_400' title='bbox 2331 2184 2513 2243; x_wconf 85' lang='lat' dir='ltr'><strong>ptura,</strong></span> <span class='ocrx_word' id='word_1_401' title='bbox 2546 2190 2820 2244; x_wconf 85' lang='lat' dir='ltr'><strong>personam</strong></span> <span class='ocrx_word' id='word_1_402' title='bbox 2847 2175 2900 2227; x_wconf 88' lang='lat' dir='ltr'><strong>in</strong></span> <span class='ocrx_word' id='word_1_403' title='bbox 2919 2173 3124 2243; x_wconf 83' lang='lat' dir='ltr'><strong>judicio</strong></span> <span class='ocrx_word' id='word_1_404' title='bbox 3151 2191 3253 2228; x_wconf 88' lang='lat' dir='ltr'><strong>non</strong></span> <span class='ocrx_word' id='word_1_405' title='bbox 3281 2183 3353 2227; x_wconf 83' lang='lat' dir='ltr'><strong>est</strong></span> <span class='ocrx_word' id='word_1_406' title='bbox 3380 2174 3564 2228; x_wconf 88' lang='lat' dir='ltr'><strong>bonum</strong></span> <span class='ocrx_word' id='word_1_407' title='bbox 3586 2191 3603 2229; x_wconf 90' lang='lat'><strong><em>:</em></strong></span> <span class='ocrx_word' id='word_1_408' title='bbox 3628 2187 3675 2230; x_wconf 91' lang='lat' dir='ltr'><strong>et</strong></span> <span class='ocrx_word' id='word_1_409' title='bbox 3694 2176 3779 2243; x_wconf 81' lang='lat' dir='ltr'><strong>qui</strong></span> <span class='ocrx_word' id='word_1_410' title='bbox 3804 2176 3919 2227; x_wconf 86' lang='lat' dir='ltr'><strong>dicit</strong></span> 
     </span>
    </p>
   </div>
   <div class='ocr_carea' id='block_1_51' title="bbox 2330 2268 3921 2341">
    <p class='ocr_par' dir='ltr' id='par_1_51' title="bbox 2330 2268 3921 2341">
     <span class='ocr_line' id='line_1_51' title="bbox 2330 2268 3921 2341; baseline -0.001 -20"><span class='ocrx_word' id='word_1_411' title='bbox 2330 2268 2549 2338; x_wconf 86' lang='lat' dir='ltr'><strong>impium</strong></span> <span class='ocrx_word' id='word_1_412' title='bbox 2567 2272 2772 2341; x_wconf 82' lang='lat' dir='ltr'><strong>justum</strong></span> <span class='ocrx_word' id='word_1_413' title='bbox 2803 2285 2941 2335; x_wconf 86' lang='lat' dir='ltr'><strong>esse,</strong></span> <span class='ocrx_word' id='word_1_414' title='bbox 2972 2268 3279 2323; x_wconf 88' lang='lat' dir='ltr'><strong>maledictus</strong></span> <span class='ocrx_word' id='word_1_415' title='bbox 3304 2270 3399 2323; x_wconf 88' lang='lat' dir='ltr'><strong>erit</strong></span> <span class='ocrx_word' id='word_1_416' title='bbox 3428 2269 3478 2321; x_wconf 89' lang='lat' dir='ltr'><strong>in</strong></span> <span class='ocrx_word' id='word_1_417' title='bbox 3504 2268 3719 2340; x_wconf 89' lang='lat' dir='ltr'><strong>papulis,</strong></span> <span class='ocrx_word' id='word_1_418' title='bbox 3741 2279 3787 2321; x_wconf 83' lang='lat' dir='ltr'><strong>et</strong></span> <span class='ocrx_word' id='word_1_419' title='bbox 3813 2268 3921 2321; x_wconf 87' lang='lat' dir='ltr'><strong>odi-</strong></span> 
     </span>
    </p>
   </div>
   <div class='ocr_carea' id='block_1_52' title="bbox 2333 2360 3921 2435">
    <p class='ocr_par' dir='ltr' id='par_1_52' title="bbox 2333 2360 3921 2435">
     <span class='ocr_line' id='line_1_52' title="bbox 2333 2360 3921 2435; baseline -0.001 -20"><span class='ocrx_word' id='word_1_420' title='bbox 2333 2364 2449 2416; x_wconf 87' lang='lat' dir='ltr'><strong>bilis</strong></span> <span class='ocrx_word' id='word_1_421' title='bbox 2475 2363 2732 2435; x_wconf 86' lang='lat' dir='ltr'><strong>gentibus.</strong></span> <span class='ocrx_word' id='word_1_422' title='bbox 2769 2360 2908 2416; x_wconf 87' lang='lat' dir='ltr'><strong>Nam</strong></span> <span class='ocrx_word' id='word_1_423' title='bbox 2936 2364 3022 2432; x_wconf 86' lang='lat' dir='ltr'><strong>qui</strong></span> <span class='ocrx_word' id='word_1_424' title='bbox 3049 2373 3295 2432; x_wconf 85' lang='lat' dir='ltr'><strong>arguunt,</strong></span> <span class='ocrx_word' id='word_1_425' title='bbox 3321 2362 3528 2415; x_wconf 84' lang='lat' dir='ltr'><strong>meliora</strong></span> <span class='ocrx_word' id='word_1_426' title='bbox 3561 2370 3584 2406; x_wconf 72' lang='lat'>8</span> <span class='ocrx_word' id='word_1_427' title='bbox 3614 2360 3878 2431; x_wconf 71' lang='lat' dir='ltr'><strong>sperabunt</strong></span> <span class='ocrx_word' id='word_1_428' title='bbox 3902 2375 3921 2413; x_wconf 84' lang='lat'><strong>.&#39;</strong></span> 
     </span>
    </p>
   </div>
   <div class='ocr_carea' id='block_1_53' title="bbox 2331 2450 3917 2525">
    <p class='ocr_par' dir='ltr' id='par_1_53' title="bbox 2331 2450 3917 2525">
     <span class='ocr_line' id='line_1_53' title="bbox 2331 2450 3917 2525; baseline -0.002 -16"><span class='ocrx_word' id='word_1_429' title='bbox 2331 2458 2385 2509; x_wconf 89' lang='lat' dir='ltr'><strong>in</strong></span> <span class='ocrx_word' id='word_1_430' title='bbox 2430 2456 2571 2525; x_wconf 88' lang='lat' dir='ltr'><strong>ipsos</strong></span> <span class='ocrx_word' id='word_1_431' title='bbox 2621 2465 2795 2508; x_wconf 91' lang='lat' dir='ltr'><strong>autem</strong></span> <span class='ocrx_word' id='word_1_432' title='bbox 2841 2456 3009 2509; x_wconf 83' lang='lat' dir='ltr'><strong>veniet</strong></span> <span class='ocrx_word' id='word_1_433' title='bbox 3040 2454 3323 2508; x_wconf 86' lang='lat' dir='ltr'><strong>benedictio</strong></span> <span class='ocrx_word' id='word_1_434' title='bbox 3365 2454 3555 2524; x_wconf 86' lang='lat' dir='ltr'><strong>optima</strong></span> <span class='ocrx_word' id='word_1_435' title='bbox 3602 2452 3761 2523; x_wconf 87' lang='lat' dir='ltr'><strong>(Ibid.</strong></span> <span class='ocrx_word' id='word_1_436' title='bbox 3804 2450 3917 2520; x_wconf 73' lang='lat'><strong>23).</strong></span> 
     </span>
    </p>
   </div>
   <div class='ocr_carea' id='block_1_54' title="bbox 2334 2551 3917 2622">
    <p class='ocr_par' dir='ltr' id='par_1_54' title="bbox 2334 2551 3917 2622">
     <span class='ocr_line' id='line_1_54' title="bbox 2334 2551 3917 2622; baseline -0.002 -16"><span class='ocrx_word' id='word_1_437' title='bbox 2334 2551 2398 2606; x_wconf 89' lang='lat' dir='ltr'><strong>Et</strong></span> <span class='ocrx_word' id='word_1_438' title='bbox 2433 2561 2486 2606; x_wconf 94' lang='lat' dir='ltr'><strong>tu</strong></span> <span class='ocrx_word' id='word_1_439' title='bbox 2518 2552 2846 2607; x_wconf 77' lang='lat' dir='ltr'><strong>existimasti</strong></span> <span class='ocrx_word' id='word_1_440' title='bbox 2870 2552 3195 2607; x_wconf 83' lang='lat' dir='ltr'><strong>erubescere</strong></span> <span class='ocrx_word' id='word_1_441' title='bbox 3237 2568 3334 2606; x_wconf 87' lang='lat' dir='ltr'><strong>nos</strong></span> <span class='ocrx_word' id='word_1_442' title='bbox 3368 2552 3603 2622; x_wconf 86' lang='lat' dir='ltr'><strong>potuisse</strong></span> <span class='ocrx_word' id='word_1_443' title='bbox 3641 2564 3917 2619; x_wconf 77' lang='lat' dir='ltr'><strong>personam</strong></span> 
     </span>
    </p>
   </div>
   <div class='ocr_carea' id='block_1_55' title="bbox 2333 2640 3920 2713">
    <p class='ocr_par' dir='ltr' id='par_1_55' title="bbox 2333 2640 3920 2713">
     <span class='ocr_line' id='line_1_55' title="bbox 2333 2640 3920 2713; baseline -0.003 -15"><span class='ocrx_word' id='word_1_444' title='bbox 2333 2653 2501 2709; x_wconf 89' lang='lat' dir='ltr'><strong>tuam,</strong></span> <span class='ocrx_word' id='word_1_445' title='bbox 2536 2654 2591 2699; x_wconf 87' lang='lat' dir='ltr'><strong>et</strong></span> <span class='ocrx_word' id='word_1_446' title='bbox 2621 2644 2884 2699; x_wconf 87' lang='lat' dir='ltr'><strong>damnare</strong></span> <span class='ocrx_word' id='word_1_447' title='bbox 2914 2659 3038 2699; x_wconf 88' lang='lat' dir='ltr'><strong>eum</strong></span> <span class='ocrx_word' id='word_1_448' title='bbox 3060 2660 3221 2713; x_wconf 88' lang='lat' dir='ltr'><strong>quem</strong></span> <span class='ocrx_word' id='word_1_449' title='bbox 3250 2644 3420 2698; x_wconf 90' lang='lat' dir='ltr'><strong>scires</strong></span> <span class='ocrx_word' id='word_1_450' title='bbox 3448 2643 3606 2697; x_wconf 83' lang='lat' dir='ltr'><strong>etiam</strong></span> <span class='ocrx_word' id='word_1_451' title='bbox 3636 2644 3743 2711; x_wconf 80' lang='lat' dir='ltr'><strong>ipse</strong></span> <span class='ocrx_word' id='word_1_452' title='bbox 3766 2640 3920 2695; x_wconf 85' lang='lat' dir='ltr'><strong>innu-</strong></span> 
     </span>
    </p>
   </div>
   <div class='ocr_carea' id='block_1_56' title="bbox 2332 2736 3915 2805">
    <p class='ocr_par' dir='ltr' id='par_1_56' title="bbox 2332 2736 3915 2805">
     <span class='ocr_line' id='line_1_56' title="bbox 2332 2736 3915 2805; baseline -0.004 -14"><span class='ocrx_word' id='word_1_453' title='bbox 2332 2747 2547 2792; x_wconf 88' lang='lat' dir='ltr'><strong>centem</strong></span> <span class='ocrx_word' id='word_1_454' title='bbox 2570 2777 2585 2803; x_wconf 95' lang='lat'><strong>,</strong></span> <span class='ocrx_word' id='word_1_455' title='bbox 2612 2751 2773 2805; x_wconf 89' lang='lat' dir='ltr'><strong>quem</strong></span> <span class='ocrx_word' id='word_1_456' title='bbox 2813 2737 3087 2791; x_wconf 86' lang='lat' dir='ltr'><strong>retiucres</strong></span> <span class='ocrx_word' id='word_1_457' title='bbox 3116 2750 3237 2791; x_wconf 87' lang='lat' dir='ltr'><strong>esse</strong></span> <span class='ocrx_word' id='word_1_458' title='bbox 3281 2750 3434 2790; x_wconf 87' lang='lat' dir='ltr'><strong>reum</strong></span> <span class='ocrx_word' id='word_1_459' title='bbox 3468 2737 3521 2789; x_wconf 92' lang='lat' dir='ltr'><strong>in</strong></span> <span class='ocrx_word' id='word_1_460' title='bbox 3552 2736 3651 2789; x_wconf 86' lang='lat' dir='ltr'><strong>hoc</strong></span> <span class='ocrx_word' id='word_1_461' title='bbox 3680 2744 3879 2787; x_wconf 86' lang='lat' dir='ltr'><strong>tantum</strong></span> <span class='ocrx_word' id='word_1_462' title='bbox 3903 2775 3915 2797; x_wconf 95' lang='lat'><strong>,</strong></span> 
     </span>
    </p>
   </div>
   <div class='ocr_carea' id='block_1_57' title="bbox 2332 2828 3918 2903">
    <p class='ocr_par' dir='ltr' id='par_1_57' title="bbox 2332 2828 3918 2903">
     <span class='ocr_line' id='line_1_57' title="bbox 2332 2828 3918 2903; baseline -0.004 -16"><span class='ocrx_word' id='word_1_463' title='bbox 2332 2834 2477 2903; x_wconf 88' lang='lat' dir='ltr'><strong>quod</strong></span> <span class='ocrx_word' id='word_1_464' title='bbox 2522 2834 2757 2888; x_wconf 88' lang='lat' dir='ltr'><strong>noluerit</strong></span> <span class='ocrx_word' id='word_1_465' title='bbox 2801 2847 2860 2887; x_wconf 87' lang='lat' dir='ltr'><strong>se</strong></span> <span class='ocrx_word' id='word_1_466' title='bbox 2909 2847 3035 2886; x_wconf 88' lang='lat' dir='ltr'><strong>esse</strong></span> <span class='ocrx_word' id='word_1_467' title='bbox 3077 2846 3276 2902; x_wconf 77' lang='lat' dir='ltr'><strong>negare</strong></span> <span class='ocrx_word' id='word_1_468' title='bbox 3320 2829 3684 2884; x_wconf 66' lang='lat' dir='ltr'><strong>christianum.</strong></span> <span class='ocrx_word' id='word_1_469' title='bbox 3715 2828 3918 2881; x_wconf 80' lang='lat' dir='ltr'><strong>Interea</strong></span> 
     </span>
    </p>
   </div>
   <div class='ocr_carea' id='block_1_58' title="bbox 2334 2919 3914 2997">
    <p class='ocr_par' dir='ltr' id='par_1_58' title="bbox 2334 2919 3914 2997">
     <span class='ocr_line' id='line_1_58' title="bbox 2334 2919 3914 2997; baseline -0.006 -17"><span class='ocrx_word' id='word_1_470' title='bbox 2334 2927 2457 2997; x_wconf 88' lang='lat' dir='ltr'><strong>quia</strong></span> <span class='ocrx_word' id='word_1_471' title='bbox 2492 2936 2544 2981; x_wconf 91' lang='lat' dir='ltr'><strong>te</strong></span> <span class='ocrx_word' id='word_1_472' title='bbox 2575 2940 2867 2994; x_wconf 82' lang='lat' dir='ltr'><strong>arguamus</strong></span> <span class='ocrx_word' id='word_1_473' title='bbox 2903 2926 3097 2978; x_wconf 89' lang='lat' dir='ltr'><strong>mortis</strong></span> <span class='ocrx_word' id='word_1_474' title='bbox 3137 2925 3237 2978; x_wconf 93' lang='lat' dir='ltr'><strong>iter</strong></span> <span class='ocrx_word' id='word_1_475' title='bbox 3271 2933 3570 2986; x_wconf 88' lang='lat' dir='ltr'><strong>tenentem,</strong></span> <span class='ocrx_word' id='word_1_476' title='bbox 3601 2919 3719 2990; x_wconf 83' lang='lat' dir='ltr'><strong>quia</strong></span> <span class='ocrx_word' id='word_1_477' title='bbox 3748 2920 3914 2973; x_wconf 62' lang='grc' dir='ltr'><strong>θοι-νὶ-</strong></span> 
     </span>
    </p>
   </div>
   <div class='ocr_carea' id='block_1_59' title="bbox 2336 3012 3914 3088">
    <p class='ocr_par' dir='ltr' id='par_1_59' title="bbox 2336 3012 3914 3088">
     <span class='ocr_line' id='line_1_59' title="bbox 2336 3012 3914 3088; baseline -0.006 -17"><span class='ocrx_word' id='word_1_478' title='bbox 2336 3020 2579 3088; x_wconf 89' lang='lat' dir='ltr'><strong>piamus,</strong></span> <span class='ocrx_word' id='word_1_479' title='bbox 2613 3016 2889 3085; x_wconf 79' lang='lat' dir='ltr'><strong>COIISpchS</strong></span> <span class='ocrx_word' id='word_1_480' title='bbox 2927 3029 3051 3085; x_wconf 60' lang='lat' dir='ltr'><strong>quae</strong></span> <span class='ocrx_word' id='word_1_481' title='bbox 3096 3014 3253 3068; x_wconf 88' lang='lat' dir='ltr'><strong>nobis</strong></span> <span class='ocrx_word' id='word_1_482' title='bbox 3296 3027 3504 3068; x_wconf 86' lang='lat' dir='ltr'><strong>merces</strong></span> <span class='ocrx_word' id='word_1_483' title='bbox 3546 3012 3914 3082; x_wconf 82' lang='lat' dir='ltr'><strong>promittatur:</strong></span> 
     </span>
    </p>
   </div>
   <div class='ocr_carea' id='block_1_60' title="bbox 2334 3106 3915 3183">
    <p class='ocr_par' dir='ltr' id='par_1_60' title="bbox 2334 3106 3915 3183">
     <span class='ocr_line' id='line_1_60' title="bbox 2334 3106 3915 3183; baseline -0.005 -16"><span class='ocrx_word' id='word_1_484' title='bbox 2334 3115 2515 3183; x_wconf 82' lang='lat' dir='ltr'><strong>Aperi,</strong></span> <span class='ocrx_word' id='word_1_485' title='bbox 2547 3114 2680 3168; x_wconf 90' lang='lat' dir='ltr'><strong>dicit</strong></span> <span class='ocrx_word' id='word_1_486' title='bbox 2710 3112 3006 3181; x_wconf 79' lang='lat' dir='ltr'><strong>PrOplicta,</strong></span> <span class='ocrx_word' id='word_1_487' title='bbox 3055 3127 3111 3165; x_wconf 90' lang='lat' dir='ltr'><strong>os</strong></span> <span class='ocrx_word' id='word_1_488' title='bbox 3150 3121 3293 3165; x_wconf 88' lang='lat' dir='ltr'><strong>tuum</strong></span> <span class='ocrx_word' id='word_1_489' title='bbox 3336 3109 3484 3163; x_wconf 80' lang='lat' dir='ltr'><strong>verbo</strong></span> <span class='ocrx_word' id='word_1_490' title='bbox 3526 3106 3640 3172; x_wconf 81' lang='lat' dir='ltr'><strong>Dei,</strong></span> <span class='ocrx_word' id='word_1_491' title='bbox 3664 3116 3710 3159; x_wconf 89' lang='lat' dir='ltr'><strong>et</strong></span> <span class='ocrx_word' id='word_1_492' title='bbox 3737 3106 3915 3178; x_wconf 81' lang='lat' dir='ltr'><strong>judico</strong></span> 
     </span>
    </p>
   </div>
   <div class='ocr_carea' id='block_1_61' title="bbox 2334 3198 3903 3278">
    <p class='ocr_par' dir='ltr' id='par_1_61' title="bbox 2334 3198 3903 3278">
     <span class='ocr_line' id='line_1_61' title="bbox 2334 3198 3903 3278; baseline -0.006 -17"><span class='ocrx_word' id='word_1_493' title='bbox 2334 3208 2569 3262; x_wconf 88' lang='lat' dir='ltr'><strong>omnibus</strong></span> <span class='ocrx_word' id='word_1_494' title='bbox 2590 3208 2785 3278; x_wconf 82' lang='lat' dir='ltr'><strong>integre</strong></span> <span class='ocrx_word' id='word_1_495' title='bbox 2805 3223 2824 3259; x_wconf 90' lang='lat'><strong><em>:</em></strong></span> <span class='ocrx_word' id='word_1_496' title='bbox 2856 3206 3002 3275; x_wconf 85' lang='lat' dir='ltr'><strong>aperi</strong></span> <span class='ocrx_word' id='word_1_497' title='bbox 3025 3221 3082 3258; x_wconf 94' lang='lat' dir='ltr'><strong>os</strong></span> <span class='ocrx_word' id='word_1_498' title='bbox 3113 3214 3252 3257; x_wconf 88' lang='lat' dir='ltr'><strong>tuum</strong></span> <span class='ocrx_word' id='word_1_499' title='bbox 3276 3214 3319 3256; x_wconf 90' lang='lat' dir='ltr'><strong>et</strong></span> <span class='ocrx_word' id='word_1_500' title='bbox 3336 3203 3517 3273; x_wconf 88' lang='lat' dir='ltr'><strong>judica</strong></span> <span class='ocrx_word' id='word_1_501' title='bbox 3551 3202 3694 3273; x_wconf 76' lang='lat' dir='ltr'><strong>justo</strong></span> <span class='ocrx_word' id='word_1_502' title='bbox 3732 3198 3903 3269; x_wconf 87' lang='lat' dir='ltr'><strong>(Ibid.</strong></span> 
     </span>
    </p>
   </div>
   <div class='ocr_carea' id='block_1_62' title="bbox 608 3294 3914 3372">
    <p class='ocr_par' dir='ltr' id='par_1_62' title="bbox 608 3294 3914 3372">
     <span class='ocr_line' id='line_1_62' title="bbox 608 3294 3914 3372; baseline -0.001 -23"><span class='ocrx_word' id='word_1_503' title='bbox 608 3294 979 3362; x_wconf 86' lang='lat' dir='ltr'><strong>nasius,quod</strong></span> <span class='ocrx_word' id='word_1_504' title='bbox 1001 3295 1353 3351; x_wconf 84' lang='lat' dir='ltr'><strong>traditionem</strong></span> <span class='ocrx_word' id='word_1_505' title='bbox 1389 3297 1673 3351; x_wconf 84' lang='lat' dir='ltr'><strong>beatorum</strong></span> <span class='ocrx_word' id='word_1_506' title='bbox 1706 3300 2079 3368; x_wconf 85' lang='lat' dir='ltr'><strong>apostolorum</strong></span> <span class='ocrx_word' id='word_1_507' title='bbox 2107 3314 2233 3354; x_wconf 91' lang='lat' dir='ltr'><strong>cus-</strong></span> <span class='ocrx_word' id='word_1_508' title='bbox 2257 3298 2303 3360; x_wconf 89' lang='lat' dir='ltr'><strong>C</strong></span> <span class='ocrx_word' id='word_1_509' title='bbox 2338 3317 2489 3367; x_wconf 66' lang='grc' dir='ltr'>χχχι,</span> <span class='ocrx_word' id='word_1_510' title='bbox 2514 3301 2593 3372; x_wconf 90' lang='lat'><strong>8).</strong></span> <span class='ocrx_word' id='word_1_511' title='bbox 2624 3300 2692 3355; x_wconf 86' lang='lat' dir='ltr'><strong>Et</strong></span> <span class='ocrx_word' id='word_1_512' title='bbox 2723 3310 2775 3354; x_wconf 92' lang='lat' dir='ltr'><strong>tu</strong></span> <span class='ocrx_word' id='word_1_513' title='bbox 2814 3300 2948 3354; x_wconf 90' lang='lat' dir='ltr'><strong>dicis</strong></span> <span class='ocrx_word' id='word_1_514' title='bbox 2970 3341 2984 3364; x_wconf 90' lang='lat'><strong>,</strong></span> <span class='ocrx_word' id='word_1_515' title='bbox 3020 3298 3273 3352; x_wconf 86' lang='lat' dir='ltr'><strong>Damnate</strong></span> <span class='ocrx_word' id='word_1_516' title='bbox 3309 3295 3669 3350; x_wconf 87' lang='lat' dir='ltr'><strong>innocentem?</strong></span> <span class='ocrx_word' id='word_1_517' title='bbox 3698 3294 3914 3349; x_wconf 84' lang='lat' dir='ltr'><strong>Retiueo</strong></span> 
     </span>
    </p>
   </div>
   <div class='ocr_carea' id='block_1_63' title="bbox 613 3388 2231 3461">
    <p class='ocr_par' dir='ltr' id='par_1_63' title="bbox 613 3388 2231 3461">
     <span class='ocr_line' id='line_1_63' title="bbox 613 3388 2231 3461; baseline 0.002 -18"><span class='ocrx_word' id='word_1_518' title='bbox 613 3390 817 3454; x_wconf 87' lang='lat' dir='ltr'><strong>todiat,</strong></span> <span class='ocrx_word' id='word_1_519' title='bbox 840 3389 987 3460; x_wconf 83' lang='lat' dir='ltr'><strong>quod</strong></span> <span class='ocrx_word' id='word_1_520' title='bbox 1020 3404 1079 3444; x_wconf 92' lang='lat' dir='ltr'><strong>se</strong></span> <span class='ocrx_word' id='word_1_521' title='bbox 1110 3388 1466 3444; x_wconf 80' lang='lat' dir='ltr'><strong>christianum</strong></span> <span class='ocrx_word' id='word_1_522' title='bbox 1490 3389 1747 3454; x_wconf 82' lang='lat' dir='ltr'><strong>fateatur,</strong></span> <span class='ocrx_word' id='word_1_523' title='bbox 1772 3392 1916 3461; x_wconf 90' lang='lat' dir='ltr'><strong>quod</strong></span> <span class='ocrx_word' id='word_1_524' title='bbox 1946 3392 2082 3446; x_wconf 90' lang='lat' dir='ltr'><strong>nolit</strong></span> <span class='ocrx_word' id='word_1_525' title='bbox 2109 3408 2231 3447; x_wconf 91' lang='lat' dir='ltr'><strong>esse</strong></span> 
     </span>
    </p>
   </div>
   <div class='ocr_carea' id='block_1_64' title="bbox 608 3484 2234 3557">
    <p class='ocr_par' dir='ltr' id='par_1_64' title="bbox 608 3484 2234 3557">
     <span class='ocr_line' id='line_1_64' title="bbox 608 3484 2234 3557; baseline 0.002 -16"><span class='ocrx_word' id='word_1_526' title='bbox 608 3493 919 3555; x_wconf 85' lang='lat' dir='ltr'><strong>coapostata</strong></span> <span class='ocrx_word' id='word_1_527' title='bbox 955 3494 1098 3538; x_wconf 88' lang='lat' dir='ltr'><strong>tuus.</strong></span> <span class='ocrx_word' id='word_1_528' title='bbox 1127 3484 1244 3539; x_wconf 88' lang='lat' dir='ltr'><strong>Non</strong></span> <span class='ocrx_word' id='word_1_529' title='bbox 1276 3485 1603 3551; x_wconf 89' lang='lat' dir='ltr'><strong>mirandum;</strong></span> <span class='ocrx_word' id='word_1_530' title='bbox 1634 3486 2071 3557; x_wconf 80' lang='lat' dir='ltr'><strong>quandoquidem</strong></span> <span class='ocrx_word' id='word_1_531' title='bbox 2097 3489 2234 3543; x_wconf 87' lang='lat' dir='ltr'><strong>scri-</strong></span> 
     </span>
    </p>
   </div>
   <div class='ocr_carea' id='block_1_65' title="bbox 614 3580 2233 3653">
    <p class='ocr_par' dir='ltr' id='par_1_65' title="bbox 614 3580 2233 3653">
     <span class='ocr_line' id='line_1_65' title="bbox 614 3580 2233 3653; baseline 0.001 -21"><span class='ocrx_word' id='word_1_532' title='bbox 614 3587 764 3648; x_wconf 90' lang='lat' dir='ltr'><strong>ptum</strong></span> <span class='ocrx_word' id='word_1_533' title='bbox 811 3587 1096 3633; x_wconf 89' lang='lat' dir='ltr'><strong>teneamus</strong></span> <span class='ocrx_word' id='word_1_534' title='bbox 1136 3597 1148 3632; x_wconf 94' lang='lat'><em>:</em></span> <span class='ocrx_word' id='word_1_535' title='bbox 1192 3580 1415 3633; x_wconf 81' lang='lat' dir='ltr'><strong>Sanctus</strong></span> <span class='ocrx_word' id='word_1_536' title='bbox 1457 3589 1629 3633; x_wconf 90' lang='lat' dir='ltr'><strong>autem</strong></span> <span class='ocrx_word' id='word_1_537' title='bbox 1657 3581 1956 3635; x_wconf 88' lang='lat' dir='ltr'><strong>immundus</strong></span> <span class='ocrx_word' id='word_1_538' title='bbox 1987 3592 2059 3635; x_wconf 89' lang='lat' dir='ltr'><strong>est</strong></span> <span class='ocrx_word' id='word_1_539' title='bbox 2091 3582 2233 3653; x_wconf 84' lang='lat' dir='ltr'><strong>apud</strong></span> 
     </span>
    </p>
   </div>
   <div class='ocr_carea' id='block_1_66' title="bbox 614 3671 2232 3746">
    <p class='ocr_par' dir='ltr' id='par_1_66' title="bbox 614 3671 2232 3746">
     <span class='ocr_line' id='line_1_66' title="bbox 614 3671 2232 3746; baseline 0.002 -21"><span class='ocrx_word' id='word_1_540' title='bbox 614 3673 779 3726; x_wconf 86' lang='lat' dir='ltr'><strong>malos</strong></span> <span class='ocrx_word' id='word_1_541' title='bbox 800 3671 971 3743; x_wconf 85' lang='lat' dir='ltr'><strong>(Ibid.</strong></span> <span class='ocrx_word' id='word_1_542' title='bbox 1005 3671 1115 3744; x_wconf 87' lang='lat' dir='ltr'><strong>I5).</strong></span> <span class='ocrx_word' id='word_1_543' title='bbox 1144 3672 1309 3727; x_wconf 88' lang='lat' dir='ltr'><strong>Vobis</strong></span> <span class='ocrx_word' id='word_1_544' title='bbox 1340 3673 1594 3744; x_wconf 80' lang='lat' dir='ltr'><strong>malignis</strong></span> <span class='ocrx_word' id='word_1_545' title='bbox 1623 3673 1877 3743; x_wconf 79' lang='lat' dir='ltr'><strong>diSpIicet</strong></span> <span class='ocrx_word' id='word_1_546' title='bbox 1911 3674 1974 3741; x_wconf 93' lang='lat' dir='ltr'><strong>is,</strong></span> <span class='ocrx_word' id='word_1_547' title='bbox 2000 3677 2089 3746; x_wconf 91' lang='lat' dir='ltr'><strong>qui</strong></span> <span class='ocrx_word' id='word_1_548' title='bbox 2119 3676 2232 3732; x_wconf 90' lang='lat' dir='ltr'><strong>Deo</strong></span> 
     </span>
    </p>
   </div>
   <div class='ocr_carea' id='block_1_67' title="bbox 613 3764 2233 3841">
    <p class='ocr_par' dir='ltr' id='par_1_67' title="bbox 613 3764 2233 3841">
     <span class='ocr_line' id='line_1_67' title="bbox 613 3764 2233 3841; baseline 0.004 -23"><span class='ocrx_word' id='word_1_549' title='bbox 613 3764 856 3835; x_wconf 86' lang='lat' dir='ltr'><strong>placeat,</strong></span> <span class='ocrx_word' id='word_1_550' title='bbox 893 3765 985 3819; x_wconf 86' lang='lat' dir='ltr'><strong>tibi</strong></span> <span class='ocrx_word' id='word_1_551' title='bbox 1036 3766 1340 3835; x_wconf 68' lang='lat' dir='ltr'><strong>praesertim</strong></span> <span class='ocrx_word' id='word_1_552' title='bbox 1389 3768 1687 3821; x_wconf 89' lang='lat' dir='ltr'><strong>temerario</strong></span> <span class='ocrx_word' id='word_1_553' title='bbox 1731 3782 1794 3823; x_wconf 88' lang='lat' dir='ltr'><strong>ac</strong></span> <span class='ocrx_word' id='word_1_554' title='bbox 1834 3770 2106 3838; x_wconf 90' lang='lat' dir='ltr'><strong>superbo,</strong></span> <span class='ocrx_word' id='word_1_555' title='bbox 2138 3770 2233 3841; x_wconf 93' lang='lat' dir='ltr'><strong>qui</strong></span> 
     </span>
    </p>
   </div>
   <div class='ocr_carea' id='block_1_68' title="bbox 615 3858 2231 3934">
    <p class='ocr_par' dir='ltr' id='par_1_68' title="bbox 615 3858 2231 3934">
     <span class='ocr_line' id='line_1_68' title="bbox 615 3858 2231 3934; baseline 0.003 -21"><span class='ocrx_word' id='word_1_556' title='bbox 615 3860 941 3915; x_wconf 89' lang='lat' dir='ltr'><strong>temerarius</strong></span> <span class='ocrx_word' id='word_1_557' title='bbox 982 3858 1111 3913; x_wconf 85' lang='lat' dir='ltr'><strong>hinc</strong></span> <span class='ocrx_word' id='word_1_558' title='bbox 1147 3874 1269 3914; x_wconf 86' lang='lat' dir='ltr'><strong>esse</strong></span> <span class='ocrx_word' id='word_1_559' title='bbox 1298 3859 1622 3931; x_wconf 87' lang='lat' dir='ltr'><strong>intelligeris</strong></span> <span class='ocrx_word' id='word_1_560' title='bbox 1661 3875 1725 3914; x_wconf 87' lang='lat' dir='ltr'><strong>ac</strong></span> <span class='ocrx_word' id='word_1_561' title='bbox 1751 3863 2059 3931; x_wconf 87' lang='lat' dir='ltr'><strong>superbus,</strong></span> <span class='ocrx_word' id='word_1_562' title='bbox 2085 3862 2231 3934; x_wconf 88' lang='lat' dir='ltr'><strong>quod</strong></span> 
     </span>
    </p>
   </div>
   <div class='ocr_carea' id='block_1_69' title="bbox 616 3952 2233 4027">
    <p class='ocr_par' dir='ltr' id='par_1_69' title="bbox 616 3952 2233 4027">
     <span class='ocr_line' id='line_1_69' title="bbox 616 3952 2233 4027; baseline 0.003 -21"><span class='ocrx_word' id='word_1_563' title='bbox 616 3962 808 4006; x_wconf 81' lang='lat' dir='ltr'><strong>contra</strong></span> <span class='ocrx_word' id='word_1_564' title='bbox 858 3953 951 4007; x_wconf 89' lang='lat' dir='ltr'><strong>Dei</strong></span> <span class='ocrx_word' id='word_1_565' title='bbox 999 3952 1400 4009; x_wconf 85' lang='lat' dir='ltr'><strong>ordinationem</strong></span> <span class='ocrx_word' id='word_1_566' title='bbox 1443 3955 1746 4010; x_wconf 87' lang='lat' dir='ltr'><strong>tetenderis</strong></span> <span class='ocrx_word' id='word_1_567' title='bbox 1788 3971 2045 4021; x_wconf 89' lang='lat' dir='ltr'><strong>manum,</strong></span> <span class='ocrx_word' id='word_1_568' title='bbox 2088 3956 2233 4027; x_wconf 83' lang='lat' dir='ltr'><strong>quod</strong></span> 
     </span>
    </p>
   </div>
   <div class='ocr_carea' id='block_1_70' title="bbox 612 4045 2234 4119">
    <p class='ocr_par' dir='ltr' id='par_1_70' title="bbox 612 4045 2234 4119">
     <span class='ocr_line' id='line_1_70' title="bbox 612 4045 2234 4119; baseline 0.001 -19"><span class='ocrx_word' id='word_1_569' title='bbox 612 4046 971 4116; x_wconf 90' lang='lat' dir='ltr'><strong>apostolicam</strong></span> <span class='ocrx_word' id='word_1_570' title='bbox 988 4045 1336 4101; x_wconf 88' lang='lat' dir='ltr'><strong>traditionem</strong></span> <span class='ocrx_word' id='word_1_571' title='bbox 1358 4047 1639 4117; x_wconf 87' lang='lat' dir='ltr'><strong>putaveris</strong></span> <span class='ocrx_word' id='word_1_572' title='bbox 1658 4047 2069 4113; x_wconf 89' lang='lat' dir='ltr'><strong>destruendam,</strong></span> <span class='ocrx_word' id='word_1_573' title='bbox 2090 4048 2234 4119; x_wconf 90' lang='lat' dir='ltr'><strong>quod</strong></span> 
     </span>
    </p>
   </div>
   <div class='ocr_carea' id='block_1_71' title="bbox 614 4141 2233 4215">
    <p class='ocr_par' dir='ltr' id='par_1_71' title="bbox 614 4141 2233 4215">
     <span class='ocr_line' id='line_1_71' title="bbox 614 4141 2233 4215; baseline 0.002 -19"><span class='ocrx_word' id='word_1_574' title='bbox 614 4142 903 4213; x_wconf 83' lang='lat' dir='ltr'><strong>episcOpos</strong></span> <span class='ocrx_word' id='word_1_575' title='bbox 924 4183 938 4207; x_wconf 91' lang='lat'><strong>,</strong></span> <span class='ocrx_word' id='word_1_576' title='bbox 968 4141 1071 4195; x_wconf 91' lang='lat' dir='ltr'><strong>sub</strong></span> <span class='ocrx_word' id='word_1_577' title='bbox 1110 4157 1343 4212; x_wconf 90' lang='lat' dir='ltr'><strong>quorum</strong></span> <span class='ocrx_word' id='word_1_578' title='bbox 1393 4153 1445 4197; x_wconf 91' lang='lat' dir='ltr'><strong>te</strong></span> <span class='ocrx_word' id='word_1_579' title='bbox 1476 4142 1845 4199; x_wconf 85' lang='lat' dir='ltr'><strong>sollicitudine</strong></span> <span class='ocrx_word' id='word_1_580' title='bbox 1876 4160 2038 4215; x_wconf 89' lang='lat' dir='ltr'><strong>agere</strong></span> <span class='ocrx_word' id='word_1_581' title='bbox 2068 4162 2233 4215; x_wconf 81' lang='lat' dir='ltr'><strong>opor-</strong></span> 
     </span>
    </p>
   </div>
   <div class='ocr_carea' id='block_1_72' title="bbox 614 4234 2231 4309">
    <p class='ocr_par' dir='ltr' id='par_1_72' title="bbox 614 4234 2231 4309">
     <span class='ocr_line' id='line_1_72' title="bbox 614 4234 2231 4309; baseline 0.002 -20"><span class='ocrx_word' id='word_1_582' title='bbox 614 4242 825 4295; x_wconf 85' lang='lat' dir='ltr'><strong>tuerat.</strong></span> <span class='ocrx_word' id='word_1_583' title='bbox 873 4235 974 4289; x_wconf 92' lang='lat' dir='ltr'><strong>sub</strong></span> <span class='ocrx_word' id='word_1_584' title='bbox 1026 4243 1170 4289; x_wconf 90' lang='lat' dir='ltr'><strong>tuam</strong></span> <span class='ocrx_word' id='word_1_585' title='bbox 1218 4234 1485 4291; x_wconf 89' lang='lat' dir='ltr'><strong>ditionem</strong></span> <span class='ocrx_word' id='word_1_586' title='bbox 1537 4238 1820 4293; x_wconf 89' lang='lat' dir='ltr'><strong>censueris</strong></span> <span class='ocrx_word' id='word_1_587' title='bbox 1873 4238 2231 4309; x_wconf 87' lang='lat' dir='ltr'><strong>redigendos.</strong></span> 
     </span>
    </p>
   </div>
   <div class='ocr_carea' id='block_1_73' title="bbox 612 4327 2231 4402">
    <p class='ocr_par' dir='ltr' id='par_1_73' title="bbox 612 4327 2231 4402">
     <span class='ocr_line' id='line_1_73' title="bbox 612 4327 2231 4402; baseline 0.004 -20"><span class='ocrx_word' id='word_1_588' title='bbox 612 4327 754 4398; x_wconf 85' lang='lat' dir='ltr'><strong>Quid</strong></span> <span class='ocrx_word' id='word_1_589' title='bbox 796 4329 961 4398; x_wconf 80' lang='lat' dir='ltr'><strong>igitur</strong></span> <span class='ocrx_word' id='word_1_590' title='bbox 1010 4330 1087 4383; x_wconf 89' lang='lat' dir='ltr'><strong>sis</strong></span> <span class='ocrx_word' id='word_1_591' title='bbox 1141 4329 1416 4399; x_wconf 85' lang='lat' dir='ltr'><strong>intellige,</strong></span> <span class='ocrx_word' id='word_1_592' title='bbox 1451 4330 1683 4385; x_wconf 89' lang='lat' dir='ltr'><strong>audiens</strong></span> <span class='ocrx_word' id='word_1_593' title='bbox 1728 4346 1828 4402; x_wconf 90' lang='lat' dir='ltr'><strong>per</strong></span> <span class='ocrx_word' id='word_1_594' title='bbox 1874 4332 2231 4388; x_wconf 86' lang='lat' dir='ltr'><strong>Salomonem</strong></span> 
     </span>
    </p>
   </div>
   <div class='ocr_carea' id='block_1_74' title="bbox 616 4420 2235 4498">
    <p class='ocr_par' dir='ltr' id='par_1_74' title="bbox 616 4420 2235 4498">
     <span class='ocr_line' id='line_1_74' title="bbox 616 4420 2235 4498; baseline 0.004 -23"><span class='ocrx_word' id='word_1_595' title='bbox 616 4420 762 4491; x_wconf 92' lang='lat' dir='ltr'><strong>quod</strong></span> <span class='ocrx_word' id='word_1_596' title='bbox 797 4420 892 4474; x_wconf 90' lang='lat' dir='ltr'><strong>tibi</strong></span> <span class='ocrx_word' id='word_1_597' title='bbox 921 4422 992 4474; x_wconf 85' lang='lat' dir='ltr'><strong>sit</strong></span> <span class='ocrx_word' id='word_1_598' title='bbox 1015 4422 1253 4490; x_wconf 89' lang='lat' dir='ltr'><strong>superbo</strong></span> <span class='ocrx_word' id='word_1_599' title='bbox 1283 4439 1480 4479; x_wconf 91' lang='lat' dir='ltr'><strong>nomen</strong></span> <span class='ocrx_word' id='word_1_600' title='bbox 1508 4442 1521 4477; x_wconf 89' lang='lat'><strong>:</strong></span> <span class='ocrx_word' id='word_1_601' title='bbox 1558 4424 1889 4479; x_wconf 84' lang='lat' dir='ltr'><strong>Temerarius</strong></span> <span class='ocrx_word' id='word_1_602' title='bbox 1906 4436 1957 4481; x_wconf 90' lang='lat' dir='ltr'><strong>et</strong></span> <span class='ocrx_word' id='word_1_603' title='bbox 1985 4428 2235 4498; x_wconf 86' lang='lat' dir='ltr'><strong>superbus</strong></span> 
     </span>
    </p>
   </div>
   <div class='ocr_carea' id='block_1_75' title="bbox 616 4516 2237 4591">
    <p class='ocr_par' dir='ltr' id='par_1_75' title="bbox 616 4516 2237 4591">
     <span class='ocr_line' id='line_1_75' title="bbox 616 4516 2237 4591; baseline 0.004 -21"><span class='ocrx_word' id='word_1_604' title='bbox 616 4516 907 4586; x_wconf 84' lang='lat' dir='ltr'><strong>pestilentia</strong></span> <span class='ocrx_word' id='word_1_605' title='bbox 951 4516 1217 4570; x_wconf 79' lang='lat' dir='ltr'><strong>vocabitur</strong></span> <span class='ocrx_word' id='word_1_606' title='bbox 1252 4516 1434 4584; x_wconf 90' lang='lat' dir='ltr'><strong>(Ibid.</strong></span> <span class='ocrx_word' id='word_1_607' title='bbox 1485 4518 1617 4591; x_wconf 73' lang='grc'><strong>24).</strong></span> <span class='ocrx_word' id='word_1_608' title='bbox 1663 4520 1939 4576; x_wconf 89' lang='lat' dir='ltr'><strong>Pestilens</strong></span> <span class='ocrx_word' id='word_1_609' title='bbox 1987 4522 2114 4577; x_wconf 84' lang='lat' dir='ltr'><strong>licet</strong></span> <span class='ocrx_word' id='word_1_610' title='bbox 2158 4523 2237 4577; x_wconf 85' lang='lat' dir='ltr'><strong>sis</strong></span> 
     </span>
    </p>
   </div>
   <div class='ocr_carea' id='block_1_76' title="bbox 613 4602 2229 4685">
    <p class='ocr_par' dir='ltr' id='par_1_76' title="bbox 613 4602 2229 4685">
     <span class='ocr_line' id='line_1_76' title="bbox 613 4602 2229 4685; baseline 0.007 -24"><span class='ocrx_word' id='word_1_611' title='bbox 613 4606 809 4675; x_wconf 88' lang='lat' dir='ltr'><strong>homo,</strong></span> <span class='ocrx_word' id='word_1_612' title='bbox 847 4618 1026 4664; x_wconf 90' lang='lat' dir='ltr'><strong>tamen</strong></span> <span class='ocrx_word' id='word_1_613' title='bbox 1078 4610 1271 4664; x_wconf 86' lang='lat' dir='ltr'><strong>morbo</strong></span> <span class='ocrx_word' id='word_1_614' title='bbox 1303 4620 1396 4665; x_wconf 84' lang='lat' dir='ltr'><strong>tuo</strong></span> <span class='ocrx_word' id='word_1_615' title='bbox 1438 4627 1637 4667; x_wconf 78' lang='lat' dir='ltr'><strong>vexare</strong></span> <span class='ocrx_word' id='word_1_616' title='bbox 1662 4602 1779 4669; x_wconf 19' lang='lat' dir='ltr'><strong>lnos</strong></span> <span class='ocrx_word' id='word_1_617' title='bbox 1825 4629 1935 4670; x_wconf 93' lang='lat' dir='ltr'><strong>non</strong></span> <span class='ocrx_word' id='word_1_618' title='bbox 1985 4618 2189 4685; x_wconf 84' lang='lat' dir='ltr'><strong>poteris</strong></span> <span class='ocrx_word' id='word_1_619' title='bbox 2214 4659 2229 4685; x_wconf 92' lang='lat'><strong>,</strong></span> 
     </span>
    </p>
   </div>
   <div class='ocr_carea' id='block_1_77' title="bbox 2337 3390 3916 3467">
    <p class='ocr_par' dir='ltr' id='par_1_77' title="bbox 2337 3390 3916 3467">
     <span class='ocr_line' id='line_1_77' title="bbox 2337 3390 3916 3467; baseline -0.004 -17"><span class='ocrx_word' id='word_1_620' title='bbox 2337 3396 2554 3467; x_wconf 83' lang='lat' dir='ltr'><strong>quidem</strong></span> <span class='ocrx_word' id='word_1_621' title='bbox 2581 3396 2756 3450; x_wconf 82' lang='lat' dir='ltr'><strong>sacris</strong></span> <span class='ocrx_word' id='word_1_622' title='bbox 2784 3394 2806 3429; x_wconf 82' lang='grc'>¹¹</span> <span class='ocrx_word' id='word_1_623' title='bbox 2833 3395 3120 3449; x_wconf 89' lang='lat' dir='ltr'><strong>continens</strong></span> <span class='ocrx_word' id='word_1_624' title='bbox 3152 3393 3432 3463; x_wconf 90' lang='lat' dir='ltr'><strong>scripturis</strong></span> <span class='ocrx_word' id='word_1_625' title='bbox 3458 3410 3471 3444; x_wconf 90' lang='lat'><strong>:</strong></span> <span class='ocrx_word' id='word_1_626' title='bbox 3504 3390 3624 3445; x_wconf 83' lang='lat' dir='ltr'><strong>Noli</strong></span> <span class='ocrx_word' id='word_1_627' title='bbox 3663 3390 3916 3462; x_wconf 81' lang='lat' dir='ltr'><strong>superbire</strong></span> 
     </span>
    </p>
   </div>
   <div class='ocr_carea' id='block_1_78' title="bbox 2338 3470 3915 3562">
    <p class='ocr_par' dir='ltr' id='par_1_78' title="bbox 2338 3470 3915 3562">
     <span class='ocr_line' id='line_1_78' title="bbox 2338 3470 3915 3562; baseline -0.006 -18"><span class='ocrx_word' id='word_1_628' title='bbox 2338 3507 2514 3544; x_wconf 87' lang='lat' dir='ltr'><strong>coram</strong></span> <span class='ocrx_word' id='word_1_629' title='bbox 2535 3470 2651 3562; x_wconf 81' lang='lat' dir='ltr'><strong>rege</strong></span> <span class='ocrx_word' id='word_1_630' title='bbox 2694 3489 2861 3560; x_wconf 87' lang='lat' dir='ltr'><strong>(Ibid.</strong></span> <span class='ocrx_word' id='word_1_631' title='bbox 2892 3504 3018 3553; x_wconf 70' lang='lat' dir='ltr'><strong>xxv,</strong></span> <span class='ocrx_word' id='word_1_632' title='bbox 3050 3488 3108 3558; x_wconf 86' lang='lat'><strong>6)</strong></span> <span class='ocrx_word' id='word_1_633' title='bbox 3138 3505 3151 3541; x_wconf 91' lang='lat'><strong>:</strong></span> <span class='ocrx_word' id='word_1_634' title='bbox 3176 3486 3280 3542; x_wconf 57' lang='lat' dir='ltr'><strong>sed</strong></span> <span class='ocrx_word' id='word_1_635' title='bbox 3310 3487 3355 3540; x_wconf 89' lang='lat' dir='ltr'><strong>si</strong></span> <span class='ocrx_word' id='word_1_636' title='bbox 3384 3487 3519 3541; x_wconf 90' lang='lat' dir='ltr'><strong>intra</strong></span> <span class='ocrx_word' id='word_1_637' title='bbox 3554 3487 3798 3540; x_wconf 91' lang='lat' dir='ltr'><strong>terminos</strong></span> <span class='ocrx_word' id='word_1_638' title='bbox 3826 3498 3915 3552; x_wconf 81' lang='lat' dir='ltr'><strong>po-</strong></span> 
     </span>
    </p>
   </div>
   <div class='ocr_carea' id='block_1_79' title="bbox 2342 3574 3911 3646">
    <p class='ocr_par' dir='ltr' id='par_1_79' title="bbox 2342 3574 3911 3646">
     <span class='ocr_line' id='line_1_79' title="bbox 2342 3574 3911 3646; baseline -0.007 -8"><span class='ocrx_word' id='word_1_639' title='bbox 2342 3584 2555 3639; x_wconf 86' lang='lat' dir='ltr'><strong>testatis</strong></span> <span class='ocrx_word' id='word_1_640' title='bbox 2583 3594 2686 3636; x_wconf 71' lang='lat' dir='ltr'><strong>tua:</strong></span> <span class='ocrx_word' id='word_1_641' title='bbox 2713 3597 2834 3636; x_wconf 89' lang='lat' dir='ltr'><strong>esse</strong></span> <span class='ocrx_word' id='word_1_642' title='bbox 2861 3581 3148 3646; x_wconf 56' lang='lat' dir='ltr'><strong>voluisses,</strong></span> <span class='ocrx_word' id='word_1_643' title='bbox 3175 3588 3228 3634; x_wconf 90' lang='lat' dir='ltr'><strong>et</strong></span> <span class='ocrx_word' id='word_1_644' title='bbox 3258 3578 3522 3646; x_wconf 87' lang='lat' dir='ltr'><strong>superbus</strong></span> <span class='ocrx_word' id='word_1_645' title='bbox 3550 3576 3563 3613; x_wconf 78' lang='grc' dir='ltr'><strong>ί</strong></span> <span class='ocrx_word' id='word_1_646' title='bbox 3596 3574 3911 3631; x_wconf 75' lang='lat' dir='ltr'><strong>exstitissem</strong></span> 
     </span>
    </p>
   </div>
   <div class='ocr_carea' id='block_1_80' title="bbox 2341 3667 3912 3750">
    <p class='ocr_par' dir='ltr' id='par_1_80' title="bbox 2341 3667 3912 3750">
     <span class='ocr_line' id='line_1_80' title="bbox 2341 3667 3912 3750; baseline -0.006 -18"><span class='ocrx_word' id='word_1_647' title='bbox 2341 3688 2394 3732; x_wconf 92' lang='lat' dir='ltr'><strong>te</strong></span> <span class='ocrx_word' id='word_1_648' title='bbox 2422 3684 2646 3750; x_wconf 76' lang='lat' dir='ltr'><strong>contra,</strong></span> <span class='ocrx_word' id='word_1_649' title='bbox 2680 3691 2737 3729; x_wconf 86' lang='lat' dir='ltr'><strong>re</strong></span> <span class='ocrx_word' id='word_1_650' title='bbox 2769 3690 2896 3730; x_wconf 89' lang='lat' dir='ltr'><strong>vera</strong></span> <span class='ocrx_word' id='word_1_651' title='bbox 2939 3677 3056 3743; x_wconf 89' lang='lat' dir='ltr'><strong>ipse</strong></span> <span class='ocrx_word' id='word_1_652' title='bbox 3096 3687 3181 3728; x_wconf 90' lang='lat' dir='ltr'><strong>me</strong></span> <span class='ocrx_word' id='word_1_653' title='bbox 3213 3681 3268 3725; x_wconf 91' lang='lat' dir='ltr'><strong>ut</strong></span> <span class='ocrx_word' id='word_1_654' title='bbox 3300 3669 3756 3742; x_wconf 72' lang='lat' dir='ltr'><strong>prmvaricatorem</strong></span> <span class='ocrx_word' id='word_1_655' title='bbox 3786 3667 3912 3738; x_wconf 72' lang='lat' dir='ltr'><strong>lrgis</strong></span> 
     </span>
    </p>
   </div>
   <div class='ocr_carea' id='block_1_81' title="bbox 2339 3762 3912 3836">
    <p class='ocr_par' dir='ltr' id='par_1_81' title="bbox 2339 3762 3912 3836">
     <span class='ocr_line' id='line_1_81' title="bbox 2339 3762 3912 3836; baseline -0.007 -10"><span class='ocrx_word' id='word_1_656' title='bbox 2339 3771 2813 3827; x_wconf 82' lang='lat' dir='ltr'><strong>condemnassem.</strong></span> <span class='ocrx_word' id='word_1_657' title='bbox 2874 3768 3028 3824; x_wconf 84' lang='lat' dir='ltr'><strong>Nunc</strong></span> <span class='ocrx_word' id='word_1_658' title='bbox 3075 3783 3205 3821; x_wconf 77' lang='lat' dir='ltr'><strong>vero</strong></span> <span class='ocrx_word' id='word_1_659' title='bbox 3248 3767 3369 3836; x_wconf 90' lang='lat' dir='ltr'><strong>quia</strong></span> <span class='ocrx_word' id='word_1_660' title='bbox 3412 3762 3685 3819; x_wconf 74' lang='lat' dir='ltr'><strong>homicidae</strong></span> <span class='ocrx_word' id='word_1_661' title='bbox 3725 3762 3814 3816; x_wconf 91' lang='lat' dir='ltr'><strong>tibi</strong></span> <span class='ocrx_word' id='word_1_662' title='bbox 3853 3776 3912 3815; x_wconf 87' lang='lat' dir='ltr'><strong>ac</strong></span> 
     </span>
    </p>
   </div>
   <div class='ocr_carea' id='block_1_82' title="bbox 2340 3854 3913 3936">
    <p class='ocr_par' dir='ltr' id='par_1_82' title="bbox 2340 3854 3913 3936">
     <span class='ocr_line' id='line_1_82' title="bbox 2340 3854 3913 3936; baseline -0.007 -16"><span class='ocrx_word' id='word_1_663' title='bbox 2340 3865 2611 3936; x_wconf 88' lang='lat' dir='ltr'><strong>sacrilego</strong></span> <span class='ocrx_word' id='word_1_664' title='bbox 2633 3878 2760 3919; x_wconf 87' lang='lat' dir='ltr'><strong>vera</strong></span> <span class='ocrx_word' id='word_1_665' title='bbox 2788 3862 3062 3921; x_wconf 89' lang='lat' dir='ltr'><strong>dicamus.</strong></span> <span class='ocrx_word' id='word_1_666' title='bbox 3084 3877 3189 3916; x_wconf 92' lang='lat' dir='ltr'><strong>non</strong></span> <span class='ocrx_word' id='word_1_667' title='bbox 3213 3860 3399 3931; x_wconf 89' lang='lat' dir='ltr'><strong>utique</strong></span> <span class='ocrx_word' id='word_1_668' title='bbox 3424 3868 3684 3928; x_wconf 85' lang='lat' dir='ltr'><strong>tamquam</strong></span> <span class='ocrx_word' id='word_1_669' title='bbox 3706 3854 3913 3925; x_wconf 82' lang='lat' dir='ltr'><strong>superbi</strong></span> 
     </span>
    </p>
   </div>
   <div class='ocr_carea' id='block_1_83' title="bbox 2342 3952 3913 4031">
    <p class='ocr_par' dir='ltr' id='par_1_83' title="bbox 2342 3952 3913 4031">
     <span class='ocr_line' id='line_1_83' title="bbox 2342 3952 3913 4031; baseline -0.004 -19"><span class='ocrx_word' id='word_1_670' title='bbox 2342 3960 2521 4031; x_wconf 88' lang='lat' dir='ltr'><strong>puniri</strong></span> <span class='ocrx_word' id='word_1_671' title='bbox 2552 3958 2912 4023; x_wconf 86' lang='lat' dir='ltr'><strong>merebimur,</strong></span> <span class='ocrx_word' id='word_1_672' title='bbox 2939 3959 3033 4013; x_wconf 90' lang='lat' dir='ltr'><strong>sed</strong></span> <span class='ocrx_word' id='word_1_673' title='bbox 3062 3958 3231 4026; x_wconf 89' lang='lat' dir='ltr'><strong>magis</strong></span> <span class='ocrx_word' id='word_1_674' title='bbox 3257 3955 3486 4026; x_wconf 84' lang='lat' dir='ltr'><strong>pra-miis</strong></span> <span class='ocrx_word' id='word_1_675' title='bbox 3508 3952 3792 4008; x_wconf 74' lang='lat' dir='ltr'><strong>afﬁr-iemur</strong></span> <span class='ocrx_word' id='word_1_676' title='bbox 3811 3965 3913 4005; x_wconf 75' lang='lat' dir='ltr'><strong>cte-</strong></span> 
     </span>
    </p>
   </div>
   <div class='ocr_carea' id='block_1_84' title="bbox 2342 4042 3910 4121">
    <p class='ocr_par' dir='ltr' id='par_1_84' title="bbox 2342 4042 3910 4121">
     <span class='ocr_line' id='line_1_84' title="bbox 2342 4042 3910 4121; baseline -0.009 -12"><span class='ocrx_word' id='word_1_677' title='bbox 2342 4053 2572 4109; x_wconf 89' lang='lat' dir='ltr'><strong>lestibus</strong></span> <span class='ocrx_word' id='word_1_678' title='bbox 2592 4093 2608 4117; x_wconf 88' lang='lat'><strong>,</strong></span> <span class='ocrx_word' id='word_1_679' title='bbox 2640 4050 2784 4121; x_wconf 88' lang='lat' dir='ltr'><strong>quod</strong></span> <span class='ocrx_word' id='word_1_680' title='bbox 2811 4050 2912 4106; x_wconf 88' lang='lat' dir='ltr'><strong>tibi</strong></span> <span class='ocrx_word' id='word_1_681' title='bbox 2940 4050 3145 4106; x_wconf 91' lang='lat' dir='ltr'><strong>erranti</strong></span> <span class='ocrx_word' id='word_1_682' title='bbox 3178 4065 3284 4102; x_wconf 90' lang='lat' dir='ltr'><strong>non</strong></span> <span class='ocrx_word' id='word_1_683' title='bbox 3330 4045 3738 4117; x_wconf 82' lang='lat' dir='ltr'><strong>peperceriinus.</strong></span> <span class='ocrx_word' id='word_1_684' title='bbox 3769 4042 3910 4097; x_wconf 82' lang='lat' dir='ltr'><strong>Scri-</strong></span> 
     </span>
    </p>
   </div>
   <div class='ocr_carea' id='block_1_85' title="bbox 2341 4141 3909 4220">
    <p class='ocr_par' dir='ltr' id='par_1_85' title="bbox 2341 4141 3909 4220">
     <span class='ocr_line' id='line_1_85' title="bbox 2341 4141 3909 4220; baseline -0.008 -18"><span class='ocrx_word' id='word_1_685' title='bbox 2341 4158 2492 4220; x_wconf 91' lang='lat' dir='ltr'><strong>ptum</strong></span> <span class='ocrx_word' id='word_1_686' title='bbox 2516 4157 2601 4204; x_wconf 87' lang='lat' dir='ltr'><strong>est</strong></span> <span class='ocrx_word' id='word_1_687' title='bbox 2628 4165 2636 4195; x_wconf 93' lang='lat'>:</span> <span class='ocrx_word' id='word_1_688' title='bbox 2664 4146 2963 4217; x_wconf 86' lang='lat' dir='ltr'><strong>Flagellum</strong></span> <span class='ocrx_word' id='word_1_689' title='bbox 2985 4161 3133 4217; x_wconf 87' lang='lat' dir='ltr'><strong>equo,</strong></span> <span class='ocrx_word' id='word_1_690' title='bbox 3148 4153 3195 4198; x_wconf 90' lang='lat' dir='ltr'><strong>et</strong></span> <span class='ocrx_word' id='word_1_691' title='bbox 3217 4144 3478 4197; x_wconf 87' lang='lat' dir='ltr'><strong>stimulum</strong></span> <span class='ocrx_word' id='word_1_692' title='bbox 3502 4142 3514 4191; x_wconf 85' lang='lat' dir='ltr'><strong>i</strong></span> <span class='ocrx_word' id='word_1_693' title='bbox 3547 4143 3706 4205; x_wconf 87' lang='lat' dir='ltr'><strong>asino,</strong></span> <span class='ocrx_word' id='word_1_694' title='bbox 3728 4141 3909 4211; x_wconf 72' lang='lat' dir='ltr'><strong>virgam</strong></span> 
     </span>
    </p>
   </div>
   <div class='ocr_carea' id='block_1_86' title="bbox 2340 4234 3910 4315">
    <p class='ocr_par' dir='ltr' id='par_1_86' title="bbox 2340 4234 3910 4315">
     <span class='ocr_line' id='line_1_86' title="bbox 2340 4234 3910 4315; baseline -0.008 -16"><span class='ocrx_word' id='word_1_695' title='bbox 2340 4257 2513 4299; x_wconf 86' lang='lat' dir='ltr'><strong>autem</strong></span> <span class='ocrx_word' id='word_1_696' title='bbox 2538 4247 2677 4315; x_wconf 81' lang='lat' dir='ltr'><strong>genti</strong></span> <span class='ocrx_word' id='word_1_697' title='bbox 2701 4242 2967 4311; x_wconf 86' lang='lat' dir='ltr'><strong>insipienti</strong></span> <span class='ocrx_word' id='word_1_698' title='bbox 2990 4239 3015 4277; x_wconf 79' lang='grc' dir='ltr'><strong>¹ί</strong></span> <span class='ocrx_word' id='word_1_699' title='bbox 3045 4238 3211 4312; x_wconf 90' lang='lat' dir='ltr'><strong>(Ibid.</strong></span> <span class='ocrx_word' id='word_1_700' title='bbox 3242 4252 3384 4302; x_wconf 72' lang='lat' dir='ltr'><strong>xsvt,</strong></span> <span class='ocrx_word' id='word_1_701' title='bbox 3411 4235 3486 4307; x_wconf 71' lang='lat'><strong>3).</strong></span> <span class='ocrx_word' id='word_1_702' title='bbox 3517 4234 3623 4290; x_wconf 83' lang='lat' dir='ltr'><strong>Vos</strong></span> <span class='ocrx_word' id='word_1_703' title='bbox 3645 4244 3910 4301; x_wconf 81' lang='lat' dir='ltr'><strong>negatores</strong></span> 
     </span>
    </p>
   </div>
   <div class='ocr_carea' id='block_1_87' title="bbox 2343 4329 3913 4402">
    <p class='ocr_par' dir='ltr' id='par_1_87' title="bbox 2343 4329 3913 4402">
     <span class='ocr_line' id='line_1_87' title="bbox 2343 4329 3913 4402; baseline -0.011 -8"><span class='ocrx_word' id='word_1_704' title='bbox 2343 4339 2437 4394; x_wconf 92' lang='lat' dir='ltr'><strong>Dei</strong></span> <span class='ocrx_word' id='word_1_705' title='bbox 2471 4338 2614 4393; x_wconf 90' lang='lat' dir='ltr'><strong>unici</strong></span> <span class='ocrx_word' id='word_1_706' title='bbox 2649 4336 2772 4392; x_wconf 84' lang='lat' dir='ltr'><strong>Filii</strong></span> <span class='ocrx_word' id='word_1_707' title='bbox 2807 4343 2958 4390; x_wconf 87' lang='lat' dir='ltr'><strong>recte</strong></span> <span class='ocrx_word' id='word_1_708' title='bbox 3002 4334 3326 4402; x_wconf 87' lang='lat' dir='ltr'><strong>insipientes</strong></span> <span class='ocrx_word' id='word_1_709' title='bbox 3369 4344 3648 4395; x_wconf 87' lang='lat' dir='ltr'><strong>vocamus,</strong></span> <span class='ocrx_word' id='word_1_710' title='bbox 3677 4341 3807 4398; x_wconf 86' lang='lat' dir='ltr'><strong>quos</strong></span> <span class='ocrx_word' id='word_1_711' title='bbox 3839 4329 3913 4378; x_wconf 74' lang='lat' dir='ltr'><strong>vi-</strong></span> 
     </span>
    </p>
   </div>
   <div class='ocr_carea' id='block_1_88' title="bbox 2340 4422 3913 4496">
    <p class='ocr_par' dir='ltr' id='par_1_88' title="bbox 2340 4422 3913 4496">
     <span class='ocr_line' id='line_1_88' title="bbox 2340 4422 3913 4496; baseline -0.008 -8"><span class='ocrx_word' id='word_1_712' title='bbox 2340 4433 2566 4488; x_wconf 81' lang='lat' dir='ltr'><strong>deamus</strong></span> <span class='ocrx_word' id='word_1_713' title='bbox 2596 4432 2648 4486; x_wconf 90' lang='lat' dir='ltr'><strong>in</strong></span> <span class='ocrx_word' id='word_1_714' title='bbox 2693 4438 2847 4484; x_wconf 87' lang='lat' dir='ltr'><strong>tanto</strong></span> <span class='ocrx_word' id='word_1_715' title='bbox 2876 4429 3078 4483; x_wconf 80' lang='lat' dir='ltr'><strong>versari</strong></span> <span class='ocrx_word' id='word_1_716' title='bbox 3124 4426 3428 4496; x_wconf 85' lang='lat' dir='ltr'><strong>sacrilegio.</strong></span> <span class='ocrx_word' id='word_1_717' title='bbox 3474 4422 3601 4479; x_wconf 83' lang='lat' dir='ltr'><strong>Nam</strong></span> <span class='ocrx_word' id='word_1_718' title='bbox 3644 4436 3759 4476; x_wconf 84' lang='lat' dir='ltr'><strong>cum</strong></span> <span class='ocrx_word' id='word_1_719' title='bbox 3797 4436 3913 4475; x_wconf 78' lang='lat' dir='ltr'><strong>esse</strong></span> 
     </span>
    </p>
   </div>
   <div class='ocr_carea' id='block_1_89' title="bbox 2342 4514 3913 4596">
    <p class='ocr_par' dir='ltr' id='par_1_89' title="bbox 2342 4514 3913 4596">
     <span class='ocr_line' id='line_1_89' title="bbox 2342 4514 3913 4596; baseline -0.011 -15"><span class='ocrx_word' id='word_1_720' title='bbox 2342 4528 2608 4596; x_wconf 89' lang='lat' dir='ltr'><strong>scriptum</strong></span> <span class='ocrx_word' id='word_1_721' title='bbox 2641 4522 2830 4587; x_wconf 90' lang='lat' dir='ltr'><strong>video,</strong></span> <span class='ocrx_word' id='word_1_722' title='bbox 2861 4521 3005 4593; x_wconf 88' lang='lat' dir='ltr'><strong>quod</strong></span> <span class='ocrx_word' id='word_1_723' title='bbox 3050 4521 3180 4576; x_wconf 88' lang='lat' dir='ltr'><strong>sicut</strong></span> <span class='ocrx_word' id='word_1_724' title='bbox 3211 4520 3356 4575; x_wconf 85' lang='lat' dir='ltr'><strong>canis</strong></span> <span class='ocrx_word' id='word_1_725' title='bbox 3393 4518 3479 4587; x_wconf 82' lang='lat' dir='ltr'><strong>qui</strong></span> <span class='ocrx_word' id='word_1_726' title='bbox 3517 4514 3816 4571; x_wconf 73' lang='lat' dir='ltr'><strong>convertitur</strong></span> <span class='ocrx_word' id='word_1_727' title='bbox 3850 4514 3913 4565; x_wconf 83' lang='lat' dir='ltr'><strong>ad</strong></span> 
     </span>
    </p>
   </div>
   <div class='ocr_carea' id='block_1_90' title="bbox 2340 4608 3913 4685">
    <p class='ocr_par' dir='ltr' id='par_1_90' title="bbox 2340 4608 3913 4685">
     <span class='ocr_line' id='line_1_90' title="bbox 2340 4608 3913 4685; baseline -0.01 -10"><span class='ocrx_word' id='word_1_728' title='bbox 2340 4621 2585 4675; x_wconf 79' lang='lat' dir='ltr'><strong>vomitum</strong></span> <span class='ocrx_word' id='word_1_729' title='bbox 2602 4634 2776 4681; x_wconf 90' lang='lat' dir='ltr'><strong>suum,</strong></span> <span class='ocrx_word' id='word_1_730' title='bbox 2802 4626 2850 4671; x_wconf 86' lang='lat' dir='ltr'><strong>et</strong></span> <span class='ocrx_word' id='word_1_731' title='bbox 2876 4615 3085 4670; x_wconf 78' lang='lat' dir='ltr'><strong>odibilis</strong></span> <span class='ocrx_word' id='word_1_732' title='bbox 3105 4613 3352 4685; x_wconf 76' lang='lat' dir='ltr'><strong>efﬁcitur,</strong></span> <span class='ocrx_word' id='word_1_733' title='bbox 3374 4611 3445 4664; x_wconf 88' lang='lat' dir='ltr'><strong>ita</strong></span> <span class='ocrx_word' id='word_1_734' title='bbox 3475 4608 3655 4663; x_wconf 84' lang='lat' dir='ltr'><strong>stultus</strong></span> <span class='ocrx_word' id='word_1_735' title='bbox 3690 4623 3779 4660; x_wconf 84' lang='lat' dir='ltr'><strong>sua</strong></span> <span class='ocrx_word' id='word_1_736' title='bbox 3810 4622 3913 4659; x_wconf 75' lang='lat' dir='ltr'><strong>ma-</strong></span> 
     </span>
    </p>
   </div>
   <div class='ocr_carea' id='block_1_91' title="bbox 616 4685 3913 4780">
    <p class='ocr_par' dir='ltr' id='par_1_91' title="bbox 616 4685 3913 4780">
     <span class='ocr_line' id='line_1_91' title="bbox 616 4685 3913 4780; baseline -0.001 -26"><span class='ocrx_word' id='word_1_737' title='bbox 616 4704 742 4772; x_wconf 89' lang='lat' dir='ltr'><strong>quia</strong></span> <span class='ocrx_word' id='word_1_738' title='bbox 788 4702 1015 4758; x_wconf 88' lang='lat' dir='ltr'><strong>tutelam</strong></span> <span class='ocrx_word' id='word_1_739' title='bbox 1070 4685 1226 4758; x_wconf 84' lang='lat' dir='ltr'><strong>nobis</strong></span> <span class='ocrx_word' id='word_1_740' title='bbox 1272 4704 1344 4759; x_wconf 89' lang='lat' dir='ltr'><strong>sit</strong></span> <span class='ocrx_word' id='word_1_741' title='bbox 1386 4706 1638 4776; x_wconf 66' lang='lat' dir='ltr'><strong>praebens</strong></span> <span class='ocrx_word' id='word_1_742' title='bbox 1680 4706 1861 4761; x_wconf 87' lang='lat' dir='ltr'><strong>divina</strong></span> <span class='ocrx_word' id='word_1_743' title='bbox 1912 4710 2226 4765; x_wconf 88' lang='lat' dir='ltr'><strong>clementia.</strong></span> <span class='ocrx_word' id='word_1_744' title='bbox 2259 4704 2314 4764; x_wconf 89' lang='lat' dir='ltr'><strong>D</strong></span> <span class='ocrx_word' id='word_1_745' title='bbox 2340 4716 2455 4771; x_wconf 67' lang='lat' dir='ltr'><strong>licia</strong></span> <span class='ocrx_word' id='word_1_746' title='bbox 2481 4729 2757 4769; x_wconf 83' lang='lat' dir='ltr'><strong>conversus</strong></span> <span class='ocrx_word' id='word_1_747' title='bbox 2794 4711 2864 4765; x_wconf 91' lang='lat' dir='ltr'><strong>ad</strong></span> <span class='ocrx_word' id='word_1_748' title='bbox 2906 4725 3055 4765; x_wconf 87' lang='lat' dir='ltr'><strong>suum</strong></span> <span class='ocrx_word' id='word_1_749' title='bbox 3096 4715 3362 4780; x_wconf 86' lang='lat' dir='ltr'><strong>peccatum</strong></span> <span class='ocrx_word' id='word_1_750' title='bbox 3402 4701 3560 4773; x_wconf 88' lang='lat' dir='ltr'><strong>(Ibid.</strong></span> <span class='ocrx_word' id='word_1_751' title='bbox 3606 4702 3727 4770; x_wconf 86' lang='lat' dir='ltr'><strong>ll);</strong></span> <span class='ocrx_word' id='word_1_752' title='bbox 3758 4700 3825 4754; x_wconf 88' lang='lat' dir='ltr'><strong>de</strong></span> <span class='ocrx_word' id='word_1_753' title='bbox 3865 4710 3913 4752; x_wconf 84' lang='lat' dir='ltr'><strong>te</strong></span> 
     </span>
    </p>
   </div>
   <div class='ocr_carea' id='block_1_92' title="bbox 619 4796 2230 4875">
    <p class='ocr_par' dir='ltr' id='par_1_92' title="bbox 619 4796 2230 4875">
     <span class='ocr_line' id='line_1_92' title="bbox 619 4796 2230 4875; baseline 0.007 -24"><span class='ocrx_word' id='word_1_754' title='bbox 619 4796 860 4853; x_wconf 80' lang='lat' dir='ltr'><strong>Tcntasti</strong></span> <span class='ocrx_word' id='word_1_755' title='bbox 885 4798 1123 4870; x_wconf 87' lang='lat' dir='ltr'><strong>denique</strong></span> <span class='ocrx_word' id='word_1_756' title='bbox 1154 4801 1418 4870; x_wconf 88' lang='lat' dir='ltr'><strong>pestilens</strong></span> <span class='ocrx_word' id='word_1_757' title='bbox 1440 4800 1624 4858; x_wconf 83' lang='lat' dir='ltr'><strong>facere</strong></span> <span class='ocrx_word' id='word_1_758' title='bbox 1647 4817 1748 4857; x_wconf 92' lang='lat' dir='ltr'><strong>nos</strong></span> <span class='ocrx_word' id='word_1_759' title='bbox 1777 4806 2230 4875; x_wconf 89' lang='lat' dir='ltr'><strong>compestileutes</strong></span> 
     </span>
    </p>
   </div>
   <div class='ocr_carea' id='block_1_93' title="bbox 615 4890 2230 4965">
    <p class='ocr_par' dir='ltr' id='par_1_93' title="bbox 615 4890 2230 4965">
     <span class='ocr_line' id='line_1_93' title="bbox 615 4890 2230 4965; baseline 0.006 -20"><span class='ocrx_word' id='word_1_760' title='bbox 615 4898 777 4955; x_wconf 87' lang='lat' dir='ltr'><strong>tuos;</strong></span> <span class='ocrx_word' id='word_1_761' title='bbox 812 4890 909 4944; x_wconf 89' lang='lat' dir='ltr'><strong>sed</strong></span> <span class='ocrx_word' id='word_1_762' title='bbox 949 4891 1070 4957; x_wconf 90' lang='lat' dir='ltr'><strong>ille,</strong></span> <span class='ocrx_word' id='word_1_763' title='bbox 1101 4894 1187 4946; x_wconf 91' lang='lat' dir='ltr'><strong>cui</strong></span> <span class='ocrx_word' id='word_1_764' title='bbox 1232 4892 1401 4949; x_wconf 84' lang='lat' dir='ltr'><strong>dicati</strong></span> <span class='ocrx_word' id='word_1_765' title='bbox 1448 4895 1718 4965; x_wconf 89' lang='lat' dir='ltr'><strong>vivimus,</strong></span> <span class='ocrx_word' id='word_1_766' title='bbox 1753 4910 1861 4958; x_wconf 90' lang='lat' dir='ltr'><strong>non</strong></span> <span class='ocrx_word' id='word_1_767' title='bbox 1904 4899 2033 4952; x_wconf 87' lang='lat' dir='ltr'><strong>sivit</strong></span> <span class='ocrx_word' id='word_1_768' title='bbox 2082 4911 2104 4939; x_wconf 80' lang='grc' dir='ltr'><strong>ο</strong></span> <span class='ocrx_word' id='word_1_769' title='bbox 2138 4910 2230 4954; x_wconf 90' lang='lat' dir='ltr'><strong>tua</strong></span> 
     </span>
    </p>
   </div>
   <div class='ocr_carea' id='block_1_94' title="bbox 613 4984 2229 5065">
    <p class='ocr_par' dir='ltr' id='par_1_94' title="bbox 613 4984 2229 5065">
     <span class='ocr_line' id='line_1_94' title="bbox 613 4984 2229 5065; baseline 0.006 -26"><span class='ocrx_word' id='word_1_770' title='bbox 613 4992 954 5041; x_wconf 89' lang='lat' dir='ltr'><strong>tentamenta</strong></span> <span class='ocrx_word' id='word_1_771' title='bbox 997 4984 1151 5040; x_wconf 87' lang='lat' dir='ltr'><strong>adire</strong></span> <span class='ocrx_word' id='word_1_772' title='bbox 1190 4986 1358 5041; x_wconf 87' lang='lat' dir='ltr'><strong>corda</strong></span> <span class='ocrx_word' id='word_1_773' title='bbox 1384 4999 1532 5045; x_wconf 89' lang='lat' dir='ltr'><strong>recta</strong></span> <span class='ocrx_word' id='word_1_774' title='bbox 1554 5007 1581 5065; x_wconf 34' lang='grc' dir='ltr'><strong>,ε</strong></span> <span class='ocrx_word' id='word_1_775' title='bbox 1622 4990 1875 5062; x_wconf 78' lang='lat' dir='ltr'><strong>suggerit</strong></span> <span class='ocrx_word' id='word_1_776' title='bbox 1907 4992 2054 5046; x_wconf 90' lang='lat' dir='ltr'><strong>enim</strong></span> <span class='ocrx_word' id='word_1_777' title='bbox 2088 4994 2229 5049; x_wconf 86' lang='lat' dir='ltr'><strong>scri-</strong></span> 
     </span>
    </p>
   </div>
   <div class='ocr_carea' id='block_1_95' title="bbox 686 5149 2086 5222">
    <p class='ocr_par' dir='ltr' id='par_1_95' title="bbox 686 5149 2086 5222">
     <span class='ocr_line' id='line_1_95' title="bbox 686 5149 2086 5222; baseline 0 -15"><span class='ocrx_word' id='word_1_778' title='bbox 686 5161 712 5189; x_wconf 68' lang='grc' dir='ltr'>«ι</span> <span class='ocrx_word' id='word_1_779' title='bbox 740 5150 902 5207; x_wconf 81' lang='lat' dir='ltr'><strong>Vers.</strong></span> <span class='ocrx_word' id='word_1_780' title='bbox 937 5149 1222 5222; x_wconf 46' lang='lat' dir='ltr'><strong>AntrNon</strong></span> <span class='ocrx_word' id='word_1_781' title='bbox 1250 5151 1411 5205; x_wconf 86' lang='lat' dir='ltr'><strong>distat</strong></span> <span class='ocrx_word' id='word_1_782' title='bbox 1438 5151 1519 5205; x_wconf 85' lang='lat' dir='ltr'><strong>ira</strong></span> <span class='ocrx_word' id='word_1_783' title='bbox 1542 5151 1675 5222; x_wconf 78' lang='lat' dir='ltr'><strong>regis</strong></span> <span class='ocrx_word' id='word_1_784' title='bbox 1700 5151 1765 5205; x_wconf 85' lang='lat' dir='ltr'><strong>ab</strong></span> <span class='ocrx_word' id='word_1_785' title='bbox 1789 5152 1870 5205; x_wconf 91' lang='lat' dir='ltr'><strong>ira</strong></span> <span class='ocrx_word' id='word_1_786' title='bbox 1902 5151 2086 5207; x_wconf 87' lang='lat' dir='ltr'><strong>leonis.</strong></span> 
     </span>
    </p>
   </div>
   <div class='ocr_carea' id='block_1_96' title="bbox 684 5221 2224 5287">
    <p class='ocr_par' dir='ltr' id='par_1_96' title="bbox 684 5221 2224 5287">
     <span class='ocr_line' id='line_1_96' title="bbox 684 5221 2224 5287; baseline 0 -9"><span class='ocrx_word' id='word_1_787' title='bbox 684 5222 714 5261; x_wconf 69' lang='grc' dir='ltr'><strong>ιι</strong></span> <span class='ocrx_word' id='word_1_788' title='bbox 746 5224 852 5278; x_wconf 84' lang='lat' dir='ltr'><strong>Pro</strong></span> <span class='ocrx_word' id='word_1_789' title='bbox 876 5223 1037 5277; x_wconf 87' lang='lat' dir='ltr'><strong>armis</strong></span> <span class='ocrx_word' id='word_1_790' title='bbox 1068 5221 1159 5278; x_wconf 88' lang='lat' dir='ltr'><strong>Dei</strong></span> <span class='ocrx_word' id='word_1_791' title='bbox 1186 5223 1377 5287; x_wconf 86' lang='lat' dir='ltr'><strong>induti,</strong></span> <span class='ocrx_word' id='word_1_792' title='bbox 1408 5222 1463 5277; x_wconf 91' lang='lat' dir='ltr'><strong>in</strong></span> <span class='ocrx_word' id='word_1_793' title='bbox 1490 5221 1799 5279; x_wconf 85' lang='lat' dir='ltr'><strong>accusativo</strong></span> <span class='ocrx_word' id='word_1_794' title='bbox 1827 5240 1980 5280; x_wconf 89' lang='lat' dir='ltr'><strong>more</strong></span> <span class='ocrx_word' id='word_1_795' title='bbox 2000 5224 2224 5279; x_wconf 77' lang='lat' dir='ltr'><strong>Grzeco-</strong></span> 
     </span>
    </p>
   </div>
   <div class='ocr_carea' id='block_1_97' title="bbox 614 5294 2227 5372">
    <p class='ocr_par' dir='ltr' id='par_1_97' title="bbox 614 5294 2227 5372">
     <span class='ocr_line' id='line_1_97' title="bbox 614 5294 2227 5372; baseline 0.002 -24"><span class='ocrx_word' id='word_1_796' title='bbox 614 5310 756 5372; x_wconf 80' lang='lat' dir='ltr'><strong>rum.</strong></span> <span class='ocrx_word' id='word_1_797' title='bbox 791 5294 893 5349; x_wconf 87' lang='lat' dir='ltr'><strong>Til.</strong></span> <span class='ocrx_word' id='word_1_798' title='bbox 939 5295 1220 5372; x_wconf 64' lang='lat' dir='ltr'><strong>Poeticum</strong></span> <span class='ocrx_word' id='word_1_799' title='bbox 1249 5305 1352 5372; x_wconf 68' lang='lat' dir='ltr'><strong>est.</strong></span> <span class='ocrx_word' id='word_1_800' title='bbox 1396 5295 1597 5372; x_wconf 81' lang='lat' dir='ltr'><strong>Iterum</strong></span> <span class='ocrx_word' id='word_1_801' title='bbox 1623 5294 1733 5361; x_wconf 91' lang='lat' dir='ltr'><strong>ait,</strong></span> <span class='ocrx_word' id='word_1_802' title='bbox 1765 5309 2037 5366; x_wconf 87' lang='lat' dir='ltr'><strong>coapertus</strong></span> <span class='ocrx_word' id='word_1_803' title='bbox 2069 5297 2227 5372; x_wconf 86' lang='lat' dir='ltr'><strong>judi-</strong></span> 
     </span>
    </p>
   </div>
   <div class='ocr_carea' id='block_1_98' title="bbox 612 5365 1473 5439">
    <p class='ocr_par' dir='ltr' id='par_1_98' title="bbox 612 5365 1473 5439">
     <span class='ocr_line' id='line_1_98' title="bbox 612 5365 1473 5439; baseline 0.001 -20"><span class='ocrx_word' id='word_1_804' title='bbox 612 5367 788 5439; x_wconf 73' lang='lat' dir='ltr'><strong>cium,</strong></span> <span class='ocrx_word' id='word_1_805' title='bbox 806 5382 904 5435; x_wconf 88' lang='lat' dir='ltr'><strong>pro</strong></span> <span class='ocrx_word' id='word_1_806' title='bbox 921 5365 1146 5439; x_wconf 60' lang='lat' dir='ltr'><strong>judicio.</strong></span> <span class='ocrx_word' id='word_1_807' title='bbox 1177 5366 1251 5421; x_wconf 89' lang='lat' dir='ltr'><strong>La</strong></span> <span class='ocrx_word' id='word_1_808' title='bbox 1280 5367 1473 5422; x_wconf 88' lang='lat' dir='ltr'><strong>Cerda.</strong></span> 
     </span>
    </p>
   </div>
   <div class='ocr_carea' id='block_1_99' title="bbox 684 5434 2228 5505">
    <p class='ocr_par' dir='ltr' id='par_1_99' title="bbox 684 5434 2228 5505">
     <span class='ocr_line' id='line_1_99' title="bbox 684 5434 2228 5505; baseline 0.001 -12"><span class='ocrx_word' id='word_1_809' title='bbox 684 5450 706 5478; x_wconf 76' lang='grc' dir='ltr'>ο</span> <span class='ocrx_word' id='word_1_810' title='bbox 740 5438 792 5493; x_wconf 90' lang='lat' dir='ltr'><strong>Id</strong></span> <span class='ocrx_word' id='word_1_811' title='bbox 820 5434 937 5503; x_wconf 62' lang='lat' dir='ltr'><strong>est,</strong></span> <span class='ocrx_word' id='word_1_812' title='bbox 957 5434 1121 5501; x_wconf 84' lang='lat' dir='ltr'><strong>Deus,</strong></span> <span class='ocrx_word' id='word_1_813' title='bbox 1149 5441 1230 5491; x_wconf 86' lang='lat' dir='ltr'><strong>cui</strong></span> <span class='ocrx_word' id='word_1_814' title='bbox 1267 5438 1429 5492; x_wconf 87' lang='lat' dir='ltr'><strong>dicati</strong></span> <span class='ocrx_word' id='word_1_815' title='bbox 1458 5440 1706 5505; x_wconf 85' lang='lat' dir='ltr'><strong>vivimus,</strong></span> <span class='ocrx_word' id='word_1_816' title='bbox 1741 5456 1846 5493; x_wconf 88' lang='lat' dir='ltr'><strong>non</strong></span> <span class='ocrx_word' id='word_1_817' title='bbox 1878 5442 2110 5504; x_wconf 84' lang='lat' dir='ltr'><strong>permisit</strong></span> <span class='ocrx_word' id='word_1_818' title='bbox 2138 5457 2228 5494; x_wconf 88' lang='lat' dir='ltr'><strong>co-</strong></span> 
     </span>
    </p>
   </div>
   <div class='ocr_carea' id='block_1_100' title="bbox 610 5510 2229 5583">
    <p class='ocr_par' dir='ltr' id='par_1_100' title="bbox 610 5510 2229 5583">
     <span class='ocr_line' id='line_1_100' title="bbox 610 5510 2229 5583; baseline 0.003 -22"><span class='ocrx_word' id='word_1_819' title='bbox 610 5522 763 5565; x_wconf 87' lang='lat' dir='ltr'><strong>natus</strong></span> <span class='ocrx_word' id='word_1_820' title='bbox 792 5520 907 5565; x_wconf 88' lang='lat' dir='ltr'><strong>tuos</strong></span> <span class='ocrx_word' id='word_1_821' title='bbox 935 5510 1209 5583; x_wconf 79' lang='lat' dir='ltr'><strong>pestiferos</strong></span> <span class='ocrx_word' id='word_1_822' title='bbox 1236 5511 1435 5581; x_wconf 87' lang='lat' dir='ltr'><strong>ingredi</strong></span> <span class='ocrx_word' id='word_1_823' title='bbox 1461 5510 1620 5565; x_wconf 90' lang='lat' dir='ltr'><strong>corda</strong></span> <span class='ocrx_word' id='word_1_824' title='bbox 1647 5523 1847 5577; x_wconf 86' lang='lat' dir='ltr'><strong>nostra;</strong></span> <span class='ocrx_word' id='word_1_825' title='bbox 1872 5513 2111 5566; x_wconf 81' lang='lat' dir='ltr'><strong>liberavit</strong></span> <span class='ocrx_word' id='word_1_826' title='bbox 2133 5528 2229 5567; x_wconf 91' lang='lat' dir='ltr'><strong>nos</strong></span> 
     </span>
    </p>
   </div>
   <div class='ocr_carea' id='block_1_101' title="bbox 612 5582 2224 5708">
    <p class='ocr_par' dir='ltr' id='par_1_101' title="bbox 612 5582 2224 5708">
     <span class='ocr_line' id='line_1_101' title="bbox 612 5582 2224 5708; baseline 0.004 -76"><span class='ocrx_word' id='word_1_827' title='bbox 612 5584 827 5708; x_wconf 37' lang='lat' dir='ltr'><strong>aiam?!</strong></span> <span class='ocrx_word' id='word_1_828' title='bbox 840 5582 1111 5636; x_wconf 79' lang='lat' dir='ltr'><strong>conatibus</strong></span> <span class='ocrx_word' id='word_1_829' title='bbox 1143 5584 1269 5647; x_wconf 87' lang='lat' dir='ltr'><strong>tuis;</strong></span> <span class='ocrx_word' id='word_1_830' title='bbox 1300 5583 1388 5637; x_wconf 91' lang='lat' dir='ltr'><strong>ubi</strong></span> <span class='ocrx_word' id='word_1_831' title='bbox 1420 5592 1729 5638; x_wconf 87' lang='lat' dir='ltr'><strong>tentamenta</strong></span> <span class='ocrx_word' id='word_1_832' title='bbox 1761 5599 1859 5654; x_wconf 89' lang='lat' dir='ltr'><strong>pro</strong></span> <span class='ocrx_word' id='word_1_833' title='bbox 1888 5594 2106 5639; x_wconf 89' lang='lat' dir='ltr'><strong>conatus</strong></span> <span class='ocrx_word' id='word_1_834' title='bbox 2136 5582 2224 5638; x_wconf 90' lang='lat' dir='ltr'><strong>di-</strong></span> 
     </span>
     <span class='ocr_line' id='line_1_102' title="bbox 619 5664 847 5707; baseline 0.009 -2"><span class='ocrx_word' id='word_1_835' title='bbox 619 5664 647 5705; x_wconf 90' lang='lat' dir='ltr'><strong>c</strong></span> <span class='ocrx_word' id='word_1_836' title='bbox 674 5665 709 5707; x_wconf 90' lang='lat' dir='ltr'><strong>t.</strong></span> <span class='ocrx_word' id='word_1_837' title='bbox 788 5672 805 5706; x_wconf 79' lang='grc' dir='ltr'><strong>ι</strong></span> <span class='ocrx_word' id='word_1_838' title='bbox 833 5694 847 5707; x_wconf 92' lang='grc'><strong>.</strong></span> 
     </span>
    </p>
   </div>
   <div class='ocr_carea' id='block_1_102' title="bbox 619 5656 847 5707">
    <p class='ocr_par' dir='ltr' id='par_1_102' title="bbox 619 5656 847 5707">
     <span class='ocr_line' id='line_1_103' title="bbox 619 5656 847 5707; baseline 0.009 -2"><span class='ocrx_word' id='word_1_839' title='bbox 619 5656 709 5707; x_wconf 89' lang='lat' dir='ltr'><strong>cit.</strong></span> <span class='ocrx_word' id='word_1_840' title='bbox 742 5656 847 5707; x_wconf 83' lang='lat' dir='ltr'><strong>Til.</strong></span> 
     </span>
    </p>
   </div>
   <div class='ocr_carea' id='block_1_103' title="bbox 685 5723 1425 5797">
    <p class='ocr_par' dir='ltr' id='par_1_103' title="bbox 685 5723 1425 5797">
     <span class='ocr_line' id='line_1_104' title="bbox 685 5723 1425 5797; baseline 0.004 -21"><span class='ocrx_word' id='word_1_841' title='bbox 685 5723 713 5761; x_wconf 77' lang='grc' dir='ltr'>ά</span> <span class='ocrx_word' id='word_1_842' title='bbox 746 5725 829 5797; x_wconf 69' lang='lat' dir='ltr'><strong>Ne</strong></span> <span class='ocrx_word' id='word_1_843' title='bbox 858 5742 1045 5791; x_wconf 82' lang='lat' dir='ltr'><strong>cesses,</strong></span> <span class='ocrx_word' id='word_1_844' title='bbox 1075 5726 1204 5797; x_wconf 90' lang='lat' dir='ltr'><strong>legit</strong></span> <span class='ocrx_word' id='word_1_845' title='bbox 1239 5723 1425 5781; x_wconf 85' lang='lat' dir='ltr'><strong>Sabat.</strong></span> 
     </span>
    </p>
   </div>
   <div class='ocr_carea' id='block_1_104' title="bbox 684 5796 1245 5853">
    <p class='ocr_par' dir='ltr' id='par_1_104' title="bbox 684 5796 1245 5853">
     <span class='ocr_line' id='line_1_105' title="bbox 684 5796 1245 5853; baseline 0.002 0"><span class='ocrx_word' id='word_1_846' title='bbox 684 5796 710 5832; x_wconf 62' lang='grc' dir='ltr'>ε</span> <span class='ocrx_word' id='word_1_847' title='bbox 745 5796 1037 5853; x_wconf 86' lang='lat' dir='ltr'><strong>Subveniri.</strong></span> <span class='ocrx_word' id='word_1_848' title='bbox 1068 5796 1245 5853; x_wconf 83' lang='lat' dir='ltr'><strong>Latin.</strong></span> 
     </span>
    </p>
   </div>
   <div class='ocr_carea' id='block_1_105' title="bbox 690 5867 1064 5922">
    <p class='ocr_par' dir='ltr' id='par_1_105' title="bbox 690 5867 1064 5922">
     <span class='ocr_line' id='line_1_106' title="bbox 690 5867 1064 5922; baseline 0 0"><span class='ocrx_word' id='word_1_849' title='bbox 690 5867 705 5904; x_wconf 79' lang='grc'><em>¹</em></span> <span class='ocrx_word' id='word_1_850' title='bbox 740 5868 952 5922; x_wconf 86' lang='lat' dir='ltr'><strong>Timeri.</strong></span> <span class='ocrx_word' id='word_1_851' title='bbox 988 5868 1064 5922; x_wconf 85' lang='lat' dir='ltr'><strong>Id.</strong></span> 
     </span>
    </p>
   </div>
   <div class='ocr_carea' id='block_1_106' title="bbox 680 5938 2216 6015">
    <p class='ocr_par' dir='ltr' id='par_1_106' title="bbox 680 5938 2216 6015">
     <span class='ocr_line' id='line_1_107' title="bbox 680 5938 2216 6015; baseline 0.005 -24"><span class='ocrx_word' id='word_1_852' title='bbox 680 5946 703 5985; x_wconf 70' lang='grc' dir='ltr'><strong><em>Β</em></strong></span> <span class='ocrx_word' id='word_1_853' title='bbox 739 5938 979 5995; x_wconf 75' lang='lat' dir='ltr'><strong>Meliore:</strong></span> <span class='ocrx_word' id='word_1_854' title='bbox 1028 5940 1295 6011; x_wconf 90' lang='lat' dir='ltr'><strong>parebunt.</strong></span> <span class='ocrx_word' id='word_1_855' title='bbox 1360 5941 1437 5997; x_wconf 85' lang='lat' dir='ltr'><strong>Id.</strong></span> <span class='ocrx_word' id='word_1_856' title='bbox 1509 5957 1630 5997; x_wconf 75' lang='lat' dir='ltr'><strong>cum</strong></span> <span class='ocrx_word' id='word_1_857' title='bbox 1690 5944 1916 6015; x_wconf 74' lang='lat' dir='ltr'><strong>Gneco,</strong></span> <span class='ocrx_word' id='word_1_858' title='bbox 1980 5945 2216 6006; x_wconf 61' lang='grc' dir='ltr'><strong>ηελφὶους</strong></span> 
     </span>
    </p>
   </div>
   <div class='ocr_carea' id='block_1_107' title="bbox 2341 4795 3913 4880">
    <p class='ocr_par' dir='ltr' id='par_1_107' title="bbox 2341 4795 3913 4880">
     <span class='ocr_line' id='line_1_108' title="bbox 2341 4795 3913 4880; baseline -0.01 -16"><span class='ocrx_word' id='word_1_859' title='bbox 2341 4808 2655 4880; x_wconf 75' lang='lat' dir='ltr'><strong>Specialiter</strong></span> <span class='ocrx_word' id='word_1_860' title='bbox 2691 4806 2898 4860; x_wconf 89' lang='lat' dir='ltr'><strong>dictum</strong></span> <span class='ocrx_word' id='word_1_861' title='bbox 2934 4802 3141 4874; x_wconf 86' lang='lat' dir='ltr'><strong>judico.</strong></span> <span class='ocrx_word' id='word_1_862' title='bbox 3167 4799 3380 4867; x_wconf 87' lang='lat' dir='ltr'><strong>Quare?</strong></span> <span class='ocrx_word' id='word_1_863' title='bbox 3407 4796 3606 4868; x_wconf 87' lang='lat' dir='ltr'><strong>inquis;</strong></span> <span class='ocrx_word' id='word_1_864' title='bbox 3633 4795 3749 4866; x_wconf 87' lang='lat' dir='ltr'><strong>quia</strong></span> <span class='ocrx_word' id='word_1_865' title='bbox 3777 4795 3913 4849; x_wconf 89' lang='lat' dir='ltr'><strong>litte-</strong></span> 
     </span>
    </p>
   </div>
   <div class='ocr_carea' id='block_1_108' title="bbox 2341 4888 3913 4969">
    <p class='ocr_par' dir='ltr' id='par_1_108' title="bbox 2341 4888 3913 4969">
     <span class='ocr_line' id='line_1_109' title="bbox 2341 4888 3913 4969; baseline -0.01 -12"><span class='ocrx_word' id='word_1_866' title='bbox 2341 4904 2419 4958; x_wconf 91' lang='lat' dir='ltr'><strong>ris</strong></span> <span class='ocrx_word' id='word_1_867' title='bbox 2455 4898 2475 4938; x_wconf 84' lang='grc' dir='ltr'>ι</span> <span class='ocrx_word' id='word_1_868' title='bbox 2510 4899 2619 4953; x_wconf 89' lang='lat' dir='ltr'><strong>tuis</strong></span> <span class='ocrx_word' id='word_1_869' title='bbox 2641 4898 2836 4969; x_wconf 89' lang='lat' dir='ltr'><strong>jurasti</strong></span> <span class='ocrx_word' id='word_1_870' title='bbox 2870 4892 3249 4951; x_wconf 79' lang='lat' dir='ltr'><strong>Alexandrinis</strong></span> <span class='ocrx_word' id='word_1_871' title='bbox 3278 4892 3408 4946; x_wconf 87' lang='lat' dir='ltr'><strong>nihil</strong></span> <span class='ocrx_word' id='word_1_872' title='bbox 3439 4898 3488 4945; x_wconf 90' lang='lat' dir='ltr'><strong>te</strong></span> <span class='ocrx_word' id='word_1_873' title='bbox 3520 4889 3642 4944; x_wconf 89' lang='lat' dir='ltr'><strong>mali</strong></span> <span class='ocrx_word' id='word_1_874' title='bbox 3667 4888 3913 4959; x_wconf 86' lang='lat' dir='ltr'><strong>deinceps</strong></span> 
     </span>
    </p>
   </div>
   <div class='ocr_carea' id='block_1_109' title="bbox 2342 4981 3912 5058">
    <p class='ocr_par' dir='ltr' id='par_1_109' title="bbox 2342 4981 3912 5058">
     <span class='ocr_line' id='line_1_110' title="bbox 2342 4981 3912 5058; baseline -0.011 -10"><span class='ocrx_word' id='word_1_875' title='bbox 2342 4995 2611 5049; x_wconf 83' lang='lat' dir='ltr'><strong>facturum</strong></span> <span class='ocrx_word' id='word_1_876' title='bbox 2641 4990 2960 5058; x_wconf 82' lang='lat' dir='ltr'><strong>Athanasio,</strong></span> <span class='ocrx_word' id='word_1_877' title='bbox 2984 4997 3039 5045; x_wconf 90' lang='lat' dir='ltr'><strong>et</strong></span> <span class='ocrx_word' id='word_1_878' title='bbox 3061 5000 3205 5043; x_wconf 89' lang='lat' dir='ltr'><strong>nunc</strong></span> <span class='ocrx_word' id='word_1_879' title='bbox 3230 4986 3423 5057; x_wconf 72' lang='lat' dir='ltr'><strong>qurcris</strong></span> <span class='ocrx_word' id='word_1_880' title='bbox 3448 4997 3567 5038; x_wconf 90' lang='lat' dir='ltr'><strong>eum</strong></span> <span class='ocrx_word' id='word_1_881' title='bbox 3595 4981 3912 5037; x_wconf 77' lang='lat' dir='ltr'><strong>interﬁcere.</strong></span> 
     </span>
    </p>
   </div>
   <div class='ocr_carea' id='block_1_110' title="bbox 2329 5174 3909 5291">
    <p class='ocr_par' dir='ltr' id='par_1_110' title="bbox 2329 5174 3909 5291">
     <span class='ocr_line' id='line_1_111' title="bbox 2329 5174 3909 5291; baseline -0.008 -13"><span class='ocrx_word' id='word_1_882' title='bbox 2329 5174 2737 5278; x_wconf 41' lang='lat' dir='ltr'><strong>“fmiliae,”</strong></span> <span class='ocrx_word' id='word_1_883' title='bbox 2772 5220 2903 5277; x_wconf 90' lang='lat' dir='ltr'><strong>dicit</strong></span> <span class='ocrx_word' id='word_1_884' title='bbox 2932 5233 3028 5291; x_wconf 90' lang='lat' dir='ltr'><strong>pro</strong></span> <span class='ocrx_word' id='word_1_885' title='bbox 3054 5227 3349 5275; x_wconf 87' lang='lat' dir='ltr'><strong>contentum</strong></span> <span class='ocrx_word' id='word_1_886' title='bbox 3382 5234 3508 5281; x_wconf 87' lang='lat' dir='ltr'><strong>esse,</strong></span> <span class='ocrx_word' id='word_1_887' title='bbox 3540 5215 3617 5270; x_wconf 87' lang='lat' dir='ltr'><strong>vel</strong></span> <span class='ocrx_word' id='word_1_888' title='bbox 3646 5214 3909 5267; x_wconf 84' lang='lat' dir='ltr'><strong>contineri.</strong></span> 
     </span>
    </p>
   </div>
   <div class='ocr_carea' id='block_1_111' title="bbox 2338 5296 2746 5352">
    <p class='ocr_par' dir='ltr' id='par_1_111' title="bbox 2338 5296 2746 5352">
     <span class='ocr_line' id='line_1_112' title="bbox 2338 5296 2746 5352; baseline -0.015 0"><span class='ocrx_word' id='word_1_889' title='bbox 2338 5296 2449 5352; x_wconf 77' lang='lat' dir='ltr'><strong>&#39;l‘il.</strong></span> <span class='ocrx_word' id='word_1_890' title='bbox 2482 5306 2533 5349; x_wconf 90' lang='lat' dir='ltr'><strong>et</strong></span> <span class='ocrx_word' id='word_1_891' title='bbox 2569 5296 2746 5350; x_wconf 84' lang='lat' dir='ltr'><strong>Latin.</strong></span> 
     </span>
    </p>
   </div>
   <div class='ocr_carea' id='block_1_112' title="bbox 2413 5359 3913 5441">
    <p class='ocr_par' dir='ltr' id='par_1_112' title="bbox 2413 5359 3913 5441">
     <span class='ocr_line' id='line_1_113' title="bbox 2413 5359 3913 5441; baseline -0.009 -17"><span class='ocrx_word' id='word_1_892' title='bbox 2413 5367 2427 5404; x_wconf 79' lang='grc' dir='ltr'><strong>ί</strong></span> <span class='ocrx_word' id='word_1_893' title='bbox 2462 5367 2678 5423; x_wconf 87' lang='lat' dir='ltr'><strong>Clarius</strong></span> <span class='ocrx_word' id='word_1_894' title='bbox 2707 5366 2921 5430; x_wconf 78' lang='lat' dir='ltr'><strong>fuisset,</strong></span> <span class='ocrx_word' id='word_1_895' title='bbox 2949 5365 2993 5441; x_wconf 82' lang='lat' dir='ltr'><strong>si</strong></span> <span class='ocrx_word' id='word_1_896' title='bbox 3022 5364 3278 5427; x_wconf 78' lang='lat' dir='ltr'><strong>dixisset,</strong></span> <span class='ocrx_word' id='word_1_897' title='bbox 3312 5372 3357 5417; x_wconf 85' lang='lat' dir='ltr'><strong>et</strong></span> <span class='ocrx_word' id='word_1_898' title='bbox 3386 5368 3560 5415; x_wconf 88' lang='lat' dir='ltr'><strong>contra</strong></span> <span class='ocrx_word' id='word_1_899' title='bbox 3595 5367 3640 5412; x_wconf 88' lang='lat' dir='ltr'><strong>te</strong></span> <span class='ocrx_word' id='word_1_900' title='bbox 3668 5359 3913 5441; x_wconf 71' lang='lat' dir='ltr'><strong>superbus</strong></span> 
     </span>
    </p>
   </div>
   <div class='ocr_carea' id='block_1_113' title="bbox 2336 5431 3907 5506">
    <p class='ocr_par' dir='ltr' id='par_1_113' title="bbox 2336 5431 3907 5506">
     <span class='ocr_line' id='line_1_114' title="bbox 2336 5431 3907 5506; baseline -0.008 -10"><span class='ocrx_word' id='word_1_901' title='bbox 2336 5441 2640 5496; x_wconf 74' lang='lat' dir='ltr'><strong>exstitissem</strong></span> <span class='ocrx_word' id='word_1_902' title='bbox 2665 5455 2683 5492; x_wconf 93' lang='lat'><em>:</em></span> <span class='ocrx_word' id='word_1_903' title='bbox 2708 5453 2895 5493; x_wconf 90' lang='lat' dir='ltr'><strong>verum</strong></span> <span class='ocrx_word' id='word_1_904' title='bbox 2919 5438 2997 5491; x_wconf 94' lang='lat' dir='ltr'><strong>sic</strong></span> <span class='ocrx_word' id='word_1_905' title='bbox 3019 5448 3390 5506; x_wconf 64' lang='lat' dir='ltr'><strong>sarpenumero</strong></span> <span class='ocrx_word' id='word_1_906' title='bbox 3417 5432 3704 5502; x_wconf 88' lang='lat' dir='ltr'><strong>transponit</strong></span> <span class='ocrx_word' id='word_1_907' title='bbox 3730 5431 3907 5492; x_wconf 78' lang='lat' dir='ltr'><strong>verba,</strong></span> 
     </span>
    </p>
   </div>
   <div class='ocr_carea' id='block_1_114' title="bbox 2339 5507 3834 5583">
    <p class='ocr_par' dir='ltr' id='par_1_114' title="bbox 2339 5507 3834 5583">
     <span class='ocr_line' id='line_1_115' title="bbox 2339 5507 3834 5583; baseline 0.001 -15"><span class='ocrx_word' id='word_1_908' title='bbox 2339 5524 2393 5568; x_wconf 90' lang='lat' dir='ltr'><strong>et</strong></span> <span class='ocrx_word' id='word_1_909' title='bbox 2420 5514 2663 5580; x_wconf 90' lang='lat' dir='ltr'><strong>implicat</strong></span> <span class='ocrx_word' id='word_1_910' title='bbox 2694 5510 2981 5583; x_wconf 90' lang='lat' dir='ltr'><strong>dictiones.</strong></span> <span class='ocrx_word' id='word_1_911' title='bbox 3010 5507 3135 5583; x_wconf 57' lang='grc' dir='ltr'><strong>ξ’ἱίἈ</strong></span> <span class='ocrx_word' id='word_1_912' title='bbox 3303 5577 3347 5583; x_wconf 92' lang='lat'>__</span> <span class='ocrx_word' id='word_1_913' title='bbox 3502 5575 3513 5583; x_wconf 81' lang='lat'><em>_</em></span> <span class='ocrx_word' id='word_1_914' title='bbox 3656 5577 3667 5583; x_wconf 30' lang='grc' dir='ltr'><em>α</em></span> <span class='ocrx_word' id='word_1_915' title='bbox 3708 5576 3721 5583; x_wconf 35' lang='grc' dir='ltr'>ι</span> <span class='ocrx_word' id='word_1_916' title='bbox 3821 5574 3834 5583; x_wconf 61' lang='grc'><em>,</em></span> 
     </span>
    </p>
   </div>
   <div class='ocr_carea' id='block_1_115' title="bbox 2410 5575 3909 5653">
    <p class='ocr_par' dir='ltr' id='par_1_115' title="bbox 2410 5575 3909 5653">
     <span class='ocr_line' id='line_1_116' title="bbox 2410 5575 3909 5653; baseline -0.006 -19"><span class='ocrx_word' id='word_1_917' title='bbox 2410 5582 2423 5634; x_wconf 75' lang='grc' dir='ltr'><strong>ι</strong></span> <span class='ocrx_word' id='word_1_918' title='bbox 2468 5575 2723 5639; x_wconf 68' lang='grc' dir='ltr'>δἰὶηιιιιιιδ</span> <span class='ocrx_word' id='word_1_919' title='bbox 2750 5592 2801 5636; x_wconf 88' lang='lat' dir='ltr'><strong>et</strong></span> <span class='ocrx_word' id='word_1_920' title='bbox 2832 5582 2995 5653; x_wconf 83' lang='lat' dir='ltr'><strong>virga.</strong></span> <span class='ocrx_word' id='word_1_921' title='bbox 3019 5578 3196 5636; x_wconf 83' lang='lat' dir='ltr'><strong>Latin.</strong></span> <span class='ocrx_word' id='word_1_922' title='bbox 3225 5588 3279 5634; x_wconf 87' lang='lat' dir='ltr'><strong>et</strong></span> <span class='ocrx_word' id='word_1_923' title='bbox 3303 5577 3459 5633; x_wconf 79' lang='lat' dir='ltr'><strong>Vers.</strong></span> <span class='ocrx_word' id='word_1_924' title='bbox 3487 5575 3609 5632; x_wconf 81' lang='grc' dir='ltr'><strong>Αηι.</strong></span> <span class='ocrx_word' id='word_1_925' title='bbox 3637 5576 3787 5630; x_wconf 71' lang='lat' dir='ltr'><strong>Asino</strong></span> <span class='ocrx_word' id='word_1_926' title='bbox 3814 5575 3909 5626; x_wconf 77' lang='lat' dir='ltr'><strong>im-</strong></span> 
     </span>
    </p>
   </div>
   <div class='ocr_carea' id='block_1_116' title="bbox 2332 5654 3911 5732">
    <p class='ocr_par' dir='ltr' id='par_1_116' title="bbox 2332 5654 3911 5732">
     <span class='ocr_line' id='line_1_117' title="bbox 2332 5654 3911 5732; baseline -0.001 -23"><span class='ocrx_word' id='word_1_927' title='bbox 2332 5654 2865 5732; x_wconf 44' lang='lat' dir='ltr'><strong>perat1Vers_.Aut_._</strong></span> <span class='ocrx_word' id='word_1_928' title='bbox 2934 5726 2945 5732; x_wconf 85' lang='lat'>_</span> <span class='ocrx_word' id='word_1_929' title='bbox 3023 5725 3091 5732; x_wconf 85' lang='lat'>__</span> <span class='ocrx_word' id='word_1_930' title='bbox 3269 5722 3279 5732; x_wconf 45' lang='lat'><strong><em>.</em></strong></span> <span class='ocrx_word' id='word_1_931' title='bbox 3355 5721 3382 5732; x_wconf 12' lang='grc' dir='ltr'><strong>ν.</strong></span> <span class='ocrx_word' id='word_1_932' title='bbox 3660 5722 3671 5732; x_wconf 37' lang='grc'><strong>⁸</strong></span> <span class='ocrx_word' id='word_1_933' title='bbox 3743 5720 3806 5731; x_wconf 44' lang='grc' dir='ltr'><em>Η</em></span> <span class='ocrx_word' id='word_1_934' title='bbox 3883 5718 3911 5732; x_wconf 25' lang='grc' dir='ltr'><strong>Δ.</strong></span> 
     </span>
    </p>
   </div>
   <div class='ocr_carea' id='block_1_117' title="bbox 2403 5722 3910 5795">
    <p class='ocr_par' dir='ltr' id='par_1_117' title="bbox 2403 5722 3910 5795">
     <span class='ocr_line' id='line_1_118' title="bbox 2403 5722 3910 5795; baseline -0.011 -11"><span class='ocrx_word' id='word_1_935' title='bbox 2403 5728 2429 5766; x_wconf 71' lang='grc' dir='ltr'><strong>¹ί</strong></span> <span class='ocrx_word' id='word_1_936' title='bbox 2462 5728 2615 5783; x_wconf 82' lang='lat' dir='ltr'><strong>Vers.</strong></span> <span class='ocrx_word' id='word_1_937' title='bbox 2648 5728 2780 5781; x_wconf 83' lang='lat' dir='ltr'><strong>Aut.</strong></span> <span class='ocrx_word' id='word_1_938' title='bbox 2813 5724 3033 5779; x_wconf 82' lang='lat' dir='ltr'><strong>Nationi</strong></span> <span class='ocrx_word' id='word_1_939' title='bbox 3073 5722 3414 5795; x_wconf 87' lang='lat' dir='ltr'><strong>imprudenti;</strong></span> <span class='ocrx_word' id='word_1_940' title='bbox 3442 5736 3619 5777; x_wconf 88' lang='lat' dir='ltr'><strong>vocem</strong></span> <span class='ocrx_word' id='word_1_941' title='bbox 3654 5722 3910 5791; x_wconf 77' lang='lat' dir='ltr'><strong>insipienti</strong></span> 
     </span>
    </p>
   </div>
   <div class='ocr_carea' id='block_1_118' title="bbox 2329 5795 3836 5873">
    <p class='ocr_par' dir='ltr' id='par_1_118' title="bbox 2329 5795 3836 5873">
     <span class='ocr_line' id='line_1_119' title="bbox 2329 5795 3836 5873; baseline -0.006 -17"><span class='ocrx_word' id='word_1_942' title='bbox 2329 5800 2498 5873; x_wconf 74' lang='lat' dir='ltr'><strong>habet</strong></span> <span class='ocrx_word' id='word_1_943' title='bbox 2526 5798 2847 5873; x_wconf 82' lang='lat' dir='ltr'><strong>Tlteodotio.</strong></span> <span class='ocrx_word' id='word_1_944' title='bbox 2882 5797 2974 5852; x_wconf 80' lang='lat' dir='ltr'><strong>sed</strong></span> <span class='ocrx_word' id='word_1_945' title='bbox 3005 5796 3346 5873; x_wconf 60' lang='lat' dir='ltr'><strong>gonjuuctam</strong></span> <span class='ocrx_word' id='word_1_946' title='bbox 3376 5795 3593 5873; x_wconf 83' lang='lat' dir='ltr'><strong>corpori.</strong></span> <span class='ocrx_word' id='word_1_947' title='bbox 3644 5863 3675 5873; x_wconf 49' lang='grc' dir='ltr'>η</span> <span class='ocrx_word' id='word_1_948' title='bbox 3741 5866 3751 5873; x_wconf 38' lang='grc'>.</span> <span class='ocrx_word' id='word_1_949' title='bbox 3807 5862 3836 5873; x_wconf 46' lang='grc' dir='ltr'><strong><em>η</em></strong></span> 
     </span>
    </p>
   </div>
   <div class='ocr_carea' id='block_1_119' title="bbox 2406 5863 3909 5937">
    <p class='ocr_par' dir='ltr' id='par_1_119' title="bbox 2406 5863 3909 5937">
     <span class='ocr_line' id='line_1_120' title="bbox 2406 5863 3909 5937; baseline -0.011 -9"><span class='ocrx_word' id='word_1_950' title='bbox 2406 5870 2418 5909; x_wconf 91' lang='grc'>¹</span> <span class='ocrx_word' id='word_1_951' title='bbox 2460 5873 2635 5927; x_wconf 90' lang='lat' dir='ltr'><strong>Innuit</strong></span> <span class='ocrx_word' id='word_1_952' title='bbox 2684 5872 2895 5925; x_wconf 90' lang='lat' dir='ltr'><strong>litteras</strong></span> <span class='ocrx_word' id='word_1_953' title='bbox 2928 5885 2956 5923; x_wconf 91' lang='lat' dir='ltr'><strong>a</strong></span> <span class='ocrx_word' id='word_1_954' title='bbox 3002 5863 3324 5923; x_wconf 85' lang='lat' dir='ltr'><strong>Constantio</strong></span> <span class='ocrx_word' id='word_1_955' title='bbox 3369 5869 3589 5937; x_wconf 56' lang='lat' dir='ltr'><strong>scriptae</strong></span> <span class='ocrx_word' id='word_1_956' title='bbox 3636 5863 3909 5919; x_wconf 71' lang='lat' dir='ltr'><strong>Catholica-</strong></span> 
     </span>
    </p>
   </div>
   <div class='ocr_carea' id='block_1_120' title="bbox 2324 5936 3908 6015">
    <p class='ocr_par' dir='ltr' id='par_1_120' title="bbox 2324 5936 3908 6015">
     <span class='ocr_line' id='line_1_121' title="bbox 2324 5936 3908 6015; baseline -0.01 -17"><span class='ocrx_word' id='word_1_957' title='bbox 2324 5944 2575 6001; x_wconf 67' lang='lat' dir='ltr'><strong>Ecclesia:</strong></span> <span class='ocrx_word' id='word_1_958' title='bbox 2599 5942 2793 6015; x_wconf 81' lang='lat' dir='ltr'><strong>papula</strong></span> <span class='ocrx_word' id='word_1_959' title='bbox 2818 5941 2962 6011; x_wconf 85' lang='lat' dir='ltr'><strong>apud</strong></span> <span class='ocrx_word' id='word_1_960' title='bbox 2991 5938 3353 5995; x_wconf 74' lang='lat' dir='ltr'><strong>Alexandriam</strong></span> <span class='ocrx_word' id='word_1_961' title='bbox 3371 5954 3455 5993; x_wconf 85' lang='lat' dir='ltr'><strong>an.</strong></span> <span class='ocrx_word' id='word_1_962' title='bbox 3476 5936 3596 6007; x_wconf 65' lang='grc' dir='ltr'><strong>διε),</strong></span> <span class='ocrx_word' id='word_1_963' title='bbox 3620 5954 3720 6009; x_wconf 91' lang='lat' dir='ltr'><strong>quo</strong></span> <span class='ocrx_word' id='word_1_964' title='bbox 3747 5936 3908 5989; x_wconf 63' lang='grc' dir='ltr'>Αιιιπι</span> 
     </span>
    </p>
   </div>
  </div>
