4292 6462
180 443 263 499 857
1238 442 1376 499 PRO
1414 443 1687 501 SANCTO
1725 445 2124 505 ATHANASIO
2164 448 2297 503 LIB.
2342 447 2381 504 1.

3365 452 3470 507 858

178 558 269 615 Sed
300 559 522 629 inquis:
558 559 763 614 Patera
796 576 936 614 meus
963 560 1115 614 illum
1151 562 1358 615 miserat
1383 561 1451 613 ad
1493 560 1765 627 exsilium,
1800 565 1849 627 Α
1872 579 1993 619 cum
2027 563 2226 617 talibus
2259 564 2455 618 litteris
2492 563 2756 620 divinitus
2794 565 2900 620 sibi
2939 565 3247 621 commissis
3277 580 3479 636 reprae-

178 664 218 708 et
242 670 315 707 me
338 654 571 721 aportuit
600 654 760 720 patris
789 655 884 708 mei
911 669 1094 723 parere
1116 655 1346 709 statutis.
1380 654 1547 721 Pone,
1579 662 1639 708 nt
1660 656 1762 719 vis,

177 746 478 800 limretieum
506 760 627 800 esse
655 746 1011 801 Athanasium
1040 764 1051 798 :
1087 748 1129 799 si
1177 759 1323 801 recte
1358 746 1534 800 fuerat
1567 748 1767 801 missus

176 839 232 893 ad
258 840 541 900 exsilium.
564 855 662 895 cur
688 855 811 895 enm
837 856 1031 911 passus
1054 857 1111 895 es
1134 852 1321 896 contra
1354 842 1525 909 patris
1555 842 1627 894 tui
1656 850 1769 894 sta-

174 941 276 986 tuta
324 932 570 1001 recipere
607 933 967 1002 dignitatem,
1012 950 1173 1002 quam
1222 936 1270 988 ei
1299 949 1358 987 se
1407 934 1601 987 tulisse
1648 943 1770 987 tuus

174 1028 462 1082 arbitratus
509 1028 684 1083 fuerat
718 1032 903 1099 pater?
950 1029 1056 1084 Sed
1089 1028 1115 1067 δ
1168 1032 1346 1095 inquis
1380 1047 1391 1082 :
1438 1028 1645 1083 Fratris
1672 1029 1769 1083 ιιιεὶ

172 1118 459 1174 Constantis
500 1124 695 1190 factum
739 1133 813 1175 est
841 1123 1145 1174 interventu.
1175 1124 1282 1177 Sed
1324 1123 1546 1191 potuisti
1578 1138 1771 1177 occur-

172 1227 284 1267 rere
314 1210 604 1268 Constanti
626 1256 642 1279 ,
671 1214 863 1269 dicens
894 1232 906 1267 :
958 1213 1116 1267 Pater
1163 1226 1331 1268 noster
1358 1231 1508 1285 quem
1536 1215 1771 1285 probavit

169 1303 465 1358 hiereticiim
493 1307 595 1359 nisi
619 1324 672 1361 se
698 1307 1010 1373 correxerit,
1042 1312 1268 1372 recipere
1312 1310 1363 1361 in
1407 1318 1581 1377 partes
1622 1309 1769 1379 regni

170 1401 259 1453 mei
276 1416 380 1453 non
404 1417 634 1469 possunt.
663 1401 769 1456 Sed
798 1402 998 1469 inquis,
1028 1399 1199 1452 Timui
1228 1411 1248 1437 ε
1279 1417 1341 1453 ne
1360 1401 1492 1452 inter
1515 1415 1607 1452 nos
1636 1400 1769 1453 bella

166 1493 385 1561 fuissent
422 1505 556 1548 orta.
590 1494 733 1565 Ergo
780 1497 907 1565 quia
944 1496 1250 1562 Soporinus
1294 1491 1319 1529 ιι
1348 1495 1632 1548 Persarum
1673 1510 1769 1549 rex

167 1600 303 1639 nunc
351 1597 541 1640 contra
574 1596 627 1641 te
666 1587 809 1657 gerit
860 1588 1129 1656 pra-lium,
1165 1587 1209 1639 si
1242 1586 1336 1640 tibi
1371 1588 1608 1641 dixerit:
1640 1589 1773 1641 Sus-

163 1678 275 1745 cipe
305 1680 581 1748 religiones
623 1695 763 1733 meas
805 1689 851 1731 et
879 1696 965 1731 ero
995 1690 1161 1732 tecum
1192 1690 1429 1744 pacatus;
1459 1690 1509 1733 te
1554 1689 1770 1748 Oportet

161 1784 283 1822 cum
331 1771 587 1824 omnibus
628 1772 681 1824 in
731 1771 960 1839 imperio
1004 1781 1096 1824 tuo
1136 1772 1552 1825 demorantibus
1594 1771 1770 1826 facere

161 1864 450 1918 transitum
482 1864 547 1918 ad
588 1866 887 1935 religiones
928 1866 1280 1919 dmmonum?
1309 1866 1593 1920 darmoniis
1623 1868 1767 1920 enim

1873 654 2197 711 sentaveris.
2230 655 2301 709 At
2332 670 2475 710 nunc
2504 671 2627 710 cum
2656 670 2779 711 esse
2808 657 3188 726 comprobaris
3214 658 3473 723 Arianus,

1872 759 1923 803 et
1954 750 2178 819 cupiens
2206 751 2451 805 haeresen
2478 761 2623 804 tuam
2653 749 2898 807 invenire
2928 751 3109 807 locum
3128 793 3144 818 ,
3168 753 3345 807 virum
3368 752 3481 823 jus-

1873 850 1985 896 tum
2011 843 2377 911 persequaris,
2401 842 2525 913 quia
2554 843 2647 898 ille
2676 843 2929 899 videlicet
2954 846 3025 899 sit
3054 843 3302 900 eamdem
3328 844 3477 899 omni

1875 938 1995 989 nisu
2029 938 2351 1007 impugnans
2372 977 2388 1003 ,
2418 946 2568 992 recte
2598 953 2658 993 es
2687 948 3037 1007 comparatus
3065 939 3184 992 cani
3238 938 3473 993 redienti

1872 1029 1941 1085 ad
1971 1045 2125 1084 suum
2156 1030 2438 1083 vomitum.
2468 1029 2603 1084 Item
2634 1030 2796 1084 etiam
2826 1031 2885 1083 in.
2909 1029 3007 1084 illo
3037 1029 3177 1085 facto
3200 1039 3292 1085 tito
3318 1044 3477 1099 egre-

1872 1124 1961 1194 gio
1990 1136 2136 1178 recte
2162 1123 2561 1192 comparandus
2581 1124 2723 1188 cani,
2750 1124 2839 1194 qui
2868 1123 3093 1179 redierit
3120 1123 3186 1177 ad
3212 1122 3474 1177 vomitum

1872 1232 2052 1281 suum,
2076 1219 2216 1287 quod
2244 1219 2391 1273 enim
2422 1218 2703 1286 acceperis
2730 1219 3038 1285 veritatem,
3059 1232 3166 1272 non
3191 1232 3314 1273 esse
3340 1226 3363 1265 8
3386 1232 3479 1273 ca-

1874 1309 2131 1363 tholicum
2156 1310 2422 1364 Adoxium
2450 1308 2975 1365 Gernianiciensium
2991 1352 3003 1374 ,
3021 1319 3078 1365 et
3102 1310 3320 1366 dederis
3344 1325 3480 1365 con-

1873 1410 1955 1455 tra
1987 1402 2234 1456 eumdem
2262 1404 2468 1457 litteras
2496 1401 2562 1456 ad
2603 1402 3005 1466 Antiocheuos,
3038 1413 3090 1454 et
3123 1415 3307 1471 postea
3334 1402 3478 1456 hunc

1873 1496 2124 1550 eumdem
2161 1495 2429 1549 Adoxium
2475 1495 2774 1550 defendere
2813 1494 3054 1563 coeperis
3084 1494 3327 1548 veritatis
3355 1508 3479 1549 esse

1872 1587 2173 1646 doctorem.
2200 1588 2368 1656 ipsius
2391 1587 2635 1640 hmtesen
2663 1586 2989 1641 catholicam
3011 1585 3260 1655 judicans
3289 1584 3473 1640 fidem.

1869 1680 2084 1747 Quare,
2131 1678 2447 1743 Constanti,
2478 1688 2586 1733 tam
2634 1678 2802 1733 levis?
2828 1679 3181 1749 quamobrem
3227 1680 3282 1733 in
3313 1694 3479 1733 causa

1874 1771 2032 1833 ﬁdei,
2076 1780 2134 1826 ut
2186 1772 2361 1825 ventis
2423 1772 2761 1841 pulsantibus
2806 1770 3044 1837 arundo,
3094 1770 3329 1825 ﬂecteris
3374 1769 3480 1825 huc

1872 1878 2034 1936 atque
2060 1866 2222 1921 illuc?
2243 1866 2370 1935 quid
2400 1866 2597 1919 mirum
2627 1866 2672 1919 si
2703 1875 2812 1920 tam
2835 1865 3012 1920 facilis
3039 1864 3210 1930 fuisti,
3235 1866 3301 1921 ad
3328 1864 3484 1921 dam-

157 1958 475 2012 sacrilicans
512 1968 595 2012 est
635 1960 961 2028 Soporittns.
1004 1958 1292 2028 Conspicis
1330 1961 1476 2014 enim
1523 1971 1545 1997 ε
1578 1977 1679 2016 ooo
1716 1971 1767 2015 te
1800 1960 1844 2019 Β
1874 1961 2108 2014 nandum
2140 1959 2515 2023 Athanasium,
2545 1961 2711 2013 etiam
2742 1968 2972 2013 cunctos
3000 1958 3093 2014 Dei
3119 1959 3352 2015 invitare
3379 1975 3480 2013 sa-

154 2050 341 2119 egisse
372 2060 429 2104 ut
452 2052 544 2106 Dei
569 2068 809 2117 servum,
832 2053 1181 2122 suscipiendo
1208 2068 1352 2115 eum,
1385 2060 1439 2107 et
1466 2054 1584 2105 loco
1612 2068 1769 2107 revo-

154 2144 335 2197 cando
380 2159 482 2198 suo
512 2160 673 2213 quem
718 2146 1061 2199 meminisses
1095 2147 1145 2200 in
1176 2161 1392 2199 causam
1424 2146 1543 2199 fidei
1576 2146 1771 2215 depor-

154 2245 353 2288 tatum.
388 2236 572 2290 l’riino
600 2238 745 2307 quod
791 2239 1142 2307 impotentem
1189 2238 1523 2305 judicaveris
1565 2240 1765 2303 Deum,

151 2336 433 2398 tamquam
480 2340 533 2383 te
576 2330 711 2384 tueri
747 2346 852 2383 non
889 2330 1157 2399 potuerit,
1192 2340 1433 2385 tuentem
1460 2334 1768 2396 veritatem,

148 2423 437 2479 haereticis
470 2426 854 2489 resiSIentem;
889 2424 1083 2478 deinde
1116 2426 1258 2494 quod
1306 2427 1474 2493 magis
1519 2426 1615 2478 tibi
1648 2440 1772 2493 pro-

148 2520 350 2589 pitium
402 2536 527 2575 esse
568 2520 807 2573 volueris
888 2520 1275 2582 Constantem,
1324 2536 1483 2587 quam
1542 2522 1707 2573 Deum
1758 2537 1763 2545 ·

143 2626 319 2679 quem
358 2612 543 2681 utique
565 2613 917 2667 Constantem
948 2629 1127 2681 regem
1159 2613 1201 2663 si
1235 2614 1546 2665 hzeretieum
1572 2612 1768 2665 factum

144 2706 494 2759 memineras
539 2705 772 2759 favendo
808 2706 1121 2769 Athanasio,
1157 2721 1317 2773 quem
1351 2716 1405 2758 tu
1433 2706 1541 2773 jam
1576 2706 1769 2774 proba~

144 2808 266 2852 tum
319 2798 563 2852 habebas
611 2798 969 2867 sacrilegum,
1014 2812 1118 2851 non
1168 2800 1344 2852 solum
1394 2814 1502 2851 non
1544 2814 1769 2867 regnum

142 2901 306 2945 tuum
342 2890 456 2946 Deo
477 2890 746 2945 debueras
789 2906 1107 2960 pra'ponere
1133 2933 1147 2954 ,
1178 2890 1270 2945 sed
1297 2906 1395 2945 nec
1428 2892 1596 2959 ipsam
1622 2900 1769 2945 tuam

138 2986 422 3039 animam.
448 2984 526 3038 Τιι
555 2985 756 3039 etenim
800 2986 912 3052 ipse
956 2988 1109 3038 testis
1151 3000 1209 3037 es
1249 2986 1605 3039 conscientiae
1632 2996 1770 3049 ture,

137 3080 297 3149 quod
327 3080 477 3133 cnim
503 3088 721 3149 propter
745 3080 903 3133 tidem
928 3096 1087 3149 quam
1113 3094 1328 3149 semper
1352 3080 1772 3135 tenuitecclesia

134 3187 205 3228 ac
242 3183 431 3237 tenet,
458 3173 602 3243 quod
630 3188 750 3226 eam
790 3172 1051 3225 damnare
1082 3173 1316 3226 noluerit
1338 3214 1351 3235 ,
1386 3176 1582 3227 missus
1613 3172 1774 3227 luerit

134 3266 207 3320 ad
240 3266 543 3330 exsilium,
576 3268 699 3335 quia
747 3265 1002 3318 videlicet
1048 3266 1283 3319 noluerit
1327 3282 1447 3319 esse
1492 3267 1767 3320 Arianus:

1871 2052 2626 2122 cerdotes?quandoquidem
2678 2054 2841 2107 etiam
2895 2053 2949 2106 in
3003 2061 3146 2107 statu
3198 2053 3482 2123 religionis

1874 2158 2016 2201 tanta
2060 2163 2220 2216 agerc
2275 2163 2371 2215 per
2421 2157 2567 2201 tuam
2622 2163 2731 2200 non
2779 2146 3045 2202 dubitaris
3090 2148 3475 2203 temeritatem.

1874 2240 2181 2295 Efferbuisti
2215 2242 2279 2293 ad
2318 2240 2629 2295 innocentis
2660 2240 2994 2295 fundendqu
3028 2242 3346 2311 sanguinem
3381 2256 3478 2297 rex

1876 2334 2170 2401 piissimus.
2192 2342 2468 2401 tamquam
2496 2348 2607 2387 non
2627 2334 2978 2387 meminisses
3000 2333 3291 2402 scriptum:
3321 2332 3478 2403 Regis

1874 2428 1927 2479 in
1958 2428 2167 2479 veritate
2184 2424 2473 2497 judicantis
2495 2426 2558 2479 de
2587 2426 2921 2494 pauperibus,
2943 2425 3088 2478 sedes
3118 2428 3229 2496 ejus
3256 2426 3309 2477 in
3340 2425 3481 2478 testi-

1874 2521 2101 2572 monium
2133 2528 2361 2588 resurget
2391 2515 2439 2589 (l
2451 2517 2557 2570 bid.
2592 2532 2742 2583 xxix,
2776 2516 2898 2587 li);
2923 2516 3018 2571 sed
3048 2528 3101 2570 tu
3130 2516 3255 2571 hinc
3279 2518 3481 2587 putasti

1876 2620 1927 2666 te
1957 2627 2267 2674 summum,
2314 2611 2359 2663 si
2408 2621 2600 2664 contra
2654 2609 2868 2663 divinas
2918 2610 3029 2663 ires
3071 2611 3404 2680 scripturas,
3432 2609 3477 2664 si

1870 2716 2201 2773 Cttnctaqufn
2229 2705 2517 2773 prohibent
2537 2702 2929 2757 fecisses.0dis
2955 2702 3309 2757 Athanasium
3331 2701 3477 2772 quod

1874 2798 2202 2851 christianus
2231 2797 2339 2861 sit,
2367 2797 2512 2865 quod
2542 2811 2666 2851 esse
2699 2795 2937 2849 noluerit
2968 2796 3111 2861 Arii,
3148 2805 3205 2849 ut
3233 2806 3288 2849 tu
3315 2794 3474 2860 dicis,

1874 2891 2191 2958 discipulus,
2216 2905 2430 2945 summo
2455 2905 2578 2943 eum
2614 2890 2957 2959 persequeris
2984 2888 3111 2943 odio
3140 2906 3153 2942 :
3186 2888 3283 2943 sed
3316 2889 3479 2943 talem

1876 2995 1930 3041 te
1956 2987 2099 3041 circa
2128 3001 2251 3040 eum
2285 2988 2520 3039 futurum
2548 2985 2676 3039 olim
2708 2985 2944 3053 Spiritus
2973 2992 3198 3038 sanctus
3223 2983 3479 3039 ostende-

1874 3087 1978 3141 rat,
2010 3092 2105 3131 ore
2135 3076 2445 3131 Salomonis
2466 3077 2689 3130 dicens:
2724 3077 3046 3129 Abominatio
3067 3086 3140 3129 est
3166 3079 3340 3147 justus
3369 3076 3477 3129 viro

1872 3172 2045 3241 iniquo
2077 3170 2241 3241 (Ibid.
2273 3169 2386 3241 27).
2412 3169 2553 3232 Noli,
2576 3169 2889 3233 Constanti,
2917 3168 3095 3222 adhuc
3122 3169 3395 3223 demorari
3421 3168 3474 3222 in

1876 3267 1961 3322 his
1994 3268 2180 3329 malis,
2215 3268 2323 3320 noli
2370 3266 2461 3320 Dei
2492 3264 2640 3319 abuti
2668 3264 2926 3335 patientia
2949 3305 2963 3329 ,
2999 3263 3176 3317 retine
3218 3263 3473 3333 scriptum

130 3360 371 3415 idcirco
413 3374 647 3427 namque
682 3359 1039 3414 Athanasium
1089 3374 1341 3427 perosum
1388 3359 1631 3413 habitum
1686 3358 1702 3395 ί
1742 3374 1770 3412 a
1799 3340 1841 3401 Ο
1878 3363 1930 3415 in
1965 3376 2151 3416 Lxxvu
2197 3362 2445 3430 psalmo:
2478 3358 2748 3413 Excitatus
2794 3368 2867 3412 est
2918 3368 3179 3426 tamquam
3219 3356 3478 3411 dormiens

132 3463 309 3522 patre
340 3464 434 3505 tuo
459 3466 563 3505 non
591 3452 723 3521 fugit
748 3461 819 3514 te;
845 3452 1283 3521 quandoquidem
1314 3463 1363 3507 et
1390 3463 1443 3505 ιιι
1473 3454 1523 3506 in
1556 3468 1617 3505 ea
1648 3469 1769 3508 eum

127 3546 408 3616 digneris
450 3546 699 3615 persequi
741 3561 901 3599 causa
922 3588 934 3605 ,
972 3545 1022 3599 in
1053 3562 1153 3614 qua
1191 3546 1351 3600 fuerit
1379 3558 1433 3601 et
1462 3558 1584 3600 tuus
1613 3557 1767 3617 pater

125 3647 505 3709 persecutus.
540 3638 694 3693 Dicat
725 3638 959 3709 denique
996 3654 1057 3693 se
1090 3655 1196 3692 non
1224 3655 1344 3693 esse
1372 3639 1731 3694 christianum
1755 3680 1769 3705 ,

122 3732 402 3788 fateatur
430 3748 491 3787 se
518 3733 799 3797 Ariannm,
834 3743 889 3787 et
928 3733 1033 3786 erit
1059 3735 1196 3802 apud
1228 3745 1278 3787 te
1307 3734 1771 3803 sapientissimus,

122 3842 416 3897 magnus.
446 3828 611 3895 Digne
642 3828 821 3895 itaque
845 3837 1199 3893 comparatus
1235 3840 1293 3879 es
1316 3827 1460 3889 cani,
1484 3828 1573 3896 qui
1597 3826 1775 3881 redie-

116 3921 201 3975 rit
258 3918 345 3973 ad
392 3921 651 3973 vomitum
679 3934 833 3973 suum
876 3938 887 3971 :
928 3919 1039 3987 jatn
1079 3920 1222 3972 enim
1268 3920 1601 3973 christianos
1631 3921 1775 3974 aesti-

116 4015 434 4079 mabaris,
465 4025 520 4068 et
554 4028 661 4069 non
706 4029 830 4069 esse
865 4014 1129 4080 Arianus,
1164 4030 1228 4069 ex
1271 4031 1377 4084 quo
1421 4014 1776 4070 Athanasium

112 4201 345 4255 nasius
377 4195 639 4252 Ecclesia:
662 4210 777 4251 suae
794 4196 1075 4249 restitutus
1098 4195 1217 4257 fuit;
1234 4193 1581 4261 iisqttejussit
1601 4194 1781 4246 omnia

109 4274 175 4328 in
212 4269 654 4327 sanctissimum
684 4268 991 4323 Antistitem
1024 4265 1228 4319 nefarie
1258 4264 1476 4318 decreta
1509 4264 1779 4334 abrogari.

196 4353 228 4381 ⁸
264 4343 339 4398 ω
394 4341 622 4406 contigit
670 4354 758 4392 an.
813 4338 916 4392 356
952 4354 1071 4390 cum
1104 4336 1459 4390 Constantius
1502 4334 1570 4388 Μ.
1613 4336 1781 4390 Euse—

106 4418 453 4471 biaimrum
494 4409 739 4474 insidiis,
773 4424 835 4461 ac
866 4408 1147 4461 fraudibus
1179 4407 1586 4460 circumventus
1616 4408 1781 4461 Atha-

102 4490 402 4543 nasium.
433 4482 525 4552 qtti
554 4481 1087 4545 ConSIantiimpolini
1113 4479 1325 4552 adierat
1353 4478 1470 4546 ejus
1500 4493 1661 4546 Opem
1689 4480 1781 4531 iiii-

98 4550 509 4630 ploratttrus,
537 4553 787 4630 exsulem
819 4551 1109 4630 innGallias
1141 4550 1307 4630 ιιιίδὶι.

1881 3452 2163 3515 Dominus,
2190 3465 2449 3522 tamquam
2475 3464 2654 3519 potens
2690 3451 2997 3520 crapulatus
3039 3467 3071 3504 a
3100 3452 3216 3503 vino
3239 3491 3252 3513 ,
3287 3459 3330 3503 et
3365 3466 3481 3519 per-

1877 3547 2035 3599 cussit
2064 3562 2237 3599 omnes
2258 3546 2493 3599 inimicos
2518 3561 2636 3597 suos
2664 3542 2691 3580 ιι
2720 3544 2773 3597 in
2800 3543 3118 3610 posteriora;
3149 3542 3479 3613 Opprobriuut

1877 3639 2239 3708 sempiternum
2284 3638 2426 3691 dedit
2468 3638 2574 3689 illis
2621 3635 2748 3705 (Ps.
2784 3652 2992 3697 Lxxvu,
3039 3635 3162 3703 65).
3218 3635 3273 3687 Ιιι
3321 3651 3483 3689 Lxxn

1882 3729 2110 3797 psalmo,
2146 3727 2439 3797 Quousque,
2474 3727 2604 3780 dicit
2632 3726 2868 3792 Spiritus
2893 3724 3430 3796 sanctus,judicastis
3460 3726 3473 3761 ί

1880 3820 2233 3890 iniquitatem,
2278 3830 2323 3873 et
2379 3821 2563 3888 {aciem
2606 3820 2931 3889 peccantium
2969 3816 3212 3871 sumitis?
3239 3815 3486 3872 Judicate

1886 3915 2143 3983 pupillum
2169 3926 2215 3968 et
2242 3931 2489 3985 egenum,
2516 3914 2765 3966 humilem
2793 3923 2836 3966 et
2864 3926 3145 3981 pauperem
3168 3910 3481 3983 justiﬁcate.

1892 4007 2087 4077 Eripite
2115 4023 2409 4077 pauperem,
2444 4018 2491 4060 et
2520 4022 2737 4076 egenum
2763 4005 2827 4058 de
2862 4020 3017 4059 manu
3045 4004 3327 4076 peccatoris
3360 4003 3488 4056 libe-

1883 4192 2010 4244 anni
2058 4200 2308 4245 coactum
2362 4204 2551 4245 mense
2596 4189 2860 4253 Octobri,
2914 4203 3038 4243 cum
3096 4188 3487 4257 Imperatorem

1883 4261 2359 4331 Constantinopoli
2386 4260 2632 4327 adiisset,
2658 4271 2711 4315 et
2726 4260 3029 4315 doctrinam
3058 4260 3201 4313 Aetii
3226 4257 3492 4331 liete_eju-

1884 4345 2058 4387 rasset
2092 4356 2103 4385 ;
2144 4327 2289 4387 anno
2322 4350 2452 4388 vero
2495 4331 2800 4402 insequenti
2848 4332 2974 4394 360.
3020 4331 3317 4385 Ecclesium
3346 4327 3492 4402 Con-

1886 4405 2423 4473 stantinopolitaoam
2440 4406 2694 4458 obtinuit.
2715 4404 2879 4474 Igitur
2892 4404 3109 4458 Lucifer
3141 4406 3362 4474 ineunte
3382 4401 3493 4453 cir-

1886 4477 2024 4530 citer
2066 4470 2211 4530 anno
2268 4476 2394 4533 560.
2440 4477 2610 4530 libros
2648 4470 2814 4529 hosce
2854 4476 3149 4529 scribebat.
3175 4470 3312 4526 Cum
3360 4486 3497 4525 vero

1887 4548 2092 4607 subdit.
2121 4546 2498 4601 Constantium
2532 4547 2772 4601 Eudoxii
2812 4546 3061 4600 bmresitu
3096 4544 3263 4598 veluti
3296 4543 3490 4596 eatho-

190 4610 223 4668 Β
249 4610 675 4683 l..tereesser;it
702 4624 843 4677 enim
870 4622 1143 4676 Constans
1164 4620 1469 4674 Constantii
1491 4619 1658 4674 frater
1683 4636 1780 4689 pro
1808 4610 1861 4668 D
1888 4619 2043 4672 licam
2077 4618 2232 4672 fidem
2265 4620 2548 4687 probasse,
2580 4620 2817 4685 intellige
2845 4618 3098 4671 Arianaiu
3128 4613 3489 4689 haeresim,in

95 4698 451 4760 Athanasii
476 4696 653 4751 reditu
677 4711 766 4749 an.
788 4692 894 4749 548
910 4713 923 4757 ς
942 4709 1173 4762 cumque
1196 4690 1549 4746 Constantius
1567 4692 1788 4746 Persico

96 4776 284 4830 bello
322 4777 702 4839 premeretur,
728 4782 794 4820 ne
816 4764 1130 4839 Constantis
1153 4764 1349 4817 auxilia
1374 4765 1476 4817 sibi
1505 4764 1787 4827 deessent,

93 4847 306 4916 hujus
328 4838 609 4909 petitioni
639 4839 827 4916 maluit
858 4838 1138 4916 assentiri.

188 4906 215 4955 ἒ
268 4906 414 4966 ildc
441 4926 654 4980 quoque
682 4908 1037 4963 Constantius
1064 4907 1259 4971 timuit,
1293 4922 1359 4960 ne
1386 4906 1657 4960 Constans
1686 4906 1787 4961 Ca-

92 4989 403 5046 tlmlicus
437 4981 733 5050 Imperator
765 4981 816 5031 in
846 4996 906 5033 se
934 4995 1082 5032 arma
1106 4988 1473 5050 converteret.

176 5058 211 5097 ἀ
253 5049 527 5124 Vigebat
544 5052 721 5105 adhuc
745 5050 1023 5124 Persicum
1046 5052 1270 5124 bellum,
1286 5049 1647 5124 cumLucifer
1670 5050 1701 5101 h
1724 5063 1783 5101 vc

86 5119 441 5189 εει-ιι)ρέοι
476 5143 487 5179 :
520 5132 576 5178 ct
616 5123 817 5192 ingenti
850 5132 1111 5190 apparatu
1138 5120 1499 5175 Constantius
1532 5124 1582 5173 in
1614 5119 1781 5188 Sapo-

86 5221 237 5263 rem
320 5200 633 5254 Persarum
685 5208 869 5264 regem
923 5194 1189 5247 militares
1242 5193 1427 5262 copias
1482 5194 1785 5246 instruebat

82 5293 280 5333 anno
318 5278 579 5325 exeunte
612 5267 738 5321 560.

181 5359 213 5385 ο
256 5344 507 5405 Itaque.
524 5338 705 5393 Vatic.

182 5418 209 5458 ι
259 5412 466 5477 Vide,
500 5425 623 5481 quae
651 5412 703 5465 in
736 5408 898 5464 Praef.
930 5407 998 5463 de
1030 5407 1129 5461 hac
1158 5420 1220 5461 re
1256 5405 1480 5461 uberius
1516 5405 1783 5461 disserui-

84 5508 281 5553 mllS.

175 5576 209 5612 ε
256 5563 471 5617 GeSIa
505 5554 620 5607 lucc
649 5562 775 5606 sunt
800 5568 891 5607 an.
926 5550 1053 5617 358,
1084 5565 1206 5606 cum
1256 5550 1566 5614 Eutloxins,
1597 5548 1793 5603 Antio-

74 5643 317 5697 chena
386 5626 525 5697 sede
554 5636 843 5691 occupata,
890 5639 1087 5697 novum
1136 5624 1278 5677 Aetii
1330 5622 1524 5689 dogma
1568 5634 1788 5697 secutus

76 5693 185 5769 est
226 5727 243 5760 :
297 5706 436 5758 hac
471 5696 539 5750 de
581 5711 744 5769 causa
778 5696 921 5764 apud
943 5693 1323 5769 Constantium
1348 5704 1685 5769 act-usatusa
1713 5693 1790 5769 le-

70 5764 267 5859 ἐξηίε
312 5767 621 5859 Αιεεδτθιιί
654 5776 991 5859 ριιιινθιιιιιιξ,
1025 5782 1123 5859 per
1165 5768 1374 5859 "literas
1408 5764 1785 5859 Imperatoris,

69 5836 153 5915 ἓξ
201 5836 517 5920 ελσε-ερειιι
549 5838 774 5920 decreto
804 5840 872 5891 ab
904 5839 992 5891 illa
1025 5836 1157 5920 sede
1194 5838 1466 5918 dejicitur.
1501 5842 1783 5920 {\llllg‘au—

73 5905 880 5989 ἶέωῗὸὕθηρεωοίιιιιυςιιηι
926 5923 1033 5989 ope
1064 5905 1331 5989 fretnsnﬁin
1378 5905 1775 5989 grptiaqun-

72 5970 335 6059 ξῖζιιιῖἰ
384 5970 557 6042 rediit
604 5989 727 6051 post
772 5970 1204 6035 Cenciliabulum
1238 5970 1585 6036 Seleticiense
1616 5975 1774 6047 bttjns

1893 4706 1997 4757 qua
2030 4684 2332 4744 Eudoxiani
2367 4693 2435 4744 ab
2461 4690 2702 4743 Eudoxio
2733 4684 2802 4742 ita
2837 4690 2965 4741 dicti
3000 4686 3293 4756 plurimum
3323 4684 3494 4753 polle-

1893 4761 2053 4825 bant;
2088 4764 2155 4814 ab
2182 4778 2248 4816 ea
2292 4775 2469 4816 tamen
2504 4762 2642 4815 Aetii
2672 4764 2862 4829 dogma
2892 4761 3239 4824 discrepabat
3275 4774 3287 4809 :
3320 4756 3407 4829 vel
3441 4756 3492 4808 in

1891 4847 1954 4887 ea
1987 4832 2210 4887 Lucifer
2236 4834 2497 4902 opinione
2547 4834 2668 4895 fuit,
2704 4827 2873 4886 novas
2919 4830 3059 4886 Aetii
3095 4827 3500 4902 lilﬂSpllCﬂLiﬂS,

1889 4920 2025 4973 quas
2060 4896 2337 4959 Eudoxiiis
2367 4920 2536 4974 uSque
2563 4904 2629 4957 ad
2656 4907 2864 4958 obitum
2886 4896 3270 4973 propugnavi‘t,
3296 4913 3325 4952 a
3351 4896 3495 4951 Con-

1891 4978 2095 5030 Stantia
2126 4976 2409 5030 damnatas
2458 4992 2565 5029 non
2610 4975 2813 5039 fuisse;
2863 4990 2983 5028 eum
3018 4974 3185 5043 probe
3217 4976 3403 5043 nosset
3442 4978 3499 5021 et

1896 5046 2200 5121 Eudoxium
2246 5049 2298 5100 in
2346 5048 2614 5121 sententia
2655 5059 2922 5121 perstare,
2952 5042 3494 5121 et’Constantiiigra-

1896 5117 2023 5173 tiam
2075 5119 2250 5173 adhuc
2305 5119 2575 5174 obtinere.
2631 5119 2985 5173 Constantius
3032 5127 3211 5168 tamen
3267 5117 3496 5166 Aeliano

1892 5193 2066 5245 errori
2096 5206 2387 5256 numquam
2410 5190 2659 5244 adtuesit.
2685 5191 2778 5245 llic
2801 5189 3013 5243 Lucifer
3044 5185 3344 5241 Eudoxium
3367 5179 3499 5236 Ger-

1895 5264 2309 5325 maniciensium,
2335 5263 2547 5317 scilicet
2567 5262 2900 5317 AtttiStitem.
2925 5260 3183 5329 appellat,
3218 5258 3359 5324 quia,
3384 5256 3495 5306 Au-

1896 5332 2640 5407 tjoclieuutnEpisc0patum
2673 5348 2795 5387 cum
2843 5330 2897 5407 vi
2938 5332 3262 5407 arripuisset
3305 5331 3496 5407 contra

1894 5403 2176 5460 Canobum
2204 5398 2535 5467 decretafet
2561 5404 2919 5467 Imperatoris
2947 5398 3305 5463 voluntatem,
3341 5398 3500 5461 hujus

1893 5482 2241 5551 episcopatus
2282 5477 2875 5551 tituloappellarijure
2906 5489 3013 5528 non
3040 5470 3261 5551 debuit;
3288 5478 3356 5551 .et
3384 5469 3494 5551 for-

1896 5541 2043 5605 tasse
2070 5541 2308 5603 nondum
2341 5541 2590 5602 audierat
2619 5541 2857 5609 Lucifer,
2892 5561 3015 5601 cum
3050 5545 3166 5598 haec
3196 5541 3460 5595 scriberet
3482 5578 3496 5601 .

1897 5618 2049 5675 illum
2115 5623 2164 5674 iu
2232 5619 2431 5674 Sedeiu
2496 5620 3153 5687 Constantinopolitanant
3226 5613 3494 5687 introsum

1895 5693 2085 5753 fuisse.
2114 5690 2429 5745 Macedonio
2451 5690 2686 5757 dejet-to,
2719 5680 2904 5744 mense
2931 5687 3190 5742 Januario
3212 5686 3337 5739 anni
3366 5680 3491 5757 560.

1964 5761 1988 5798 ¹³
2022 5764 2173 5818 Vers.
2205 5761 2335 5816 Alit.
2373 5755 2532 5815 Meos
2547 5774 2702 5816 retro.
2737 5760 2954 5816 Lucifer
2986 5775 3050 5813 ex
3084 5757 3302 5823 Graeco,
3335 5755 3491 5810 αὐτοῦ

1887 5835 1961 5897 εἰς
1985 5838 2052 5891 τὰ
2076 5836 2263 5889 ὀπίσω.

1961 5905 1971 5934 ί
2013 5905 2165 5962 Vcrs.
2194 5909 2323 5962 Aut.
2350 5902 2678 5961 Judimtis...
2702 5904 2938 5973 judicate
2962 5902 3167 5972 pupillo
3195 5911 3242 5954 et
3269 5910 3448 5967 egeno.
