4292 6376
687 401 791 460 859

1769 390 2090 450 LUCIFERI
2132 381 2449 445 EPISCOPI
2485 383 2662 442 CALA
2674 383 2910 442 RITANI

3836 378 3922 432 860

688 537 797 578 rate
826 522 943 594 (Ps.
977 536 1171 589 Lxxxt,
1202 520 1294 590 Ξ).
1324 519 1402 572 Τιι
1429 560 1442 583 ,
1492 515 1776 585 Interﬁcite
1818 527 2048 573 mecum,
2073 505 2286 578 inquis,
2316 507 2369 567 Α
2396 511 2523 558 neat
2546 502 2782 574 Spiritus
2806 508 3118 569 sanctus,ut
3143 497 3598 570 omnisinjustitire
3625 510 3736 568 pars
3758 494 3925 548 vitetur

689 618 796 673 Deo
823 617 1048 671 dicatum
1071 659 1084 680 ,
1118 614 1342 682 cupiens
1390 626 1488 667 nos
1537 622 1710 665 tecum
1755 603 1946 661 haberi
1985 619 2107 658 cum
2136 601 2242 656 illis
2267 639 2284 667 ,

683 723 903 782 propter
920 726 1054 782 quos
1075 710 1300 765 dicitur:
1327 707 1653 768 Nescierunt,
1679 719 1838 773 neque
1855 711 1879 738 ⁸
1906 700 2285 763 intellexerunt,

681 806 735 860 in
768 805 984 860 tenebris
1013 803 1276 858 ambulant
1322 801 1483 875 (Ibid.
1519 798 1593 868 5).
1629 796 1840 852 Mandat
1877 795 2020 850 Deus
2054 809 2120 847 ne
2147 791 2291 861 judi-

684 900 826 954 cium
861 899 1200 970 proferamus
1231 896 1507 967 injustum,
1531 910 1597 949 ne
1622 905 1767 948 tuam
1804 889 2106 961 peccatoris
2136 901 2291 943 reve-

684 993 772 1048 riti
789 992 1004 1055 faciem,
1024 995 1330 1048 sineremus
1348 999 1399 1045 te
1413 989 1606 1060 punire
1621 1003 1740 1043 eum
1764 1000 1925 1057 quem
1946 981 2291 1053 persequeris

686 1083 905 1156 injuste.
942 1085 1205 1154 Precepit
1239 1083 1379 1138 Deus
1429 1081 1685 1136 humilem
1716 1076 2002 1149 iustificari
2035 1090 2065 1130 a
2096 1073 2290 1137 nobis,

685 1177 819 1246 eripi
848 1191 1163 1247 pauperem,
1189 1185 1244 1230 et
1266 1188 1498 1244 egenum
1523 1174 1590 1229 de
1618 1187 1774 1228 manu
1807 1180 1893 1225 tua
1928 1167 2147 1225 liberari
2171 1182 2294 1221 car-

689 1270 882 1325 nificis.
905 1269 970 1324 Et
1002 1279 1056 1324 tu
1088 1270 1285 1340 inquis,
1304 1268 1562 1323 Damnate
1590 1283 1704 1322 eum
1724 1281 1872 1338 quem
1901 1263 2212 1319 tvoluitDeus
2230 1261 2295 1316 de

687 1379 796 1416 utea
827 1375 981 1416 manu
1014 1363 1296 1431 peccatoris
1318 1364 1446 1417 erui.
1483 1361 1598 1416 Non
1629 1361 1858 1420 mirum;
1890 1373 1988 1412 nec
2015 1358 2158 1414 enim
2195 1371 2291 1426 po-

690 1465 832 1510 teras
854 1453 936 1510 ire
966 1463 1152 1510 contra
1179 1463 1298 1508 tuas
1320 1454 1687 1508 exsecrabiles
1719 1450 2127 1522 dispositiones.
2159 1448 2295 1504 Dicit

690 1547 926 1614 Spiritus
956 1557 1174 1601 sanctus
1203 1547 1254 1601 in
1287 1561 1427 1602 ιονιξ
1463 1545 1562 1614 Qui
1592 1545 1812 1617 diligtiis
1837 1543 2135 1609 Dominum,
2157 1542 2297 1598 odite

693 1640 885 1693 malum
915 1638 940 1677 δ
975 1637 1093 1710 (Pe.
1122 1654 1264 1702 xcvt,
1297 1639 1386 1710 10)
1420 1658 1431 1693 :
1465 1649 1518 1694 ct
1551 1649 1639 1693 tua
1672 1638 1911 1692 indicant
1944 1642 2211 1705 prwceptzt
2244 1646 2296 1690 te

694 1737 874 1792 dicere
909 1754 922 1790 :
953 1737 1134 1791 Amate
1160 1737 1296 1806 quod
1337 1747 1408 1791 est
1437 1735 1647 1789 malum.
1679 1733 1734 1788 Si
1765 1734 1908 1786 enim
1943 1733 2144 1786 malum
2176 1745 2297 1787 esse

695 1831 906 1886 videtur
940 1831 1051 1885 Deo
1073 1831 1318 1885 damnari
1345 1831 1687 1884 innocentem
1713 1870 1726 1892 ,
1759 1827 1891 1882 dare
1919 1827 2180 1880 adversus
2202 1824 2296 1880 ab-

2393 614 2419 650 :I
2469 598 2626 654 nobis
2677 597 2981 652 cultoribus
3020 611 3163 652 verte
3209 594 3525 650 divinitatis?
3568 591 3673 647 Non
3718 591 3922 661 legeras,

2392 687 2697 754 Constanti,
2722 691 2926 744 dictum
2959 690 3024 744 ad
3049 705 3142 744 vos
3165 703 3318 758 reges
3343 705 3368 739 a
3394 687 3499 741 lico
3523 704 3534 738 :
3569 683 3729 739 Nolite
3751 694 3927 753 tangere

2392 784 2612 838 christos
2643 799 2781 838 meos
2803 827 2817 848 ,
2851 795 2898 839 et
2944 784 2997 838 in
3038 784 3307 856 prophetas
3336 797 3467 834 meos
3506 779 3651 832 nolite
3690 773 3927 842 ntaligmm'

2393 877 2523 948 (Ps.
2557 893 2665 942 etv,
2699 877 2840 948 45);
2891 884 2949 931 ut
2989 877 3056 931 ad
3100 875 3312 930 domum
3360 873 3449 927 Dei
3489 871 3701 926 auderes
3736 866 3926 921 trudere

2397 971 2618 1024 manus?
2655 969 2790 1024 Dicit
2818 969 3011 1038 plenus
3042 967 3242 1036 Spiritu
3270 973 3452 1019 sancto
3491 962 3646 1018 David
3676 961 3721 1015 in
3757 969 3916 1014 cente-

2395 1063 2535 1117 simo
2563 1064 2750 1131 quinto
2777 1062 3017 1131 psalmo:
3048 1059 3192 1115 Beati
3213 1060 3297 1129 qui
3328 1054 3868 1127 rustodiuntjudicium,
3888 1061 3927 1104 et

2396 1157 2593 1225 faciunt
2626 1156 2886 1228 justitiam
2917 1155 2967 1209 in
2990 1154 3126 1209 omni
3154 1163 3372 1224 tempore
3400 1147 3510 1219 (Pe.
3543 1164 3624 1213 cv,
3655 1149 3740 1216 5);
3767 1155 3816 1200 et
3849 1155 3925 1197 tu:

2399 1251 2594 1317 Facite,
2619 1252 3023 1322 inquis,ntecum
3052 1249 3371 1322 injustitiam.
3390 1244 3713 1312 Persequeris
3733 1240 3934 1294 Athana-

2397 1347 2562 1411 sium,
2597 1345 2792 1414 impius
2824 1345 2995 1414 pium,
3026 1343 3311 1398 haereticus
3335 1337 3670 1395 christianum
3703 1352 3714 1386 :
3745 1332 3828 1386 sed
3857 1343 3934 1382 oro

2399 1449 2472 1505 te,
2503 1439 2675 1505 dicas,
2703 1439 2793 1509 qui
2840 1448 3076 1494 vestrum
3123 1436 3230 1490 Duo
3258 1448 3376 1490 esse
3412 1431 3574 1502 possit
3602 1424 3866 1496 acceptus?
3893 1433 3936 1476 tu

2400 1541 2625 1603 negator
2684 1541 2902 1587 a‘ternte
2955 1528 3248 1596 maiestatis
3308 1524 3445 1580 unici
3491 1521 3603 1577 Filii
3661 1519 3778 1582 Dei,
3829 1515 3939 1570 mdi-

2398 1624 2589 1680 ficator
2620 1625 2765 1680 falsze
2806 1622 3082 1694 religionis
3120 1631 3278 1691 atque
3318 1616 3607 1682 inStitutor,
3639 1627 3701 1666 an
3734 1609 3939 1665 Athana-

2399 1720 2550 1776 sius?
2588 1719 2784 1791 Legisti
2832 1719 2883 1774 in
2925 1717 3131 1788 psalmo
3175 1728 3372 1770 cxvnt:
3403 1708 3542 1765 Beati
3587 1702 3873 1759 immaculati
3899 1703 3943 1752 in

2402 1813 2522 1878 via,
2570 1812 2658 1877 qui
2718 1810 2981 1864 ambulant
3028 1808 3082 1861 in
3130 1807 3237 1878 lege
3293 1801 3510 1856 Domini.
3549 1795 3681 1851 Beati
3728 1793 3805 1862 qui
3847 1807 3944 1859 per-

695 1937 942 1991 seutem,
973 1933 1029 1981 et
1070 1924 1285 1994 quidem
1313 1924 1519 1992 justum
1555 1923 1749 1986 virum,
1776 1921 2131 1982 sententiam,
2163 1917 2294 1989 quid
2332 1905 2373 1963 Β
2400 1914 2697 1959 “militum
2737 1913 2761 1949 ⁸
2794 1899 3082 1956 Mummii“
3125 1902 3279 1983 σίων,
3303 1897 3355 1950 in
3397 1903 3495 1994 ιίξίο
3530 1891 3674 1944 corde
3711 1885 3948 1994 επηιιξττυξξ

692 2017 939 2074 estaliud
965 2018 1110 2087 quod
1132 2032 1230 2071 nos
1251 2016 1401 2086 cogis
1430 2014 1628 2078 facere,
1657 2016 1757 2069 nisi
1787 2014 1930 2084 quod
1955 2013 2080 2067 odio
2104 2012 2299 2068 habeat

696 2112 877 2167 Deus?
901 2111 958 2168 Si
982 2112 1144 2182 igitur
1167 2110 1309 2181 quod
1335 2110 1447 2164 odit
1471 2110 1613 2163 Deus
1641 2107 1954 2172 fecerimus,
1982 2107 2166 2174 utique
2196 2120 2301 2160 non

697 2209 904 2262 erimus
931 2221 999 2261 ex
1033 2206 1156 2268 illis,
1191 2205 1257 2258 ad
1287 2219 1421 2272 quos
1451 2204 1648 2257 dicitur
1678 2222 1688 2256 :
1732 2202 1832 2268 Qui
1873 2201 2090 2274 diligitis
2123 2199 2304 2254 Domi-

698 2315 841 2366 num,
871 2299 1008 2353 odite
1033 2299 1223 2352 malum
1256 2296 1472 2369 (lbid.).
1507 2295 1710 2364 Nempe
1739 2305 1791 2350 tu
1823 2294 2027 2350 idcirco
2050 2308 2156 2348 non
2186 2291 2306 2348 odis

698 2395 900 2450 malum
927 2435 940 2457 ,
969 2392 1094 2464 quia
1126 2407 1233 2447 non
1266 2392 1458 2462 diligas
1487 2390 1772 2446 Dominum
1801 2407 1814 2443 :
1843 2389 1937 2444 sed
1969 2404 2068 2443 nos
2102 2386 2307 2443 idcirco

698 2487 879 2542 lacere
907 2485 1157 2541 nolumus
1183 2484 1328 2555 quod
1349 2484 1465 2539 odit
1498 2484 1657 2547 Deus,
1686 2483 1807 2552 quia
1843 2497 1965 2535 cum
1995 2479 2306 2550 diligamus.

702 2579 858 2636 Facis
887 2580 1002 2635 haec
1032 2581 1158 2651 quia
1187 2596 1293 2634 non
1327 2579 1402 2634 sis
1433 2593 1626 2633 servus
1654 2577 1793 2646 ejus,
1823 2577 1980 2642 cujus
2013 2581 2188 2629 metus
2229 2582 2310 2628 at-

697 2690 802 2746 que
825 2689 977 2729 amor
996 2672 1285 2742 compellat
1307 2687 1406 2727 nos
1427 2672 1581 2726 odire
1614 2671 1836 2724 malum.
1862 2667 2050 2739 Neque
2081 2667 2223 2721 enim
2254 2667 2308 2721 in

698 2768 929 2823 ecclesia
963 2766 1209 2830 Domini,
1251 2776 1567 2836 perseeutor
1597 2763 1714 2832 ejus
1747 2761 1994 2816 ecclesiae
2023 2759 2308 2824 inveniris,

701 2870 759 2916 ut
788 2870 942 2931 putes
984 2859 1052 2915 ad
1083 2873 1179 2914 vos
1208 2859 1420 2913 dixisse
1448 2857 1777 2926 Prophetam
1810 2855 1860 2908 in
1905 2854 2116 2924 psalmo
2145 2869 2157 2906 :
2211 2853 2314 2918 Qui

705 2943 923 3029 diligitis
949 2953 1248 3017 Dominum,
1272 2954 1408 3007 adite
1448 2952 1644 3005 malum
1673 2949 1893 3022 (Ibid.);
1938 2948 2156 3018 quando
2180 2956 2233 3002 et
2257 2946 2312 3001 itt

703 3052 1003 3107 centesimo
1031 3050 1175 3104 dic.tt
1203 3067 1216 3101 :
1256 3047 1375 3102 Non
1411 3059 1432 3084 η
1463 3046 1659 3100 habitat
1685 3046 1739 3098 in
1768 3044 1934 3097 medio
1976 3041 2163 3095 domus
2188 3056 2315 3094 mete

702 3148 791 3218 qui
814 3147 936 3216 facit
963 3145 1294 3214 superbiam;
1321 3142 1409 3210 qui
1451 3141 1676 3212 loquitur
1712 3139 1887 3209 iniqua
1914 3155 2015 3193 non
2044 3136 2235 3191 direxit
2261 3136 2315 3191 in

707 3250 983 3312 conspectu
1011 3239 1280 3293 oculorum
1321 3252 1552 3290 meorum
1578 3233 1696 3305 (Ps.
1727 3250 1780 3297 c,
1815 3234 1891 3303 7).
1930 3233 2044 3288 Non
2091 3247 2221 3301 ergo
2249 3230 2313 3286 ad

2407 2014 2522 2052 eum
2553 1995 2671 2067 (Ps.
2705 2010 2893 2066 exvnt,
2932 1993 2983 2061 l)
3013 2009 3026 2046 :
3059 1999 3114 2047 et
3140 1974 3324 2054 dicito,
3356 1985 3470 2056 quis
3498 1992 3721 2038 vestrum
3747 1974 3953 2046 exquirit

2410 2091 2596 2156 Deum,
2629 2089 2749 2159 quis
2781 2087 3010 2142 fideliter
3039 2084 3155 2155 ejus
3203 2078 3466 2151 majestati
3496 2074 3792 2131 famulatum
3834 2085 3954 2138 pra-

2410 2184 2534 2240 bet?
2562 2193 2713 2248 tune,
2742 2181 2833 2252 qui
2881 2180 3014 2235 facis
3048 2175 3475 2250 persecutionem
3509 2167 3803 2230 Athanasio,
3833 2160 3955 2232 quod

2409 2294 2469 2334 se
2496 2279 2856 2333 christianum
2890 2273 3155 2335 fateatur;
3187 2286 3253 2325 an
3280 2269 3372 2325 ille
3397 2265 3483 2337 qui
3513 2274 3563 2319 te
3589 2261 3709 2317 velit
3739 2270 3959 2326 persecuo

2413 2380 2588 2426 torem
2641 2383 2797 2422 suum
2837 2385 2867 2422 e
2901 2364 3107 2435 laqueis
3151 2359 3287 2430 eripi
3337 2353 3566 2414 diaboli!
3602 2361 3753 2414 tune,
3785 2349 3867 2417 qui
3899 2346 3961 2398 sis

2412 2464 2723 2518 destructor
2769 2459 3053 2515 catholicae
3098 2454 3345 2518 lidei;an
3395 2449 3481 2504 ille
3520 2443 3816 2517 apostolica:
3857 2438 3962 2492 fidei

2414 2554 2773 2626 prazdicalor?
2812 2551 2869 2607 Si
2913 2561 2965 2605 tu
2997 2563 3055 2604 es
3095 2547 3338 2603 serviens
3379 2543 3517 2606 Deo,
3545 2534 3802 2609 quomodo
3840 2532 3964 2586 infra

2414 2625 2544 2703 dicit
2575 2647 2809 2715 Spiritus
2850 2641 3114 2699 sanctus?
3160 2639 3278 2694 Non
3306 2637 3436 2692 enim
3474 2633 3556 2700 qui
3592 2638 3855 2700 operantur
3883 2625 3969 2677 ini-

2416 2745 2681 2814 quitatem,
2709 2741 2761 2794 in
2790 2741 2882 2793 viis
2911 2732 3022 2811 ejus
3051 2735 3432 2789 ambulauerunt
3464 2725 3614 2799 (Ibid.
3645 2724 3717 2792 5).
3763 2718 3863 2814 Vos
3888 2718 3970 2814 igi-

2420 2849 2506 2891 tur
2539 2833 2778 2890 haeretici
2811 2809 3045 2901 operarii
3080 2822 3397 2897 iniquitatis,
3427 2835 3543 2875 cum
3570 2830 3669 2872 non
3701 2815 3752 2868 in
3783 2812 3872 2865 ιίιε
3900 2809 3970 2861 in-

2420 2928 2714 2984 Vt'nialllilli
2747 2923 2988 2989 Domini,
3022 2922 3206 2990 utique
3246 2911 3588 2971 manilestatis
3618 2921 3708 2961 vos
3736 2903 3970 2973 operibus

2421 3023 2615 3078 vestris
2633 3034 2756 3076 esse
2779 3019 2833 3073 in
2859 3019 2940 3072 via
2960 3014 3181 3071 diaboli.
3201 3009 3424 3080 Legisti:
3453 3004 3620 3060 Nolite
3638 3001 3786 3056 celari
3806 2995 3827 3032 ιι
3849 3011 3970 3047 mor-

2420 3126 2518 3170 tem
2551 3117 2603 3168 in
2634 3129 2862 3168 errorem
2890 3111 3006 3166 oittz
3040 3117 3237 3171 t'estrw,
3273 3118 3425 3168 neque
3454 3095 3718 3166 acquiratis
3748 3089 3969 3160 perditio-

711 3277 983 3312 ..u...,.e.....
1011 3277 1280 3293 νυ...υ...,..
1323 3277 1552 3290 .....,......
1578 3277 1623 3305 κ-
1651 3277 1696 3289 -.
1728 3277 1780 3297 υ,
1824 3277 1891 3303 .,.
2092 3277 2218 3301 ...οη
2249 3277 2313 3286 ,-

711 3349 808 3389 vos
841 3333 971 3388 furis
1010 3332 1216 3402 positos
1261 3330 1481 3391 dicitur,
1515 3328 1611 3381 sed
1659 3327 1727 3380 ad
1770 3341 1907 3381 nos:
1956 3324 2056 3390 Qui
2099 3323 2317 3396 diligitis
2345 3299 2388 3358 (ἶ

2345 3299 2388 3358 (ἶ
2425 3318 2523 3362 tem
2553 3322 2654 3360 non
2681 3306 2820 3376 fecit,
2852 3316 2943 3355 nec
2978 3299 3177 3353 lwtatur
3204 3296 3254 3348 in
3280 3291 3552 3366 perditione
3581 3285 3790 3340 rivorum
3826 3277 3965 3349 (Sep.

712 3425 1014 3490 Dominum,
1046 3424 1183 3478 adite
1209 3423 1404 3476 malum
1434 3420 1557 3489 (Ps.
1592 3434 1738 3480 xcvr,
1775 3419 1888 3488 10).
1912 3417 2139 3472 Odimus
2166 3416 2320 3470 deni-

708 3535 814 3588 que
840 3519 1037 3572 malum
1063 3515 1204 3587 quod
1239 3531 1330 3571 vos
1355 3514 1554 3569 idcirco
1580 3512 1796 3574 amatis,
1823 3512 1947 3581 quia
1979 3510 2099 3564 sitis
2131 3524 2237 3563 non
2271 3512 2322 3562 in

711 3612 943 3668 ecclesia
991 3608 1104 3665 Dei.
1156 3608 1439 3677 Quomodo
1481 3606 1682 3662 etenim
1734 3613 1786 3659 te
1834 3605 1884 3659 in
1927 3603 2157 3660 ecclesia
2203 3617 2325 3659 esse

715 3708 920 3776 poteris
956 3712 1206 3759 astruere
1233 3703 1355 3770 Dei,
1387 3702 1552 3756 homo
1577 3702 1664 3770 qui
1697 3715 1803 3754 non
1828 3699 2004 3754 solum
2033 3696 2324 3753 ecclesiam

710 3801 786 3854 sis
821 3812 1177 3869 persequens.
1202 3796 1295 3850 scd
1328 3806 1380 3848 et
1408 3796 1584 3865 ipsum
1618 3807 1822 3863 negans
1850 3793 1938 3860 qui
1971 3790 2213 3846 fundarit
2237 3803 2321 3844 ec-

713 3891 985 3948 clesiam?
1013 3894 1091 3944 An
1125 3905 1231 3945 non
1263 3905 1320 3944 es
1353 3890 1619 3958 superbus
1640 3929 1653 3953 ,
1684 3896 1738 3942 et
1761 3886 2006 3941 habitare
2036 3883 2245 3954 poteris
2273 3883 2327 3938 in

716 3986 882 4041 domo
919 3983 1150 4047 Domini,
1185 3981 1440 4052 quamdiu
1475 3983 1527 4035 in
1560 3981 1660 4034 hoc
1691 3978 1961 4033 manseris
1995 3975 2331 4047 supercilio?

718 4076 850 4146 Quis
878 4078 1022 4132 enim
1056 4076 1251 4129 merito
1284 4075 1480 4143 poterit
1512 4071 1616 4126 dici
1650 4071 1951 4140 superbus,
1981 4071 2024 4124 si
2069 4079 2121 4122 tu
2156 4067 2330 4138 possis

720 4169 941 4223 humilis
964 4166 1223 4237 judicari,
1257 4167 1349 4237 qui
1376 4167 1550 4221 dicis:
1587 4163 1837 4218 Damnate
1867 4173 2046 4218 contra
2083 4161 2331 4216 mandata

719 4262 893 4316 divina
923 4261 1261 4326 innocentem,
1297 4258 1493 4312 calcate
1519 4268 1774 4328 pracepta
1808 4257 1922 4323 Dei,
1956 4272 2068 4310 mea
2093 4254 2331 4309 servate?

721 4353 832 4410 Sed
864 4352 1094 4408 fortasse
1127 4369 1233 4407 non
1267 4353 1509 4423 loqueris
1541 4351 1747 4422 iniqua,
1781 4359 1837 4405 et
1866 4348 2069 4419 poteris
2099 4348 2334 4404 inveniri

724 4448 870 4503 inter
889 4446 1215 4501 christianos
1245 4452 1300 4500 tu
1330 4453 1554 4516 negator
1581 4443 1781 4511 Patris,
1815 4455 2042 4514 negator
2073 4443 2215 4498 unici
2248 4441 2336 4496 Fi-

722 4540 776 4595 lii
821 4539 959 4608 ejus,
1017 4547 1242 4608 negator
1290 4537 1526 4610 Spiritus
1569 4538 1742 4593 sancti
1784 4534 2080 4605 paracleti.
2113 4534 2335 4592 Arianae

723 4633 949 4691 haeresis
999 4634 1272 4699 tundatur,
1306 4631 1622 4689 destructor
1666 4632 1982 4702 apostolicae
2024 4629 2188 4697 iidei;
2225 4644 2332 4686 non

726 4679 949 4691 ...........-
1309 4679 1611 4689 ---..----.
1666 4679 1982 4702 Ἵππη--
2024 4679 2188 4697 __--,
2225 4679 2332 4686 η---
2553 4679 2582 4691 ,,
2955 4679 2964 4682 _
3438 4688 3450 4700 ο
3541 4685 3551 4695 ,
3628 4681 3638 4691 ,
3682 4679 3691 4688 ,

726 4728 968 4798 loqueris
992 4729 1168 4799 iniqua
1193 4728 1351 4783 labiis
1378 4728 1484 4783 tuis
1499 4726 1806 4792 venenatis,
1825 4727 1961 4781 nihil
1982 4725 2184 4781 oreillo
2206 4739 2336 4794 pro-
2362 4705 2413 4764 D
2441 4715 2538 4774 sed
2568 4722 2734 4770 temet
2763 4705 3059 4765 contuleris
3086 4701 3149 4756 ad
3180 4698 3374 4799 illum;
3370 4701 3518 4758 cujus
3542 4679 3691 4799 Im‘lfi:

727 4821 838 4877 fers
865 4821 1128 4892 sacrilego
1156 4820 1298 4890 quod
1330 4822 1400 4875 sit
1424 4820 1689 4892 iniquum.
1720 4819 2012 4891 lgnorabas
2039 4818 2091 4872 in
2123 4818 2334 4887 psalmo

724 4913 1027 4971 centesimo
1050 4913 1290 4970 secundo
1319 4914 1580 4984 Spiritum
1614 4922 1862 4971 sant-tum
1895 4911 2100 4967 dixisse
2127 4910 2196 4965 de
2229 4910 2337 4965 Do-

727 5007 874 5063 mino
905 5025 916 5058 :
959 5004 1182 5061 Faciem
1203 5002 1226 5042 ἀ
1260 5007 1665 5061 miscricordiam
1701 5005 1977 5068 Dominus,
2005 5015 2051 5058 et
2072 5002 2336 5076 judicium

725 5099 962 5154 omnibus
999 5100 1244 5174 injuria»:
1290 5100 1604 5166 patientibus
1647 5098 1766 5171 (Ps.
1799 5114 1896 5164 ett,
1929 5098 2015 5168 6);
2051 5106 2108 5150 ut
2138 5094 2337 5166 injuste

731 5194 1020 5257 mandares
1044 5193 1273 5262 judicari
1307 5193 1372 5247 οἳ
1404 5193 1570 5264 Cujus
1599 5192 1869 5248 mandatis
1904 5207 2098 5264 parere
2131 5204 2230 5245 nos
2261 5188 2343 5244 di-

723 5303 889 5358 gnum
919 5298 1003 5344 e3t
1030 5289 1242 5345 Domini
1269 5290 1616 5346 sacerdmes?
1641 5288 1819 5345 tuisne
1848 5287 2084 5344 nondum
2107 5283 2281 5356 erepti
2317 5285 2331 5321 ί

723 5385 791 5439 ab
818 5382 1114 5439 immundis
1141 5385 1439 5454 spiritibus,
1466 5399 1533 5439 an
1564 5381 1878 5454 prophetae?
1906 5396 2000 5450 per
2032 5393 2194 5450 quem
2225 5391 2340 5432 mo-

801 5559 826 5587 ἰ
861 5549 1018 5605 Vers.
1051 5551 1178 5605 Ant.
1214 5547 1345 5618 Quae
1384 5545 1764 5604 intellexerunt.
1798 5543 1976 5602 Graec.
2006 5557 2130 5599 cum
2161 5535 2338 5595 Lucii.

727 5620 842 5677 οὐδε
875 5631 1121 5682 συνῆκαν.

800 5692 824 5731 δ
864 5694 1018 5767 llers.
1059 5700 1181 5749 Ant.
1207 5692 1513 5767 nequitiam.
1536 5691 1720 5767 Graec.
1748 5690 1971 5767 πονηρξιν
2005 5682 2269 5767 utLttcif.

803 5776 825 5806 ο
865 5765 1020 5820 Vers.
1059 5770 1182 5821 Ant.
1219 5759 1338 5821 Non
1366 5765 1759 5819 ittltabitabat...
1793 5759 2236 5831 qui'loquebatuf.

801 5835 828 5877 ἀ
870 5837 1029 5894 Vera.
1059 5841 1184 5894 Ant.
1221 5838 1404 5893 Facies
1447 5827 1832 5892 misericordias
1875 5827 2106 5888 Domini.
2157 5827 2335 5886 Graec.

730 5923 850 5968 cum
885 5907 1058 5968 Lucii.
1094 5926 1237 5967 vers.
1270 5919 1428 5968 ποιῶν
1459 5910 1800 5983 ἐλεημοσύνας
1830 5907 1856 5965 ὁ
1887 5908 2087 5969 Notos-

760 5993 782 6021 °
813 5984 1088 6043 Judicare.
1129 5983 1292 6042 Latin

2427 3417 2466 3464 ι,
2501 3400 2614 3467 1:2).
2640 3375 2723 3452 An
2755 3394 3046 3451 meministi
3078 3387 3308 3459 legisse?
3339 3385 3442 3439 Cur
3471 3375 3750 3449 precepisti
3781 3383 3964 3442 quaere

2429 3506 2612 3548 remus
2640 3485 3046 3555 nobismetipsis
3079 3479 3346 3538 mortem?
3374 3477 3425 3533 Si
3454 3490 3553 3529 non
3587 3469 3767 3540 legisti,
3794 3475 3968 3529 cogno-

2429 3601 2521 3640 sce
2551 3583 2679 3655 quid
2716 3598 2813 3636 nos
2845 3579 3023 3635 facere
3056 3575 3222 3631 fueris
3252 3574 3509 3632 hortatus,
3535 3575 3584 3619 tu
3607 3562 3688 3633 qui
3715 3559 3761 3612 in
3789 3563 3966 3655 sortem

2429 3680 2706 3750 delegeris
2742 3691 2865 3731 esse
2907 3674 3160 3734 illorum,-
3202 3678 3424 3737 quorum
3466 3658 3688 3714 facinora
3725 3645 3968 3704 describat

2430 3791 2524 3830 ore
2554 3771 2861 3828 Salomonis
2891 3767 3126 3837 Spiritus
3153 3769 3367 3816 sanctus
3404 3755 3581 3809 dicens
3609 3767 3620 3802 :
3655 3744 3819 3814 Neque
3850 3754 3964 3791 nter-

2431 3869 2607 3924 cedem
2647 3871 2978 3935 speraverant
3005 3858 3216 3929 iustitia!
3237 3897 3249 3918 ,
3282 3868 3369 3907 nec
3385 3848 3728 3920 judicaverunt
3753 3839 3970 3935 honorem

2432 3963 2723 4016 animarum
2761 3965 3080 4016 sanctarum;
3110 3947 3347 4020 quoniam
3383 3941 3518 3996 Deus
3545 3935 3716 3991 creauit
3745 3931 3970 4020 hominem

2434 4049 2964 4114 inexterminabilent,
3007 4057 3052 4100 et
3092 4041 3159 4096 ad
3205 4037 3474 4107 imaginem
3509 4045 3609 4084 sua:
3652 4018 3969 4080 similitudini!

2432 4153 2552 4224 fecit
2578 4149 2728 4204 illum
2761 4162 2779 4200 :
2807 4143 3005 4199 invidia
3029 4147 3200 4194 autem
3230 4129 3417 4187 diaboli
3445 4142 3571 4180 more
3597 4118 3804 4224 introivit
3829 4115 3872 4165 in
3894 4126 3970 4211 ore.

2435 4210 2547 4301 bent
2579 4255 2833 4298 terrarum
2877 4235 3041 4308 (Ibid.
3073 4247 3130 4299 It,
3159 4229 3271 4300 22).
3294 4225 3571 4280 Imitantur
3596 4227 3714 4285 ergo
3743 4210 3873 4265 tilum
3895 4210 3972 4273 qui

2436 4349 2663 4396 suntex
2695 4342 2850 4406 parte
2900 4332 3059 4387 illius.
3100 4320 3376 4393 Conspicis
3429 4324 3481 4371 te
3528 4310 3826 4368 imitatorem
3869 4309 3974 4406 esse

2437 4430 2661 4492 diaboli,
2689 4397 2741 4483 in
2765 4435 2916 4498 parte
2941 4436 3063 4479 esse
3089 4415 3433 4474 cOustitutum
3463 4406 3629 4466 illius;
3651 4403 3909 4498 cognoscis
3932 4397 3977 4489 ιιι

2437 4527 2580 4600 quod
2612 4487 2823 4580 tibimet
2863 4516 3153 4588 conquiras
3183 4516 3440 4567 mortem,
3478 4505 3530 4554 tu
3567 4494 3652 4600 qui
3691 4487 3976 4600 uolueris-in

2441 4586 2733 4691 imaginem
2771 4614 2891 4678 Dei,
2933 4586 3204 4682 quomodo
3245 4616 3304 4656 es
3346 4596 3514 4652 factus
3542 4605 3569 4644 a
3761 4587 3974 4677 Illanefeu

3698 4692 3724 4730 8
3755 4687 3887 4726 mOrs
3911 4684 3978 4720 Hi‘

2445 4808 2678 4866 traverit
2709 4806 2759 4860 in
2799 4804 2985 4857 orbem
3019 4805 3304 4852 terrarum.
3337 4783 3528 4839 Contra
3557 4773 3735 4866 accipe
3753 4772 3977 4866 quantam

2445 4852 2761 4959 ieiicitatem
2784 4894 2970 4964 cupiat
2989 4883 3243 4954 consequi
3277 4874 3608 4936 Athanasius;
3639 4862 3768 4964 unde
3794 4870 3846 4912 ct
3873 4852 3981 4964 noli‘t

2440 5012 2586 5060 0558.
2619 4990 2760 5062 quod
2793 4983 2871 5045 sis
2904 4997 2984 5050 tu,
3014 4979 3244 5039 Atiatttts
3269 4977 3536 5044 apostata;
3564 4959 3733 5062 accipe
3757 4957 3979 5062 quantam

2442 5041 2650 5148 fui‘ri'nt'
2670 5086 2834 5139 etiam
2865 5080 3115 5148 illi,quos
3135 5073 3242 5142 jam
3267 5064 3406 5137 quod
3431 5078 3484 5114 se
3510 5041 3982 5150 Οὴιὶδιιιιιιοξβιὶῗ

2445 5184 2574 5244 rint,
2597 5196 2655 5236 es
2683 5136 3287 5238 interficere.diguatus,
3311 5151 3576 5215 consecuti
3601 5136 3977 5198 beatitudinem:

2447 5276 2721 5333 laetorum
2753 5279 2924 5323 autem
2950 5264 3134 5320 auimw
3157 5260 3208 5313 in
3237 5270 3386 5310 manu
3419 5245 3512 5301 Dei
3539 5246 3740 5333 sunt,get
3758 5247 3860 5333 non
3887 5238 3976 5328 itm-

2445 5380 2527 5444 get
2568 5368 2688 5422 illos
2733 5371 3040 5420 tormentum
3076 5353 3116 5408 ί.
3163 5351 3273 5406 νεεὶ
3319 5354 3431 5402 sunt
3478 5334 3632 5394 oculis
3674 5328 3982 5398 insipientiam

2526 5526 2542 5567 '
2582 5526 2682 5596 Qui
2713 5520 2940 5578 nondum
2973 5524 3170 5588 ereptus
3198 5527 3271 5577 es;
3301 5519 3418 5580 qua:
3444 5497 3678 5557 Lucifero
3719 5488 3893 5546 usitata
3921 5481 3982 5532 ln-

2448 5611 2740 5726 cuit‘o‘iers.
2775 5668 2901 5724 Ant.
2936 5661 3267 5717 Scrutantur,
3297 5658 3352 5707 et
3379 5643 3649 5713 exquirenl.

2523 5743 2549 5782 ιι
2580 5743 2740 5798 Vers.
2775 5742 2899 5795 Ant.
2929 5732 3180 5790 Zelare...
3211 5729 3266 5781 in
3289 5735 3489 5798 errore._

2533 5817 2547 5856 ί
2775 5773 3544 5870 'Xi‘i.“i'i';;iéit};}.{unus;
3581 5780 3770 5870 moti“,
3790 5773 3981 5870 ἓξῖξξ]

2452 5841 2740 5956 ϐιὲιέιῖιῖί
2761 5841 3295 5942 υ“ιξὶἶὲιιὲνῖί.”ἓὲιῖ›’ᾆι.
3318 5865 3466 5939 legit,
3482 5841 3773 5917 tormentum
3788 5841 3979 5900 malitia-
