4292 6410
177 446 273 504 861

1267 449 1404 507 PRO
1444 447 1716 506 SANCTO
1755 447 2153 508 ATHANASIO
2197 450 2322 508 LIB.
2365 452 2404 509 Ι.

3372 455 3479 512 ὃϐὶ

174 567 329 631 mori,
372 576 418 621 et
447 568 698 622 astimata
722 578 794 620 est
831 567 1030 621 malitia
1058 577 1082 603 ι
1113 567 1280 620 exitus
1309 566 1517 620 illorum
1545 565 1609 618 ab
1636 563 1662 602 δ
1691 564 1774 618 iti—
1801 583 1847 640 Α
1875 566 2294 621 erravimusavia
2307 571 2551 639 veritatis,
2567 583 2610 627 et
2615 575 2833 648 justitiaz
2851 577 3020 630 lumen
3041 593 3143 629 non
3163 575 3294 630 luxit
3311 574 3484 642 nobis,

171 675 299 713 nere
314 661 480 730 justo.
509 659 752 713 Abierant
779 659 830 712 in
852 660 1241 722 exterminium,
1269 659 1347 712 illi
1385 666 1555 712 autem
1575 666 1693 711 sunt
1718 656 1772 710 in

168 769 319 821 pace.
349 750 554 805 Etenim
582 763 602 790 ο
632 754 674 805 si
700 769 869 806 coram
892 752 1180 806 hominibus
1201 758 1451 805 tormenta
1475 749 1617 820 passi
1634 756 1772 813 sunt,

166 859 291 912 spes
305 843 517 897 illorum
536 844 918 900 immortalitate
931 845 1081 917 plena
1097 852 1190 907 est,
1216 840 1298 896 etd
1314 843 1366 895 in
1381 845 1560 914 paucis
1580 840 1768 906 vexati,

165 940 228 992 in
255 940 428 992 multis
450 937 941 1009 benedisponentur,
965 939 1206 1006 quoniam
1232 936 1373 990 Deus
1392 934 1601 988 tentavit
1630 934 1771 1000 illos,

167 1042 221 1084 et
249 1032 441 1085 invenit
480 1032 598 1085 illos
625 1031 808 1102 dignas
838 1049 910 1086 se.
941 1029 1225 1098 Tamquam
1265 1044 1448 1083 aurum
1487 1029 1539 1080 in
1563 1027 1773 1096 fornace

165 1123 408 1194 probavit
448 1120 600 1189 illos,
641 1125 791 1194 quasi
833 1134 855 1162 ε
907 1123 1260 1176 holocaustam
1312 1120 1532 1174 hostiam
1579 1119 1774 1186 accepit

165 1216 316 1279 illos,
347 1225 394 1270 et
425 1216 480 1268 in
508 1226 734 1286 tempore
763 1218 856 1270 erit
887 1226 1146 1281 respectus
1172 1215 1379 1268 illorum
1409 1211 1719 1284 :fulgebunt
1751 1210 1769 1248 ι

167 1319 435 1379 tamquam
458 1310 714 1374 scintilla,
734 1311 786 1364 in
808 1308 1114 1364 arundineto
1137 1309 1444 1372 discurrerit,
1462 1305 1774 1379 judicabant

167 1401 430 1462 nationes.
455 1410 504 1454 et
528 1401 926 1455 dominabuntur
948 1401 1175 1470 populis,
1197 1409 1242 1452 et
1267 1399 1495 1469 regnabit
1521 1395 1773 1451 Dominus

172 1509 356 1546 eorum
386 1495 437 1547 in
473 1503 772 1566 perpetuum
823 1494 979 1564 (Sap.
1013 1508 1100 1558 Ill,
1136 1493 1207 1561 Ι).
1242 1491 1527 1546 Desideras
1573 1489 1775 1544 interli-

163 1601 298 1643 cere
324 1589 699 1654 Athanasium,
729 1590 1045 1644 existimans
1085 1588 1229 1660 quod
1261 1587 1310 1643 ei
1337 1588 1379 1640 si
1411 1603 1533 1642 eum
1572 1598 1772 1643 macta-

172 1679 319 1733 veris
350 1681 526 1750 possis
554 1691 814 1735 aeternum
861 1681 992 1735 dare
1035 1683 1266 1744 malum,
1301 1680 1554 1748 ignorans
1596 1681 1772 1748 scrip-

171 1785 329 1844 ptum
357 1793 369 1828 :
397 1775 715 1830 Condemnat
745 1779 922 1849 justus
953 1785 1184 1829 mortuus
1206 1776 1344 1829 vivos
1370 1775 1576 1839 impios,
1616 1781 1663 1828 et
1683 1779 1775 1848 ju-

165 1877 353 1921 ventus
401 1869 614 1922 celerius
658 1875 1042 1930 consummata,
1093 1868 1467 1938 lonngitatem
1501 1875 1524 1914 8
1571 1867 1771 1937 injusti.

1876 662 1924 711 et
1936 659 2015 712 sol
2034 677 2136 714 non
2152 671 2180 711 ιι
2200 673 2428 718 estortus
2447 667 2611 734 nobis;
2633 669 2812 723 lassati
2822 686 2999 724 sumus
3019 668 3305 739 iniquitatis
3331 668 3384 722 in
3399 667 3483 722 via

1875 758 1924 805 et
1939 755 2259 821 perditionis.
2276 767 2324 810 et
2344 759 2716 816 ambulavimus
2733 763 2983 817 heremias
3006 769 3030 800 τ
3052 752 3317 834 difficiles,
3346 761 3482 815 viam

1876 855 2043 899 autem
2065 847 2270 902 Domini
2285 851 2650 920 ignoravimus.
2678 854 2816 922 Quid
2842 856 2984 909 nobis
3002 853 3200 925 profuit
3223 854 3482 923 superbia,

1875 949 1963 992 aut
1989 941 2112 1009 quid
2141 943 2333 997 divitia
2369 951 2390 978 ⁸
2425 961 2540 998 cum
2569 949 2902 1002 exsultatione
2943 946 3272 1001 contulerunt
3298 944 3485 998 nobis?

1880 1031 2194 1084 transierunt
2230 1034 2402 1086 omnia
2449 1034 2544 1088 illa
2586 1044 2847 1104 tamquam
2879 1034 3091 1102 umbra,
3127 1041 3178 1089 et
3221 1045 3484 1105 tamquam

1877 1122 2096 1175 nuncius
2125 1140 2424 1192 percurrens
2452 1114 2630 1197 (Ibid.
2660 1127 2750 1197 6).
2777 1129 2974 1183 Contra
3007 1126 3360 1181 Athanasium
3401 1125 3482 1178 vi-

1875 1226 2036 1268 surus
2065 1231 2122 1268 es
2147 1216 2284 1272 inter
2307 1217 2449 1283 illos,
2477 1234 2705 1285 quorum
2735 1220 2961 1292 gloriam
2991 1234 3217 1275 narrans
3247 1215 3481 1288 Spiritus

1875 1313 2096 1362 sanctus
2123 1307 2291 1364 dicit:
2333 1309 2475 1364 Justi
2512 1323 2685 1366 autem
2721 1314 2776 1366 in
2821 1322 3123 1383 perpetuum
3171 1312 3376 1379 triverit,
3432 1313 3483 1364 et

1875 1401 2018 1471 apud
2054 1399 2330 1456 Dominum
2359 1415 2430 1460 est
2460 1422 2654 1461 merces
2682 1405 2926 1470 illorum,
2957 1415 3006 1460 et
3034 1405 3276 1477 cogitatio
3303 1420 3483 1459 eorum

1875 1494 2015 1566 apud
2065 1498 2402 1552 Altissimum.
2447 1499 2577 1554 Ideo
2620 1503 2875 1571 accipient
2914 1517 3133 1573 regnum
3177 1498 3408 1562 decoris,
3437 1504 3488 1552 et

1876 1585 2120 1640 diadema
2151 1589 2167 1624 ί
2203 1591 2266 1642 de
2291 1607 2448 1644 manu
2476 1589 2707 1658 Domini,
2731 1593 2976 1661 quoniant
3005 1591 3214 1646 dextera
3237 1607 3335 1646 sua
3363 1605 3487 1662 pro-

1877 1688 2008 1746 teget
2038 1678 2154 1733 illos
2193 1691 2238 1733 et
2281 1681 2336 1734 in
2383 1681 2593 1736 brachio
2624 1699 2718 1736 suo
2749 1683 2986 1754 defendet
3021 1683 3141 1737 illos
3167 1673 3335 1749 (ibid.
3369 1680 3483 1752 16).

1879 1773 1955 1826 Tu
1985 1782 2179 1828 contra
2211 1775 2256 1828 si
2296 1774 2346 1827 in
2379 1773 2480 1829 hac
2507 1775 2775 1830 manseris
2806 1774 2973 1829 animi
3006 1774 3403 1838 obstinatiOne,
3435 1774 3484 1828 ei

1877 1869 2154 1922 censueris
2173 1867 2327 1922 ﬁnire
2341 1865 2584 1938 fragilem
2603 1867 2741 1924 hanc
2763 1869 2928 1923 vitam
2951 1867 3092 1923 inter
3111 1865 3483 1930 ArianOs,eris

175 1959 439 2015 Videbunt
465 1962 649 2015 etenim
673 1961 827 2029 finem
857 1962 1126 2030 sapientis,
1147 1971 1317 2014 etnon
1343 1959 1627 2029 intelligent
1648 1961 1773 2030 quid
1803 1974 1848 2034 Β
1881 1960 2023 2014 inter
2064 1959 2210 2021 illus,
2240 1959 2307 2013 ad
2335 1973 2473 2027 quos
2503 1961 2629 2015 item
2661 1959 2898 2030 loquitur
2925 1977 3020 2016 ore
3050 1955 3325 2030 propheta:
3355 1957 3450 2028 Spi

159 2056 459 2126 cognoverit
488 2053 515 2091 ιι
545 2056 607 2109 de
637 2056 748 2120 illo,
778 2065 824 2109 et
853 2073 1009 2126 quare
1036 2056 1276 2108 munierit
1305 2055 1555 2108 Dominus
1582 2071 1599 2107 :
1631 2055 1769 2108 vide-

1878 2051 2012 2105 ritus
2037 2061 2282 2107 sanctus:
2313 2052 2500 2107 Audite
2519 2068 2664 2124 ergo,
2690 2069 2855 2124 reges,
2882 2064 2930 2107 et
2953 2053 3253 2124 intelligite;
3278 2051 3481 2119 discite,

161 2148 293 2201 bunt
327 2159 371 2201 et
403 2157 750 2214 contemnent,
777 2150 897 2203 illos
937 2158 1105 2203 autem
1141 2149 1387 2203 Dominus
1416 2149 1649 2202 irridebit
1676 2164 1695 2202 :
1724 2158 1772 2202 et
1863 2145 2070 2212 judices
2091 2147 2270 2216 finium
2295 2155 2441 2203 terra:
2470 2165 2488 2202 :
2521 2151 2738 2217 prazbete
2769 2151 2940 2213 aures,
2965 2163 3072 2213 vos,
3104 2147 3192 2218 qui
3215 2146 3486 2201 continetis

159 2250 316 2292 erunt
345 2249 458 2309 post
487 2239 594 2294 haec
616 2239 908 2293 decidentes
936 2242 1044 2293 sine
1070 2238 1286 2300 honore,
1313 2249 1357 2292 et
1386 2242 1436 2292 in
1461 2241 1772 2294 contumelia

158 2333 348 2387 mortis
391 2334 442 2386 in
475 2338 750 2405 perpetuo,
783 2333 1023 2402 quoniam
1055 2332 1337 2400 disrumpet
1370 2332 1488 2385 illos
1517 2333 1625 2384 sine
1657 2347 1774 2384 voce

158 2426 406 2494 inflatos,
440 2437 486 2480 et
525 2426 855 2480 commovebit
889 2426 1006 2480 illos
1047 2443 1076 2479 a
1111 2425 1458 2493 fundamentis
1481 2465 1495 2488 ,
1531 2433 1579 2477 et
1614 2441 1775 2492 usque

156 2520 232 2570 ad
262 2534 558 2590 supremum
590 2517 889 2573 deserentur
915 2559 928 2581 ,
967 2531 1013 2572 et
1055 2527 1201 2571 erunt
1248 2518 1298 2570 in
1336 2517 1545 2581 dolore,
1580 2527 1626 2570 et
1669 2533 1775 2570 me-

161 2613 331 2665 moria
358 2614 566 2666 illorum
611 2611 774 2679 periet'
819 2611 832 2649 ί
885 2630 899 2667 ;
931 2612 1130 2665 venient
1159 2613 1209 2663 in
1239 2611 1577 2681 cognitionem
1609 2610 1623 2658 i
1658 2627 1773 2680 pec-

159 2715 402 2757 ratorum
428 2719 636 2757 suorum
667 2703 856 2764 timidi.
889 2715 935 2756 et
963 2703 1293 2755 transducent
1320 2704 1440 2756 illos
1466 2718 1530 2756 ea:
1554 2702 1772 2757 adverso

159 2797 464 2867 iniquitates
491 2810 668 2848 eorum
700 2793 862 2862 (ibid.
901 2809 972 2858 iv,
1008 2792 1121 2861 16).
1150 2793 1342 2848 Cernis
1371 2794 1512 2847 inter
1539 2808 1675 2863 quos
1703 2794 1773 2849 sit

164 2905 200 2958 ι)
222 2902 297 2942 ιτε
342 2899 428 2941 tua
474 2887 767 2942 Constituta
795 2905 806 2940 :
849 2887 1028 2942 cernis
1059 2902 1179 2941 cum
1213 2888 1462 2956 qualibus
1495 2896 1661 2942 tentet
1692 2887 1769 2942 fe-

165 2980 314 3034 ceris
349 2989 494 3032 stare
521 2989 706 3033 eoutra
738 2979 831 3034 Dei
858 2978 1109 3043 domum;
1147 2978 1499 3032 Athanasium
1533 2995 1664 3034 vero
1690 2981 1771 3034 vi-

162 3074 324 3126 debis
357 3074 496 3126 inter
529 3074 694 3137 istos,
734 3072 800 3126 dc
829 3073 1028 3142 quibus
1070 3073 1201 3125 infra
1233 3074 1494 3141 seriptum
1539 3074 1722 3142 accipe
1755 3091 1767 3126 :

162 3164 315 3218 Tunc
354 3165 558 3219 stabunt
591 3166 727 3238 justi
767 3166 819 3217 in
863 3181 1048 3234 magna
1083 3165 1367 3217 constantia
1406 3165 1648 3218 adversus
1684 3165 1773 3218 eos'

163 3259 256 3327 qui
284 3275 340 3312 se
367 3268 764 3331 angustaverunt
795 3258 845 3324 ιι,
874 3268 924 3312 et
955 3258 1276 3311 abstulerunt
1321 3257 1518 3311 labores
1547 3275 1720 3312 eorunt
1753 3276 1771 3313 :

1880 2239 2260 2294 multitudinem
2284 2247 2334 2304 ⁸,
2377 2248 2424 2293 et
2457 2241 2667 2309 placetis
2697 2238 2841 2294 vobis
2878 2240 2931 2294 in
2974 2241 3136 2293 turbis
3179 2240 3482 2304 nationum;

1879 2330 2120 2398 quoniam
2150 2330 2272 2383 data
2302 2341 2374 2384 est
2405 2347 2438 2384 a
2467 2328 2688 2385 Domino
2718 2339 2936 2398 potestas
2968 2330 3127 2396 vobis,
3161 2338 3207 2384 et
3234 2329 3394 2382 virtus
3419 2327 3484 2381 ab

1882 2418 2166 2488 Altissimo,
2199 2425 2284 2493 qui
2314 2425 2647 2494 interrogabit
2671 2440 2831 2496 Opera
2858 2434 3042 2486 vestra,
3071 2432 3121 2478 et
3147 2422 3483 2496 cogitationes

1875 2513 2180 2570 scrutabitur
2204 2516 2348 2587 regni
2371 2525 2417 2585 ',
2449 2519 2692 2586 quoniam
2714 2528 2825 2570 cum
2847 2518 3022 2571 essetis
3050 2517 3271 2570 ministri
3295 2518 3406 2589 ejus
3430 2523 3482 2583 κ,

1877 2625 1977 2661 non
2025 2619 2158 2662 recte
2184 2610 2461 2680 iudicastis
2481 2651 2494 2675 ,
2525 2626 2686 2676 neque
2714 2610 3012 2664 custodistis
3043 2611 3203 2681 legem
3232 2619 3283 2675 1,
3315 2625 3484 2678 neque

1874 2703 2157 2754 secundum
2192 2703 2498 2756 voluntatem
2521 2702 2622 2757 Dei
2648 2704 2971 2758 ambulastis.
3006 2701 3275 2758 Horrende
3303 2712 3350 2756 et
3379 2705 3480 2758 cita

1875 2793 2140 2862 apparebit
2169 2793 2326 2856 vobis,
2351 2796 2592 2864 quoniam
2599 2795 2867 2867 judicium
2888 2795 3223 2849 durissimum
3245 2795 3299 2848 in
3328 2803 3350 2830 ι
3375 2795 3475 2862 his,

1874 2885 1961 2951 qui
1993 2895 2241 2954 prwsunt,
2271 2887 2356 2955 fiet
2387 2903 2405 2939 :
2453 2887 2638 2957 exiguo
2677 2888 2814 2941 enim
2854 2889 3153 2942 conceditur
3193 2889 3488 2942 misericor-

1875 2979 1962 3031 dia
1987 3021 2001 3044 ,
2031 2989 2260 3046 potentes
2292 2991 2462 3034 autem
2492 2988 2724 3050 potenter
2755 2990 3006 3035 tormenta
3039 2982 3320 3051 patientur.
3357 2978 3483 3036 Non

1875 3082 1900 3110 ⁸
1929 3075 2239 3128 subtransiet
2280 3091 2547 3145 personam
2574 3076 2823 3144 cujusque
2849 3075 3100 3128 Dominus
3122 3117 3136 3141 ,
3166 3092 3256 3128 nec
3284 3091 3481 3129 revere-

1875 3168 2008 3220 bitur
2040 3168 2443 3238 magnitudinem
2473 3171 2800 3238 cujusquam,
2831 3168 3074 3236 quoniam
3105 3174 3151 3220 et
3181 3165 3479 3237 pupillumb

1873 3275 1916 3314 et
1970 3277 2215 3332 magnum
2263 3264 2372 3334 ipse
2418 3264 2572 3332 fecit,
2607 3271 2656 3315 et
2699 3261 2966 3331 aqualiter
3013 3273 3141 3314 cura
3179 3271 3250 3314 est
3294 3260 3374 3313 illi
3412 3258 3478 3312 de

166 3351 402 3404 videntes
429 3350 768 3404 turbabuntur
799 3351 981 3404 timore
1017 3350 1250 3403 horribili
1278 3360 1324 3404 et
1346 3346 1686 3415 mirabuntur,
1722 3353 1774 3404 in
1803 3351 1846 3412 C
1881 3355 2113 3408 amnibus
2140 3371 2158 3408 :
2184 3355 2480 3424 fortioribus
2509 3366 2678 3408 autem
2711 3355 2892 3425 fortior
2920 3354 3075 3406 instat
3101 3348 3368 3407 cruciatio.
3400 3351 3481 3406 Ad

164 3444 484 3497 subitatione
509 3445 783 3515 insperattv
810 3443 992 3497 salutis
1033 3443 1204 3497 dicent
1241 3440 1257 3480 ι
1288 3445 1419 3498 inter
1444 3461 1496 3498 sc
1530 3445 1773 3516 paeniten-

162 3537 294 3590 tirrrn
325 3535 568 3589 habentes
599 3543 667 3600 ω,
697 3545 741 3588 et
788 3551 876 3602 per
905 3537 1196 3606 angustiam
1237 3537 1450 3605 spiritus
1476 3551 1731 3607 gementes
1758 3555 1776 3592 :

170 3629 244 3685 Ili
275 3642 390 3684 sunt
417 3648 544 3700 quos
585 3632 857 3686 habuimus
882 3631 1164 3702 aliquando
1196 3633 1246 3686 in
1279 3641 1303 3668 η
1337 3635 1442 3685 risu
1473 3645 1516 3685 ct
1557 3636 1608 3686 in
1636 3635 1774 3686 simi-

162 3722 441 3777 litudinem
472 3725 792 3792 improperii.
828 3722 940 3778 Nos
982 3726 1232 3778 insensati
1259 3726 1411 3778 vitam
1435 3727 1644 3778 illorum
1679 3742 1775 3778 ws-

165 3817 479 3870 timabantus
525 3817 812 3880 insaniant,
844 3828 890 3870 et
928 3817 1082 3886 ﬁnem
1123 3818 1330 3871 illorum
1379 3820 1486 3871 sine
1527 3817 1720 3871 honore
1751 3836 1770 3874 :

162 3910 426 3978 quomodo
446 3919 469 3944 υ
489 3911 770 3981 computati
783 3911 1042 3964 suntinter
1058 3911 1195 3978 filios
1219 3909 1333 3975 Dei,
1358 3923 1402 3965 et
1421 3912 1552 3965 inter
1573 3924 1773 3966 sanctos

167 4019 285 4056 sors
327 4000 536 4056 illorum
563 4012 637 4056 est
669 4002 844 4072 (Ibid.
881 4019 930 4064 ν,
972 4005 989 4057 1
1021 4006 1066 4071 )l
1098 4003 1246 4057 Tunc
1279 4002 1394 4058 tunc
1421 4004 1665 4058 dicturus
1693 4019 1773 4071 es,

168 4097 276 4149 nisi
302 4095 398 4149 tibi
421 4096 799 4159 consulueris,
824 4097 1038 4166 quando
1062 4099 1266 4151 videris
1300 4109 1350 4151 te
1375 4095 1688 4151 demersum
1720 4098 1774 4152 in

167 4189 462 4244 Tartarum
486 4207 498 4243 :
518 4201 644 4245 tunc
658 4190 896 4245 dicturus
920 4193 1053 4254 Inec,
1069 4205 1186 4260 quze
1205 4191 1333 4244 dicit
1351 4191 1588 4243 dicturos
1606 4204 1732 4244 suos
1750 4202 1776 4239 ρ

168 4291 552 4351 persecutores
583 4281 810 4334 militum
844 4279 1044 4335 Christi
1077 4281 1343 4350 scriptura
1377 4289 1597 4334 Sancta:
1635 4280 1778 4352 Ergo

243 4430 270 4459 ⁸
302 4420 536 4485 κάκωσις
558 4421 608 4475 in
637 4421 848 4477 Grznco.
884 4420 1036 4474 Vers.
1068 4422 1196 4474 Ant.
1228 4420 1468 4490 afﬂictio.

246 4490 273 4530 δ
301 4492 460 4549 Vers.
493 4497 621 4548 Ant.
657 4490 721 4546 Et
750 4492 887 4559 quod
917 4508 947 4545 a
973 4491 1113 4545 nobis
1141 4502 1213 4546 est
1239 4492 1354 4554 iter.
1387 4492 1772 4559 exterminium;

165 4562 255 4648 ra.-
283 4534 1365 4648 αἱιῑξιῖἱ,’ἑὶὲξξἐξειᾜῖἆῖιῆεέἰ-ἰῖιὶῖιέέὶιὲἱῐιίἶι
1387 4534 1768 4619 Lit

164 4637 351 4689 itinere
371 4637 518 4704 justo
548 4637 806 4690 abierunt.

247 4715 271 4787 ξ
303 4705 400 4787 gr.
421 4711 526 4787 sui
554 4705 1115 4787 7ap._Vers._Ant.3i.

241 4775 267 4814 δ
304 4777 371 4851 ξι
403 4775 636 4835 tleest'iri
663 4778 826 4851 _Vers.
861 4777 1379 4851 Ant.AGr:ecus,_3zu_t
1410 4779 1571 4851 ὀλίγα.

245 4857 268 4884 “-
303 4849 456 4905 νει-ε.
491 4851 619 4905 Ant.
652 4849 716 4903 Et
741 4851 886 4918 quasi
918 4849 1225 4904 holocausti.
1263 4847 1580 4904 Holocau'sta
1607 4849 1774 4903 hostia

170 4920 339 4975 habet
368 4920 509 4974 idem
545 4919 715 4976 Lucil.
748 4920 840 4976 lib.
889 4922 1024 4974 Mor.
1055 4938 1161 4974 esse
1193 4936 1285 4986 pro
1317 4918 1414 4976 Dei
1447 4918 1551 4975 Fil.
1589 4921 1772 4975 Sabat.

170 4992 326 5046 leait.
366 4989 694 5046 llolocausti.

167 4994 326 5061 legit,
366 4994 694 5046 Ilolocaustl.

248 5060 267 5100 ί
299 5061 597 5145 ῩρτεεΑιξξτ
625 5061 1071 5145 Fulgebuntjusti
1093 5073 1140 5145 e_t
1172 5059 1702 5145 tamquamscilntillte
1723 5061 1776 5115 in

165 5135 494 5188 arumtineto.
526 5133 595 5188 Et
622 5133 840 5188 additur
869 5133 1030 5188 etiam
1062 5150 1090 5188 a
1120 5135 1334 5188 Latinio
1362 5145 1416 5189 et
1441 5136 1496 5188 in
1525 5133 1618 5190 Gr.

245 5214 272 5252 8
305 5204 460 5260 Vers.
493 5209 622 5262 Ant.
650 5207 883 5273 Longam
906 5207 1131 5258 vitam...
1157 5208 1312 5259 enim.

242 5273 272 5312 δ
309 5274 461 5331 Vers.
495 5279 621 5333 Ant.
656 5275 1037 5350 Cogitaverit...
1071 5277 1133 5330 de
1163 5277 1254 5329 illo
1293 5275 1501 5350 Deus...
1533 5276 1689 5328 munit
1707 5275 1776 5329 rit

165 5347 416 5403 illum...
449 5347 771 5432 contemnant
792 5365 1012 5432 enim...
1043 5349 1352 5403 contumelia
1384 5352 1515 5402 inter
1546 5357 1774 5400 mortuas

165 5423 221 5474 in
251 5428 628 5491 perpetuum...
660 5421 1028 5475 desolabuntur
1052 5431 1100 5474 et
1130 5426 1282 5474 erunt
1309 5428 1581 5485 gementes.

248 5490 266 5528 ί
306 5492 408 5544 Pro
441 5491 656 5558 peribit,
686 5503 744 5546 ut
773 5502 898 5562 ante
929 5493 1063 5546 exiet
1110 5503 1207 5562 pro
1248 5491 1424 5545 exibit.
1472 5490 1574 5546 Til.
1616 5489 1772 5546 Vers.

168 5563 300 5618 Ant.
332 5561 535 5618 peribit.
809 5560 811 5562 ’

249 5636 262 5682 i
308 5631 459 5687 Vers.
491 5634 619 5688 Ant.
649 5631 716 5687 In
749 5635 1060 5702 cogitatione
1089 5632 1342 5702 ipsorum.

249 5654 262 5682 ι
314 5654 459 5687 vers.
491 5654 619 5688 At".
649 5654 716 5687 tn
749 5654 808 5688 co
849 5654 1060 5688 natione
1089 5654 1342 5702 ipsorum.

246 5702 272 5777 ξ
305 5703 458 5777 Yers.
492 5710 617 5760 Ant.
655 5713 708 5758 et
737 5654 921 5761 Snﬁat.
956 5706 1410 5777 Angustlaverunt.
1443 5716 1488 5777 et
1518 5705 1627 5773 qui.

253 5775 270 5812 ι
301 5773 546 5854 G‘rmcus,
569 5777 1002 5854 ⁸ἆροῇῖισρικνενξ⁵
1030 5773 1424 5854 Ᾰηιηυὶεειιιεε
1461 5775 1598 5828 intra
1626 5792 1700 5830 se.

247 5857 285 5883 πη
321 5836 544 5930 Agentes
569 5836 696 5920 legit
739 5847 922 5905 Sabat.
962 5836 1112 5906 νει-ε.
1157 5849 1285 5907 Ant.
1318 5851 1532 5920 Agentes
1579 5860 1626 5903 et
1669 5863 1778 5921 prta

387 5938 438 5978 α.

176 5929 442 6053 “afﬁgit;
469 5991 694 6066 Graeco,
723 5995 796 6061 si;
821 5993 1035 6069 ’γέλωτας
1075 5993 1233 6056 Vers.
1264 5999 1390 6054 Atti.
1433 5997 1485 6052 ἱιι
1515 5996 1776 6067 derisum;

1882 3466 1966 3504 vos
1996 3466 2136 3520 ergo,
2167 3465 2196 3502 o
2224 3451 2347 3503 mali
2375 3449 2580 3521 tyranni
2613 3460 2658 3514 ο,
2691 3459 2812 3502 sunt
2840 3463 3099 3502 sermones
3142 3449 3259 3508 mei.
3295 3458 3348 3502 ut
3376 3448 3485 3502 dis—

1880 3544 2006 3595 catis
2033 3543 2396 3612 sapientiamit
2424 3559 2524 3595 non
2555 3541 2805 3595 excidatis
2835 3537 2998 3610 (Ibid.
3029 3557 3100 3606 γι,
3123 3539 3202 3610 Ξ).
3235 3539 3406 3606 Tunc,
3437 3542 3482 3595 si

1882 3649 1979 3688 nec
2006 3637 2131 3688 ilum
2157 3649 2253 3689 nos
2281 3633 2533 3698 audieris,
2559 3631 2876 3697 Constanti,
2910 3635 3152 3697 visurus,
3182 3631 3300 3703 quin
3330 3649 3475 3688 nunc

1881 3726 2064 3780 videre
2093 3726 2234 3780 sales
2259 3726 2478 3778 minime
2510 3740 2603 3794 per
2627 3724 3058 3779 incredulitatem
3085 3735 3251 3788 tuum,
3269 3724 3478 3781 videbis

1881 3829 2008 3872 tunc
2031 3831 2152 3872 cum
2183 3820 2321 3872 inter
2364 3828 2727 3887 contyrunnos
2755 3823 2874 3870 tuos
2903 3814 3069 3870 fueris
3100 3815 3397 3871 collocatus
3423 3815 3477 3870 in

1886 3912 1993 3966 illis
2022 3912 2151 3965 locis
2176 3921 2585 3973 tormentorum,
2610 3925 2716 3963 non
2738 3909 2910 3965 solum
2936 3908 3077 3977 (μιυά
3099 3908 3292 3976 injustas
3326 3923 3479 3962 uina-

1883 4007 2024 4061 veris
2049 4005 2282 4074 judicia,
2316 4004 2409 4058 sed
2437 4003 2656 4071 etquod
2689 4003 2781 4057 Dei
2824 4001 3042 4056 domum
3079 4001 3358 4055 destruere
3387 4016 3486 4054 vo-

1885 4100 2070 4163 lueris,
2092 4097 2232 4168 quad
2267 4108 2489 4166 negator
2514 4096 2607 4150 Dei
2635 4094 2756 4148 Filii
2803 4094 3074 4150 exstiteris
3096 4135 3110 4158 ,
3140 4092 3280 4158 quod
3317 4093 3480 4148 aliter

1886 4189 2044 4243 tidem
2078 4187 2357 4257 praedicari
2379 4188 2626 4240 sanxeris
2665 4202 2759 4254 per
2789 4197 3098 4240 manentem
3131 4182 3156 4222 ἀ
3188 4185 3481 4254 potentiam

1887 4292 2052 4346 tuam,
2076 4295 2235 4350 quam
2271 4283 2545 4351 propheta:
2562 4276 2858 4347 elapostoli
2885 4275 3332 4346 praedicaverunt.
3375 4274 3485 4332 Nec

1876 4423 1930 4476 in
1961 4428 2145 4484 risum.
2175 4421 2351 4476 Latin.
2382 4428 2434 4474 el
2466 4417 2650 4475 Sabat.

1949 4503 1973 4530 ο
2003 4491 2135 4575 Ecce
2161 4486 2414 4575 quomodo
2444 4490 2606 4546 habet
2633 4489 2760 4546 Sal).
2796 4498 2850 4544 et
2879 4487 3036 4545 Vers.
3066 4487 3194 4544 Ant.

1947 4575 1974 4614 ρ
2013 4564 2134 4619 Vos.
2173 4564 2350 4618 Latin.

1950 4647 1976 4686 (ι
2010 4636 2162 4691 Vers.
2197 4635 2327 4690 Ant.
2373 4634 2471 4691 Sol
2501 4633 2870 4705 intelligentiw.
2906 4633 2948 4687 A
2981 4626 3177 4686 Grmco
3215 4628 3372 4685 abest
3402 4630 3484 4684 in-

1797 4738 1852 4799 D
1877 4708 2194 4799 telliqentite.

1951 4789 1970 4816 ι’
1991 4771 2060 4832 ⁷Ιά
2093 4791 2196 4845 est,
2224 4779 2337 4832 loca
2361 4777 2582 4841 deserta,
2607 4777 2794 4838 ardua,
2816 4789 2877 4828 ac
2900 4773 3178 4846 difficilia:
3199 4771 3396 4827 lterum
3424 4781 3483 4828 ut

1875 4857 2038 4917 supra
2064 4843 2310 4906 Graecam
2333 4849 2647 4913 dictionem,
2663 4846 2808 4915 quod
2832 4843 3136 4917 saepissime
3156 4843 3302 4907 facit,
3323 4857 3480 4917 usur-

1879 4915 1985 4991 pat.
2006 4919 2108 5010 Iit.
2127 4934 2172 5010 et
2188 4920 2264 4975 La
2280 4919 2656 5010 (IerdaLGi-tee.
2683 4915 2925 5010 Epriupos,
2943 4915 3177 5010 in'Vers‘.’
3190 4918 3318 4972 Ant.
3337 4916 3471 5010 vias.

1948 5001 1968 5026 ³
2008 4993 2086 5066 Ei!
2128 4995 2301 5048 (ἔταξε.
2337 4993 2571 5066 κηλοῦτᾳς
2598 4987 2729 5066 μιτᾷ
2772 4987 3101 5066 ἆλαζῳγείας.
3137 4987 3289 5042 Vers.
3339 4989 3468 5042 Αιιῑ.

1879 5065 1978 5117 Aut
2006 5065 2300 5120 divitiarum
2317 5064 2576 5134 jactautia
2598 5062 2725 5133 quid
2755 5062 2992 5117 contulit.

1955 5136 1973 5171 ί
2011 5136 2167 5192 Vers.
2203 5128 2332 5190 Αιιιῖ
2365 5128 2853 5203 Ιὶίιιάειιιαέρεεὶεἰ,
2881 5141 2928 5185 et
2951 5137 3082 5201 teget
3107 5145 3224 5194 eos,
3255 5136 3304 5183 et
3346 5128 3471 5182 bra-

1879 5206 1996 5261 chio
2025 5219 2201 5262 sancto
2233 5224 2346 5260 suo.
2378 5206 2438 5262 In
2469 5206 2659 5260 Gruter)
2683 5206 2862 5259 oniitt.
2895 5212 3071 5257 sancto
3100 5218 3215 5256 suo.

1953 5288 1979 5314 ιι
2016 5279 2168 5334 Vers.
2204 5279 2330 5332 Ant.
2365 5269 2754 5330 Multitudines.

1953 5359 1978 5387 τ
2018 5349 2168 5406 Vers.
2199 5354 2322 5403 Ant.
2347 5347 2693 5412 Cogitationes
2716 5346 3049 5412 scrutabitur,
3077 5345 3280 5402 omisso
3302 5344 3470 5415 regni.

1883 5419 2127 5476 Demitur
2158 5421 2319 5476 etiam
2352 5436 2387 5472 λ
2412 5417 2591 5473 Latin.
2626 5429 2679 5473 et
2705 5420 2890 5475 Saliat.

1955 5501 1980 5528 ι
2014 5492 2241 5547 Ministri
2271 5491 2415 5561 regni
2445 5491 2610 5546 illius.
2646 5491 2778 5547 Vers
2832 5491 2959 5545 Ant.
2992 5502 3052 5561 et
3076 5489 3203 5543 Sal).

1951 5573 1980 5613 γ
2015 5565 2164 5620 Vcrs.
2190 5557 2529 5634 Antféegem
2544 5564 2786 5634 justitite;
2803 5564 2954 5617 abest
2977 5577 3007 5616 τι
3030 5560 3218 5617 ϐιιερυ
3231 5557 3476 5631 justitia'.

1956 5643 1977 5671 ³
2012 5634 2078 5690 In
2109 5635 2306 5688 omittit
2336 5626 2491 5688 Veis.
2528 5626 2652 5688 Ant.

1956 5714 1982 5743 ⁸
2017 5706 2170 5762 Vers.
2211 5705 2357 5782 Ant._
2395 5703 2515 5758 Non
2561 5709 2695 5760 enim
2742 5703 3122 5761 subtrahet.....
3166 5711 3476 5782 cujusquam

1883 5777 2048 5840 Deus.
2080 5796 2170 5833 nec
2197 5778 2464 5832 verebitur.

1955 5852 1980 5891 ι)
2019 5851 2292 5908 Pusillum.
2329 5852 2499 5910 Vatic.
2532 5864 2588 5908 et
2618 5852 2775 5911 Vers.
2821 5856 2944 5906 Ant.

1958 5940 1977 6003 ξ
2000 5925 2067 6003 Ut
2084 5928 2133 5982 in
2150 5925 2608 6003 Grmcqrbpmot.
2623 5925 2906 5984 Vers.Aut.
2927 5925 3112 6003 Reges,
3133 5925 3313 5985 sunt/ti
3329 5939 3483 5982 term.

1953 5995 1979 6037 ά
2007 6001 2296 6057 Amentem.
2326 5995 2506 6058 Latin.
2596 6037 2598 6039 ›
