  <div class='ocr_page' id='page_1' title='image "/cluster/home/n/w/nwhite01/storage/ocr_20150623/12-13/uc1.31175013632818/1095.png"; bbox 0 0 4582 6382; ppageno 0'>
   <div class='ocr_carea' id='block_1_1' title="bbox 828 403 938 461">
    <p class='ocr_par' dir='ltr' id='par_1_1' title="bbox 828 403 938 461">
     <span class='ocr_line' id='line_1_1' title="bbox 828 403 938 461; baseline 0 0"><span class='ocrx_word' id='word_1_1' title='bbox 828 403 938 461; x_wconf 77' lang='lat'><strong>865</strong></span> 
     </span>
    </p>
   </div>
   <div class='ocr_carea' id='block_1_2' title="bbox 1906 400 3043 461">
    <p class='ocr_par' dir='ltr' id='par_1_2' title="bbox 1906 400 3043 461">
     <span class='ocr_line' id='line_1_2' title="bbox 1906 400 3043 461; baseline -0.001 -2"><span class='ocrx_word' id='word_1_2' title='bbox 1906 402 2230 461; x_wconf 77' lang='lat' dir='ltr'><strong>LUCIFERI</strong></span> <span class='ocrx_word' id='word_1_3' title='bbox 2269 400 2577 459; x_wconf 84' lang='lat' dir='ltr'><strong>EPISCOPI</strong></span> <span class='ocrx_word' id='word_1_4' title='bbox 2620 401 3043 460; x_wconf 78' lang='lat' dir='ltr'><strong>CALARITANI</strong></span> 
     </span>
    </p>
   </div>
   <div class='ocr_carea' id='block_1_3' title="bbox 4043 404 4149 460">
    <p class='ocr_par' dir='ltr' id='par_1_3' title="bbox 4043 404 4149 460">
     <span class='ocr_line' id='line_1_3' title="bbox 4043 404 4149 460; baseline -0.019 0"><span class='ocrx_word' id='word_1_5' title='bbox 4043 404 4149 460; x_wconf 48' lang='lat'><strong>86.!</strong></span> 
     </span>
    </p>
   </div>
   <div class='ocr_carea' id='block_1_4' title="bbox 830 516 4154 590">
    <p class='ocr_par' dir='ltr' id='par_1_4' title="bbox 830 516 4154 590">
     <span class='ocr_line' id='line_1_4' title="bbox 830 516 4154 590; baseline 0.001 -17"><span class='ocrx_word' id='word_1_6' title='bbox 830 518 1033 590; x_wconf 79' lang='lat' dir='ltr'><strong>poteris</strong></span> <span class='ocrx_word' id='word_1_7' title='bbox 1053 516 1239 574; x_wconf 84' lang='lat' dir='ltr'><strong>dicere</strong></span> <span class='ocrx_word' id='word_1_8' title='bbox 1268 534 1281 573; x_wconf 90' lang='lat'><strong>:</strong></span> <span class='ocrx_word' id='word_1_9' title='bbox 1312 517 1433 574; x_wconf 84' lang='lat' dir='ltr'><strong>Non</strong></span> <span class='ocrx_word' id='word_1_10' title='bbox 1471 534 1587 572; x_wconf 87' lang='lat' dir='ltr'><strong>sum</strong></span> <span class='ocrx_word' id='word_1_11' title='bbox 1620 520 1751 573; x_wconf 87' lang='lat' dir='ltr'><strong>inter</strong></span> <span class='ocrx_word' id='word_1_12' title='bbox 1782 519 1897 573; x_wconf 86' lang='lat' dir='ltr'><strong>illos</strong></span> <span class='ocrx_word' id='word_1_13' title='bbox 1916 534 2044 589; x_wconf 87' lang='lat' dir='ltr'><strong>quos</strong></span> <span class='ocrx_word' id='word_1_14' title='bbox 2070 518 2309 572; x_wconf 85' lang='lat' dir='ltr'><strong>describit</strong></span> <span class='ocrx_word' id='word_1_15' title='bbox 2348 534 2438 587; x_wconf 84' lang='lat' dir='ltr'><strong>per</strong></span> <span class='ocrx_word' id='word_1_16' title='bbox 2465 526 2519 586; x_wconf 71' lang='grc' dir='ltr'>Α</span> <span class='ocrx_word' id='word_1_17' title='bbox 2543 520 2749 585; x_wconf 82' lang='lat' dir='ltr'><strong>quando</strong></span> <span class='ocrx_word' id='word_1_18' title='bbox 2776 534 2879 572; x_wconf 85' lang='lat' dir='ltr'><strong>non</strong></span> <span class='ocrx_word' id='word_1_19' title='bbox 2908 519 3107 589; x_wconf 87' lang='lat' dir='ltr'><strong>fuerit:</strong></span> <span class='ocrx_word' id='word_1_20' title='bbox 3143 530 3332 574; x_wconf 86' lang='lat' dir='ltr'><strong>contra</strong></span> <span class='ocrx_word' id='word_1_21' title='bbox 3374 528 3563 576; x_wconf 90' lang='lat' dir='ltr'><strong>noster</strong></span> <span class='ocrx_word' id='word_1_22' title='bbox 3596 520 3851 577; x_wconf 76' lang='lat' dir='ltr'><strong>Salvator</strong></span> <span class='ocrx_word' id='word_1_23' title='bbox 3884 520 4154 577; x_wconf 81' lang='lat' dir='ltr'><strong>Dominus</strong></span> 
     </span>
    </p>
   </div>
   <div class='ocr_carea' id='block_1_5' title="bbox 834 610 2452 685">
    <p class='ocr_par' dir='ltr' id='par_1_5' title="bbox 834 610 2452 685">
     <span class='ocr_line' id='line_1_5' title="bbox 834 610 2452 685; baseline 0 -18"><span class='ocrx_word' id='word_1_24' title='bbox 834 610 1168 667; x_wconf 88' lang='lat' dir='ltr'><strong>Salomonem</strong></span> <span class='ocrx_word' id='word_1_25' title='bbox 1192 613 1423 685; x_wconf 88' lang='lat' dir='ltr'><strong>Spiritus</strong></span> <span class='ocrx_word' id='word_1_26' title='bbox 1451 613 1917 681; x_wconf 84' lang='lat' dir='ltr'><strong>sanctus;quando</strong></span> <span class='ocrx_word' id='word_1_27' title='bbox 1934 612 2123 667; x_wconf 80' lang='lat' dir='ltr'><strong>audias</strong></span> <span class='ocrx_word' id='word_1_28' title='bbox 2140 614 2353 668; x_wconf 89' lang='lat' dir='ltr'><strong>dicere:</strong></span> <span class='ocrx_word' id='word_1_29' title='bbox 2371 613 2452 667; x_wconf 80' lang='lat' dir='ltr'><strong>Ad</strong></span> 
     </span>
    </p>
   </div>
   <div class='ocr_carea' id='block_1_6' title="bbox 835 706 2449 778">
    <p class='ocr_par' dir='ltr' id='par_1_6' title="bbox 835 706 2449 778">
     <span class='ocr_line' id='line_1_6' title="bbox 835 706 2449 778; baseline 0.001 -20"><span class='ocrx_word' id='word_1_30' title='bbox 835 718 925 759; x_wconf 70' lang='lat' dir='ltr'><strong>vos</strong></span> <span class='ocrx_word' id='word_1_31' title='bbox 945 721 1090 776; x_wconf 87' lang='lat' dir='ltr'><strong>ergo,</strong></span> <span class='ocrx_word' id='word_1_32' title='bbox 1110 722 1140 760; x_wconf 93' lang='lat' dir='ltr'><strong>o</strong></span> <span class='ocrx_word' id='word_1_33' title='bbox 1155 708 1280 759; x_wconf 88' lang='lat' dir='ltr'><strong>tnali</strong></span> <span class='ocrx_word' id='word_1_34' title='bbox 1296 708 1524 777; x_wconf 82' lang='lat' dir='ltr'><strong>tyranni,</strong></span> <span class='ocrx_word' id='word_1_35' title='bbox 1544 717 1661 760; x_wconf 88' lang='lat' dir='ltr'><strong>sunt</strong></span> <span class='ocrx_word' id='word_1_36' title='bbox 1685 723 1943 760; x_wconf 74' lang='lat' dir='ltr'><strong>sermones</strong></span> <span class='ocrx_word' id='word_1_37' title='bbox 1962 708 2059 760; x_wconf 89' lang='lat' dir='ltr'><strong>mei</strong></span> <span class='ocrx_word' id='word_1_38' title='bbox 2079 706 2233 778; x_wconf 88' lang='lat' dir='ltr'><strong>(Sap.</strong></span> <span class='ocrx_word' id='word_1_39' title='bbox 2253 707 2449 777; x_wconf 64' lang='lat' dir='ltr'><strong>thtl).</strong></span> 
     </span>
    </p>
   </div>
   <div class='ocr_carea' id='block_1_7' title="bbox 830 798 2455 872">
    <p class='ocr_par' dir='ltr' id='par_1_7' title="bbox 830 798 2455 872">
     <span class='ocr_line' id='line_1_7' title="bbox 830 798 2455 872; baseline 0.001 -18"><span class='ocrx_word' id='word_1_40' title='bbox 830 798 949 854; x_wconf 83' lang='lat' dir='ltr'><strong>Non</strong></span> <span class='ocrx_word' id='word_1_41' title='bbox 981 800 1188 869; x_wconf 85' lang='lat' dir='ltr'><strong>poteris</strong></span> <span class='ocrx_word' id='word_1_42' title='bbox 1219 800 1403 870; x_wconf 91' lang='lat' dir='ltr'><strong>itaque</strong></span> <span class='ocrx_word' id='word_1_43' title='bbox 1446 816 1646 871; x_wconf 83' lang='lat' dir='ltr'><strong>negare</strong></span> <span class='ocrx_word' id='word_1_44' title='bbox 1671 811 1723 856; x_wconf 92' lang='lat' dir='ltr'><strong>te</strong></span> <span class='ocrx_word' id='word_1_45' title='bbox 1744 802 1988 857; x_wconf 84' lang='lat' dir='ltr'><strong>omnium</strong></span> <span class='ocrx_word' id='word_1_46' title='bbox 2016 816 2138 855; x_wconf 89' lang='lat' dir='ltr'><strong>esse</strong></span> <span class='ocrx_word' id='word_1_47' title='bbox 2162 814 2455 872; x_wconf 86' lang='lat' dir='ltr'><strong>contyran—</strong></span> 
     </span>
    </p>
   </div>
   <div class='ocr_carea' id='block_1_8' title="bbox 834 894 2453 966">
    <p class='ocr_par' dir='ltr' id='par_1_8' title="bbox 834 894 2453 966">
     <span class='ocr_line' id='line_1_8' title="bbox 834 894 2453 966; baseline 0 -17"><span class='ocrx_word' id='word_1_48' title='bbox 834 908 1032 949; x_wconf 89' lang='lat' dir='ltr'><strong>norum</strong></span> <span class='ocrx_word' id='word_1_49' title='bbox 1065 903 1282 948; x_wconf 91' lang='lat' dir='ltr'><strong>tuorum</strong></span> <span class='ocrx_word' id='word_1_50' title='bbox 1311 894 1632 964; x_wconf 89' lang='lat' dir='ltr'><strong>principem,</strong></span> <span class='ocrx_word' id='word_1_51' title='bbox 1670 894 1713 949; x_wconf 80' lang='lat' dir='ltr'><strong>si</strong></span> <span class='ocrx_word' id='word_1_52' title='bbox 1757 895 1917 949; x_wconf 93' lang='lat' dir='ltr'><strong>modo</strong></span> <span class='ocrx_word' id='word_1_53' title='bbox 1950 898 2168 966; x_wconf 82' lang='lat' dir='ltr'><strong>penitus</strong></span> <span class='ocrx_word' id='word_1_54' title='bbox 2190 896 2453 949; x_wconf 90' lang='lat' dir='ltr'><strong>intuearis</strong></span> 
     </span>
    </p>
   </div>
   <div class='ocr_carea' id='block_1_9' title="bbox 831 984 2453 1060">
    <p class='ocr_par' dir='ltr' id='par_1_9' title="bbox 831 984 2453 1060">
     <span class='ocr_line' id='line_1_9' title="bbox 831 984 2453 1060; baseline 0 -18"><span class='ocrx_word' id='word_1_55' title='bbox 831 1000 997 1058; x_wconf 82' lang='lat' dir='ltr'><strong>Opera</strong></span> <span class='ocrx_word' id='word_1_56' title='bbox 1024 997 1134 1042; x_wconf 90' lang='lat' dir='ltr'><strong>tua.</strong></span> <span class='ocrx_word' id='word_1_57' title='bbox 1160 984 1472 1054; x_wconf 89' lang='lat' dir='ltr'><strong>Custoditio,</strong></span> <span class='ocrx_word' id='word_1_58' title='bbox 1501 988 1676 1059; x_wconf 84' lang='lat' dir='ltr'><strong>inquit</strong></span> <span class='ocrx_word' id='word_1_59' title='bbox 1704 988 1998 1059; x_wconf 83' lang='lat' dir='ltr'><strong>Propheta,</strong></span> <span class='ocrx_word' id='word_1_60' title='bbox 2040 991 2233 1060; x_wconf 87' lang='lat' dir='ltr'><strong>legum,</strong></span> <span class='ocrx_word' id='word_1_61' title='bbox 2261 990 2453 1059; x_wconf 83' lang='lat' dir='ltr'><strong>conﬁr-</strong></span> 
     </span>
    </p>
   </div>
   <div class='ocr_carea' id='block_1_10' title="bbox 833 1081 2454 1152">
    <p class='ocr_par' dir='ltr' id='par_1_10' title="bbox 833 1081 2454 1152">
     <span class='ocr_line' id='line_1_10' title="bbox 833 1081 2454 1152; baseline 0.002 -19"><span class='ocrx_word' id='word_1_62' title='bbox 833 1081 992 1133; x_wconf 87' lang='lat' dir='ltr'><strong>matio</strong></span> <span class='ocrx_word' id='word_1_63' title='bbox 1021 1090 1047 1116; x_wconf 72' lang='grc' dir='ltr'><strong>ει</strong></span> <span class='ocrx_word' id='word_1_64' title='bbox 1089 1081 1495 1149; x_wconf 87' lang='lat' dir='ltr'><strong>incorruptionis</strong></span> <span class='ocrx_word' id='word_1_65' title='bbox 1531 1083 1968 1152; x_wconf 87' lang='lat' dir='ltr'><strong>est,incorruptio</strong></span> <span class='ocrx_word' id='word_1_66' title='bbox 1991 1092 2162 1136; x_wconf 89' lang='lat' dir='ltr'><strong>autem</strong></span> <span class='ocrx_word' id='word_1_67' title='bbox 2212 1084 2365 1151; x_wconf 82' lang='lat' dir='ltr'><strong>faciet</strong></span> <span class='ocrx_word' id='word_1_68' title='bbox 2407 1093 2454 1136; x_wconf 81' lang='lat' dir='ltr'><strong>te</strong></span> 
     </span>
    </p>
   </div>
   <div class='ocr_carea' id='block_1_11' title="bbox 836 1170 2453 1245">
    <p class='ocr_par' dir='ltr' id='par_1_11' title="bbox 836 1170 2453 1245">
     <span class='ocr_line' id='line_1_11' title="bbox 836 1170 2453 1245; baseline 0.002 -20"><span class='ocrx_word' id='word_1_69' title='bbox 836 1174 1135 1241; x_wconf 75' lang='lat' dir='ltr'><strong>proximum</strong></span> <span class='ocrx_word' id='word_1_70' title='bbox 1164 1170 1274 1227; x_wconf 90' lang='lat' dir='ltr'><strong>Deo</strong></span> <span class='ocrx_word' id='word_1_71' title='bbox 1298 1171 1464 1244; x_wconf 91' lang='lat' dir='ltr'><strong>(Ibid.</strong></span> <span class='ocrx_word' id='word_1_72' title='bbox 1508 1173 1617 1245; x_wconf 76' lang='lat' dir='ltr'><strong>l9).</strong></span> <span class='ocrx_word' id='word_1_73' title='bbox 1640 1174 1720 1228; x_wconf 88' lang='lat' dir='ltr'><strong>Tu</strong></span> <span class='ocrx_word' id='word_1_74' title='bbox 1744 1174 1810 1228; x_wconf 87' lang='lat' dir='ltr'><strong>ad</strong></span> <span class='ocrx_word' id='word_1_75' title='bbox 1831 1174 1968 1240; x_wconf 73' lang='lat' dir='ltr'><strong>lucc,</strong></span> <span class='ocrx_word' id='word_1_76' title='bbox 1998 1173 2345 1245; x_wconf 84' lang='lat' dir='ltr'><strong>Corrumpite,</strong></span> <span class='ocrx_word' id='word_1_77' title='bbox 2372 1175 2453 1229; x_wconf 84' lang='lat' dir='ltr'><strong>in-</strong></span> 
     </span>
    </p>
   </div>
   <div class='ocr_carea' id='block_1_12' title="bbox 838 1265 2453 1339">
    <p class='ocr_par' dir='ltr' id='par_1_12' title="bbox 838 1265 2453 1339">
     <span class='ocr_line' id='line_1_12' title="bbox 838 1265 2453 1339; baseline 0.003 -20"><span class='ocrx_word' id='word_1_78' title='bbox 838 1265 1102 1336; x_wconf 85' lang='lat' dir='ltr'><strong>quis,Dei</strong></span> <span class='ocrx_word' id='word_1_79' title='bbox 1130 1267 1410 1338; x_wconf 88' lang='lat' dir='ltr'><strong>legem;ut</strong></span> <span class='ocrx_word' id='word_1_80' title='bbox 1435 1268 1759 1337; x_wconf 88' lang='lat' dir='ltr'><strong>corrupistis</strong></span> <span class='ocrx_word' id='word_1_81' title='bbox 1792 1282 1909 1332; x_wconf 82' lang='lat' dir='ltr'><strong>vos,</strong></span> <span class='ocrx_word' id='word_1_82' title='bbox 1944 1281 2324 1339; x_wconf 83' lang='lat' dir='ltr'><strong>persecutores</strong></span> <span class='ocrx_word' id='word_1_83' title='bbox 2357 1284 2453 1324; x_wconf 88' lang='lat' dir='ltr'><strong>no-</strong></span> 
     </span>
    </p>
   </div>
   <div class='ocr_carea' id='block_1_13' title="bbox 842 1358 2450 1432">
    <p class='ocr_par' dir='ltr' id='par_1_13' title="bbox 842 1358 2450 1432">
     <span class='ocr_line' id='line_1_13' title="bbox 842 1358 2450 1432; baseline 0.002 -18"><span class='ocrx_word' id='word_1_84' title='bbox 842 1360 961 1414; x_wconf 87' lang='lat' dir='ltr'><strong>stri.</strong></span> <span class='ocrx_word' id='word_1_85' title='bbox 989 1358 1122 1425; x_wconf 88' lang='lat' dir='ltr'><strong>Quis</strong></span> <span class='ocrx_word' id='word_1_86' title='bbox 1153 1369 1260 1414; x_wconf 86' lang='lat' dir='ltr'><strong>tam</strong></span> <span class='ocrx_word' id='word_1_87' title='bbox 1290 1375 1484 1416; x_wconf 79' lang='lat' dir='ltr'><strong>vecors</strong></span> <span class='ocrx_word' id='word_1_88' title='bbox 1514 1371 1618 1427; x_wconf 91' lang='lat' dir='ltr'><strong>est,</strong></span> <span class='ocrx_word' id='word_1_89' title='bbox 1649 1362 1739 1431; x_wconf 87' lang='lat' dir='ltr'><strong>qui</strong></span> <span class='ocrx_word' id='word_1_90' title='bbox 1772 1363 1899 1416; x_wconf 84' lang='lat' dir='ltr'><strong>velit</strong></span> <span class='ocrx_word' id='word_1_91' title='bbox 1924 1372 2219 1432; x_wconf 81' lang='lat' dir='ltr'><strong>corruptus</strong></span> <span class='ocrx_word' id='word_1_92' title='bbox 2249 1378 2279 1417; x_wconf 89' lang='lat' dir='ltr'><strong>a</strong></span> <span class='ocrx_word' id='word_1_93' title='bbox 2313 1374 2365 1417; x_wconf 92' lang='lat' dir='ltr'><strong>te</strong></span> <span class='ocrx_word' id='word_1_94' title='bbox 2398 1364 2450 1417; x_wconf 91' lang='lat' dir='ltr'><strong>in</strong></span> 
     </span>
    </p>
   </div>
   <div class='ocr_carea' id='block_1_14' title="bbox 837 1452 2453 1524">
    <p class='ocr_par' dir='ltr' id='par_1_14' title="bbox 837 1452 2453 1524">
     <span class='ocr_line' id='line_1_14' title="bbox 837 1452 2453 1524; baseline 0.001 -17"><span class='ocrx_word' id='word_1_95' title='bbox 837 1460 1103 1507; x_wconf 79' lang='lat' dir='ltr'><strong>:etcrnum</strong></span> <span class='ocrx_word' id='word_1_96' title='bbox 1136 1452 1356 1521; x_wconf 88' lang='lat' dir='ltr'><strong>perire?</strong></span> <span class='ocrx_word' id='word_1_97' title='bbox 1405 1454 1495 1522; x_wconf 85' lang='lat' dir='ltr'><strong>qui</strong></span> <span class='ocrx_word' id='word_1_98' title='bbox 1553 1452 1688 1507; x_wconf 88' lang='lat' dir='ltr'><strong>nolit</strong></span> <span class='ocrx_word' id='word_1_99' title='bbox 1738 1453 2009 1508; x_wconf 89' lang='lat' dir='ltr'><strong>manendo</strong></span> <span class='ocrx_word' id='word_1_100' title='bbox 2059 1455 2111 1508; x_wconf 89' lang='lat' dir='ltr'><strong>in</strong></span> <span class='ocrx_word' id='word_1_101' title='bbox 2142 1453 2453 1524; x_wconf 87' lang='lat' dir='ltr'><strong>integritate</strong></span> 
     </span>
    </p>
   </div>
   <div class='ocr_carea' id='block_1_15' title="bbox 836 1546 2453 1617">
    <p class='ocr_par' dir='ltr' id='par_1_15' title="bbox 836 1546 2453 1617">
     <span class='ocr_line' id='line_1_15' title="bbox 836 1546 2453 1617; baseline -0.001 -16"><span class='ocrx_word' id='word_1_102' title='bbox 836 1547 1121 1617; x_wconf 78' lang='lat' dir='ltr'><strong>proximus</strong></span> <span class='ocrx_word' id='word_1_103' title='bbox 1164 1546 1281 1600; x_wconf 84' lang='lat' dir='ltr'><strong>fieri</strong></span> <span class='ocrx_word' id='word_1_104' title='bbox 1323 1546 1474 1602; x_wconf 88' lang='lat' dir='ltr'><strong>Deo?</strong></span> <span class='ocrx_word' id='word_1_105' title='bbox 1501 1546 1613 1601; x_wconf 87' lang='lat' dir='ltr'><strong>Cur</strong></span> <span class='ocrx_word' id='word_1_106' title='bbox 1652 1546 1769 1601; x_wconf 67' lang='lat' dir='ltr'><strong>hiec</strong></span> <span class='ocrx_word' id='word_1_107' title='bbox 1798 1556 1893 1601; x_wconf 87' lang='lat' dir='ltr'><strong>aut</strong></span> <span class='ocrx_word' id='word_1_108' title='bbox 1938 1547 2058 1617; x_wconf 88' lang='lat' dir='ltr'><strong>ipse</strong></span> <span class='ocrx_word' id='word_1_109' title='bbox 2102 1547 2309 1611; x_wconf 85' lang='lat' dir='ltr'><strong>fecisti,</strong></span> <span class='ocrx_word' id='word_1_110' title='bbox 2360 1557 2453 1600; x_wconf 90' lang='lat' dir='ltr'><strong>aut</strong></span> 
     </span>
    </p>
   </div>
   <div class='ocr_carea' id='block_1_16' title="bbox 836 1640 2452 1713">
    <p class='ocr_par' dir='ltr' id='par_1_16' title="bbox 836 1640 2452 1713">
     <span class='ocr_line' id='line_1_16' title="bbox 836 1640 2452 1713; baseline 0.001 -18"><span class='ocrx_word' id='word_1_111' title='bbox 836 1656 939 1695; x_wconf 90' lang='lat' dir='ltr'><strong>nos</strong></span> <span class='ocrx_word' id='word_1_112' title='bbox 1000 1642 1180 1695; x_wconf 82' lang='lat' dir='ltr'><strong>facere</strong></span> <span class='ocrx_word' id='word_1_113' title='bbox 1243 1640 1427 1695; x_wconf 87' lang='lat' dir='ltr'><strong>fueras</strong></span> <span class='ocrx_word' id='word_1_114' title='bbox 1504 1642 1843 1712; x_wconf 81' lang='lat' dir='ltr'><strong>compellere</strong></span> <span class='ocrx_word' id='word_1_115' title='bbox 1918 1644 2123 1697; x_wconf 77' lang='lat' dir='ltr'><strong>ausus?</strong></span> <span class='ocrx_word' id='word_1_116' title='bbox 2180 1642 2452 1713; x_wconf 83' lang='lat' dir='ltr'><strong>Numquid</strong></span> 
     </span>
    </p>
   </div>
   <div class='ocr_carea' id='block_1_17' title="bbox 837 1734 2452 1805">
    <p class='ocr_par' dir='ltr' id='par_1_17' title="bbox 837 1734 2452 1805">
     <span class='ocr_line' id='line_1_17' title="bbox 837 1734 2452 1805; baseline 0.001 -16"><span class='ocrx_word' id='word_1_117' title='bbox 837 1750 946 1789; x_wconf 89' lang='lat' dir='ltr'><strong>non</strong></span> <span class='ocrx_word' id='word_1_118' title='bbox 981 1735 1193 1803; x_wconf 78' lang='lat' dir='ltr'><strong>legeras</strong></span> <span class='ocrx_word' id='word_1_119' title='bbox 1240 1734 1452 1790; x_wconf 80' lang='lat' dir='ltr'><strong>dixisse</strong></span> <span class='ocrx_word' id='word_1_120' title='bbox 1486 1735 1537 1789; x_wconf 88' lang='lat' dir='ltr'><strong>itt</strong></span> <span class='ocrx_word' id='word_1_121' title='bbox 1587 1736 1729 1790; x_wconf 90' lang='lat' dir='ltr'><strong>libro</strong></span> <span class='ocrx_word' id='word_1_122' title='bbox 1758 1736 2059 1805; x_wconf 70' lang='lat' dir='ltr'><strong>Sapientiae</strong></span> <span class='ocrx_word' id='word_1_123' title='bbox 2098 1737 2452 1792; x_wconf 89' lang='lat' dir='ltr'><strong>Salomonem</strong></span> 
     </span>
    </p>
   </div>
   <div class='ocr_carea' id='block_1_18' title="bbox 839 1826 2454 1898">
    <p class='ocr_par' dir='ltr' id='par_1_18' title="bbox 839 1826 2454 1898">
     <span class='ocr_line' id='line_1_18' title="bbox 839 1826 2454 1898; baseline 0.002 -17"><span class='ocrx_word' id='word_1_124' title='bbox 839 1827 905 1882; x_wconf 82' lang='lat' dir='ltr'><strong>ad</strong></span> <span class='ocrx_word' id='word_1_125' title='bbox 942 1828 1146 1882; x_wconf 88' lang='lat' dir='ltr'><strong>Deum:</strong></span> <span class='ocrx_word' id='word_1_126' title='bbox 1180 1826 1322 1882; x_wconf 73' lang='lat' dir='ltr'><strong>Deus</strong></span> <span class='ocrx_word' id='word_1_127' title='bbox 1343 1840 1617 1898; x_wconf 78' lang='lat' dir='ltr'><strong>parentum</strong></span> <span class='ocrx_word' id='word_1_128' title='bbox 1644 1826 1695 1890; x_wconf 73' lang='grc' dir='ltr'><strong>ι),</strong></span> <span class='ocrx_word' id='word_1_129' title='bbox 1727 1839 1775 1884; x_wconf 91' lang='lat' dir='ltr'><strong>et</strong></span> <span class='ocrx_word' id='word_1_130' title='bbox 1806 1829 2032 1885; x_wconf 86' lang='lat' dir='ltr'><strong>Domine</strong></span> <span class='ocrx_word' id='word_1_131' title='bbox 2060 1832 2454 1886; x_wconf 87' lang='lat' dir='ltr'><strong>misericordia-</strong></span> 
     </span>
    </p>
   </div>
   <div class='ocr_carea' id='block_1_19' title="bbox 2554 612 4157 681">
    <p class='ocr_par' dir='ltr' id='par_1_19' title="bbox 2554 612 4157 681">
     <span class='ocr_line' id='line_1_19' title="bbox 2554 612 4157 681; baseline 0.001 -15"><span class='ocrx_word' id='word_1_132' title='bbox 2554 627 2617 666; x_wconf 89' lang='lat' dir='ltr'><strong>ac</strong></span> <span class='ocrx_word' id='word_1_133' title='bbox 2643 612 2784 667; x_wconf 86' lang='lat' dir='ltr'><strong>Deus</strong></span> <span class='ocrx_word' id='word_1_134' title='bbox 2815 612 2906 667; x_wconf 93' lang='lat' dir='ltr'><strong>Dei</strong></span> <span class='ocrx_word' id='word_1_135' title='bbox 2933 612 3129 667; x_wconf 91' lang='lat' dir='ltr'><strong>unicus</strong></span> <span class='ocrx_word' id='word_1_136' title='bbox 3157 612 3359 680; x_wconf 84' lang='lat' dir='ltr'><strong>Filius,</strong></span> <span class='ocrx_word' id='word_1_137' title='bbox 3391 629 3497 669; x_wconf 93' lang='lat' dir='ltr'><strong>non</strong></span> <span class='ocrx_word' id='word_1_138' title='bbox 3526 622 3631 679; x_wconf 90' lang='lat' dir='ltr'><strong>est,</strong></span> <span class='ocrx_word' id='word_1_139' title='bbox 3669 625 3725 669; x_wconf 93' lang='lat' dir='ltr'><strong>ut</strong></span> <span class='ocrx_word' id='word_1_140' title='bbox 3759 626 3813 670; x_wconf 92' lang='lat' dir='ltr'><strong>tu</strong></span> <span class='ocrx_word' id='word_1_141' title='bbox 3845 616 3952 681; x_wconf 89' lang='lat' dir='ltr'><strong>vis,</strong></span> <span class='ocrx_word' id='word_1_142' title='bbox 3980 613 4157 670; x_wconf 87' lang='lat' dir='ltr'><strong>Cons-</strong></span> 
     </span>
    </p>
   </div>
   <div class='ocr_carea' id='block_1_20' title="bbox 2556 707 4157 779">
    <p class='ocr_par' dir='ltr' id='par_1_20' title="bbox 2556 707 4157 779">
     <span class='ocr_line' id='line_1_20' title="bbox 2556 707 4157 779; baseline 0.003 -20"><span class='ocrx_word' id='word_1_143' title='bbox 2556 707 2713 772; x_wconf 88' lang='lat' dir='ltr'><strong>tanti,</strong></span> <span class='ocrx_word' id='word_1_144' title='bbox 2742 718 2993 764; x_wconf 80' lang='lat' dir='ltr'><strong>creatura</strong></span> <span class='ocrx_word' id='word_1_145' title='bbox 3022 752 3035 772; x_wconf 91' lang='lat'><strong>,</strong></span> <span class='ocrx_word' id='word_1_146' title='bbox 3062 710 3155 764; x_wconf 87' lang='lat' dir='ltr'><strong>sed</strong></span> <span class='ocrx_word' id='word_1_147' title='bbox 3184 721 3268 766; x_wconf 90' lang='lat' dir='ltr'><strong>est</strong></span> <span class='ocrx_word' id='word_1_148' title='bbox 3316 711 3577 765; x_wconf 88' lang='lat' dir='ltr'><strong>Dominus</strong></span> <span class='ocrx_word' id='word_1_149' title='bbox 3619 721 3916 779; x_wconf 75' lang='lat' dir='ltr'><strong>creaturte;</strong></span> <span class='ocrx_word' id='word_1_150' title='bbox 3962 720 4055 766; x_wconf 92' lang='lat' dir='ltr'><strong>est</strong></span> <span class='ocrx_word' id='word_1_151' title='bbox 4081 726 4157 764; x_wconf 77' lang='lat' dir='ltr'><strong>te-</strong></span> 
     </span>
    </p>
   </div>
   <div class='ocr_carea' id='block_1_21' title="bbox 2557 802 4157 873">
    <p class='ocr_par' dir='ltr' id='par_1_21' title="bbox 2557 802 4157 873">
     <span class='ocr_line' id='line_1_21' title="bbox 2557 802 4157 873; baseline 0.001 -19"><span class='ocrx_word' id='word_1_152' title='bbox 2557 810 2767 866; x_wconf 81' lang='lat' dir='ltr'><strong>teruUs,</strong></span> <span class='ocrx_word' id='word_1_153' title='bbox 2802 802 3229 868; x_wconf 64' lang='lat' dir='ltr'><strong>inteSIimahilis,</strong></span> <span class='ocrx_word' id='word_1_154' title='bbox 3259 803 3401 858; x_wconf 89' lang='lat' dir='ltr'><strong>sicut</strong></span> <span class='ocrx_word' id='word_1_155' title='bbox 3426 814 3545 869; x_wconf 89' lang='lat' dir='ltr'><strong>est,</strong></span> <span class='ocrx_word' id='word_1_156' title='bbox 3579 813 3634 859; x_wconf 89' lang='lat' dir='ltr'><strong>et</strong></span> <span class='ocrx_word' id='word_1_157' title='bbox 3656 804 3813 873; x_wconf 82' lang='lat' dir='ltr'><strong>cujus</strong></span> <span class='ocrx_word' id='word_1_158' title='bbox 3841 812 3925 857; x_wconf 70' lang='lat' dir='ltr'><strong>est</strong></span> <span class='ocrx_word' id='word_1_159' title='bbox 3949 803 4157 867; x_wconf 85' lang='lat' dir='ltr'><strong>Filius;</strong></span> 
     </span>
    </p>
   </div>
   <div class='ocr_carea' id='block_1_22' title="bbox 2558 894 4162 965">
    <p class='ocr_par' dir='ltr' id='par_1_22' title="bbox 2558 894 4162 965">
     <span class='ocr_line' id='line_1_22' title="bbox 2558 894 4162 965; baseline 0.004 -18"><span class='ocrx_word' id='word_1_160' title='bbox 2558 894 2732 948; x_wconf 89' lang='lat' dir='ltr'><strong>induit</strong></span> <span class='ocrx_word' id='word_1_161' title='bbox 2763 910 2896 950; x_wconf 81' lang='lat' dir='ltr'><strong>sane</strong></span> <span class='ocrx_word' id='word_1_162' title='bbox 2947 897 3251 965; x_wconf 90' lang='lat' dir='ltr'><strong>perfectum</strong></span> <span class='ocrx_word' id='word_1_163' title='bbox 3308 897 3585 953; x_wconf 84' lang='lat' dir='ltr'><strong>hominem</strong></span> <span class='ocrx_word' id='word_1_164' title='bbox 3620 898 3930 953; x_wconf 79' lang='lat' dir='ltr'><strong>novissimis</strong></span> <span class='ocrx_word' id='word_1_165' title='bbox 3966 898 4162 953; x_wconf 87' lang='lat' dir='ltr'><strong>diebus</strong></span> 
     </span>
    </p>
   </div>
   <div class='ocr_carea' id='block_1_23' title="bbox 2556 986 4159 1060">
    <p class='ocr_par' dir='ltr' id='par_1_23' title="bbox 2556 986 4159 1060">
     <span class='ocr_line' id='line_1_23' title="bbox 2556 986 4159 1060; baseline 0.003 -20"><span class='ocrx_word' id='word_1_166' title='bbox 2556 986 2626 1041; x_wconf 89' lang='lat' dir='ltr'><strong>de</strong></span> <span class='ocrx_word' id='word_1_167' title='bbox 2655 997 2814 1042; x_wconf 82' lang='lat' dir='ltr'><strong>utero</strong></span> <span class='ocrx_word' id='word_1_168' title='bbox 2837 988 3099 1057; x_wconf 73' lang='lat' dir='ltr'><strong>virginis;</strong></span> <span class='ocrx_word' id='word_1_169' title='bbox 3131 990 3225 1044; x_wconf 88' lang='lat' dir='ltr'><strong>sed</strong></span> <span class='ocrx_word' id='word_1_170' title='bbox 3254 1002 3308 1045; x_wconf 90' lang='lat' dir='ltr'><strong>et</strong></span> <span class='ocrx_word' id='word_1_171' title='bbox 3334 1004 3458 1044; x_wconf 89' lang='lat' dir='ltr'><strong>cum</strong></span> <span class='ocrx_word' id='word_1_172' title='bbox 3486 991 3824 1060; x_wconf 81' lang='lat' dir='ltr'><strong>suscepisset</strong></span> <span class='ocrx_word' id='word_1_173' title='bbox 3856 990 4159 1055; x_wconf 83' lang='lat' dir='ltr'><strong>hominem,</strong></span> 
     </span>
    </p>
   </div>
   <div class='ocr_carea' id='block_1_24' title="bbox 2560 1080 4162 1153">
    <p class='ocr_par' dir='ltr' id='par_1_24' title="bbox 2560 1080 4162 1153">
     <span class='ocr_line' id='line_1_24' title="bbox 2560 1080 4162 1153; baseline 0.004 -22"><span class='ocrx_word' id='word_1_174' title='bbox 2560 1080 2681 1134; x_wconf 81' lang='lat' dir='ltr'><strong>talis</strong></span> <span class='ocrx_word' id='word_1_175' title='bbox 2710 1089 2796 1134; x_wconf 84' lang='lat' dir='ltr'><strong>est</strong></span> <span class='ocrx_word' id='word_1_176' title='bbox 2825 1080 3205 1147; x_wconf 81' lang='lat' dir='ltr'><strong>immutabilis,</strong></span> <span class='ocrx_word' id='word_1_177' title='bbox 3245 1083 3704 1153; x_wconf 86' lang='lat' dir='ltr'><strong>incorruptibilis,</strong></span> <span class='ocrx_word' id='word_1_178' title='bbox 3736 1083 4121 1138; x_wconf 75' lang='lat' dir='ltr'><strong>inenarrabilis</strong></span> <span class='ocrx_word' id='word_1_179' title='bbox 4148 1125 4162 1147; x_wconf 87' lang='lat'><strong>,</strong></span> 
     </span>
    </p>
   </div>
   <div class='ocr_carea' id='block_1_25' title="bbox 2556 1172 4165 1244">
    <p class='ocr_par' dir='ltr' id='par_1_25' title="bbox 2556 1172 4165 1244">
     <span class='ocr_line' id='line_1_25' title="bbox 2556 1172 4165 1244; baseline 0.001 -19"><span class='ocrx_word' id='word_1_180' title='bbox 2556 1183 2610 1225; x_wconf 89' lang='lat' dir='ltr'><strong>et</strong></span> <span class='ocrx_word' id='word_1_181' title='bbox 2634 1172 3093 1237; x_wconf 78' lang='lat' dir='ltr'><strong>inconvertibilis,</strong></span> <span class='ocrx_word' id='word_1_182' title='bbox 3118 1175 3295 1244; x_wconf 87' lang='lat' dir='ltr'><strong>qualis</strong></span> <span class='ocrx_word' id='word_1_183' title='bbox 3322 1184 3407 1227; x_wconf 84' lang='lat' dir='ltr'><strong>est</strong></span> <span class='ocrx_word' id='word_1_184' title='bbox 3435 1183 3493 1228; x_wconf 92' lang='lat' dir='ltr'><strong>et</strong></span> <span class='ocrx_word' id='word_1_185' title='bbox 3528 1175 3686 1243; x_wconf 88' lang='lat' dir='ltr'><strong>cujus</strong></span> <span class='ocrx_word' id='word_1_186' title='bbox 3716 1185 3801 1229; x_wconf 91' lang='lat' dir='ltr'><strong>est</strong></span> <span class='ocrx_word' id='word_1_187' title='bbox 3824 1174 4028 1240; x_wconf 80' lang='lat' dir='ltr'><strong>Filius;</strong></span> <span class='ocrx_word' id='word_1_188' title='bbox 4059 1190 4165 1227; x_wconf 91' lang='lat' dir='ltr'><strong>non</strong></span> 
     </span>
    </p>
   </div>
   <div class='ocr_carea' id='block_1_26' title="bbox 2557 1266 4166 1338">
    <p class='ocr_par' dir='ltr' id='par_1_26' title="bbox 2557 1266 4166 1338">
     <span class='ocr_line' id='line_1_26' title="bbox 2557 1266 4166 1338; baseline 0.002 -19"><span class='ocrx_word' id='word_1_189' title='bbox 2557 1279 2682 1319; x_wconf 89' lang='lat' dir='ltr'><strong>cum</strong></span> <span class='ocrx_word' id='word_1_190' title='bbox 2737 1267 2977 1334; x_wconf 81' lang='lat' dir='ltr'><strong>suscepti</strong></span> <span class='ocrx_word' id='word_1_191' title='bbox 3034 1266 3275 1320; x_wconf 87' lang='lat' dir='ltr'><strong>hominis</strong></span> <span class='ocrx_word' id='word_1_192' title='bbox 3307 1282 3467 1320; x_wconf 82' lang='lat' dir='ltr'><strong>causa</strong></span> <span class='ocrx_word' id='word_1_193' title='bbox 3500 1267 3553 1320; x_wconf 92' lang='lat' dir='ltr'><strong>in</strong></span> <span class='ocrx_word' id='word_1_194' title='bbox 3601 1266 3747 1319; x_wconf 90' lang='lat' dir='ltr'><strong>aliud</strong></span> <span class='ocrx_word' id='word_1_195' title='bbox 3776 1308 3792 1333; x_wconf 94' lang='lat'><strong>,</strong></span> <span class='ocrx_word' id='word_1_196' title='bbox 3824 1283 3990 1338; x_wconf 86' lang='lat' dir='ltr'><strong>quam</strong></span> <span class='ocrx_word' id='word_1_197' title='bbox 4024 1266 4166 1336; x_wconf 89' lang='lat' dir='ltr'><strong>quod</strong></span> 
     </span>
    </p>
   </div>
   <div class='ocr_carea' id='block_1_27' title="bbox 2558 1358 4167 1430">
    <p class='ocr_par' dir='ltr' id='par_1_27' title="bbox 2558 1358 4167 1430">
     <span class='ocr_line' id='line_1_27' title="bbox 2558 1358 4167 1430; baseline 0.001 -17"><span class='ocrx_word' id='word_1_198' title='bbox 2558 1373 2776 1427; x_wconf 80' lang='lat' dir='ltr'><strong>semper</strong></span> <span class='ocrx_word' id='word_1_199' title='bbox 2808 1358 2947 1422; x_wconf 82' lang='lat' dir='ltr'><strong>fuit,</strong></span> <span class='ocrx_word' id='word_1_200' title='bbox 2986 1361 3164 1429; x_wconf 87' lang='lat' dir='ltr'><strong>potuit</strong></span> <span class='ocrx_word' id='word_1_201' title='bbox 3203 1371 3559 1424; x_wconf 84' lang='lat' dir='ltr'><strong>convertere;</strong></span> <span class='ocrx_word' id='word_1_202' title='bbox 3616 1358 4065 1430; x_wconf 72' lang='lat' dir='ltr'><strong>quandoquidem</strong></span> <span class='ocrx_word' id='word_1_203' title='bbox 4115 1360 4167 1415; x_wconf 90' lang='lat' dir='ltr'><strong>in</strong></span> 
     </span>
    </p>
   </div>
   <div class='ocr_carea' id='block_1_28' title="bbox 2558 1451 4169 1522">
    <p class='ocr_par' dir='ltr' id='par_1_28' title="bbox 2558 1451 4169 1522">
     <span class='ocr_line' id='line_1_28' title="bbox 2558 1451 4169 1522; baseline -0.001 -15"><span class='ocrx_word' id='word_1_204' title='bbox 2558 1452 2733 1507; x_wconf 83' lang='lat' dir='ltr'><strong>forma</strong></span> <span class='ocrx_word' id='word_1_205' title='bbox 2765 1453 2837 1505; x_wconf 88' lang='lat' dir='ltr'><strong>sit</strong></span> <span class='ocrx_word' id='word_1_206' title='bbox 2868 1452 2966 1506; x_wconf 90' lang='lat' dir='ltr'><strong>Dei</strong></span> <span class='ocrx_word' id='word_1_207' title='bbox 2999 1453 3165 1522; x_wconf 85' lang='lat' dir='ltr'><strong>patris</strong></span> <span class='ocrx_word' id='word_1_208' title='bbox 3190 1452 3273 1506; x_wconf 93' lang='lat' dir='ltr'><strong>sui</strong></span> <span class='ocrx_word' id='word_1_209' title='bbox 3300 1493 3316 1517; x_wconf 91' lang='lat'><strong>,</strong></span> <span class='ocrx_word' id='word_1_210' title='bbox 3360 1451 3807 1522; x_wconf 87' lang='lat' dir='ltr'><strong>quandoquidem</strong></span> <span class='ocrx_word' id='word_1_211' title='bbox 3864 1453 3939 1505; x_wconf 88' lang='lat' dir='ltr'><strong>sit</strong></span> <span class='ocrx_word' id='word_1_212' title='bbox 3989 1467 4169 1522; x_wconf 69' lang='lat' dir='ltr'><strong>requa-</strong></span> 
     </span>
    </p>
   </div>
   <div class='ocr_carea' id='block_1_29' title="bbox 2560 1545 4166 1615">
    <p class='ocr_par' dir='ltr' id='par_1_29' title="bbox 2560 1545 4166 1615">
     <span class='ocr_line' id='line_1_29' title="bbox 2560 1545 4166 1615; baseline -0.001 -16"><span class='ocrx_word' id='word_1_213' title='bbox 2560 1546 2627 1600; x_wconf 92' lang='lat' dir='ltr'><strong>lis</strong></span> <span class='ocrx_word' id='word_1_214' title='bbox 2654 1545 2826 1599; x_wconf 78' lang='lat' dir='ltr'><strong>Filius</strong></span> <span class='ocrx_word' id='word_1_215' title='bbox 2876 1546 3049 1610; x_wconf 82' lang='lat' dir='ltr'><strong>Patri,</strong></span> <span class='ocrx_word' id='word_1_216' title='bbox 3098 1556 3155 1599; x_wconf 92' lang='lat' dir='ltr'><strong>ut</strong></span> <span class='ocrx_word' id='word_1_217' title='bbox 3214 1546 3387 1601; x_wconf 80' lang='lat' dir='ltr'><strong>refert</strong></span> <span class='ocrx_word' id='word_1_218' title='bbox 3436 1546 3791 1600; x_wconf 86' lang='lat' dir='ltr'><strong>beatissimus</strong></span> <span class='ocrx_word' id='word_1_219' title='bbox 3834 1545 4166 1615; x_wconf 59' lang='lat' dir='ltr'><strong>Apostolus:</strong></span> 
     </span>
    </p>
   </div>
   <div class='ocr_carea' id='block_1_30' title="bbox 2562 1636 4173 1710">
    <p class='ocr_par' dir='ltr' id='par_1_30' title="bbox 2562 1636 4173 1710">
     <span class='ocr_line' id='line_1_30' title="bbox 2562 1636 4173 1710; baseline 0.001 -21"><span class='ocrx_word' id='word_1_220' title='bbox 2562 1640 2805 1703; x_wconf 80' lang='lat' dir='ltr'><strong>Quicum</strong></span> <span class='ocrx_word' id='word_1_221' title='bbox 2835 1639 2889 1692; x_wconf 89' lang='lat' dir='ltr'><strong>in</strong></span> <span class='ocrx_word' id='word_1_222' title='bbox 2922 1642 3093 1709; x_wconf 89' lang='lat' dir='ltr'><strong>forma</strong></span> <span class='ocrx_word' id='word_1_223' title='bbox 3122 1636 3221 1692; x_wconf 90' lang='lat' dir='ltr'><strong>Dei</strong></span> <span class='ocrx_word' id='word_1_224' title='bbox 3252 1651 3382 1693; x_wconf 93' lang='lat' dir='ltr'><strong>esset</strong></span> <span class='ocrx_word' id='word_1_225' title='bbox 3421 1649 3469 1703; x_wconf 77' lang='grc' dir='ltr'>ε,</span> <span class='ocrx_word' id='word_1_226' title='bbox 3501 1656 3603 1693; x_wconf 92' lang='lat' dir='ltr'><strong>non</strong></span> <span class='ocrx_word' id='word_1_227' title='bbox 3634 1649 3711 1693; x_wconf 80' lang='lat' dir='ltr'><strong>est</strong></span> <span class='ocrx_word' id='word_1_228' title='bbox 3758 1640 4004 1710; x_wconf 88' lang='lat' dir='ltr'><strong>rapinam</strong></span> <span class='ocrx_word' id='word_1_229' title='bbox 4033 1641 4173 1692; x_wconf 84' lang='lat' dir='ltr'><strong>arbi-</strong></span> 
     </span>
    </p>
   </div>
   <div class='ocr_carea' id='block_1_31' title="bbox 2560 1730 4171 1803">
    <p class='ocr_par' dir='ltr' id='par_1_31' title="bbox 2560 1730 4171 1803">
     <span class='ocr_line' id='line_1_31' title="bbox 2560 1730 4171 1803; baseline -0.001 -18"><span class='ocrx_word' id='word_1_230' title='bbox 2560 1740 2723 1785; x_wconf 78' lang='lat' dir='ltr'><strong>tratus</strong></span> <span class='ocrx_word' id='word_1_231' title='bbox 2751 1748 2858 1785; x_wconf 89' lang='lat' dir='ltr'><strong>esse</strong></span> <span class='ocrx_word' id='word_1_232' title='bbox 2884 1748 2938 1785; x_wconf 87' lang='lat' dir='ltr'><strong>se</strong></span> <span class='ocrx_word' id='word_1_233' title='bbox 2968 1732 3216 1799; x_wconf 75' lang='lat' dir='ltr'><strong>a&#39;qualem</strong></span> <span class='ocrx_word' id='word_1_234' title='bbox 3250 1730 3387 1797; x_wconf 86' lang='lat' dir='ltr'><strong>Deo,</strong></span> <span class='ocrx_word' id='word_1_235' title='bbox 3414 1732 3507 1785; x_wconf 85' lang='lat' dir='ltr'><strong>sed</strong></span> <span class='ocrx_word' id='word_1_236' title='bbox 3528 1732 3859 1803; x_wconf 77' lang='lat' dir='ltr'><strong>semetipsum</strong></span> <span class='ocrx_word' id='word_1_237' title='bbox 3887 1732 4171 1786; x_wconf 76' lang='lat' dir='ltr'><strong>exinanivit</strong></span> 
     </span>
    </p>
   </div>
   <div class='ocr_carea' id='block_1_32' title="bbox 2559 1824 4170 1895">
    <p class='ocr_par' dir='ltr' id='par_1_32' title="bbox 2559 1824 4170 1895">
     <span class='ocr_line' id='line_1_32' title="bbox 2559 1824 4170 1895; baseline -0.001 -17"><span class='ocrx_word' id='word_1_238' title='bbox 2559 1830 2779 1895; x_wconf 88' lang='lat' dir='ltr'><strong>formam</strong></span> <span class='ocrx_word' id='word_1_239' title='bbox 2796 1826 3057 1894; x_wconf 88' lang='lat' dir='ltr'><strong>accipiens</strong></span> <span class='ocrx_word' id='word_1_240' title='bbox 3074 1826 3203 1879; x_wconf 79' lang='lat' dir='ltr'><strong>servi</strong></span> <span class='ocrx_word' id='word_1_241' title='bbox 3240 1824 3469 1894; x_wconf 82' lang='lat' dir='ltr'><strong>(Philip.</strong></span> <span class='ocrx_word' id='word_1_242' title='bbox 3496 1841 3557 1890; x_wconf 88' lang='lat' dir='ltr'><strong>tt,</strong></span> <span class='ocrx_word' id='word_1_243' title='bbox 3594 1825 3813 1893; x_wconf 78' lang='lat' dir='ltr'><strong>6).Non</strong></span> <span class='ocrx_word' id='word_1_244' title='bbox 3856 1826 4001 1878; x_wconf 85' lang='lat' dir='ltr'><strong>enim</strong></span> <span class='ocrx_word' id='word_1_245' title='bbox 4049 1824 4170 1891; x_wconf 87' lang='lat' dir='ltr'><strong>quia</strong></span> 
     </span>
    </p>
   </div>
   <div class='ocr_carea' id='block_1_33' title="bbox 836 1914 4172 1995">
    <p class='ocr_par' dir='ltr' id='par_1_33' title="bbox 836 1914 4172 1995">
     <span class='ocr_line' id='line_1_33' title="bbox 836 1914 4172 1995; baseline -0.001 -22"><span class='ocrx_word' id='word_1_246' title='bbox 836 1937 976 1984; x_wconf 86' lang='lat' dir='ltr'><strong>rum,</strong></span> <span class='ocrx_word' id='word_1_247' title='bbox 1010 1922 1098 1990; x_wconf 89' lang='lat' dir='ltr'><strong>qui</strong></span> <span class='ocrx_word' id='word_1_248' title='bbox 1126 1922 1295 1989; x_wconf 79' lang='lat' dir='ltr'><strong>fecisti</strong></span> <span class='ocrx_word' id='word_1_249' title='bbox 1323 1924 1499 1976; x_wconf 89' lang='lat' dir='ltr'><strong>omnia</strong></span> <span class='ocrx_word' id='word_1_250' title='bbox 1544 1924 1693 1977; x_wconf 77' lang='lat' dir='ltr'><strong>verba</strong></span> <span class='ocrx_word' id='word_1_251' title='bbox 1726 1934 1845 1990; x_wconf 89' lang='lat' dir='ltr'><strong>tuo,</strong></span> <span class='ocrx_word' id='word_1_252' title='bbox 1891 1934 1939 1979; x_wconf 90' lang='lat' dir='ltr'><strong>et</strong></span> <span class='ocrx_word' id='word_1_253' title='bbox 1974 1925 2229 1995; x_wconf 86' lang='lat' dir='ltr'><strong>sapientia</strong></span> <span class='ocrx_word' id='word_1_254' title='bbox 2274 1937 2293 1962; x_wconf 79' lang='grc' dir='ltr'><em>ε</em></span> <span class='ocrx_word' id='word_1_255' title='bbox 2326 1941 2446 1978; x_wconf 86' lang='lat' dir='ltr'><strong>con-</strong></span> <span class='ocrx_word' id='word_1_256' title='bbox 2478 1914 2526 1973; x_wconf 83' lang='lat' dir='ltr'><strong>B</strong></span> <span class='ocrx_word' id='word_1_257' title='bbox 2552 1919 2710 1981; x_wconf 82' lang='lat' dir='ltr'><strong>dixit,</strong></span> <span class='ocrx_word' id='word_1_258' title='bbox 2741 1923 3076 1989; x_wconf 87' lang='lat' dir='ltr'><strong>semetipsum</strong></span> <span class='ocrx_word' id='word_1_259' title='bbox 3107 1920 3409 1983; x_wconf 74' lang='lat' dir='ltr'><strong>exinanivit,</strong></span> <span class='ocrx_word' id='word_1_260' title='bbox 3460 1924 3687 1989; x_wconf 85' lang='lat' dir='ltr'><strong>fortnam</strong></span> <span class='ocrx_word' id='word_1_261' title='bbox 3735 1920 3868 1974; x_wconf 84' lang='lat' dir='ltr'><strong>serui</strong></span> <span class='ocrx_word' id='word_1_262' title='bbox 3915 1920 4172 1987; x_wconf 89' lang='lat' dir='ltr'><strong>accipiens</strong></span> 
     </span>
    </p>
   </div>
   <div class='ocr_carea' id='block_1_34' title="bbox 834 2012 2448 2088">
    <p class='ocr_par' dir='ltr' id='par_1_34' title="bbox 834 2012 2448 2088">
     <span class='ocr_line' id='line_1_34' title="bbox 834 2012 2448 2088; baseline 0.003 -22"><span class='ocrx_word' id='word_1_263' title='bbox 834 2012 1048 2066; x_wconf 87' lang='lat' dir='ltr'><strong>stituisti</strong></span> <span class='ocrx_word' id='word_1_264' title='bbox 1073 2014 1350 2079; x_wconf 83' lang='lat' dir='ltr'><strong>hominem,</strong></span> <span class='ocrx_word' id='word_1_265' title='bbox 1376 2027 1432 2068; x_wconf 92' lang='lat' dir='ltr'><strong>ut</strong></span> <span class='ocrx_word' id='word_1_266' title='bbox 1461 2017 1753 2071; x_wconf 85' lang='lat' dir='ltr'><strong>dominetur</strong></span> <span class='ocrx_word' id='word_1_267' title='bbox 1770 2030 2023 2071; x_wconf 78' lang='lat' dir='ltr'><strong>creaturte</strong></span> <span class='ocrx_word' id='word_1_268' title='bbox 2046 2034 2161 2088; x_wconf 68' lang='lat' dir='ltr'><strong>quae</strong></span> <span class='ocrx_word' id='word_1_269' title='bbox 2184 2036 2216 2071; x_wconf 80' lang='grc' dir='ltr'><strong>α</strong></span> <span class='ocrx_word' id='word_1_270' title='bbox 2239 2029 2286 2072; x_wconf 90' lang='lat' dir='ltr'><strong>te</strong></span> <span class='ocrx_word' id='word_1_271' title='bbox 2311 2019 2448 2088; x_wconf 90' lang='lat' dir='ltr'><strong>facta</strong></span> 
     </span>
    </p>
   </div>
   <div class='ocr_carea' id='block_1_35' title="bbox 840 2106 2447 2182">
    <p class='ocr_par' dir='ltr' id='par_1_35' title="bbox 840 2106 2447 2182">
     <span class='ocr_line' id='line_1_35' title="bbox 840 2106 2447 2182; baseline 0.002 -22"><span class='ocrx_word' id='word_1_272' title='bbox 840 2117 939 2171; x_wconf 91' lang='lat' dir='ltr'><strong>est,</strong></span> <span class='ocrx_word' id='word_1_273' title='bbox 968 2116 1025 2159; x_wconf 89' lang='lat' dir='ltr'><strong>ut</strong></span> <span class='ocrx_word' id='word_1_274' title='bbox 1048 2106 1291 2178; x_wconf 87' lang='lat' dir='ltr'><strong>disponat</strong></span> <span class='ocrx_word' id='word_1_275' title='bbox 1319 2112 1492 2171; x_wconf 82' lang='lat' dir='ltr'><strong>orbem</strong></span> <span class='ocrx_word' id='word_1_276' title='bbox 1520 2119 1773 2163; x_wconf 88' lang='lat' dir='ltr'><strong>terrarum</strong></span> <span class='ocrx_word' id='word_1_277' title='bbox 1806 2111 1857 2163; x_wconf 91' lang='lat' dir='ltr'><strong>in</strong></span> <span class='ocrx_word' id='word_1_278' title='bbox 1870 2112 2087 2182; x_wconf 86' lang='lat' dir='ltr'><strong>justitia</strong></span> <span class='ocrx_word' id='word_1_279' title='bbox 2112 2120 2157 2164; x_wconf 92' lang='lat' dir='ltr'><strong>et</strong></span> <span class='ocrx_word' id='word_1_280' title='bbox 2184 2112 2447 2177; x_wconf 67' lang='lat' dir='ltr'><strong>aequitate,</strong></span> 
     </span>
    </p>
   </div>
   <div class='ocr_carea' id='block_1_36' title="bbox 840 2201 2451 2277">
    <p class='ocr_par' dir='ltr' id='par_1_36' title="bbox 840 2201 2451 2277">
     <span class='ocr_line' id='line_1_36' title="bbox 840 2201 2451 2277; baseline 0.002 -23"><span class='ocrx_word' id='word_1_281' title='bbox 840 2211 887 2255; x_wconf 89' lang='lat' dir='ltr'><strong>et</strong></span> <span class='ocrx_word' id='word_1_282' title='bbox 918 2202 973 2254; x_wconf 84' lang='lat' dir='ltr'><strong>in</strong></span> <span class='ocrx_word' id='word_1_283' title='bbox 1004 2201 1291 2255; x_wconf 88' lang='lat' dir='ltr'><strong>directione</strong></span> <span class='ocrx_word' id='word_1_284' title='bbox 1313 2204 1478 2256; x_wconf 86' lang='lat' dir='ltr'><strong>animi</strong></span> <span class='ocrx_word' id='word_1_285' title='bbox 1499 2204 1765 2277; x_wconf 86' lang='lat' dir='ltr'><strong>judicium</strong></span> <span class='ocrx_word' id='word_1_286' title='bbox 1795 2205 2001 2276; x_wconf 84' lang='lat' dir='ltr'><strong>judicct</strong></span> <span class='ocrx_word' id='word_1_287' title='bbox 2028 2203 2138 2275; x_wconf 86' lang='lat' dir='ltr'><strong>(Ib.</strong></span> <span class='ocrx_word' id='word_1_288' title='bbox 2170 2220 2243 2270; x_wconf 75' lang='grc' dir='ltr'><strong>ιι,</strong></span> <span class='ocrx_word' id='word_1_289' title='bbox 2277 2204 2353 2275; x_wconf 80' lang='grc'><strong>1).</strong></span> <span class='ocrx_word' id='word_1_290' title='bbox 2383 2204 2451 2258; x_wconf 84' lang='lat' dir='ltr'><strong>Et</strong></span> 
     </span>
    </p>
   </div>
   <div class='ocr_carea' id='block_1_37' title="bbox 841 2291 2447 2369">
    <p class='ocr_par' dir='ltr' id='par_1_37' title="bbox 841 2291 2447 2369">
     <span class='ocr_line' id='line_1_37' title="bbox 841 2291 2447 2369; baseline 0.003 -21"><span class='ocrx_word' id='word_1_291' title='bbox 841 2294 1070 2350; x_wconf 84' lang='lat' dir='ltr'><strong>iterum:</strong></span> <span class='ocrx_word' id='word_1_292' title='bbox 1106 2291 1347 2350; x_wconf 86' lang='lat' dir='ltr'><strong>Docuisti</strong></span> <span class='ocrx_word' id='word_1_293' title='bbox 1376 2298 1634 2367; x_wconf 85' lang='lat' dir='ltr'><strong>papulum</strong></span> <span class='ocrx_word' id='word_1_294' title='bbox 1661 2308 1807 2351; x_wconf 90' lang='lat' dir='ltr'><strong>tuum</strong></span> <span class='ocrx_word' id='word_1_295' title='bbox 1839 2314 1929 2369; x_wconf 83' lang='lat' dir='ltr'><strong>per</strong></span> <span class='ocrx_word' id='word_1_296' title='bbox 1954 2298 2085 2353; x_wconf 85' lang='lat' dir='ltr'><strong>talia</strong></span> <span class='ocrx_word' id='word_1_297' title='bbox 2112 2316 2297 2369; x_wconf 86' lang='lat' dir='ltr'><strong>opera,</strong></span> <span class='ocrx_word' id='word_1_298' title='bbox 2326 2316 2447 2369; x_wconf 81' lang='lat' dir='ltr'><strong>quo-</strong></span> 
     </span>
    </p>
   </div>
   <div class='ocr_carea' id='block_1_38' title="bbox 847 2389 2459 2463">
    <p class='ocr_par' dir='ltr' id='par_1_38' title="bbox 847 2389 2459 2463">
     <span class='ocr_line' id='line_1_38' title="bbox 847 2389 2459 2463; baseline 0.004 -22"><span class='ocrx_word' id='word_1_299' title='bbox 847 2389 991 2442; x_wconf 87' lang='lat' dir='ltr'><strong>niam</strong></span> <span class='ocrx_word' id='word_1_300' title='bbox 1038 2399 1241 2458; x_wconf 85' lang='lat' dir='ltr'><strong>apartet</strong></span> <span class='ocrx_word' id='word_1_301' title='bbox 1260 2394 1468 2463; x_wconf 84' lang='lat' dir='ltr'><strong>justum</strong></span> <span class='ocrx_word' id='word_1_302' title='bbox 1501 2406 1612 2446; x_wconf 86' lang='lat' dir='ltr'><strong>esse</strong></span> <span class='ocrx_word' id='word_1_303' title='bbox 1640 2432 1655 2457; x_wconf 92' lang='lat'><strong>,</strong></span> <span class='ocrx_word' id='word_1_304' title='bbox 1686 2402 1733 2445; x_wconf 94' lang='lat' dir='ltr'><strong>et</strong></span> <span class='ocrx_word' id='word_1_305' title='bbox 1764 2392 2013 2446; x_wconf 80' lang='lat' dir='ltr'><strong>humana:</strong></span> <span class='ocrx_word' id='word_1_306' title='bbox 2041 2390 2067 2428; x_wconf 71' lang='grc' dir='ltr'><em>ά</em></span> <span class='ocrx_word' id='word_1_307' title='bbox 2096 2403 2143 2447; x_wconf 88' lang='lat' dir='ltr'><strong>et</strong></span> <span class='ocrx_word' id='word_1_308' title='bbox 2176 2395 2323 2447; x_wconf 76' lang='lat' dir='ltr'><strong>bonw</strong></span> <span class='ocrx_word' id='word_1_309' title='bbox 2349 2395 2459 2461; x_wconf 84' lang='lat' dir='ltr'><strong>spei</strong></span> 
     </span>
    </p>
   </div>
   <div class='ocr_carea' id='block_1_39' title="bbox 846 2483 2457 2558">
    <p class='ocr_par' dir='ltr' id='par_1_39' title="bbox 846 2483 2457 2558">
     <span class='ocr_line' id='line_1_39' title="bbox 846 2483 2457 2558; baseline 0.003 -21"><span class='ocrx_word' id='word_1_310' title='bbox 846 2484 1019 2553; x_wconf 78' lang='lat' dir='ltr'><strong>fecisti</strong></span> <span class='ocrx_word' id='word_1_311' title='bbox 1050 2486 1188 2552; x_wconf 75' lang='lat' dir='ltr'><strong>ﬁlios</strong></span> <span class='ocrx_word' id='word_1_312' title='bbox 1218 2495 1332 2540; x_wconf 86' lang='lat' dir='ltr'><strong>tuos</strong></span> <span class='ocrx_word' id='word_1_313' title='bbox 1362 2483 1473 2557; x_wconf 90' lang='lat' dir='ltr'><strong>(Ib.</strong></span> <span class='ocrx_word' id='word_1_314' title='bbox 1504 2502 1601 2552; x_wconf 81' lang='lat' dir='ltr'><strong>xu,</strong></span> <span class='ocrx_word' id='word_1_315' title='bbox 1633 2486 1745 2558; x_wconf 81' lang='lat' dir='ltr'><strong>i9).</strong></span> <span class='ocrx_word' id='word_1_316' title='bbox 1776 2486 1891 2541; x_wconf 83' lang='lat' dir='ltr'><strong>Non</strong></span> <span class='ocrx_word' id='word_1_317' title='bbox 1912 2529 1927 2553; x_wconf 91' lang='lat'><strong>,</strong></span> <span class='ocrx_word' id='word_1_318' title='bbox 1965 2488 2186 2557; x_wconf 88' lang='lat' dir='ltr'><strong>inquam</strong></span> <span class='ocrx_word' id='word_1_319' title='bbox 2219 2530 2233 2553; x_wconf 92' lang='lat'><strong>,</strong></span> <span class='ocrx_word' id='word_1_320' title='bbox 2263 2488 2309 2542; x_wconf 74' lang='lat' dir='ltr'><strong>si</strong></span> <span class='ocrx_word' id='word_1_321' title='bbox 2341 2488 2457 2542; x_wconf 70' lang='lat' dir='ltr'><strong>hrc</strong></span> 
     </span>
    </p>
   </div>
   <div class='ocr_carea' id='block_1_40' title="bbox 845 2577 2460 2648">
    <p class='ocr_par' dir='ltr' id='par_1_40' title="bbox 845 2577 2460 2648">
     <span class='ocr_line' id='line_1_40' title="bbox 845 2577 2460 2648; baseline 0.004 -19"><span class='ocrx_word' id='word_1_322' title='bbox 845 2578 1047 2645; x_wconf 86' lang='lat' dir='ltr'><strong>scripta</strong></span> <span class='ocrx_word' id='word_1_323' title='bbox 1079 2577 1401 2645; x_wconf 87' lang='lat' dir='ltr'><strong>iuvencras,</strong></span> <span class='ocrx_word' id='word_1_324' title='bbox 1427 2582 1664 2633; x_wconf 80' lang='lat' dir='ltr'><strong>auderes</strong></span> <span class='ocrx_word' id='word_1_325' title='bbox 1688 2580 1754 2633; x_wconf 91' lang='lat' dir='ltr'><strong>ad</strong></span> <span class='ocrx_word' id='word_1_326' title='bbox 1786 2590 1994 2634; x_wconf 89' lang='lat' dir='ltr'><strong>tantam</strong></span> <span class='ocrx_word' id='word_1_327' title='bbox 2028 2595 2331 2648; x_wconf 85' lang='lat' dir='ltr'><strong>provocare</strong></span> <span class='ocrx_word' id='word_1_328' title='bbox 2360 2596 2460 2635; x_wconf 90' lang='lat' dir='ltr'><strong>nos</strong></span> 
     </span>
    </p>
   </div>
   <div class='ocr_carea' id='block_1_41' title="bbox 848 2666 2459 2741">
    <p class='ocr_par' dir='ltr' id='par_1_41' title="bbox 848 2666 2459 2741">
     <span class='ocr_line' id='line_1_41' title="bbox 848 2666 2459 2741; baseline 0.002 -18"><span class='ocrx_word' id='word_1_329' title='bbox 848 2666 1334 2723; x_wconf 88' lang='lat' dir='ltr'><strong>iulunnanitatem.</strong></span> <span class='ocrx_word' id='word_1_330' title='bbox 1391 2668 1683 2737; x_wconf 87' lang='lat' dir='ltr'><strong>Quomodo</strong></span> <span class='ocrx_word' id='word_1_331' title='bbox 1713 2686 1849 2727; x_wconf 90' lang='lat' dir='ltr'><strong>vero</strong></span> <span class='ocrx_word' id='word_1_332' title='bbox 1893 2672 2052 2727; x_wconf 81' lang='lat' dir='ltr'><strong>home</strong></span> <span class='ocrx_word' id='word_1_333' title='bbox 2081 2673 2195 2741; x_wconf 87' lang='lat' dir='ltr'><strong>spei</strong></span> <span class='ocrx_word' id='word_1_334' title='bbox 2227 2672 2322 2728; x_wconf 88' lang='lat' dir='ltr'><strong>lilii</strong></span> <span class='ocrx_word' id='word_1_335' title='bbox 2352 2672 2459 2727; x_wconf 87' lang='lat' dir='ltr'><strong>eri-</strong></span> 
     </span>
    </p>
   </div>
   <div class='ocr_carea' id='block_1_42' title="bbox 849 2762 2459 2834">
    <p class='ocr_par' dir='ltr' id='par_1_42' title="bbox 849 2762 2459 2834">
     <span class='ocr_line' id='line_1_42' title="bbox 849 2762 2459 2834; baseline 0.002 -16"><span class='ocrx_word' id='word_1_336' title='bbox 849 2764 1006 2818; x_wconf 81' lang='lat' dir='ltr'><strong>mus?</strong></span> <span class='ocrx_word' id='word_1_337' title='bbox 1035 2762 1327 2830; x_wconf 81' lang='lat' dir='ltr'><strong>Quomodo</strong></span> <span class='ocrx_word' id='word_1_338' title='bbox 1353 2764 1539 2834; x_wconf 92' lang='lat' dir='ltr'><strong>justos</strong></span> <span class='ocrx_word' id='word_1_339' title='bbox 1573 2780 1673 2819; x_wconf 74' lang='lat' dir='ltr'><strong>nos</strong></span> <span class='ocrx_word' id='word_1_340' title='bbox 1706 2774 1760 2820; x_wconf 90' lang='lat' dir='ltr'><strong>et</strong></span> <span class='ocrx_word' id='word_1_341' title='bbox 1790 2766 2063 2821; x_wconf 88' lang='lat' dir='ltr'><strong>humanos</strong></span> <span class='ocrx_word' id='word_1_342' title='bbox 2111 2776 2238 2822; x_wconf 88' lang='lat' dir='ltr'><strong>aute</strong></span> <span class='ocrx_word' id='word_1_343' title='bbox 2292 2768 2459 2821; x_wconf 89' lang='lat' dir='ltr'><strong>Deum</strong></span> 
     </span>
    </p>
   </div>
   <div class='ocr_carea' id='block_1_43' title="bbox 853 2857 2465 2929">
    <p class='ocr_par' dir='ltr' id='par_1_43' title="bbox 853 2857 2465 2929">
     <span class='ocr_line' id='line_1_43' title="bbox 853 2857 2465 2929; baseline 0.001 -17"><span class='ocrx_word' id='word_1_344' title='bbox 853 2872 1047 2912; x_wconf 86' lang='lat' dir='ltr'><strong>servos</strong></span> <span class='ocrx_word' id='word_1_345' title='bbox 1077 2858 1220 2911; x_wconf 85' lang='lat' dir='ltr'><strong>illius</strong></span> <span class='ocrx_word' id='word_1_346' title='bbox 1244 2857 1670 2912; x_wconf 75' lang='lat' dir='ltr'><strong>exhibebimus?</strong></span> <span class='ocrx_word' id='word_1_347' title='bbox 1697 2874 1821 2913; x_wconf 81' lang='lat' dir='ltr'><strong>cum</strong></span> <span class='ocrx_word' id='word_1_348' title='bbox 1847 2862 2300 2929; x_wconf 67' lang='lat' dir='ltr'><strong>praevaricatores</strong></span> <span class='ocrx_word' id='word_1_349' title='bbox 2329 2860 2465 2926; x_wconf 79' lang='lat' dir='ltr'><strong>legis</strong></span> 
     </span>
    </p>
   </div>
   <div class='ocr_carea' id='block_1_44' title="bbox 854 2950 2465 3025">
    <p class='ocr_par' dir='ltr' id='par_1_44' title="bbox 854 2950 2465 3025">
     <span class='ocr_line' id='line_1_44' title="bbox 854 2950 2465 3025; baseline 0.001 -18"><span class='ocrx_word' id='word_1_350' title='bbox 854 2968 1033 3021; x_wconf 87' lang='lat' dir='ltr'><strong>neque</strong></span> <span class='ocrx_word' id='word_1_351' title='bbox 1062 2950 1192 3022; x_wconf 86' lang='lat' dir='ltr'><strong>justi</strong></span> <span class='ocrx_word' id='word_1_352' title='bbox 1221 2968 1401 3023; x_wconf 90' lang='lat' dir='ltr'><strong>neque</strong></span> <span class='ocrx_word' id='word_1_353' title='bbox 1428 2952 1520 3007; x_wconf 81' lang='lat' dir='ltr'><strong>filii</strong></span> <span class='ocrx_word' id='word_1_354' title='bbox 1544 2952 1639 3007; x_wconf 87' lang='lat' dir='ltr'><strong>Dei</strong></span> <span class='ocrx_word' id='word_1_355' title='bbox 1667 2954 1944 3008; x_wconf 88' lang='lat' dir='ltr'><strong>dicantur.</strong></span> <span class='ocrx_word' id='word_1_356' title='bbox 1971 2956 2255 3025; x_wconf 86' lang='lat' dir='ltr'><strong>Cognosce</strong></span> <span class='ocrx_word' id='word_1_357' title='bbox 2286 2956 2465 3025; x_wconf 86' lang='lat' dir='ltr'><strong>itaque</strong></span> 
     </span>
    </p>
   </div>
   <div class='ocr_carea' id='block_1_45' title="bbox 851 3046 2465 3115">
    <p class='ocr_par' dir='ltr' id='par_1_45' title="bbox 851 3046 2465 3115">
     <span class='ocr_line' id='line_1_45' title="bbox 851 3046 2465 3115; baseline -0.001 -14"><span class='ocrx_word' id='word_1_358' title='bbox 851 3062 881 3101; x_wconf 93' lang='lat' dir='ltr'><strong>a</strong></span> <span class='ocrx_word' id='word_1_359' title='bbox 910 3046 1057 3115; x_wconf 88' lang='lat' dir='ltr'><strong>quali</strong></span> <span class='ocrx_word' id='word_1_360' title='bbox 1092 3060 1191 3099; x_wconf 86' lang='lat' dir='ltr'><strong>nos</strong></span> <span class='ocrx_word' id='word_1_361' title='bbox 1220 3046 1369 3101; x_wconf 85' lang='lat' dir='ltr'><strong>bono</strong></span> <span class='ocrx_word' id='word_1_362' title='bbox 1400 3046 1643 3102; x_wconf 86' lang='lat' dir='ltr'><strong>volueris</strong></span> <span class='ocrx_word' id='word_1_363' title='bbox 1685 3048 2009 3115; x_wconf 84' lang='lat' dir='ltr'><strong>pertrahere</strong></span> <span class='ocrx_word' id='word_1_364' title='bbox 2033 3048 2097 3102; x_wconf 88' lang='lat' dir='ltr'><strong>ad</strong></span> <span class='ocrx_word' id='word_1_365' title='bbox 2125 3058 2384 3114; x_wconf 90' lang='lat' dir='ltr'><strong>mortem,</strong></span> <span class='ocrx_word' id='word_1_366' title='bbox 2414 3058 2465 3102; x_wconf 89' lang='lat' dir='ltr'><strong>et</strong></span> 
     </span>
    </p>
   </div>
   <div class='ocr_carea' id='block_1_46' title="bbox 851 3140 2467 3214">
    <p class='ocr_par' dir='ltr' id='par_1_46' title="bbox 851 3140 2467 3214">
     <span class='ocr_line' id='line_1_46' title="bbox 851 3140 2467 3214; baseline 0.003 -22"><span class='ocrx_word' id='word_1_367' title='bbox 851 3140 1071 3212; x_wconf 91' lang='lat' dir='ltr'><strong>quidem</strong></span> <span class='ocrx_word' id='word_1_368' title='bbox 1113 3142 1531 3211; x_wconf 84' lang='lat' dir='ltr'><strong>sempiternam.</strong></span> <span class='ocrx_word' id='word_1_369' title='bbox 1572 3141 1859 3212; x_wconf 90' lang='lat' dir='ltr'><strong>Siquidem</strong></span> <span class='ocrx_word' id='word_1_370' title='bbox 1915 3144 2100 3198; x_wconf 90' lang='lat' dir='ltr'><strong>omnis</strong></span> <span class='ocrx_word' id='word_1_371' title='bbox 2130 3144 2221 3214; x_wconf 90' lang='lat' dir='ltr'><strong>qui</strong></span> <span class='ocrx_word' id='word_1_372' title='bbox 2263 3144 2467 3198; x_wconf 91' lang='lat' dir='ltr'><strong>desinit</strong></span> 
     </span>
    </p>
   </div>
   <div class='ocr_carea' id='block_1_47' title="bbox 849 3236 2465 3308">
    <p class='ocr_par' dir='ltr' id='par_1_47' title="bbox 849 3236 2465 3308">
     <span class='ocr_line' id='line_1_47' title="bbox 849 3236 2465 3308; baseline 0.004 -19"><span class='ocrx_word' id='word_1_373' title='bbox 849 3250 973 3290; x_wconf 88' lang='lat' dir='ltr'><strong>esse</strong></span> <span class='ocrx_word' id='word_1_374' title='bbox 998 3236 1139 3289; x_wconf 86' lang='lat' dir='ltr'><strong>inter</strong></span> <span class='ocrx_word' id='word_1_375' title='bbox 1171 3252 1291 3301; x_wconf 89' lang='lat' dir='ltr'><strong>eos,</strong></span> <span class='ocrx_word' id='word_1_376' title='bbox 1318 3252 1458 3306; x_wconf 90' lang='lat' dir='ltr'><strong>quos</strong></span> <span class='ocrx_word' id='word_1_377' title='bbox 1494 3238 1544 3290; x_wconf 93' lang='lat' dir='ltr'><strong>in</strong></span> <span class='ocrx_word' id='word_1_378' title='bbox 1578 3236 1815 3291; x_wconf 86' lang='lat' dir='ltr'><strong>filiorum</strong></span> <span class='ocrx_word' id='word_1_379' title='bbox 1848 3240 2201 3308; x_wconf 88' lang='lat' dir='ltr'><strong>adoptionem</strong></span> <span class='ocrx_word' id='word_1_380' title='bbox 2233 3254 2465 3295; x_wconf 79' lang='lat' dir='ltr'><strong>vocave-</strong></span> 
     </span>
    </p>
   </div>
   <div class='ocr_carea' id='block_1_48' title="bbox 2556 2011 4173 2083">
    <p class='ocr_par' dir='ltr' id='par_1_48' title="bbox 2556 2011 4173 2083">
     <span class='ocr_line' id='line_1_48' title="bbox 2556 2011 4173 2083; baseline 0.001 -17"><span class='ocrx_word' id='word_1_381' title='bbox 2556 2014 2698 2067; x_wconf 91' lang='lat' dir='ltr'><strong>Deus</strong></span> <span class='ocrx_word' id='word_1_382' title='bbox 2718 2012 2807 2065; x_wconf 85' lang='lat' dir='ltr'><strong>Dei</strong></span> <span class='ocrx_word' id='word_1_383' title='bbox 2825 2013 3015 2066; x_wconf 84' lang='lat' dir='ltr'><strong>unicus</strong></span> <span class='ocrx_word' id='word_1_384' title='bbox 3030 2011 3354 2066; x_wconf 75' lang='lat' dir='ltr'><strong>Filius-aliud</strong></span> <span class='ocrx_word' id='word_1_385' title='bbox 3376 2011 3490 2067; x_wconf 86' lang='lat' dir='ltr'><strong>fieri</strong></span> <span class='ocrx_word' id='word_1_386' title='bbox 3512 2013 3689 2083; x_wconf 91' lang='lat' dir='ltr'><strong>potuit</strong></span> <span class='ocrx_word' id='word_1_387' title='bbox 3709 2028 3774 2067; x_wconf 80' lang='lat' dir='ltr'><strong>ex</strong></span> <span class='ocrx_word' id='word_1_388' title='bbox 3797 2013 3912 2078; x_wconf 86' lang='lat' dir='ltr'><strong>illo,</strong></span> <span class='ocrx_word' id='word_1_389' title='bbox 3933 2012 4075 2083; x_wconf 87' lang='lat' dir='ltr'><strong>quod</strong></span> <span class='ocrx_word' id='word_1_390' title='bbox 4094 2014 4173 2066; x_wconf 65' lang='lat' dir='ltr'><strong>est</strong></span> 
     </span>
    </p>
   </div>
   <div class='ocr_carea' id='block_1_49' title="bbox 2551 2106 4174 2175">
    <p class='ocr_par' dir='ltr' id='par_1_49' title="bbox 2551 2106 4174 2175">
     <span class='ocr_line' id='line_1_49' title="bbox 2551 2106 4174 2175; baseline 0.001 -15"><span class='ocrx_word' id='word_1_391' title='bbox 2551 2107 2988 2175; x_wconf 90' lang='lat' dir='ltr'><strong>incorruptibilis</strong></span> <span class='ocrx_word' id='word_1_392' title='bbox 3014 2148 3027 2171; x_wconf 93' lang='lat'><strong>,</strong></span> <span class='ocrx_word' id='word_1_393' title='bbox 3057 2108 3445 2161; x_wconf 86' lang='lat' dir='ltr'><strong>inenarrabilis</strong></span> <span class='ocrx_word' id='word_1_394' title='bbox 3477 2150 3491 2173; x_wconf 92' lang='lat'><strong>,</strong></span> <span class='ocrx_word' id='word_1_395' title='bbox 3527 2107 3913 2173; x_wconf 88' lang='lat' dir='ltr'><strong>immutabilis,</strong></span> <span class='ocrx_word' id='word_1_396' title='bbox 3945 2122 4067 2163; x_wconf 87' lang='lat' dir='ltr'><strong>eum</strong></span> <span class='ocrx_word' id='word_1_397' title='bbox 4107 2106 4174 2161; x_wconf 88' lang='lat' dir='ltr'><strong>sit</strong></span> 
     </span>
    </p>
   </div>
   <div class='ocr_carea' id='block_1_50' title="bbox 2553 2200 4173 2271">
    <p class='ocr_par' dir='ltr' id='par_1_50' title="bbox 2553 2200 4173 2271">
     <span class='ocr_line' id='line_1_50' title="bbox 2553 2200 4173 2271; baseline 0.001 -18"><span class='ocrx_word' id='word_1_398' title='bbox 2553 2214 2775 2269; x_wconf 86' lang='lat' dir='ltr'><strong>semper</strong></span> <span class='ocrx_word' id='word_1_399' title='bbox 2809 2200 2863 2253; x_wconf 91' lang='lat' dir='ltr'><strong>in</strong></span> <span class='ocrx_word' id='word_1_400' title='bbox 2896 2214 2963 2255; x_wconf 92' lang='lat' dir='ltr'><strong>eo</strong></span> <span class='ocrx_word' id='word_1_401' title='bbox 2986 2211 3133 2254; x_wconf 84' lang='lat' dir='ltr'><strong>statu</strong></span> <span class='ocrx_word' id='word_1_402' title='bbox 3163 2213 3387 2256; x_wconf 62' lang='lat' dir='ltr'><strong>aeterna:</strong></span> <span class='ocrx_word' id='word_1_403' title='bbox 3418 2201 3810 2271; x_wconf 81' lang='lat' dir='ltr'><strong>magnitudinis</strong></span> <span class='ocrx_word' id='word_1_404' title='bbox 3836 2216 4093 2267; x_wconf 84' lang='lat' dir='ltr'><strong>manens,</strong></span> <span class='ocrx_word' id='word_1_405' title='bbox 4123 2202 4173 2254; x_wconf 91' lang='lat' dir='ltr'><strong>in</strong></span> 
     </span>
    </p>
   </div>
   <div class='ocr_carea' id='block_1_51' title="bbox 2556 2294 4177 2366">
    <p class='ocr_par' dir='ltr' id='par_1_51' title="bbox 2556 2294 4177 2366">
     <span class='ocr_line' id='line_1_51' title="bbox 2556 2294 4177 2366; baseline 0.001 -21"><span class='ocrx_word' id='word_1_406' title='bbox 2556 2310 2665 2364; x_wconf 90' lang='lat' dir='ltr'><strong>quo</strong></span> <span class='ocrx_word' id='word_1_407' title='bbox 2704 2295 2773 2347; x_wconf 89' lang='lat' dir='ltr'><strong>sit</strong></span> <span class='ocrx_word' id='word_1_408' title='bbox 2809 2308 3039 2347; x_wconf 87' lang='lat' dir='ltr'><strong>manens</strong></span> <span class='ocrx_word' id='word_1_409' title='bbox 3069 2306 3123 2348; x_wconf 90' lang='lat' dir='ltr'><strong>et</strong></span> <span class='ocrx_word' id='word_1_410' title='bbox 3161 2296 3278 2363; x_wconf 89' lang='lat' dir='ltr'><strong>ejus</strong></span> <span class='ocrx_word' id='word_1_411' title='bbox 3308 2294 3497 2350; x_wconf 89' lang='lat' dir='ltr'><strong>Pater.</strong></span> <span class='ocrx_word' id='word_1_412' title='bbox 3540 2296 3649 2352; x_wconf 86' lang='lat' dir='ltr'><strong>Sed</strong></span> <span class='ocrx_word' id='word_1_413' title='bbox 3684 2296 3870 2366; x_wconf 83' lang='lat' dir='ltr'><strong>utique</strong></span> <span class='ocrx_word' id='word_1_414' title='bbox 3917 2296 4177 2365; x_wconf 82' lang='lat' dir='ltr'><strong>intelligi-</strong></span> 
     </span>
    </p>
   </div>
   <div class='ocr_carea' id='block_1_52' title="bbox 2561 2385 4173 2459">
    <p class='ocr_par' dir='ltr' id='par_1_52' title="bbox 2561 2385 4173 2459">
     <span class='ocr_line' id='line_1_52' title="bbox 2561 2385 4173 2459; baseline -0.001 -17"><span class='ocrx_word' id='word_1_415' title='bbox 2561 2404 2681 2442; x_wconf 81' lang='lat' dir='ltr'><strong>mus</strong></span> <span class='ocrx_word' id='word_1_416' title='bbox 2724 2388 2869 2458; x_wconf 87' lang='lat' dir='ltr'><strong>qttod</strong></span> <span class='ocrx_word' id='word_1_417' title='bbox 2894 2389 2965 2441; x_wconf 88' lang='lat' dir='ltr'><strong>sit</strong></span> <span class='ocrx_word' id='word_1_418' title='bbox 2990 2385 3043 2452; x_wconf 65' lang='grc' dir='ltr'><strong>δ,</strong></span> <span class='ocrx_word' id='word_1_419' title='bbox 3079 2392 3168 2441; x_wconf 87' lang='lat' dir='ltr'><strong>sed</strong></span> <span class='ocrx_word' id='word_1_420' title='bbox 3197 2390 3530 2459; x_wconf 83' lang='lat' dir='ltr'><strong>semetipsum</strong></span> <span class='ocrx_word' id='word_1_421' title='bbox 3575 2391 3883 2453; x_wconf 71' lang='lat' dir='ltr'><strong>exinanirit,</strong></span> <span class='ocrx_word' id='word_1_422' title='bbox 3913 2389 4017 2443; x_wconf 88' lang='lat' dir='ltr'><strong>hoc</strong></span> <span class='ocrx_word' id='word_1_423' title='bbox 4047 2399 4127 2442; x_wconf 82' lang='lat' dir='ltr'><strong>est</strong></span> <span class='ocrx_word' id='word_1_424' title='bbox 4160 2430 4173 2452; x_wconf 91' lang='lat'><strong>,</strong></span> 
     </span>
    </p>
   </div>
   <div class='ocr_carea' id='block_1_53' title="bbox 2560 2480 4173 2550">
    <p class='ocr_par' dir='ltr' id='par_1_53' title="bbox 2560 2480 4173 2550">
     <span class='ocr_line' id='line_1_53' title="bbox 2560 2480 4173 2550; baseline 0.001 -17"><span class='ocrx_word' id='word_1_425' title='bbox 2560 2494 2683 2534; x_wconf 91' lang='lat' dir='ltr'><strong>cum</strong></span> <span class='ocrx_word' id='word_1_426' title='bbox 2720 2481 2735 2517; x_wconf 73' lang='grc' dir='ltr'><strong>ί</strong></span> <span class='ocrx_word' id='word_1_427' title='bbox 2771 2482 2841 2534; x_wconf 80' lang='lat' dir='ltr'><strong>sit</strong></span> <span class='ocrx_word' id='word_1_428' title='bbox 2873 2481 3068 2534; x_wconf 90' lang='lat' dir='ltr'><strong>similis</strong></span> <span class='ocrx_word' id='word_1_429' title='bbox 3091 2490 3252 2550; x_wconf 84' lang='lat' dir='ltr'><strong>atque</strong></span> <span class='ocrx_word' id='word_1_430' title='bbox 3308 2483 3536 2550; x_wconf 69' lang='lat' dir='ltr'><strong>inqualis</strong></span> <span class='ocrx_word' id='word_1_431' title='bbox 3576 2480 3724 2535; x_wconf 87' lang='lat' dir='ltr'><strong>Patri</strong></span> <span class='ocrx_word' id='word_1_432' title='bbox 3758 2480 3969 2544; x_wconf 84' lang='lat' dir='ltr'><strong>Filius,</strong></span> <span class='ocrx_word' id='word_1_433' title='bbox 3998 2493 4173 2535; x_wconf 85' lang='lat' dir='ltr'><strong>tamen</strong></span> 
     </span>
    </p>
   </div>
   <div class='ocr_carea' id='block_1_54' title="bbox 2561 2572 4173 2645">
    <p class='ocr_par' dir='ltr' id='par_1_54' title="bbox 2561 2572 4173 2645">
     <span class='ocr_line' id='line_1_54' title="bbox 2561 2572 4173 2645; baseline 0.001 -19"><span class='ocrx_word' id='word_1_434' title='bbox 2561 2574 2707 2645; x_wconf 91' lang='lat' dir='ltr'><strong>quod</strong></span> <span class='ocrx_word' id='word_1_435' title='bbox 2730 2586 2786 2628; x_wconf 92' lang='lat' dir='ltr'><strong>et</strong></span> <span class='ocrx_word' id='word_1_436' title='bbox 2833 2574 3108 2628; x_wconf 90' lang='lat' dir='ltr'><strong>hominem</strong></span> <span class='ocrx_word' id='word_1_437' title='bbox 3142 2588 3200 2627; x_wconf 92' lang='lat' dir='ltr'><strong>se</strong></span> <span class='ocrx_word' id='word_1_438' title='bbox 3256 2584 3486 2644; x_wconf 89' lang='lat' dir='ltr'><strong>propter</strong></span> <span class='ocrx_word' id='word_1_439' title='bbox 3516 2585 3762 2629; x_wconf 82' lang='lat' dir='ltr'><strong>nostram</strong></span> <span class='ocrx_word' id='word_1_440' title='bbox 3796 2575 4029 2628; x_wconf 89' lang='lat' dir='ltr'><strong>salutem</strong></span> <span class='ocrx_word' id='word_1_441' title='bbox 4061 2572 4173 2627; x_wconf 88' lang='lat' dir='ltr'><strong>fieri</strong></span> 
     </span>
    </p>
   </div>
   <div class='ocr_carea' id='block_1_55' title="bbox 2564 2664 4175 2737">
    <p class='ocr_par' dir='ltr' id='par_1_55' title="bbox 2564 2664 4175 2737">
     <span class='ocr_line' id='line_1_55' title="bbox 2564 2664 4175 2737; baseline 0.001 -17"><span class='ocrx_word' id='word_1_442' title='bbox 2564 2667 2824 2722; x_wconf 91' lang='lat' dir='ltr'><strong>voluerit.</strong></span> <span class='ocrx_word' id='word_1_443' title='bbox 2884 2664 3019 2721; x_wconf 90' lang='lat' dir='ltr'><strong>Cum</strong></span> <span class='ocrx_word' id='word_1_444' title='bbox 3079 2666 3261 2737; x_wconf 85' lang='lat' dir='ltr'><strong>itaque</strong></span> <span class='ocrx_word' id='word_1_445' title='bbox 3326 2676 3379 2720; x_wconf 92' lang='lat' dir='ltr'><strong>tu</strong></span> <span class='ocrx_word' id='word_1_446' title='bbox 3432 2668 3819 2722; x_wconf 85' lang='lat' dir='ltr'><strong>anticltristum</strong></span> <span class='ocrx_word' id='word_1_447' title='bbox 3872 2668 4175 2737; x_wconf 81' lang='lat' dir='ltr'><strong>susceperis</strong></span> 
     </span>
    </p>
   </div>
   <div class='ocr_carea' id='block_1_56' title="bbox 2566 2759 4173 2832">
    <p class='ocr_par' dir='ltr' id='par_1_56' title="bbox 2566 2759 4173 2832">
     <span class='ocr_line' id='line_1_56' title="bbox 2566 2759 4173 2832; baseline -0.002 -16"><span class='ocrx_word' id='word_1_448' title='bbox 2566 2777 2667 2832; x_wconf 90' lang='lat' dir='ltr'><strong>pro</strong></span> <span class='ocrx_word' id='word_1_449' title='bbox 2688 2761 2932 2822; x_wconf 91' lang='lat' dir='ltr'><strong>Christo,</strong></span> <span class='ocrx_word' id='word_1_450' title='bbox 2967 2760 3091 2824; x_wconf 84' lang='lat' dir='ltr'><strong>quia</strong></span> <span class='ocrx_word' id='word_1_451' title='bbox 3122 2776 3178 2813; x_wconf 92' lang='lat' dir='ltr'><strong>re</strong></span> <span class='ocrx_word' id='word_1_452' title='bbox 3205 2774 3333 2812; x_wconf 77' lang='lat' dir='ltr'><strong>vera</strong></span> <span class='ocrx_word' id='word_1_453' title='bbox 3360 2759 3453 2814; x_wconf 92' lang='lat' dir='ltr'><strong>ille</strong></span> <span class='ocrx_word' id='word_1_454' title='bbox 3485 2761 3666 2829; x_wconf 86' lang='lat' dir='ltr'><strong>fuerit.</strong></span> <span class='ocrx_word' id='word_1_455' title='bbox 3703 2761 3916 2830; x_wconf 86' lang='lat' dir='ltr'><strong>quando</strong></span> <span class='ocrx_word' id='word_1_456' title='bbox 3940 2777 4041 2814; x_wconf 86' lang='lat' dir='ltr'><strong>non</strong></span> <span class='ocrx_word' id='word_1_457' title='bbox 4064 2763 4173 2830; x_wconf 84' lang='lat' dir='ltr'><strong>fue-</strong></span> 
     </span>
    </p>
   </div>
   <div class='ocr_carea' id='block_1_57' title="bbox 2567 2851 4175 2926">
    <p class='ocr_par' dir='ltr' id='par_1_57' title="bbox 2567 2851 4175 2926">
     <span class='ocr_line' id='line_1_57' title="bbox 2567 2851 4175 2926; baseline -0.002 -19"><span class='ocrx_word' id='word_1_458' title='bbox 2567 2857 2660 2918; x_wconf 83' lang='lat' dir='ltr'><strong>rit,</strong></span> <span class='ocrx_word' id='word_1_459' title='bbox 2692 2870 2794 2926; x_wconf 88' lang='lat' dir='ltr'><strong>qua</strong></span> <span class='ocrx_word' id='word_1_460' title='bbox 2825 2855 3005 2907; x_wconf 87' lang='lat' dir='ltr'><strong>fronte</strong></span> <span class='ocrx_word' id='word_1_461' title='bbox 3053 2851 3235 2906; x_wconf 89' lang='lat' dir='ltr'><strong>adhuc</strong></span> <span class='ocrx_word' id='word_1_462' title='bbox 3278 2868 3337 2906; x_wconf 93' lang='lat' dir='ltr'><strong>cs</strong></span> <span class='ocrx_word' id='word_1_463' title='bbox 3369 2854 3637 2907; x_wconf 87' lang='lat' dir='ltr'><strong>resistens</strong></span> <span class='ocrx_word' id='word_1_464' title='bbox 3680 2853 4035 2907; x_wconf 82' lang='lat' dir='ltr'><strong>christianis?</strong></span> <span class='ocrx_word' id='word_1_465' title='bbox 4077 2851 4175 2905; x_wconf 92' lang='lat' dir='ltr'><strong>nisi</strong></span> 
     </span>
    </p>
   </div>
   <div class='ocr_carea' id='block_1_58' title="bbox 2570 2944 4177 3018">
    <p class='ocr_par' dir='ltr' id='par_1_58' title="bbox 2570 2944 4177 3018">
     <span class='ocr_line' id='line_1_58' title="bbox 2570 2944 4177 3018; baseline -0.002 -17"><span class='ocrx_word' id='word_1_466' title='bbox 2570 2948 2663 3003; x_wconf 91' lang='lat' dir='ltr'><strong>illa</strong></span> <span class='ocrx_word' id='word_1_467' title='bbox 2692 2990 2703 3010; x_wconf 94' lang='lat'><strong>,</strong></span> <span class='ocrx_word' id='word_1_468' title='bbox 2749 2963 2857 3018; x_wconf 91' lang='lat' dir='ltr'><strong>qua</strong></span> <span class='ocrx_word' id='word_1_469' title='bbox 2906 2949 3082 3000; x_wconf 86' lang='lat' dir='ltr'><strong>solent</strong></span> <span class='ocrx_word' id='word_1_470' title='bbox 3118 2956 3175 3000; x_wconf 90' lang='lat' dir='ltr'><strong>et</strong></span> <span class='ocrx_word' id='word_1_471' title='bbox 3225 2946 3492 3001; x_wconf 66' lang='lat' dir='ltr'><strong>adulterae</strong></span> <span class='ocrx_word' id='word_1_472' title='bbox 3523 2946 3771 3014; x_wconf 84' lang='lat' dir='ltr'><strong>pudicis?</strong></span> <span class='ocrx_word' id='word_1_473' title='bbox 3818 2949 3998 2999; x_wconf 76' lang='lat' dir='ltr'><strong>Ausus</strong></span> <span class='ocrx_word' id='word_1_474' title='bbox 4030 2944 4177 2998; x_wconf 90' lang='lat' dir='ltr'><strong>luisti</strong></span> 
     </span>
    </p>
   </div>
   <div class='ocr_carea' id='block_1_59' title="bbox 2570 3036 4176 3111">
    <p class='ocr_par' dir='ltr' id='par_1_59' title="bbox 2570 3036 4176 3111">
     <span class='ocr_line' id='line_1_59' title="bbox 2570 3036 4176 3111; baseline -0.007 -12"><span class='ocrx_word' id='word_1_475' title='bbox 2570 3054 2819 3110; x_wconf 84' lang='lat' dir='ltr'><strong>tentare,</strong></span> <span class='ocrx_word' id='word_1_476' title='bbox 2852 3044 3055 3098; x_wconf 81' lang='lat' dir='ltr'><strong>domiir</strong></span> <span class='ocrx_word' id='word_1_477' title='bbox 3086 3044 3124 3097; x_wconf 71' lang='lat' dir='ltr'><strong>.‘i</strong></span> <span class='ocrx_word' id='word_1_478' title='bbox 3162 3042 3304 3097; x_wconf 74' lang='lat' dir='ltr'><strong>velle</strong></span> <span class='ocrx_word' id='word_1_479' title='bbox 3336 3043 3429 3097; x_wconf 87' lang='lat' dir='ltr'><strong>Dei</strong></span> <span class='ocrx_word' id='word_1_480' title='bbox 3465 3040 3699 3111; x_wconf 87' lang='lat' dir='ltr'><strong>populo,</strong></span> <span class='ocrx_word' id='word_1_481' title='bbox 3732 3039 4006 3106; x_wconf 85' lang='lat' dir='ltr'><strong>subjicere</strong></span> <span class='ocrx_word' id='word_1_482' title='bbox 4041 3036 4176 3091; x_wconf 73' lang='lat' dir='ltr'><strong>velle</strong></span> 
     </span>
    </p>
   </div>
   <div class='ocr_carea' id='block_1_60' title="bbox 2569 3132 4178 3207">
    <p class='ocr_par' dir='ltr' id='par_1_60' title="bbox 2569 3132 4178 3207">
     <span class='ocr_line' id='line_1_60' title="bbox 2569 3132 4178 3207; baseline -0.009 -11"><span class='ocrx_word' id='word_1_483' title='bbox 2569 3140 2862 3196; x_wconf 90' lang='lat' dir='ltr'><strong>ecclesiam</strong></span> <span class='ocrx_word' id='word_1_484' title='bbox 2900 3140 2991 3193; x_wconf 90' lang='lat' dir='ltr'><strong>Dei</strong></span> <span class='ocrx_word' id='word_1_485' title='bbox 3025 3149 3115 3193; x_wconf 69' lang='lat' dir='ltr'><strong>tot</strong></span> <span class='ocrx_word' id='word_1_486' title='bbox 3141 3154 3335 3207; x_wconf 82' lang='lat' dir='ltr'><strong>regno,</strong></span> <span class='ocrx_word' id='word_1_487' title='bbox 3368 3135 3608 3191; x_wconf 90' lang='lat' dir='ltr'><strong>divinam</strong></span> <span class='ocrx_word' id='word_1_488' title='bbox 3652 3136 4005 3205; x_wconf 85' lang='lat' dir='ltr'><strong>tuajestatem</strong></span> <span class='ocrx_word' id='word_1_489' title='bbox 4038 3132 4178 3186; x_wconf 87' lang='lat' dir='ltr'><strong>illius</strong></span> 
     </span>
    </p>
   </div>
   <div class='ocr_carea' id='block_1_61' title="bbox 2574 3222 4179 3298">
    <p class='ocr_par' dir='ltr' id='par_1_61' title="bbox 2574 3222 4179 3298">
     <span class='ocr_line' id='line_1_61' title="bbox 2574 3222 4179 3298; baseline -0.007 -12"><span class='ocrx_word' id='word_1_490' title='bbox 2574 3243 2784 3289; x_wconf 89' lang='lat' dir='ltr'><strong>tantum</strong></span> <span class='ocrx_word' id='word_1_491' title='bbox 2816 3244 3149 3288; x_wconf 89' lang='lat' dir='ltr'><strong>metuentem</strong></span> <span class='ocrx_word' id='word_1_492' title='bbox 3181 3244 3276 3285; x_wconf 88' lang='lat' dir='ltr'><strong>tuo</strong></span> <span class='ocrx_word' id='word_1_493' title='bbox 3328 3230 3467 3284; x_wconf 89' lang='lat' dir='ltr'><strong>futili</strong></span> <span class='ocrx_word' id='word_1_494' title='bbox 3502 3228 3775 3298; x_wconf 87' lang='lat' dir='ltr'><strong>imperio:</strong></span> <span class='ocrx_word' id='word_1_495' title='bbox 3823 3237 3879 3283; x_wconf 90' lang='lat' dir='ltr'><strong>et</strong></span> <span class='ocrx_word' id='word_1_496' title='bbox 3932 3225 4034 3281; x_wconf 87' lang='lat' dir='ltr'><strong>hoc</strong></span> <span class='ocrx_word' id='word_1_497' title='bbox 4064 3222 4179 3292; x_wconf 88' lang='lat' dir='ltr'><strong>qui-</strong></span> 
     </span>
    </p>
   </div>
   <div class='ocr_carea' id='block_1_62' title="bbox 854 3311 4177 3401">
    <p class='ocr_par' dir='ltr' id='par_1_62' title="bbox 854 3311 4177 3401">
     <span class='ocr_line' id='line_1_62' title="bbox 854 3311 4177 3401; baseline -0.005 -19"><span class='ocrx_word' id='word_1_498' title='bbox 854 3328 925 3382; x_wconf 92' lang='lat' dir='ltr'><strong>rit</strong></span> <span class='ocrx_word' id='word_1_499' title='bbox 956 3328 1132 3393; x_wconf 87' lang='lat' dir='ltr'><strong>Deus,</strong></span> <span class='ocrx_word' id='word_1_500' title='bbox 1173 3330 1245 3382; x_wconf 90' lang='lat' dir='ltr'><strong>sit</strong></span> <span class='ocrx_word' id='word_1_501' title='bbox 1280 3330 1539 3383; x_wconf 87' lang='lat' dir='ltr'><strong>amittens</strong></span> <span class='ocrx_word' id='word_1_502' title='bbox 1572 3332 1769 3397; x_wconf 91' lang='lat' dir='ltr'><strong>vitam,</strong></span> <span class='ocrx_word' id='word_1_503' title='bbox 1799 3332 1869 3385; x_wconf 88' lang='lat' dir='ltr'><strong>sit</strong></span> <span class='ocrx_word' id='word_1_504' title='bbox 1913 3345 2231 3401; x_wconf 88' lang='lat' dir='ltr'><strong>perpetuam</strong></span> <span class='ocrx_word' id='word_1_505' title='bbox 2287 3335 2464 3401; x_wconf 81' lang='lat' dir='ltr'><strong>possi-</strong></span> <span class='ocrx_word' id='word_1_506' title='bbox 2495 3311 2539 3370; x_wconf 63' lang='grc' dir='ltr'><strong>(ἶ</strong></span> <span class='ocrx_word' id='word_1_507' title='bbox 2574 3329 2697 3384; x_wconf 90' lang='lat' dir='ltr'><strong>dem</strong></span> <span class='ocrx_word' id='word_1_508' title='bbox 2725 3329 2901 3383; x_wconf 83' lang='lat' dir='ltr'><strong>fecisti</strong></span> <span class='ocrx_word' id='word_1_509' title='bbox 2929 3368 2945 3393; x_wconf 95' lang='lat'><strong>,</strong></span> <span class='ocrx_word' id='word_1_510' title='bbox 2976 3328 3100 3397; x_wconf 91' lang='lat' dir='ltr'><strong>quia</strong></span> <span class='ocrx_word' id='word_1_511' title='bbox 3135 3326 3390 3379; x_wconf 86' lang='lat' dir='ltr'><strong>nesciens</strong></span> <span class='ocrx_word' id='word_1_512' title='bbox 3417 3324 3493 3377; x_wconf 86' lang='lat' dir='ltr'><strong>sis</strong></span> <span class='ocrx_word' id='word_1_513' title='bbox 3524 3322 3787 3389; x_wconf 83' lang='lat' dir='ltr'><strong>scriptum</strong></span> <span class='ocrx_word' id='word_1_514' title='bbox 3838 3336 3963 3376; x_wconf 72' lang='lat' dir='ltr'><strong>esse</strong></span> <span class='ocrx_word' id='word_1_515' title='bbox 3994 3318 4061 3372; x_wconf 94' lang='lat' dir='ltr'><strong>de</strong></span> <span class='ocrx_word' id='word_1_516' title='bbox 4089 3332 4177 3369; x_wconf 89' lang='lat' dir='ltr'><strong>vo-</strong></span> 
     </span>
    </p>
   </div>
   <div class='ocr_carea' id='block_1_63' title="bbox 853 3418 2462 3491">
    <p class='ocr_par' dir='ltr' id='par_1_63' title="bbox 853 3418 2462 3491">
     <span class='ocr_line' id='line_1_63' title="bbox 853 3418 2462 3491; baseline 0.001 -17"><span class='ocrx_word' id='word_1_517' title='bbox 853 3418 995 3474; x_wconf 90' lang='lat' dir='ltr'><strong>deus</strong></span> <span class='ocrx_word' id='word_1_518' title='bbox 1024 3430 1284 3474; x_wconf 89' lang='lat' dir='ltr'><strong>mortem.</strong></span> <span class='ocrx_word' id='word_1_519' title='bbox 1341 3420 1478 3473; x_wconf 90' lang='lat' dir='ltr'><strong>Cum</strong></span> <span class='ocrx_word' id='word_1_520' title='bbox 1514 3422 1679 3491; x_wconf 80' lang='lat' dir='ltr'><strong>igitur</strong></span> <span class='ocrx_word' id='word_1_521' title='bbox 1730 3422 1853 3476; x_wconf 88' lang='lat' dir='ltr'><strong>sitis</strong></span> <span class='ocrx_word' id='word_1_522' title='bbox 1885 3423 2073 3476; x_wconf 81' lang='lat' dir='ltr'><strong>Ariani</strong></span> <span class='ocrx_word' id='word_1_523' title='bbox 2132 3424 2414 3477; x_wconf 90' lang='lat' dir='ltr'><strong>inhumani</strong></span> <span class='ocrx_word' id='word_1_524' title='bbox 2448 3467 2462 3487; x_wconf 94' lang='lat'><strong>,</strong></span> 
     </span>
    </p>
   </div>
   <div class='ocr_carea' id='block_1_64' title="bbox 854 3512 2464 3586">
    <p class='ocr_par' dir='ltr' id='par_1_64' title="bbox 854 3512 2464 3586">
     <span class='ocr_line' id='line_1_64' title="bbox 854 3512 2464 3586; baseline 0.001 -17"><span class='ocrx_word' id='word_1_525' title='bbox 854 3512 1033 3583; x_wconf 88' lang='lat' dir='ltr'><strong>itnpii,</strong></span> <span class='ocrx_word' id='word_1_526' title='bbox 1074 3512 1347 3580; x_wconf 88' lang='lat' dir='ltr'><strong>crudeles,</strong></span> <span class='ocrx_word' id='word_1_527' title='bbox 1383 3514 1689 3581; x_wconf 51' lang='lat' dir='ltr'><strong>homicida),</strong></span> <span class='ocrx_word' id='word_1_528' title='bbox 1727 3517 2009 3586; x_wconf 88' lang='lat' dir='ltr'><strong>quontodo</strong></span> <span class='ocrx_word' id='word_1_529' title='bbox 2030 3517 2137 3571; x_wconf 91' lang='lat' dir='ltr'><strong>dici</strong></span> <span class='ocrx_word' id='word_1_530' title='bbox 2180 3517 2464 3571; x_wconf 87' lang='lat' dir='ltr'><strong>christiani</strong></span> 
     </span>
    </p>
   </div>
   <div class='ocr_carea' id='block_1_65' title="bbox 858 3606 2470 3679">
    <p class='ocr_par' dir='ltr' id='par_1_65' title="bbox 858 3606 2470 3679">
     <span class='ocr_line' id='line_1_65' title="bbox 858 3606 2470 3679; baseline 0.003 -19"><span class='ocrx_word' id='word_1_531' title='bbox 858 3607 1155 3676; x_wconf 85' lang='lat' dir='ltr'><strong>poteritis?</strong></span> <span class='ocrx_word' id='word_1_532' title='bbox 1185 3606 1283 3662; x_wconf 89' lang='lat' dir='ltr'><strong>sed</strong></span> <span class='ocrx_word' id='word_1_533' title='bbox 1309 3618 1513 3662; x_wconf 91' lang='lat' dir='ltr'><strong>etcum</strong></span> <span class='ocrx_word' id='word_1_534' title='bbox 1549 3611 1760 3679; x_wconf 82' lang='lat' dir='ltr'><strong>negetis</strong></span> <span class='ocrx_word' id='word_1_535' title='bbox 1796 3608 2076 3665; x_wconf 85' lang='lat' dir='ltr'><strong>Christqu</strong></span> <span class='ocrx_word' id='word_1_536' title='bbox 2112 3611 2330 3665; x_wconf 88' lang='lat' dir='ltr'><strong>unicum</strong></span> <span class='ocrx_word' id='word_1_537' title='bbox 2378 3611 2470 3665; x_wconf 82' lang='lat' dir='ltr'><strong>Dei</strong></span> 
     </span>
    </p>
   </div>
   <div class='ocr_carea' id='block_1_66' title="bbox 856 3698 2471 3765">
    <p class='ocr_par' dir='ltr' id='par_1_66' title="bbox 856 3698 2471 3765">
     <span class='ocr_line' id='line_1_66' title="bbox 856 3698 2471 3765; baseline 0.002 -11"><span class='ocrx_word' id='word_1_538' title='bbox 856 3698 1077 3765; x_wconf 80' lang='lat' dir='ltr'><strong>Filium,</strong></span> <span class='ocrx_word' id='word_1_539' title='bbox 1109 3708 1166 3754; x_wconf 91' lang='lat' dir='ltr'><strong>et</strong></span> <span class='ocrx_word' id='word_1_540' title='bbox 1190 3700 1571 3756; x_wconf 72' lang='lat' dir='ltr'><strong>conﬁteamini</strong></span> <span class='ocrx_word' id='word_1_541' title='bbox 1604 3701 1910 3757; x_wconf 89' lang='lat' dir='ltr'><strong>credidisse</strong></span> <span class='ocrx_word' id='word_1_542' title='bbox 1956 3717 2054 3757; x_wconf 84' lang='lat' dir='ltr'><strong>vos</strong></span> <span class='ocrx_word' id='word_1_543' title='bbox 2082 3703 2133 3757; x_wconf 92' lang='lat' dir='ltr'><strong>in</strong></span> <span class='ocrx_word' id='word_1_544' title='bbox 2173 3703 2471 3757; x_wconf 83' lang='lat' dir='ltr'><strong>antichris-</strong></span> 
     </span>
    </p>
   </div>
   <div class='ocr_carea' id='block_1_67' title="bbox 856 3794 2460 3866">
    <p class='ocr_par' dir='ltr' id='par_1_67' title="bbox 856 3794 2460 3866">
     <span class='ocr_line' id='line_1_67' title="bbox 856 3794 2460 3866; baseline 0.001 -18"><span class='ocrx_word' id='word_1_545' title='bbox 856 3802 967 3848; x_wconf 91' lang='lat' dir='ltr'><strong>tum</strong></span> <span class='ocrx_word' id='word_1_546' title='bbox 996 3834 1011 3859; x_wconf 93' lang='lat'><strong>,</strong></span> <span class='ocrx_word' id='word_1_547' title='bbox 1044 3794 1190 3849; x_wconf 86' lang='lat' dir='ltr'><strong>unde</strong></span> <span class='ocrx_word' id='word_1_548' title='bbox 1234 3804 1329 3849; x_wconf 89' lang='lat' dir='ltr'><strong>aut</strong></span> <span class='ocrx_word' id='word_1_549' title='bbox 1358 3795 1637 3866; x_wconf 92' lang='lat' dir='ltr'><strong>quomodo</strong></span> <span class='ocrx_word' id='word_1_550' title='bbox 1670 3811 1769 3851; x_wconf 93' lang='lat' dir='ltr'><strong>vos</strong></span> <span class='ocrx_word' id='word_1_551' title='bbox 1814 3796 2067 3865; x_wconf 84' lang='lat' dir='ltr'><strong>poteritis</strong></span> <span class='ocrx_word' id='word_1_552' title='bbox 2094 3796 2299 3851; x_wconf 87' lang='lat' dir='ltr'><strong>Christi</strong></span> <span class='ocrx_word' id='word_1_553' title='bbox 2335 3812 2460 3866; x_wconf 90' lang='lat' dir='ltr'><strong>pro-</strong></span> 
     </span>
    </p>
   </div>
   <div class='ocr_carea' id='block_1_68' title="bbox 856 3889 2465 3955">
    <p class='ocr_par' dir='ltr' id='par_1_68' title="bbox 856 3889 2465 3955">
     <span class='ocr_line' id='line_1_68' title="bbox 856 3889 2465 3955; baseline 0.001 -12"><span class='ocrx_word' id='word_1_554' title='bbox 856 3889 995 3943; x_wconf 89' lang='lat' dir='ltr'><strong>bare</strong></span> <span class='ocrx_word' id='word_1_555' title='bbox 1034 3902 1227 3943; x_wconf 81' lang='lat' dir='ltr'><strong>servos</strong></span> <span class='ocrx_word' id='word_1_556' title='bbox 1260 3931 1274 3955; x_wconf 97' lang='lat'><strong>,</strong></span> <span class='ocrx_word' id='word_1_557' title='bbox 1318 3904 1443 3943; x_wconf 90' lang='lat' dir='ltr'><strong>cum</strong></span> <span class='ocrx_word' id='word_1_558' title='bbox 1502 3891 1927 3944; x_wconf 82' lang='lat' dir='ltr'><strong>manilestaretis</strong></span> <span class='ocrx_word' id='word_1_559' title='bbox 1956 3899 1981 3929; x_wconf 79' lang='grc' dir='ltr'><strong><em>ο</em></strong></span> <span class='ocrx_word' id='word_1_560' title='bbox 2023 3900 2239 3946; x_wconf 82' lang='lat' dir='ltr'><strong>vosmet</strong></span> <span class='ocrx_word' id='word_1_561' title='bbox 2285 3905 2465 3946; x_wconf 77' lang='lat' dir='ltr'><strong>veSIra</strong></span> 
     </span>
    </p>
   </div>
   <div class='ocr_carea' id='block_1_69' title="bbox 854 3980 2468 4050">
    <p class='ocr_par' dir='ltr' id='par_1_69' title="bbox 854 3980 2468 4050">
     <span class='ocr_line' id='line_1_69' title="bbox 854 3980 2468 4050; baseline 0.002 -16"><span class='ocrx_word' id='word_1_562' title='bbox 854 3980 1202 4050; x_wconf 78' lang='lat' dir='ltr'><strong>professione</strong></span> <span class='ocrx_word' id='word_1_563' title='bbox 1240 3996 1362 4037; x_wconf 88' lang='lat' dir='ltr'><strong>esse</strong></span> <span class='ocrx_word' id='word_1_564' title='bbox 1406 3980 1641 4036; x_wconf 90' lang='lat' dir='ltr'><strong>famulos</strong></span> <span class='ocrx_word' id='word_1_565' title='bbox 1697 3982 2045 4037; x_wconf 72' lang='lat' dir='ltr'><strong>antichristi?</strong></span> <span class='ocrx_word' id='word_1_566' title='bbox 2095 3984 2468 4038; x_wconf 80' lang='lat' dir='ltr'><strong>Autichristus</strong></span> 
     </span>
    </p>
   </div>
   <div class='ocr_carea' id='block_1_70' title="bbox 859 4072 2470 4145">
    <p class='ocr_par' dir='ltr' id='par_1_70' title="bbox 859 4072 2470 4145">
     <span class='ocr_line' id='line_1_70' title="bbox 859 4072 2470 4145; baseline 0.002 -18"><span class='ocrx_word' id='word_1_567' title='bbox 859 4072 1087 4143; x_wconf 90' lang='lat' dir='ltr'><strong>ctenim,</strong></span> <span class='ocrx_word' id='word_1_568' title='bbox 1118 4072 1172 4130; x_wconf 90' lang='lat' dir='ltr'><strong>in</strong></span> <span class='ocrx_word' id='word_1_569' title='bbox 1203 4090 1368 4145; x_wconf 88' lang='lat' dir='ltr'><strong>quem</strong></span> <span class='ocrx_word' id='word_1_570' title='bbox 1416 4076 1581 4130; x_wconf 81' lang='lat' dir='ltr'><strong>Arius</strong></span> <span class='ocrx_word' id='word_1_571' title='bbox 1619 4075 1921 4131; x_wconf 87' lang='lat' dir='ltr'><strong>crediderit</strong></span> <span class='ocrx_word' id='word_1_572' title='bbox 1948 4114 1963 4141; x_wconf 76' lang='lat'><strong>,-</strong></span> <span class='ocrx_word' id='word_1_573' title='bbox 2009 4091 2069 4131; x_wconf 85' lang='lat' dir='ltr'><strong>re</strong></span> <span class='ocrx_word' id='word_1_574' title='bbox 2102 4092 2231 4131; x_wconf 86' lang='lat' dir='ltr'><strong>vera</strong></span> <span class='ocrx_word' id='word_1_575' title='bbox 2266 4074 2284 4112; x_wconf 71' lang='grc' dir='ltr'>ί</span> <span class='ocrx_word' id='word_1_576' title='bbox 2324 4078 2424 4137; x_wconf 78' lang='lat' dir='ltr'><strong>fuit</strong></span> <span class='ocrx_word' id='word_1_577' title='bbox 2457 4118 2470 4141; x_wconf 89' lang='lat'><strong>,</strong></span> 
     </span>
    </p>
   </div>
   <div class='ocr_carea' id='block_1_71' title="bbox 932 4316 2475 4391">
    <p class='ocr_par' dir='ltr' id='par_1_71' title="bbox 932 4316 2475 4391">
     <span class='ocr_line' id='line_1_71' title="bbox 932 4316 2475 4391; baseline 0 -14"><span class='ocrx_word' id='word_1_578' title='bbox 932 4320 1159 4377; x_wconf 59' lang='lat' dir='ltr'><strong>“Graec.</strong></span> <span class='ocrx_word' id='word_1_579' title='bbox 1210 4320 1511 4391; x_wconf 77' lang='grc' dir='ltr'><strong>βεϐαίωσις.</strong></span> <span class='ocrx_word' id='word_1_580' title='bbox 1572 4316 1727 4391; x_wconf 71' lang='lat' dir='ltr'><strong>Vers.</strong></span> <span class='ocrx_word' id='word_1_581' title='bbox 1778 4323 1906 4373; x_wconf 81' lang='lat' dir='ltr'><strong>Ant.</strong></span> <span class='ocrx_word' id='word_1_582' title='bbox 1950 4322 2356 4376; x_wconf 85' lang='lat' dir='ltr'><strong>consummatio.</strong></span> <span class='ocrx_word' id='word_1_583' title='bbox 2410 4323 2475 4377; x_wconf 84' lang='lat' dir='ltr'><strong>Et</strong></span> 
     </span>
    </p>
   </div>
   <div class='ocr_carea' id='block_1_72' title="bbox 866 4390 1934 4467">
    <p class='ocr_par' dir='ltr' id='par_1_72' title="bbox 866 4390 1934 4467">
     <span class='ocr_line' id='line_1_72' title="bbox 866 4390 1934 4467; baseline -0.005 -20"><span class='ocrx_word' id='word_1_584' title='bbox 866 4394 1031 4467; x_wconf 72' lang='lat' dir='ltr'><strong>paulo</strong></span> <span class='ocrx_word' id='word_1_585' title='bbox 1056 4390 1357 4467; x_wconf 27' lang='lat' dir='ltr'><strong>post,’facit</strong></span> <span class='ocrx_word' id='word_1_586' title='bbox 1386 4406 1516 4452; x_wconf 82' lang='lat' dir='ltr'><strong>esse,</strong></span> <span class='ocrx_word' id='word_1_587' title='bbox 1551 4406 1649 4459; x_wconf 90' lang='lat' dir='ltr'><strong>pro</strong></span> <span class='ocrx_word' id='word_1_588' title='bbox 1673 4390 1831 4458; x_wconf 86' lang='lat' dir='ltr'><strong>faciet</strong></span> <span class='ocrx_word' id='word_1_589' title='bbox 1865 4401 1934 4444; x_wconf 88' lang='lat' dir='ltr'><strong>te.</strong></span> 
     </span>
    </p>
   </div>
   <div class='ocr_carea' id='block_1_73' title="bbox 934 4464 2474 4532">
    <p class='ocr_par' dir='ltr' id='par_1_73' title="bbox 934 4464 2474 4532">
     <span class='ocr_line' id='line_1_73' title="bbox 934 4464 2474 4532; baseline 0 -14"><span class='ocrx_word' id='word_1_590' title='bbox 934 4466 959 4504; x_wconf 67' lang='grc' dir='ltr'>δ</span> <span class='ocrx_word' id='word_1_591' title='bbox 993 4464 1143 4518; x_wconf 85' lang='lat' dir='ltr'><strong>Vers.</strong></span> <span class='ocrx_word' id='word_1_592' title='bbox 1174 4464 1305 4517; x_wconf 82' lang='lat' dir='ltr'><strong>Ant.</strong></span> <span class='ocrx_word' id='word_1_593' title='bbox 1336 4471 1544 4532; x_wconf 87' lang='lat' dir='ltr'><strong>patrum</strong></span> <span class='ocrx_word' id='word_1_594' title='bbox 1576 4477 1846 4515; x_wconf 87' lang='lat' dir='ltr'><strong>meorum:</strong></span> <span class='ocrx_word' id='word_1_595' title='bbox 1873 4478 2111 4516; x_wconf 87' lang='lat' dir='ltr'><strong>meorum</strong></span> <span class='ocrx_word' id='word_1_596' title='bbox 2137 4464 2293 4519; x_wconf 86' lang='lat' dir='ltr'><strong>abest</strong></span> <span class='ocrx_word' id='word_1_597' title='bbox 2313 4465 2474 4519; x_wconf 88' lang='lat' dir='ltr'><strong>etiam</strong></span> 
     </span>
    </p>
   </div>
   <div class='ocr_carea' id='block_1_74' title="bbox 860 4538 1137 4594">
    <p class='ocr_par' dir='ltr' id='par_1_74' title="bbox 860 4538 1137 4594">
     <span class='ocr_line' id='line_1_74' title="bbox 860 4538 1137 4594; baseline -0.022 0"><span class='ocrx_word' id='word_1_598' title='bbox 860 4555 889 4594; x_wconf 87' lang='lat' dir='ltr'><strong>a</strong></span> <span class='ocrx_word' id='word_1_599' title='bbox 922 4538 1137 4593; x_wconf 70' lang='lat' dir='ltr'><strong>Gneco.</strong></span> 
     </span>
    </p>
   </div>
   <div class='ocr_carea' id='block_1_75' title="bbox 935 4606 2471 4672">
    <p class='ocr_par' dir='ltr' id='par_1_75' title="bbox 935 4606 2471 4672">
     <span class='ocr_line' id='line_1_75' title="bbox 935 4606 2471 4672; baseline 0.001 -13"><span class='ocrx_word' id='word_1_600' title='bbox 935 4623 954 4646; x_wconf 69' lang='grc' dir='ltr'><strong>ε’</strong></span> <span class='ocrx_word' id='word_1_601' title='bbox 990 4609 1140 4661; x_wconf 76' lang='lat' dir='ltr'><strong>Vers.</strong></span> <span class='ocrx_word' id='word_1_602' title='bbox 1175 4608 1304 4662; x_wconf 80' lang='lat' dir='ltr'><strong>Ant.</strong></span> <span class='ocrx_word' id='word_1_603' title='bbox 1330 4606 1608 4672; x_wconf 80' lang='lat' dir='ltr'><strong>Sapientia</strong></span> <span class='ocrx_word' id='word_1_604' title='bbox 1631 4617 1721 4659; x_wconf 90' lang='lat' dir='ltr'><strong>tua</strong></span> <span class='ocrx_word' id='word_1_605' title='bbox 1900 4617 1955 4659; x_wconf 93' lang='lat' dir='ltr'><strong>ut</strong></span> <span class='ocrx_word' id='word_1_606' title='bbox 1977 4607 2336 4661; x_wconf 88' lang='lat' dir='ltr'><strong>dominaretur</strong></span> 
     </span>
    </p>
   </div>
   <div class='ocr_carea' id='block_1_76' title="bbox 865 4678 1508 4741">
    <p class='ocr_par' dir='ltr' id='par_1_76' title="bbox 865 4678 1508 4741">
     <span class='ocr_line' id='line_1_76' title="bbox 865 4678 1508 4741; baseline -0.006 -8"><span class='ocrx_word' id='word_1_607' title='bbox 865 4682 1149 4735; x_wconf 82' lang='lat' dir='ltr'><strong>directione</strong></span> <span class='ocrx_word' id='word_1_608' title='bbox 1174 4678 1369 4741; x_wconf 86' lang='lat' dir='ltr'><strong>cordis,</strong></span> <span class='ocrx_word' id='word_1_609' title='bbox 1402 4688 1508 4732; x_wconf 90' lang='lat' dir='ltr'><strong>etc.</strong></span> 
     </span>
    </p>
   </div>
   <div class='ocr_carea' id='block_1_77' title="bbox 2570 3414 4175 3494">
    <p class='ocr_par' dir='ltr' id='par_1_77' title="bbox 2570 3414 4175 3494">
     <span class='ocr_line' id='line_1_77' title="bbox 2570 3414 4175 3494; baseline -0.011 -16"><span class='ocrx_word' id='word_1_610' title='bbox 2570 3424 2653 3478; x_wconf 90' lang='lat' dir='ltr'><strong>his</strong></span> <span class='ocrx_word' id='word_1_611' title='bbox 2687 3423 2962 3494; x_wconf 86' lang='lat' dir='ltr'><strong>tyrannis:</strong></span> <span class='ocrx_word' id='word_1_612' title='bbox 3016 3418 3239 3491; x_wconf 84' lang='lat' dir='ltr'><strong>Pr0pter</strong></span> <span class='ocrx_word' id='word_1_613' title='bbox 3262 3419 3359 3471; x_wconf 80' lang='lat' dir='ltr'><strong>hoc</strong></span> <span class='ocrx_word' id='word_1_614' title='bbox 3386 3416 3798 3486; x_wconf 81' lang='lat' dir='ltr'><strong>indisciplittata’</strong></span> <span class='ocrx_word' id='word_1_615' title='bbox 3822 3414 4011 3468; x_wconf 78' lang='lat' dir='ltr'><strong>anima:</strong></span> <span class='ocrx_word' id='word_1_616' title='bbox 4041 3426 4175 3464; x_wconf 89' lang='lat' dir='ltr'><strong>erra-</strong></span> 
     </span>
    </p>
   </div>
   <div class='ocr_carea' id='block_1_78' title="bbox 2569 3507 4164 3580">
    <p class='ocr_par' dir='ltr' id='par_1_78' title="bbox 2569 3507 4164 3580">
     <span class='ocr_line' id='line_1_78' title="bbox 2569 3507 4164 3580; baseline -0.009 -11"><span class='ocrx_word' id='word_1_617' title='bbox 2569 3513 2932 3569; x_wconf 77' lang='lat' dir='ltr'><strong>verunt:dum</strong></span> <span class='ocrx_word' id='word_1_618' title='bbox 2956 3512 3089 3564; x_wconf 88' lang='lat' dir='ltr'><strong>enim</strong></span> <span class='ocrx_word' id='word_1_619' title='bbox 3127 3525 3433 3580; x_wconf 86' lang='lat' dir='ltr'><strong>persuasum</strong></span> <span class='ocrx_word' id='word_1_620' title='bbox 3476 3507 3667 3560; x_wconf 80' lang='lat' dir='ltr'><strong>habent</strong></span> <span class='ocrx_word' id='word_1_621' title='bbox 3698 3507 3867 3575; x_wconf 81' lang='lat' dir='ltr'><strong>iniqui</strong></span> <span class='ocrx_word' id='word_1_622' title='bbox 3910 3519 4060 3576; x_wconf 83' lang='lat' dir='ltr'><strong>posse</strong></span> <span class='ocrx_word' id='word_1_623' title='bbox 4083 3513 4164 3553; x_wconf 75' lang='lat' dir='ltr'><strong>set</strong></span> 
     </span>
    </p>
   </div>
   <div class='ocr_carea' id='block_1_79' title="bbox 2570 3594 4173 3668">
    <p class='ocr_par' dir='ltr' id='par_1_79' title="bbox 2570 3594 4173 3668">
     <span class='ocr_line' id='line_1_79' title="bbox 2570 3594 4173 3668; baseline -0.01 -5"><span class='ocrx_word' id='word_1_624' title='bbox 2570 3608 2832 3663; x_wconf 89' lang='lat' dir='ltr'><strong>dominari</strong></span> <span class='ocrx_word' id='word_1_625' title='bbox 2862 3606 3061 3659; x_wconf 84' lang='lat' dir='ltr'><strong>nationi</strong></span> <span class='ocrx_word' id='word_1_626' title='bbox 3088 3615 3410 3668; x_wconf 88' lang='lat' dir='ltr'><strong>sanctorum,</strong></span> <span class='ocrx_word' id='word_1_627' title='bbox 3439 3602 3598 3655; x_wconf 82' lang='lat' dir='ltr'><strong>uincti</strong></span> <span class='ocrx_word' id='word_1_628' title='bbox 3619 3600 3946 3654; x_wconf 83' lang='lat' dir='ltr'><strong>tenebrarum</strong></span> <span class='ocrx_word' id='word_1_629' title='bbox 3968 3594 4173 3659; x_wconf 91' lang='lat' dir='ltr'><strong>catenis,</strong></span> 
     </span>
    </p>
   </div>
   <div class='ocr_carea' id='block_1_80' title="bbox 2574 3687 4175 3772">
    <p class='ocr_par' dir='ltr' id='par_1_80' title="bbox 2574 3687 4175 3772">
     <span class='ocr_line' id='line_1_80' title="bbox 2574 3687 4175 3772; baseline -0.011 -16"><span class='ocrx_word' id='word_1_630' title='bbox 2574 3714 2621 3756; x_wconf 86' lang='lat' dir='ltr'><strong>et</strong></span> <span class='ocrx_word' id='word_1_631' title='bbox 2644 3705 2802 3772; x_wconf 76' lang='lat' dir='ltr'><strong>lonqa</strong></span> <span class='ocrx_word' id='word_1_632' title='bbox 2847 3710 2993 3754; x_wconf 90' lang='lat' dir='ltr'><strong>nocte</strong></span> <span class='ocrx_word' id='word_1_633' title='bbox 3026 3698 3306 3764; x_wconf 85' lang='lat' dir='ltr'><strong>compediti</strong></span> <span class='ocrx_word' id='word_1_634' title='bbox 3338 3739 3353 3763; x_wconf 93' lang='lat'><strong>,</strong></span> <span class='ocrx_word' id='word_1_635' title='bbox 3406 3696 3597 3749; x_wconf 84' lang='lat' dir='ltr'><strong>inclusi</strong></span> <span class='ocrx_word' id='word_1_636' title='bbox 3627 3695 3721 3749; x_wconf 87' lang='lat' dir='ltr'><strong>sub</strong></span> <span class='ocrx_word' id='word_1_637' title='bbox 3753 3695 3898 3747; x_wconf 78' lang='lat' dir='ltr'><strong>tectis</strong></span> <span class='ocrx_word' id='word_1_638' title='bbox 3925 3736 3939 3757; x_wconf 91' lang='lat'><strong>,</strong></span> <span class='ocrx_word' id='word_1_639' title='bbox 3983 3687 4175 3761; x_wconf 85' lang='lat' dir='ltr'><strong>fugitiri</strong></span> 
     </span>
    </p>
   </div>
   <div class='ocr_carea' id='block_1_81' title="bbox 2576 3778 4175 3865">
    <p class='ocr_par' dir='ltr' id='par_1_81' title="bbox 2576 3778 4175 3865">
     <span class='ocr_line' id='line_1_81' title="bbox 2576 3778 4175 3865; baseline -0.013 -15"><span class='ocrx_word' id='word_1_640' title='bbox 2576 3795 2733 3865; x_wconf 84' lang='lat' dir='ltr'><strong>(Sap.</strong></span> <span class='ocrx_word' id='word_1_641' title='bbox 2759 3808 2892 3857; x_wconf 81' lang='lat' dir='ltr'><strong>xm,</strong></span> <span class='ocrx_word' id='word_1_642' title='bbox 2930 3788 3000 3861; x_wconf 87' lang='lat' dir='ltr'><strong>l).</strong></span> <span class='ocrx_word' id='word_1_643' title='bbox 3035 3790 3329 3858; x_wconf 83' lang='lat' dir='ltr'><strong>Conspieis</strong></span> <span class='ocrx_word' id='word_1_644' title='bbox 3349 3790 3458 3857; x_wconf 89' lang='lat' dir='ltr'><strong>jam</strong></span> <span class='ocrx_word' id='word_1_645' title='bbox 3494 3799 3545 3841; x_wconf 91' lang='lat' dir='ltr'><strong>te</strong></span> <span class='ocrx_word' id='word_1_646' title='bbox 3584 3802 3709 3840; x_wconf 88' lang='lat' dir='ltr'><strong>esse</strong></span> <span class='ocrx_word' id='word_1_647' title='bbox 3747 3784 3893 3839; x_wconf 88' lang='lat' dir='ltr'><strong>inter</strong></span> <span class='ocrx_word' id='word_1_648' title='bbox 3938 3782 4055 3835; x_wconf 88' lang='lat' dir='ltr'><strong>illos</strong></span> <span class='ocrx_word' id='word_1_649' title='bbox 4087 3778 4175 3832; x_wconf 89' lang='lat' dir='ltr'><strong>Dei</strong></span> 
     </span>
    </p>
   </div>
   <div class='ocr_carea' id='block_1_82' title="bbox 2575 3875 4176 3958">
    <p class='ocr_par' dir='ltr' id='par_1_82' title="bbox 2575 3875 4176 3958">
     <span class='ocr_line' id='line_1_82' title="bbox 2575 3875 4176 3958; baseline -0.013 -16"><span class='ocrx_word' id='word_1_650' title='bbox 2575 3886 2764 3958; x_wconf 89' lang='lat' dir='ltr'><strong>populi</strong></span> <span class='ocrx_word' id='word_1_651' title='bbox 2793 3894 3203 3955; x_wconf 78' lang='lat' dir='ltr'><strong>persecutores,</strong></span> <span class='ocrx_word' id='word_1_652' title='bbox 3228 3881 3297 3935; x_wconf 90' lang='lat' dir='ltr'><strong>de</strong></span> <span class='ocrx_word' id='word_1_653' title='bbox 3328 3880 3529 3950; x_wconf 90' lang='lat' dir='ltr'><strong>quibus</strong></span> <span class='ocrx_word' id='word_1_654' title='bbox 3562 3880 3763 3949; x_wconf 84' lang='lat' dir='ltr'><strong>legisti,</strong></span> <span class='ocrx_word' id='word_1_655' title='bbox 3799 3875 3944 3945; x_wconf 87' lang='lat' dir='ltr'><strong>quod</strong></span> <span class='ocrx_word' id='word_1_656' title='bbox 3976 3889 4074 3926; x_wconf 88' lang='lat' dir='ltr'><strong>una</strong></span> <span class='ocrx_word' id='word_1_657' title='bbox 4096 3887 4176 3922; x_wconf 87' lang='lat' dir='ltr'><strong>ca-</strong></span> 
     </span>
    </p>
   </div>
   <div class='ocr_carea' id='block_1_83' title="bbox 2576 3963 4176 4043">
    <p class='ocr_par' dir='ltr' id='par_1_83' title="bbox 2576 3963 4176 4043">
     <span class='ocr_line' id='line_1_83' title="bbox 2576 3963 4176 4043; baseline -0.011 -9"><span class='ocrx_word' id='word_1_658' title='bbox 2576 3991 2693 4035; x_wconf 87' lang='lat' dir='ltr'><strong>tena</strong></span> <span class='ocrx_word' id='word_1_659' title='bbox 2727 3980 3052 4033; x_wconf 85' lang='lat' dir='ltr'><strong>tenebrarum</strong></span> <span class='ocrx_word' id='word_1_660' title='bbox 3098 3987 3217 4030; x_wconf 85' lang='lat' dir='ltr'><strong>sunt</strong></span> <span class='ocrx_word' id='word_1_661' title='bbox 3246 3974 3269 4012; x_wconf 74' lang='grc' dir='ltr'><strong>¹ι</strong></span> <span class='ocrx_word' id='word_1_662' title='bbox 3322 3992 3499 4028; x_wconf 87' lang='lat' dir='ltr'><strong>oumes</strong></span> <span class='ocrx_word' id='word_1_663' title='bbox 3546 3973 3780 4043; x_wconf 86' lang='lat' dir='ltr'><strong>colligati</strong></span> <span class='ocrx_word' id='word_1_664' title='bbox 3812 3970 3919 4043; x_wconf 89' lang='lat' dir='ltr'><strong>(Ib.</strong></span> <span class='ocrx_word' id='word_1_665' title='bbox 3956 3967 4068 4036; x_wconf 79' lang='lat' dir='ltr'><strong>l7).</strong></span> <span class='ocrx_word' id='word_1_666' title='bbox 4114 3963 4176 4017; x_wconf 82' lang='lat' dir='ltr'><strong>Et</strong></span> 
     </span>
    </p>
   </div>
   <div class='ocr_carea' id='block_1_84' title="bbox 2576 4059 4171 4141">
    <p class='ocr_par' dir='ltr' id='par_1_84' title="bbox 2576 4059 4171 4141">
     <span class='ocr_line' id='line_1_84' title="bbox 2576 4059 4171 4141; baseline -0.014 -12"><span class='ocrx_word' id='word_1_667' title='bbox 2576 4074 2811 4129; x_wconf 86' lang='lat' dir='ltr'><strong>iterum:</strong></span> <span class='ocrx_word' id='word_1_668' title='bbox 2848 4070 3004 4141; x_wconf 87' lang='lat' dir='ltr'><strong>Digni</strong></span> <span class='ocrx_word' id='word_1_669' title='bbox 3032 4070 3237 4139; x_wconf 80' lang='lat' dir='ltr'><strong>quidem</strong></span> <span class='ocrx_word' id='word_1_670' title='bbox 3285 4068 3363 4121; x_wconf 86' lang='lat' dir='ltr'><strong>illi</strong></span> <span class='ocrx_word' id='word_1_671' title='bbox 3396 4064 3413 4101; x_wconf 73' lang='grc' dir='ltr'>ι</span> <span class='ocrx_word' id='word_1_672' title='bbox 3448 4081 3626 4120; x_wconf 86' lang='lat' dir='ltr'><strong>carere</strong></span> <span class='ocrx_word' id='word_1_673' title='bbox 3667 4066 3840 4117; x_wconf 87' lang='lat' dir='ltr'><strong>lumen</strong></span> <span class='ocrx_word' id='word_1_674' title='bbox 3865 4072 3914 4115; x_wconf 83' lang='lat' dir='ltr'><strong>et</strong></span> <span class='ocrx_word' id='word_1_675' title='bbox 3943 4059 4171 4131; x_wconf 59' lang='lat' dir='ltr'><strong>paticorv</strong></span> 
     </span>
    </p>
   </div>
   <div class='ocr_carea' id='block_1_85' title="bbox 2581 4318 4172 4389">
    <p class='ocr_par' dir='ltr' id='par_1_85' title="bbox 2581 4318 4172 4389">
     <span class='ocr_line' id='line_1_85' title="bbox 2581 4318 4172 4389; baseline -0.01 -11"><span class='ocrx_word' id='word_1_676' title='bbox 2581 4324 2863 4378; x_wconf 84' lang='lat' dir='ltr'><strong>Catholica</strong></span> <span class='ocrx_word' id='word_1_677' title='bbox 2886 4333 2939 4377; x_wconf 89' lang='lat' dir='ltr'><strong>et</strong></span> <span class='ocrx_word' id='word_1_678' title='bbox 2963 4322 3157 4376; x_wconf 79' lang='lat' dir='ltr'><strong>Ariana</strong></span> <span class='ocrx_word' id='word_1_679' title='bbox 3186 4331 3393 4389; x_wconf 84' lang='lat' dir='ltr'><strong>poterat</strong></span> <span class='ocrx_word' id='word_1_680' title='bbox 3425 4321 3675 4385; x_wconf 90' lang='lat' dir='ltr'><strong>censeri;</strong></span> <span class='ocrx_word' id='word_1_681' title='bbox 3708 4330 3763 4375; x_wconf 93' lang='lat' dir='ltr'><strong>et</strong></span> <span class='ocrx_word' id='word_1_682' title='bbox 3813 4318 4115 4389; x_wconf 65' lang='lat' dir='ltr'><strong>complures</strong></span> <span class='ocrx_word' id='word_1_683' title='bbox 4144 4324 4172 4363; x_wconf 89' lang='lat' dir='ltr'><strong>e</strong></span> 
     </span>
    </p>
   </div>
   <div class='ocr_carea' id='block_1_86' title="bbox 2584 4380 4173 4466">
    <p class='ocr_par' dir='ltr' id='par_1_86' title="bbox 2584 4380 4173 4466">
     <span class='ocr_line' id='line_1_86' title="bbox 2584 4380 4173 4466; baseline -0.005 -18"><span class='ocrx_word' id='word_1_684' title='bbox 2584 4395 2969 4452; x_wconf 80' lang='lat' dir='ltr'><strong>Semiarianis.</strong></span> <span class='ocrx_word' id='word_1_685' title='bbox 2998 4380 3274 4466; x_wconf 10' lang='lat' dir='ltr'><strong>explicato,</strong></span> <span class='ocrx_word' id='word_1_686' title='bbox 3299 4408 3412 4448; x_wconf 65' lang='lat' dir='ltr'><strong>suae</strong></span> <span class='ocrx_word' id='word_1_687' title='bbox 3446 4380 3840 4448; x_wconf 40' lang='lat' dir='ltr'><strong>mentis&#39;sensu</strong></span> <span class='ocrx_word' id='word_1_688' title='bbox 3871 4434 3885 4451; x_wconf 91' lang='lat'><strong>.</strong></span> <span class='ocrx_word' id='word_1_689' title='bbox 3922 4380 4058 4466; x_wconf 74' lang='lat' dir='ltr'><strong>inter</strong></span> <span class='ocrx_word' id='word_1_690' title='bbox 4077 4380 4173 4466; x_wconf 64' lang='grc' dir='ltr'><strong>ρει-</strong></span> 
     </span>
    </p>
   </div>
   <div class='ocr_carea' id='block_1_87' title="bbox 2584 4456 4170 4538">
    <p class='ocr_par' dir='ltr' id='par_1_87' title="bbox 2584 4456 4170 4538">
     <span class='ocr_line' id='line_1_87' title="bbox 2584 4456 4170 4538; baseline -0.003 -18"><span class='ocrx_word' id='word_1_691' title='bbox 2584 4466 2819 4520; x_wconf 83' lang='lat' dir='ltr'><strong>tholicos</strong></span> <span class='ocrx_word' id='word_1_692' title='bbox 2870 4456 3157 4538; x_wconf 78' lang='lat' dir='ltr'><strong>propterea</strong></span> <span class='ocrx_word' id='word_1_693' title='bbox 3212 4465 3435 4519; x_wconf 86' lang='lat' dir='ltr'><strong>admissi</strong></span> <span class='ocrx_word' id='word_1_694' title='bbox 3469 4510 3483 4531; x_wconf 94' lang='lat'><strong>,</strong></span> <span class='ocrx_word' id='word_1_695' title='bbox 3516 4482 3638 4519; x_wconf 84' lang='lat' dir='ltr'><strong>cum</strong></span> <span class='ocrx_word' id='word_1_696' title='bbox 3694 4466 3987 4538; x_wconf 60' lang='lat' dir='ltr'><strong>opotobciov</strong></span> <span class='ocrx_word' id='word_1_697' title='bbox 4026 4456 4170 4538; x_wconf 53' lang='lat' dir='ltr'><strong>id?!&quot;</strong></span> 
     </span>
    </p>
   </div>
   <div class='ocr_carea' id='block_1_88' title="bbox 2582 4534 4171 4612">
    <p class='ocr_par' dir='ltr' id='par_1_88' title="bbox 2582 4534 4171 4612">
     <span class='ocr_line' id='line_1_88' title="bbox 2582 4534 4171 4612; baseline -0.004 -21"><span class='ocrx_word' id='word_1_698' title='bbox 2582 4540 2743 4608; x_wconf 86' lang='lat' dir='ltr'><strong>plane</strong></span> <span class='ocrx_word' id='word_1_699' title='bbox 2774 4534 2895 4612; x_wconf 67' lang='lat' dir='ltr'><strong>esse</strong></span> <span class='ocrx_word' id='word_1_700' title='bbox 2920 4553 2983 4612; x_wconf 76' lang='lat' dir='ltr'><strong>ac</strong></span> <span class='ocrx_word' id='word_1_701' title='bbox 3010 4537 3286 4612; x_wconf 48' lang='lat' dir='ltr'><strong>opacum“</strong></span> <span class='ocrx_word' id='word_1_702' title='bbox 3311 4534 3732 4612; x_wconf 72' lang='lat' dir='ltr'><strong>confiterentur.</strong></span> <span class='ocrx_word' id='word_1_703' title='bbox 3767 4534 3982 4612; x_wconf 70' lang='lat' dir='ltr'><strong>Luetiet‘</strong></span> 
     </span>
    </p>
   </div>
   <div class='ocr_carea' id='block_1_89' title="bbox 2584 4602 4169 4675">
    <p class='ocr_par' dir='ltr' id='par_1_89' title="bbox 2584 4602 4169 4675">
     <span class='ocr_line' id='line_1_89' title="bbox 2584 4602 4169 4675; baseline -0.011 -12"><span class='ocrx_word' id='word_1_704' title='bbox 2584 4602 2805 4663; x_wconf 73' lang='lat' dir='ltr'><strong>similem</strong></span> <span class='ocrx_word' id='word_1_705' title='bbox 2832 4609 2975 4662; x_wconf 80' lang='lat' dir='ltr'><strong>Patri</strong></span> <span class='ocrx_word' id='word_1_706' title='bbox 3009 4602 3205 4662; x_wconf 76' lang='lat' dir='ltr'><strong>Filium</strong></span> <span class='ocrx_word' id='word_1_707' title='bbox 3239 4610 3372 4661; x_wconf 88' lang='lat' dir='ltr'><strong>dicit</strong></span> <span class='ocrx_word' id='word_1_708' title='bbox 3400 4610 3549 4675; x_wconf 80' lang='lat' dir='ltr'><strong>juxta</strong></span> <span class='ocrx_word' id='word_1_709' title='bbox 3585 4609 3889 4675; x_wconf 70' lang='lat' dir='ltr'><strong>perfectam</strong></span> <span class='ocrx_word' id='word_1_710' title='bbox 3930 4602 4169 4675; x_wconf 84' lang='lat' dir='ltr'><strong>similitu-</strong></span> 
     </span>
    </p>
   </div>
   <div class='ocr_carea' id='block_1_90' title="bbox 2582 4674 4166 4749">
    <p class='ocr_par' dir='ltr' id='par_1_90' title="bbox 2582 4674 4166 4749">
     <span class='ocr_line' id='line_1_90' title="bbox 2582 4674 4166 4749; baseline -0.01 -14"><span class='ocrx_word' id='word_1_711' title='bbox 2582 4682 2787 4745; x_wconf 90' lang='lat' dir='ltr'><strong>dinem,</strong></span> <span class='ocrx_word' id='word_1_712' title='bbox 2823 4696 2927 4749; x_wconf 87' lang='lat' dir='ltr'><strong>qua</strong></span> <span class='ocrx_word' id='word_1_713' title='bbox 2962 4680 3189 4749; x_wconf 82' lang='lat' dir='ltr'><strong>proinde</strong></span> <span class='ocrx_word' id='word_1_714' title='bbox 3218 4689 3274 4733; x_wconf 91' lang='lat' dir='ltr'><strong>et</strong></span> <span class='ocrx_word' id='word_1_715' title='bbox 3302 4674 3529 4748; x_wconf 78' lang='lat' dir='ltr'><strong>tequalis</strong></span> <span class='ocrx_word' id='word_1_716' title='bbox 3558 4674 3662 4739; x_wconf 80' lang='lat' dir='ltr'><strong>est.</strong></span> <span class='ocrx_word' id='word_1_717' title='bbox 3702 4689 3758 4733; x_wconf 89' lang='lat' dir='ltr'><strong>et</strong></span> <span class='ocrx_word' id='word_1_718' title='bbox 3787 4674 4029 4749; x_wconf 70' lang='lat' dir='ltr'><strong>ejusdem</strong></span> <span class='ocrx_word' id='word_1_719' title='bbox 4050 4680 4166 4749; x_wconf 80' lang='lat' dir='ltr'><strong>cum</strong></span> 
     </span>
    </p>
   </div>
   <div class='ocr_carea' id='block_1_91' title="bbox 937 4744 4170 4819">
    <p class='ocr_par' dir='ltr' id='par_1_91' title="bbox 937 4744 4170 4819">
     <span class='ocr_line' id='line_1_91' title="bbox 937 4744 4170 4819; baseline -0.002 -16"><span class='ocrx_word' id='word_1_720' title='bbox 937 4749 963 4787; x_wconf 76' lang='grc' dir='ltr'>ἀ</span> <span class='ocrx_word' id='word_1_721' title='bbox 997 4751 1063 4804; x_wconf 74' lang='lat' dir='ltr'><strong>Et</strong></span> <span class='ocrx_word' id='word_1_722' title='bbox 1092 4753 1397 4802; x_wconf 83' lang='lat' dir='ltr'><strong>humanum.</strong></span> <span class='ocrx_word' id='word_1_723' title='bbox 1432 4749 1552 4802; x_wconf 82' lang='lat' dir='ltr'><strong>Lat.</strong></span> <span class='ocrx_word' id='word_1_724' title='bbox 1584 4757 1639 4803; x_wconf 89' lang='lat' dir='ltr'><strong>et</strong></span> <span class='ocrx_word' id='word_1_725' title='bbox 1677 4748 1825 4802; x_wconf 83' lang='lat' dir='ltr'><strong>Vers.</strong></span> <span class='ocrx_word' id='word_1_726' title='bbox 1860 4750 1989 4802; x_wconf 75' lang='lat' dir='ltr'><strong>Ant.</strong></span> <span class='ocrx_word' id='word_1_727' title='bbox 2015 4750 2121 4805; x_wconf 85' lang='lat' dir='ltr'><strong>Sed</strong></span> <span class='ocrx_word' id='word_1_728' title='bbox 2159 4764 2372 4814; x_wconf 89' lang='lat' dir='ltr'><strong>vereor,</strong></span> <span class='ocrx_word' id='word_1_729' title='bbox 2407 4767 2475 4805; x_wconf 88' lang='lat' dir='ltr'><strong>ne</strong></span> <span class='ocrx_word' id='word_1_730' title='bbox 2501 4744 2553 4803; x_wconf 83' lang='lat' dir='ltr'><strong>D</strong></span> <span class='ocrx_word' id='word_1_731' title='bbox 2583 4752 2743 4807; x_wconf 85' lang='lat' dir='ltr'><strong>Patre</strong></span> <span class='ocrx_word' id='word_1_732' title='bbox 2772 4744 3016 4812; x_wconf 46' lang='lat' dir='ltr'><strong>naturai;</strong></span> <span class='ocrx_word' id='word_1_733' title='bbox 3067 4751 3210 4803; x_wconf 87' lang='lat' dir='ltr'><strong>unde</strong></span> <span class='ocrx_word' id='word_1_734' title='bbox 3254 4744 3505 4819; x_wconf 77' lang='lat' dir='ltr'><strong>wqualem</strong></span> <span class='ocrx_word' id='word_1_735' title='bbox 3551 4752 3706 4802; x_wconf 87' lang='lat' dir='ltr'><strong>etiam</strong></span> <span class='ocrx_word' id='word_1_736' title='bbox 3735 4744 3973 4818; x_wconf 74' lang='lat' dir='ltr'><strong>appellat</strong></span> <span class='ocrx_word' id='word_1_737' title='bbox 4000 4748 4170 4819; x_wconf 34' lang='lat' dir='ltr'><strong>ttat}?</strong></span> 
     </span>
    </p>
   </div>
   <div class='ocr_carea' id='block_1_92' title="bbox 870 4819 2474 4891">
    <p class='ocr_par' dir='ltr' id='par_1_92' title="bbox 870 4819 2474 4891">
     <span class='ocr_line' id='line_1_92' title="bbox 870 4819 2474 4891; baseline -0.001 -12"><span class='ocrx_word' id='word_1_738' title='bbox 870 4824 1126 4880; x_wconf 88' lang='lat' dir='ltr'><strong>mendum</strong></span> <span class='ocrx_word' id='word_1_739' title='bbox 1161 4824 1467 4891; x_wconf 84' lang='lat' dir='ltr'><strong>irrepserit,</strong></span> <span class='ocrx_word' id='word_1_740' title='bbox 1493 4836 1615 4875; x_wconf 84' lang='lat' dir='ltr'><strong>cum</strong></span> <span class='ocrx_word' id='word_1_741' title='bbox 1650 4820 1812 4889; x_wconf 81' lang='lat' dir='ltr'><strong>paulo</strong></span> <span class='ocrx_word' id='word_1_742' title='bbox 1856 4819 2088 4875; x_wconf 87' lang='lat' dir='ltr'><strong>inferius</strong></span> <span class='ocrx_word' id='word_1_743' title='bbox 2137 4822 2286 4875; x_wconf 81' lang='lat' dir='ltr'><strong>dicat</strong></span> <span class='ocrx_word' id='word_1_744' title='bbox 2316 4822 2474 4877; x_wconf 88' lang='lat' dir='ltr'><strong>Luci—</strong></span> 
     </span>
    </p>
   </div>
   <div class='ocr_carea' id='block_1_93' title="bbox 866 4892 2472 4965">
    <p class='ocr_par' dir='ltr' id='par_1_93' title="bbox 866 4892 2472 4965">
     <span class='ocr_line' id='line_1_93' title="bbox 866 4892 2472 4965; baseline 0.004 -22"><span class='ocrx_word' id='word_1_745' title='bbox 866 4897 949 4949; x_wconf 70' lang='lat' dir='ltr'><strong>fer</strong></span> <span class='ocrx_word' id='word_1_746' title='bbox 970 4937 983 4958; x_wconf 83' lang='lat'><strong>,</strong></span> <span class='ocrx_word' id='word_1_747' title='bbox 1015 4895 1464 4965; x_wconf 83' lang='lat' dir='ltr'><strong>quomodojustos</strong></span> <span class='ocrx_word' id='word_1_748' title='bbox 1496 4909 1589 4945; x_wconf 87' lang='lat' dir='ltr'><strong>nos</strong></span> <span class='ocrx_word' id='word_1_749' title='bbox 1617 4904 1664 4945; x_wconf 93' lang='lat' dir='ltr'><strong>et</strong></span> <span class='ocrx_word' id='word_1_750' title='bbox 1706 4892 1960 4965; x_wconf 80' lang='lat' dir='ltr'><strong>humanos</strong></span> <span class='ocrx_word' id='word_1_751' title='bbox 1993 4934 2007 4955; x_wconf 91' lang='lat'><strong>,</strong></span> <span class='ocrx_word' id='word_1_752' title='bbox 2057 4903 2167 4947; x_wconf 87' lang='lat' dir='ltr'><strong>etc.</strong></span> <span class='ocrx_word' id='word_1_753' title='bbox 2213 4894 2354 4949; x_wconf 91' lang='lat' dir='ltr'><strong>unde</strong></span> <span class='ocrx_word' id='word_1_754' title='bbox 2385 4910 2472 4948; x_wconf 85' lang='lat' dir='ltr'><strong>ar-</strong></span> 
     </span>
    </p>
   </div>
   <div class='ocr_carea' id='block_1_94' title="bbox 866 4963 2100 5038">
    <p class='ocr_par' dir='ltr' id='par_1_94' title="bbox 866 4963 2100 5038">
     <span class='ocr_line' id='line_1_94' title="bbox 866 4963 2100 5038; baseline -0.002 -17"><span class='ocrx_word' id='word_1_755' title='bbox 866 4983 999 5038; x_wconf 80' lang='lat' dir='ltr'><strong>guas</strong></span> <span class='ocrx_word' id='word_1_756' title='bbox 1030 4963 1155 5038; x_wconf 78' lang='lat' dir='ltr'><strong>eum</strong></span> <span class='ocrx_word' id='word_1_757' title='bbox 1188 4965 1474 5038; x_wconf 71' lang='lat' dir='ltr'><strong>scripsisse</strong></span> <span class='ocrx_word' id='word_1_758' title='bbox 1494 4969 1698 5038; x_wconf 81' lang='lat' dir='ltr'><strong>justum</strong></span> <span class='ocrx_word' id='word_1_759' title='bbox 1721 4975 1767 5018; x_wconf 92' lang='lat' dir='ltr'><strong>et</strong></span> <span class='ocrx_word' id='word_1_760' title='bbox 1796 4963 2100 5019; x_wconf 85' lang='lat' dir='ltr'><strong>humanum.</strong></span> 
     </span>
    </p>
   </div>
   <div class='ocr_carea' id='block_1_95' title="bbox 945 5035 1725 5105">
    <p class='ocr_par' dir='ltr' id='par_1_95' title="bbox 945 5035 1725 5105">
     <span class='ocr_line' id='line_1_95' title="bbox 945 5035 1725 5105; baseline -0.003 -14"><span class='ocrx_word' id='word_1_761' title='bbox 945 5052 967 5075; x_wconf 66' lang='grc' dir='ltr'>ε</span> <span class='ocrx_word' id='word_1_762' title='bbox 997 5037 1125 5091; x_wconf 78' lang='lat' dir='ltr'><strong>Cum</strong></span> <span class='ocrx_word' id='word_1_763' title='bbox 1154 5035 1512 5105; x_wconf 48' lang='lat' dir='ltr'><strong>manifesti/tis;</strong></span> <span class='ocrx_word' id='word_1_764' title='bbox 1547 5035 1725 5089; x_wconf 81' lang='lat' dir='ltr'><strong>Latin.</strong></span> 
     </span>
    </p>
   </div>
   <div class='ocr_carea' id='block_1_96' title="bbox 947 5106 2473 5166">
    <p class='ocr_par' dir='ltr' id='par_1_96' title="bbox 947 5106 2473 5166">
     <span class='ocr_line' id='line_1_96' title="bbox 947 5106 2473 5166; baseline -0.001 -3"><span class='ocrx_word' id='word_1_765' title='bbox 947 5109 964 5147; x_wconf 75' lang='grc' dir='ltr'><strong>ί</strong></span> <span class='ocrx_word' id='word_1_766' title='bbox 998 5110 1181 5163; x_wconf 79' lang='grc' dir='ltr'><strong>ιἰἰιυι·</strong></span> <span class='ocrx_word' id='word_1_767' title='bbox 1217 5124 1279 5161; x_wconf 87' lang='lat' dir='ltr'><strong>ea</strong></span> <span class='ocrx_word' id='word_1_768' title='bbox 1326 5108 1557 5165; x_wconf 78' lang='lat' dir='ltr'><strong>formula</strong></span> <span class='ocrx_word' id='word_1_769' title='bbox 1594 5106 1809 5165; x_wconf 83' lang='lat' dir='ltr'><strong>Lucifer</strong></span> <span class='ocrx_word' id='word_1_770' title='bbox 1850 5110 2112 5166; x_wconf 83' lang='lat' dir='ltr'><strong>adversus</strong></span> <span class='ocrx_word' id='word_1_771' title='bbox 2168 5107 2473 5163; x_wconf 83' lang='lat' dir='ltr'><strong>Antichris-</strong></span> 
     </span>
    </p>
   </div>
   <div class='ocr_carea' id='block_1_97' title="bbox 870 5177 2474 5250">
    <p class='ocr_par' dir='ltr' id='par_1_97' title="bbox 870 5177 2474 5250">
     <span class='ocr_line' id='line_1_97' title="bbox 870 5177 2474 5250; baseline -0.001 -15"><span class='ocrx_word' id='word_1_772' title='bbox 870 5193 1007 5246; x_wconf 91' lang='lat' dir='ltr'><strong>tntn,</strong></span> <span class='ocrx_word' id='word_1_773' title='bbox 1040 5197 1143 5250; x_wconf 84' lang='lat' dir='ltr'><strong>qua</strong></span> <span class='ocrx_word' id='word_1_774' title='bbox 1178 5181 1385 5240; x_wconf 80' lang='lat' dir='ltr'><strong>Ariani.</strong></span> <span class='ocrx_word' id='word_1_775' title='bbox 1407 5194 1540 5250; x_wconf 13' lang='lat' dir='ltr'><strong>ﬁcum</strong></span> <span class='ocrx_word' id='word_1_776' title='bbox 1574 5177 1705 5233; x_wconf 81' lang='lat' dir='ltr'><strong>Jesu</strong></span> <span class='ocrx_word' id='word_1_777' title='bbox 1749 5184 1945 5238; x_wconf 64' lang='lat' dir='ltr'><strong>Christi</strong></span> <span class='ocrx_word' id='word_1_778' title='bbox 1992 5179 2231 5235; x_wconf 74' lang='lat' dir='ltr'><strong>divinam</strong></span> <span class='ocrx_word' id='word_1_779' title='bbox 2258 5182 2474 5234; x_wconf 72' lang='lat' dir='ltr'><strong>:eterui-</strong></span> 
     </span>
    </p>
   </div>
   <div class='ocr_carea' id='block_1_98' title="bbox 870 5249 2065 5321">
    <p class='ocr_par' dir='ltr' id='par_1_98' title="bbox 870 5249 2065 5321">
     <span class='ocr_line' id='line_1_98' title="bbox 870 5249 2065 5321; baseline 0 -14"><span class='ocrx_word' id='word_1_780' title='bbox 870 5263 1033 5307; x_wconf 87' lang='lat' dir='ltr'><strong>tatem</strong></span> <span class='ocrx_word' id='word_1_781' title='bbox 1062 5249 1352 5321; x_wconf 81' lang='lat' dir='ltr'><strong>negarent:</strong></span> <span class='ocrx_word' id='word_1_782' title='bbox 1392 5249 1546 5313; x_wconf 79' lang='lat' dir='ltr'><strong>Fuit,</strong></span> <span class='ocrx_word' id='word_1_783' title='bbox 1576 5255 1785 5321; x_wconf 89' lang='lat' dir='ltr'><strong>quando</strong></span> <span class='ocrx_word' id='word_1_784' title='bbox 1808 5273 1907 5309; x_wconf 88' lang='lat' dir='ltr'><strong>non</strong></span> <span class='ocrx_word' id='word_1_785' title='bbox 1936 5266 2065 5307; x_wconf 86' lang='lat' dir='ltr'><strong>erat.</strong></span> 
     </span>
    </p>
   </div>
   <div class='ocr_carea' id='block_1_99' title="bbox 946 5321 1979 5397">
    <p class='ocr_par' dir='ltr' id='par_1_99' title="bbox 946 5321 1979 5397">
     <span class='ocr_line' id='line_1_99' title="bbox 946 5321 1979 5397; baseline 0 -21"><span class='ocrx_word' id='word_1_786' title='bbox 946 5334 969 5397; x_wconf 56' lang='grc' dir='ltr'><em>ε</em></span> <span class='ocrx_word' id='word_1_787' title='bbox 1009 5325 1159 5397; x_wconf 57' lang='grc' dir='ltr'><strong>γεγε.</strong></span> <span class='ocrx_word' id='word_1_788' title='bbox 1190 5321 1669 5397; x_wconf 59' lang='lat' dir='ltr'><strong>ant_._Coustitutus</strong></span> <span class='ocrx_word' id='word_1_789' title='bbox 1702 5343 1797 5397; x_wconf 91' lang='lat' dir='ltr'><strong>pro</strong></span> <span class='ocrx_word' id='word_1_790' title='bbox 1829 5336 1979 5381; x_wconf 82' lang='lat' dir='ltr'><strong>esset.</strong></span> 
     </span>
    </p>
   </div>
   <div class='ocr_carea' id='block_1_100' title="bbox 945 5392 1461 5461">
    <p class='ocr_par' dir='ltr' id='par_1_100' title="bbox 945 5392 1461 5461">
     <span class='ocr_line' id='line_1_100' title="bbox 945 5392 1461 5461; baseline 0 -14"><span class='ocrx_word' id='word_1_791' title='bbox 945 5392 970 5432; x_wconf 65' lang='grc' dir='ltr'>δ</span> <span class='ocrx_word' id='word_1_792' title='bbox 996 5395 1136 5461; x_wconf 84' lang='lat' dir='ltr'><strong>Quid</strong></span> <span class='ocrx_word' id='word_1_793' title='bbox 1166 5395 1252 5447; x_wconf 90' lang='lat' dir='ltr'><strong>sit.</strong></span> <span class='ocrx_word' id='word_1_794' title='bbox 1290 5394 1461 5449; x_wconf 83' lang='lat' dir='ltr'><strong>Vatic.</strong></span> 
     </span>
    </p>
   </div>
   <div class='ocr_carea' id='block_1_101' title="bbox 954 5465 2470 5526">
    <p class='ocr_par' dir='ltr' id='par_1_101' title="bbox 954 5465 2470 5526">
     <span class='ocr_line' id='line_1_101' title="bbox 954 5465 2470 5526; baseline -0.003 -2"><span class='ocrx_word' id='word_1_795' title='bbox 954 5468 1193 5524; x_wconf 70' lang='lat' dir='ltr'><strong>‘Jesntn</strong></span> <span class='ocrx_word' id='word_1_796' title='bbox 1244 5465 1523 5521; x_wconf 84' lang='lat' dir='ltr'><strong>Christum</strong></span> <span class='ocrx_word' id='word_1_797' title='bbox 1592 5472 1738 5526; x_wconf 89' lang='lat' dir='ltr'><strong>Patri</strong></span> <span class='ocrx_word' id='word_1_798' title='bbox 1819 5468 2167 5524; x_wconf 83' lang='lat' dir='ltr'><strong>solummodo</strong></span> <span class='ocrx_word' id='word_1_799' title='bbox 2235 5467 2470 5520; x_wconf 84' lang='lat' dir='ltr'><strong>similem</strong></span> 
     </span>
    </p>
   </div>
   <div class='ocr_carea' id='block_1_102' title="bbox 873 5538 2469 5614">
    <p class='ocr_par' dir='ltr' id='par_1_102' title="bbox 873 5538 2469 5614">
     <span class='ocr_line' id='line_1_102' title="bbox 873 5538 2469 5614; baseline -0.003 -18"><span class='ocrx_word' id='word_1_800' title='bbox 873 5541 1047 5614; x_wconf 77' lang='grc' dir='ltr'><strong>ὅμοιον</strong></span> <span class='ocrx_word' id='word_1_801' title='bbox 1075 5556 1222 5614; x_wconf 78' lang='lat' dir='ltr'><strong>esse,</strong></span> <span class='ocrx_word' id='word_1_802' title='bbox 1256 5540 1479 5614; x_wconf 76' lang='lat' dir='ltr'><strong>quidam</strong></span> <span class='ocrx_word' id='word_1_803' title='bbox 1521 5556 1586 5595; x_wconf 83' lang='lat' dir='ltr'><strong>ex</strong></span> <span class='ocrx_word' id='word_1_804' title='bbox 1616 5544 1836 5598; x_wconf 77' lang='lat' dir='ltr'><strong>Arionis</strong></span> <span class='ocrx_word' id='word_1_805' title='bbox 1860 5542 2140 5603; x_wconf 85' lang='lat' dir='ltr'><strong>dicebant,</strong></span> <span class='ocrx_word' id='word_1_806' title='bbox 2178 5538 2323 5614; x_wconf 81' lang='lat' dir='ltr'><strong>nulla</strong></span> <span class='ocrx_word' id='word_1_807' title='bbox 2347 5543 2469 5591; x_wconf 87' lang='lat' dir='ltr'><strong>sub-</strong></span> 
     </span>
    </p>
   </div>
   <div class='ocr_carea' id='block_1_103' title="bbox 873 5608 2475 5669">
    <p class='ocr_par' dir='ltr' id='par_1_103' title="bbox 873 5608 2475 5669">
     <span class='ocr_line' id='line_1_103' title="bbox 873 5608 2475 5669; baseline -0.002 -3"><span class='ocrx_word' id='word_1_808' title='bbox 873 5608 1078 5666; x_wconf 65' lang='lat' dir='ltr'><strong>stantia:</strong></span> <span class='ocrx_word' id='word_1_809' title='bbox 1108 5612 1189 5664; x_wconf 70' lang='grc' dir='ltr'><strong>ναι</strong></span> <span class='ocrx_word' id='word_1_810' title='bbox 1242 5612 1371 5665; x_wconf 80' lang='lat' dir='ltr'><strong>usite</strong></span> <span class='ocrx_word' id='word_1_811' title='bbox 1422 5608 1562 5665; x_wconf 82' lang='lat' dir='ltr'><strong>facta</strong></span> <span class='ocrx_word' id='word_1_812' title='bbox 1612 5616 1888 5669; x_wconf 81' lang='lat' dir='ltr'><strong>mentione</strong></span> <span class='ocrx_word' id='word_1_813' title='bbox 1920 5633 1932 5667; x_wconf 90' lang='lat'><strong>:</strong></span> <span class='ocrx_word' id='word_1_814' title='bbox 1960 5615 2091 5667; x_wconf 78' lang='grc' dir='ltr'><em>κατὰ</em></span> <span class='ocrx_word' id='word_1_815' title='bbox 2141 5611 2315 5667; x_wconf 83' lang='grc' dir='ltr'>πάντα</span> <span class='ocrx_word' id='word_1_816' title='bbox 2348 5625 2475 5664; x_wconf 72' lang='lat' dir='ltr'><strong>vero</strong></span> 
     </span>
    </p>
   </div>
   <div class='ocr_carea' id='block_1_104' title="bbox 875 5682 2479 5755">
    <p class='ocr_par' dir='ltr' id='par_1_104' title="bbox 875 5682 2479 5755">
     <span class='ocr_line' id='line_1_104' title="bbox 875 5682 2479 5755; baseline -0.003 -15"><span class='ocrx_word' id='word_1_817' title='bbox 875 5685 1045 5755; x_wconf 79' lang='grc' dir='ltr'><strong>ὅμοιον</strong></span> <span class='ocrx_word' id='word_1_818' title='bbox 1074 5699 1195 5737; x_wconf 84' lang='lat' dir='ltr'><strong>esse</strong></span> <span class='ocrx_word' id='word_1_819' title='bbox 1224 5682 1441 5755; x_wconf 76' lang='lat' dir='ltr'><strong>Filium</strong></span> <span class='ocrx_word' id='word_1_820' title='bbox 1460 5682 1600 5737; x_wconf 80' lang='lat' dir='ltr'><strong>Patri</strong></span> <span class='ocrx_word' id='word_1_821' title='bbox 1626 5686 1983 5751; x_wconf 89' lang='lat' dir='ltr'><strong>Semiariani,</strong></span> <span class='ocrx_word' id='word_1_822' title='bbox 2017 5698 2069 5738; x_wconf 87' lang='lat' dir='ltr'><strong>et</strong></span> <span class='ocrx_word' id='word_1_823' title='bbox 2108 5683 2479 5737; x_wconf 78' lang='lat' dir='ltr'><strong>llomteusias-</strong></span> 
     </span>
    </p>
   </div>
   <div class='ocr_carea' id='block_1_105' title="bbox 878 5753 2481 5825">
    <p class='ocr_par' dir='ltr' id='par_1_105' title="bbox 878 5753 2481 5825">
     <span class='ocr_line' id='line_1_105' title="bbox 878 5753 2481 5825; baseline -0.002 -15"><span class='ocrx_word' id='word_1_824' title='bbox 878 5753 949 5810; x_wconf 66' lang='lat' dir='ltr'><strong>ta!</strong></span> <span class='ocrx_word' id='word_1_825' title='bbox 984 5755 1373 5819; x_wconf 77' lang='lat' dir='ltr'><strong>atlirtnabant,</strong></span> <span class='ocrx_word' id='word_1_826' title='bbox 1406 5753 1645 5809; x_wconf 82' lang='lat' dir='ltr'><strong>Eusebio</strong></span> <span class='ocrx_word' id='word_1_827' title='bbox 1693 5758 2021 5812; x_wconf 66' lang='grc' dir='ltr'><strong>κίε-πηριιεί</strong></span> <span class='ocrx_word' id='word_1_828' title='bbox 2072 5760 2353 5825; x_wconf 75' lang='lat' dir='ltr'><strong>magistro.</strong></span> <span class='ocrx_word' id='word_1_829' title='bbox 2413 5757 2481 5807; x_wconf 80' lang='lat' dir='ltr'><strong>At</strong></span> 
     </span>
    </p>
   </div>
   <div class='ocr_carea' id='block_1_106' title="bbox 880 5823 2479 5895">
    <p class='ocr_par' dir='ltr' id='par_1_106' title="bbox 880 5823 2479 5895">
     <span class='ocr_line' id='line_1_106' title="bbox 880 5823 2479 5895; baseline -0.002 -13"><span class='ocrx_word' id='word_1_830' title='bbox 880 5842 1005 5882; x_wconf 90' lang='lat' dir='ltr'><strong>cum</strong></span> <span class='ocrx_word' id='word_1_831' title='bbox 1039 5827 1276 5895; x_wconf 83' lang='lat' dir='ltr'><strong>perfecta</strong></span> <span class='ocrx_word' id='word_1_832' title='bbox 1302 5826 1606 5879; x_wconf 84' lang='lat' dir='ltr'><strong>similitudo</strong></span> <span class='ocrx_word' id='word_1_833' title='bbox 1639 5828 1775 5883; x_wconf 81' lang='lat' dir='ltr'><strong>nihil</strong></span> <span class='ocrx_word' id='word_1_834' title='bbox 1801 5833 1870 5881; x_wconf 86' lang='lat' dir='ltr'><strong>ab</strong></span> <span class='ocrx_word' id='word_1_835' title='bbox 1898 5823 2210 5894; x_wconf 34' lang='lat' dir='ltr'><strong>aequalitate</strong></span> <span class='ocrx_word' id='word_1_836' title='bbox 2240 5823 2479 5895; x_wconf 67' lang='lat' dir='ltr'><strong>eliden-</strong></span> 
     </span>
    </p>
   </div>
   <div class='ocr_carea' id='block_1_107' title="bbox 881 5893 2477 5966">
    <p class='ocr_par' dir='ltr' id='par_1_107' title="bbox 881 5893 2477 5966">
     <span class='ocr_line' id='line_1_107' title="bbox 881 5893 2477 5966; baseline -0.001 -14"><span class='ocrx_word' id='word_1_837' title='bbox 881 5893 1052 5966; x_wconf 26' lang='lat' dir='ltr'><strong>t_itate’</strong></span> <span class='ocrx_word' id='word_1_838' title='bbox 1086 5907 1293 5949; x_wconf 79' lang='lat' dir='ltr'><strong>natura:</strong></span> <span class='ocrx_word' id='word_1_839' title='bbox 1326 5895 1564 5962; x_wconf 76' lang='lat' dir='ltr'><strong>dilierat,</strong></span> <span class='ocrx_word' id='word_1_840' title='bbox 1613 5896 1737 5952; x_wconf 85' lang='lat' dir='ltr'><strong>ideo</strong></span> <span class='ocrx_word' id='word_1_841' title='bbox 1770 5902 1883 5954; x_wconf 64' lang='lat' dir='ltr'><strong>haec</strong></span> <span class='ocrx_word' id='word_1_842' title='bbox 1922 5893 2223 5966; x_wconf 86' lang='lat' dir='ltr'><strong>propositio</strong></span> <span class='ocrx_word' id='word_1_843' title='bbox 2252 5935 2268 5961; x_wconf 93' lang='lat'><strong>,</strong></span> <span class='ocrx_word' id='word_1_844' title='bbox 2303 5893 2477 5966; x_wconf 70' lang='lat' dir='ltr'><strong>Filius</strong></span> 
     </span>
    </p>
   </div>
   <div class='ocr_carea' id='block_1_108' title="bbox 885 5958 2475 6040">
    <p class='ocr_par' dir='ltr' id='par_1_108' title="bbox 885 5958 2475 6040">
     <span class='ocr_line' id='line_1_108' title="bbox 885 5958 2475 6040; baseline -0.001 -19"><span class='ocrx_word' id='word_1_845' title='bbox 885 5958 1055 6040; x_wconf 71' lang='grc' dir='ltr'><strong>ἴμοιος</strong></span> <span class='ocrx_word' id='word_1_846' title='bbox 1082 5966 1230 6022; x_wconf 81' lang='lat' dir='ltr'><strong>Patri</strong></span> <span class='ocrx_word' id='word_1_847' title='bbox 1258 5975 1353 6033; x_wconf 83' lang='lat' dir='ltr'><strong>est,</strong></span> <span class='ocrx_word' id='word_1_848' title='bbox 1388 5979 1485 6036; x_wconf 91' lang='lat' dir='ltr'><strong>pro</strong></span> <span class='ocrx_word' id='word_1_849' title='bbox 1509 5958 1731 6025; x_wconf 83' lang='lat' dir='ltr'><strong>diverso</strong></span> <span class='ocrx_word' id='word_1_850' title='bbox 1778 5958 2116 6025; x_wconf 58' lang='lat' dir='ltr'><strong>enuu&#39;tlaiitis</strong></span> <span class='ocrx_word' id='word_1_851' title='bbox 2154 5958 2383 6024; x_wconf 87' lang='lat' dir='ltr'><strong>consilio</strong></span> <span class='ocrx_word' id='word_1_852' title='bbox 2422 5977 2475 6022; x_wconf 85' lang='lat' dir='ltr'><strong>et</strong></span> 
     </span>
    </p>
   </div>
   <div class='ocr_carea' id='block_1_109' title="bbox 2576 4808 4165 4894">
    <p class='ocr_par' dir='ltr' id='par_1_109' title="bbox 2576 4808 4165 4894">
     <span class='ocr_line' id='line_1_109' title="bbox 2576 4808 4165 4894; baseline -0.005 -20"><span class='ocrx_word' id='word_1_853' title='bbox 2576 4840 2738 4894; x_wconf 89' lang='lat' dir='ltr'><strong>quam</strong></span> <span class='ocrx_word' id='word_1_854' title='bbox 2766 4839 2861 4890; x_wconf 86' lang='lat' dir='ltr'><strong>per</strong></span> <span class='ocrx_word' id='word_1_855' title='bbox 2879 4808 3197 4894; x_wconf 68' lang='lat' dir='ltr'><strong>a’qunlitatis</strong></span> <span class='ocrx_word' id='word_1_856' title='bbox 3223 4808 3540 4894; x_wconf 67' lang='lat' dir='ltr'><strong>vocabulum</strong></span> <span class='ocrx_word' id='word_1_857' title='bbox 3569 4808 3850 4890; x_wconf 70' lang='lat' dir='ltr'><strong>perfectam</strong></span> <span class='ocrx_word' id='word_1_858' title='bbox 3880 4808 4165 4894; x_wconf 53' lang='lat' dir='ltr'><strong>similitudi-</strong></span> 
     </span>
    </p>
   </div>
   <div class='ocr_carea' id='block_1_110' title="bbox 2576 4884 4166 4950">
    <p class='ocr_par' dir='ltr' id='par_1_110' title="bbox 2576 4884 4166 4950">
     <span class='ocr_line' id='line_1_110' title="bbox 2576 4884 4166 4950; baseline -0.006 -3"><span class='ocrx_word' id='word_1_859' title='bbox 2576 4884 2692 4948; x_wconf 77' lang='lat' dir='ltr'><strong>nem</strong></span> <span class='ocrx_word' id='word_1_860' title='bbox 2722 4884 2963 4948; x_wconf 81' lang='lat' dir='ltr'><strong>indicare</strong></span> <span class='ocrx_word' id='word_1_861' title='bbox 2993 4893 3249 4947; x_wconf 91' lang='lat' dir='ltr'><strong>voluerit.</strong></span> <span class='ocrx_word' id='word_1_862' title='bbox 3281 4892 3387 4947; x_wconf 80' lang='lat' dir='ltr'><strong>Sed</strong></span> <span class='ocrx_word' id='word_1_863' title='bbox 3424 4884 3630 4947; x_wconf 85' lang='lat' dir='ltr'><strong>Hilario</strong></span> <span class='ocrx_word' id='word_1_864' title='bbox 3658 4884 3966 4947; x_wconf 62' lang='lat' dir='ltr'><strong>Arelatensi</strong></span> <span class='ocrx_word' id='word_1_865' title='bbox 3996 4884 4166 4950; x_wconf 62' lang='lat' dir='ltr'><strong>huju.&quot;</strong></span> 
     </span>
    </p>
   </div>
   <div class='ocr_carea' id='block_1_111' title="bbox 2576 4956 4168 5037">
    <p class='ocr_par' dir='ltr' id='par_1_111' title="bbox 2576 4956 4168 5037">
     <span class='ocr_line' id='line_1_111' title="bbox 2576 4956 4168 5037; baseline -0.009 -16"><span class='ocrx_word' id='word_1_866' title='bbox 2576 4967 2722 5021; x_wconf 89' lang='lat' dir='ltr'><strong>modi</strong></span> <span class='ocrx_word' id='word_1_867' title='bbox 2758 4982 2921 5019; x_wconf 73' lang='lat' dir='ltr'><strong>voces</strong></span> <span class='ocrx_word' id='word_1_868' title='bbox 2970 4976 3081 5019; x_wconf 85' lang='lat' dir='ltr'><strong>tum</strong></span> <span class='ocrx_word' id='word_1_869' title='bbox 3121 4964 3323 5037; x_wconf 78' lang='grc' dir='ltr'><strong>ὁμοίου.</strong></span> <span class='ocrx_word' id='word_1_870' title='bbox 3356 4973 3469 5018; x_wconf 91' lang='lat' dir='ltr'><strong>tum</strong></span> <span class='ocrx_word' id='word_1_871' title='bbox 3504 4965 3808 5036; x_wconf 77' lang='grc' dir='ltr'><strong>ὁμοιουσίου</strong></span> <span class='ocrx_word' id='word_1_872' title='bbox 3832 4957 3998 5037; x_wconf 65' lang='grc' dir='ltr'><strong>ΔνειΙιΙθ</strong></span> <span class='ocrx_word' id='word_1_873' title='bbox 4024 4956 4168 5037; x_wconf 54' lang='lat' dir='ltr'><strong>erat}!</strong></span> 
     </span>
    </p>
   </div>
   <div class='ocr_carea' id='block_1_112' title="bbox 2577 5023 4165 5111">
    <p class='ocr_par' dir='ltr' id='par_1_112' title="bbox 2577 5023 4165 5111">
     <span class='ocr_line' id='line_1_112' title="bbox 2577 5023 4165 5111; baseline -0.002 -20"><span class='ocrx_word' id='word_1_874' title='bbox 2577 5048 2879 5111; x_wconf 64' lang='lat' dir='ltr'><strong>susjiectge;</strong></span> <span class='ocrx_word' id='word_1_875' title='bbox 2907 5053 3074 5111; x_wconf 80' lang='lat' dir='ltr'><strong>quare</strong></span> <span class='ocrx_word' id='word_1_876' title='bbox 3102 5023 3159 5111; x_wconf 76' lang='lat' dir='ltr'><strong>iri</strong></span> <span class='ocrx_word' id='word_1_877' title='bbox 3186 5039 3466 5111; x_wconf 73' lang='lat' dir='ltr'><strong>responsis</strong></span> <span class='ocrx_word' id='word_1_878' title='bbox 3506 5023 3997 5111; x_wconf 46' lang='lat' dir='ltr'><strong>a&#39;pologeticisqjt&#39;o</strong></span> 
     </span>
    </p>
   </div>
   <div class='ocr_carea' id='block_1_113' title="bbox 2578 5094 4166 5181">
    <p class='ocr_par' dir='ltr' id='par_1_113' title="bbox 2578 5094 4166 5181">
     <span class='ocr_line' id='line_1_113' title="bbox 2578 5094 4166 5181; baseline -0.003 -22"><span class='ocrx_word' id='word_1_879' title='bbox 2578 5094 2691 5163; x_wconf 74' lang='lat' dir='ltr'><strong>suis</strong></span> <span class='ocrx_word' id='word_1_880' title='bbox 2714 5110 2782 5163; x_wconf 84' lang='lat' dir='ltr'><strong>de</strong></span> <span class='ocrx_word' id='word_1_881' title='bbox 2812 5094 3049 5181; x_wconf 36' lang='lat' dir='ltr'><strong>Sy&#39;n&#39;odis</strong></span> <span class='ocrx_word' id='word_1_882' title='bbox 3106 5107 3221 5181; x_wconf 63' lang='lat' dir='ltr'><strong>haec</strong></span> <span class='ocrx_word' id='word_1_883' title='bbox 3274 5094 3340 5181; x_wconf 53' lang='lat' dir='ltr'><strong>{id</strong></span> <span class='ocrx_word' id='word_1_884' title='bbox 3393 5094 3706 5161; x_wconf 72' lang='lat' dir='ltr'><strong>Luciferum</strong></span> <span class='ocrx_word' id='word_1_885' title='bbox 3765 5094 3990 5181; x_wconf 41' lang='lat' dir='ltr'><strong>scribit:</strong></span> <span class='ocrx_word' id='word_1_886' title='bbox 4036 5094 4166 5181; x_wconf 23' lang='lat' dir='ltr'><strong>{Sil-1:“</strong></span> 
     </span>
    </p>
   </div>
   <div class='ocr_carea' id='block_1_114' title="bbox 2577 5176 4161 5252">
    <p class='ocr_par' dir='ltr' id='par_1_114' title="bbox 2577 5176 4161 5252">
     <span class='ocr_line' id='line_1_114' title="bbox 2577 5176 4161 5252; baseline -0.003 -18"><span class='ocrx_word' id='word_1_887' title='bbox 2577 5181 2830 5240; x_wconf 85' lang='lat' dir='ltr'><strong>absolute,</strong></span> <span class='ocrx_word' id='word_1_888' title='bbox 2856 5176 3072 5233; x_wconf 75' lang='lat' dir='ltr'><strong>domine</strong></span> <span class='ocrx_word' id='word_1_889' title='bbox 3094 5180 3253 5247; x_wconf 88' lang='lat' dir='ltr'><strong>frater</strong></span> <span class='ocrx_word' id='word_1_890' title='bbox 3283 5177 3493 5248; x_wconf 83' lang='lat' dir='ltr'><strong>Lucifer</strong></span> <span class='ocrx_word' id='word_1_891' title='bbox 3520 5221 3535 5243; x_wconf 91' lang='lat'><strong>,</strong></span> <span class='ocrx_word' id='word_1_892' title='bbox 3552 5178 3799 5252; x_wconf 67' lang='lat' dir='ltr'><strong>cognosci</strong></span> <span class='ocrx_word' id='word_1_893' title='bbox 3822 5176 4161 5252; x_wconf 57' lang='lat' dir='ltr'><strong>_pollti!.f&quot;&quot;_&#39;_f</strong></span> 
     </span>
    </p>
   </div>
   <div class='ocr_carea' id='block_1_115' title="bbox 2580 5246 4165 5312">
    <p class='ocr_par' dir='ltr' id='par_1_115' title="bbox 2580 5246 4165 5312">
     <span class='ocr_line' id='line_1_115' title="bbox 2580 5246 4165 5312; baseline -0.008 -7"><span class='ocrx_word' id='word_1_894' title='bbox 2580 5263 2688 5305; x_wconf 88' lang='lat' dir='ltr'><strong>tum</strong></span> <span class='ocrx_word' id='word_1_895' title='bbox 2716 5270 2793 5306; x_wconf 85' lang='lat' dir='ltr'><strong>tne</strong></span> <span class='ocrx_word' id='word_1_896' title='bbox 2823 5246 3101 5305; x_wconf 70' lang='lat' dir='ltr'><strong>Itomarusii</strong></span> <span class='ocrx_word' id='word_1_897' title='bbox 3124 5246 3431 5305; x_wconf 85' lang='lat' dir='ltr'><strong>mentionem</strong></span> <span class='ocrx_word' id='word_1_898' title='bbox 3471 5246 3677 5304; x_wconf 59' lang='lat' dir='ltr'><strong>habere.</strong></span> <span class='ocrx_word' id='word_1_899' title='bbox 3725 5247 3832 5304; x_wconf 77' lang='lat' dir='ltr'><strong>Sed</strong></span> <span class='ocrx_word' id='word_1_900' title='bbox 3866 5246 3986 5312; x_wconf 88' lang='lat' dir='ltr'><strong>quia</strong></span> <span class='ocrx_word' id='word_1_901' title='bbox 4017 5246 4065 5289; x_wconf 78' lang='lat' dir='ltr'><strong>lu</strong></span> <span class='ocrx_word' id='word_1_902' title='bbox 4104 5246 4165 5283; x_wconf 70' lang='lat'><strong>8&quot;</strong></span> 
     </span>
    </p>
   </div>
   <div class='ocr_carea' id='block_1_116' title="bbox 2580 5314 4165 5394">
    <p class='ocr_par' dir='ltr' id='par_1_116' title="bbox 2580 5314 4165 5394">
     <span class='ocr_line' id='line_1_116' title="bbox 2580 5314 4165 5394; baseline -0.012 -17"><span class='ocrx_word' id='word_1_903' title='bbox 2580 5324 2929 5378; x_wconf 86' lang='lat' dir='ltr'><strong>militudinem</strong></span> <span class='ocrx_word' id='word_1_904' title='bbox 2956 5323 3081 5377; x_wconf 78' lang='lat' dir='ltr'><strong>Filii</strong></span> <span class='ocrx_word' id='word_1_905' title='bbox 3124 5324 3191 5377; x_wconf 90' lang='lat' dir='ltr'><strong>ad</strong></span> <span class='ocrx_word' id='word_1_906' title='bbox 3220 5322 3430 5377; x_wconf 83' lang='lat' dir='ltr'><strong>Patrem</strong></span> <span class='ocrx_word' id='word_1_907' title='bbox 3463 5321 3785 5389; x_wconf 79' lang='lat' dir='ltr'><strong>pra&#39;dicobas</strong></span> <span class='ocrx_word' id='word_1_908' title='bbox 3814 5360 3827 5381; x_wconf 92' lang='lat'><strong>,</strong></span> <span class='ocrx_word' id='word_1_909' title='bbox 3869 5314 4165 5394; x_wconf 43' lang='lat' dir='ltr'><strong>demonstro:</strong></span> 
     </span>
    </p>
   </div>
   <div class='ocr_carea' id='block_1_117' title="bbox 2583 5376 4162 5467">
    <p class='ocr_par' dir='ltr' id='par_1_117' title="bbox 2583 5376 4162 5467">
     <span class='ocr_line' id='line_1_117' title="bbox 2583 5376 4162 5467; baseline -0.015 -18"><span class='ocrx_word' id='word_1_910' title='bbox 2583 5376 2796 5465; x_wconf 12' lang='lat' dir='ltr'><strong>tioiejus</strong></span> <span class='ocrx_word' id='word_1_911' title='bbox 2819 5376 2953 5449; x_wconf 25' lang='lat' dir='ltr'><strong>avme</strong></span> <span class='ocrx_word' id='word_1_912' title='bbox 2977 5376 3077 5467; x_wconf 79' lang='lat' dir='ltr'><strong>fuit</strong></span> <span class='ocrx_word' id='word_1_913' title='bbox 3108 5376 3413 5466; x_wconf 70' lang='lat' dir='ltr'><strong>exponenda</strong></span> <span class='ocrx_word' id='word_1_914' title='bbox 3444 5376 3555 5447; x_wconf 71' lang='lat' dir='ltr'><strong>sine</strong></span> <span class='ocrx_word' id='word_1_915' title='bbox 3584 5394 3739 5447; x_wconf 83' lang='lat' dir='ltr'><strong>vitio:</strong></span> <span class='ocrx_word' id='word_1_916' title='bbox 3770 5376 3911 5461; x_wconf 88' lang='lat' dir='ltr'><strong>quod</strong></span> <span class='ocrx_word' id='word_1_917' title='bbox 3940 5376 4162 5453; x_wconf 85' lang='lat' dir='ltr'><strong>pluribus</strong></span> 
     </span>
    </p>
   </div>
   <div class='ocr_carea' id='block_1_118' title="bbox 2583 5469 4048 5541">
    <p class='ocr_par' dir='ltr' id='par_1_118' title="bbox 2583 5469 4048 5541">
     <span class='ocr_line' id='line_1_118' title="bbox 2583 5469 4048 5541; baseline 0.008 -19"><span class='ocrx_word' id='word_1_918' title='bbox 2583 5469 2637 5522; x_wconf 88' lang='lat' dir='ltr'><strong>in</strong></span> <span class='ocrx_word' id='word_1_919' title='bbox 2665 5469 2797 5522; x_wconf 89' lang='lat' dir='ltr'><strong>locis</strong></span> <span class='ocrx_word' id='word_1_920' title='bbox 2830 5470 2943 5537; x_wconf 82' lang='lat' dir='ltr'><strong>ipse</strong></span> <span class='ocrx_word' id='word_1_921' title='bbox 2975 5478 3216 5541; x_wconf 61' lang='lat' dir='ltr'><strong>prajstat.</strong></span> <span class='ocrx_word' id='word_1_922' title='bbox 3252 5539 3257 5541; x_wconf 77' lang='lat'><strong><em>_</em></strong></span> <span class='ocrx_word' id='word_1_923' title='bbox 3774 5534 3784 5541; x_wconf 88' lang='lat'>_</span> <span class='ocrx_word' id='word_1_924' title='bbox 3847 5532 3857 5541; x_wconf 85' lang='lat'><em>_</em></span> <span class='ocrx_word' id='word_1_925' title='bbox 3918 5536 3929 5541; x_wconf 84' lang='lat'>_</span> <span class='ocrx_word' id='word_1_926' title='bbox 3991 5521 4048 5541; x_wconf 68' lang='grc' dir='ltr'><strong>ν,</strong></span> 
     </span>
    </p>
   </div>
   <div class='ocr_carea' id='block_1_119' title="bbox 2661 5523 4162 5605">
    <p class='ocr_par' dir='ltr' id='par_1_119' title="bbox 2661 5523 4162 5605">
     <span class='ocr_line' id='line_1_119' title="bbox 2661 5523 4162 5605; baseline -0.011 -16"><span class='ocrx_word' id='word_1_927' title='bbox 2661 5542 2675 5589; x_wconf 83' lang='lat' dir='ltr'><strong>i</strong></span> <span class='ocrx_word' id='word_1_928' title='bbox 2719 5541 2787 5594; x_wconf 83' lang='lat' dir='ltr'><strong>Se</strong></span> <span class='ocrx_word' id='word_1_929' title='bbox 2812 5523 3013 5593; x_wconf 82' lang='lat' dir='ltr'><strong>oinittit</strong></span> <span class='ocrx_word' id='word_1_930' title='bbox 3046 5539 3204 5595; x_wconf 81' lang='lat' dir='ltr'><strong>Vers.</strong></span> <span class='ocrx_word' id='word_1_931' title='bbox 3236 5539 3363 5593; x_wconf 80' lang='lat' dir='ltr'><strong>Ant.</strong></span> <span class='ocrx_word' id='word_1_932' title='bbox 3394 5554 3512 5605; x_wconf 64' lang='lat' dir='ltr'><strong>qua!</strong></span> <span class='ocrx_word' id='word_1_933' title='bbox 3555 5548 3739 5605; x_wconf 87' lang='lat' dir='ltr'><strong>postea</strong></span> <span class='ocrx_word' id='word_1_934' title='bbox 3772 5532 3953 5593; x_wconf 88' lang='lat' dir='ltr'><strong>habet,</strong></span> <span class='ocrx_word' id='word_1_935' title='bbox 3991 5523 4162 5577; x_wconf 74' lang='lat' dir='ltr'><strong>Vincit-</strong></span> 
     </span>
    </p>
   </div>
   <div class='ocr_carea' id='block_1_120' title="bbox 2587 5610 3793 5683">
    <p class='ocr_par' dir='ltr' id='par_1_120' title="bbox 2587 5610 3793 5683">
     <span class='ocr_line' id='line_1_120' title="bbox 2587 5610 3793 5683; baseline -0.005 -18"><span class='ocrx_word' id='word_1_936' title='bbox 2587 5611 3003 5683; x_wconf 82' lang='lat' dir='ltr'><strong>listenebrarmn</strong></span> <span class='ocrx_word' id='word_1_937' title='bbox 3033 5622 3079 5665; x_wconf 88' lang='lat' dir='ltr'><strong>et</strong></span> <span class='ocrx_word' id='word_1_938' title='bbox 3102 5614 3273 5683; x_wconf 72' lang='lat' dir='ltr'><strong>longae</strong></span> <span class='ocrx_word' id='word_1_939' title='bbox 3302 5610 3467 5663; x_wconf 79' lang='lat' dir='ltr'><strong>noetis</strong></span> <span class='ocrx_word' id='word_1_940' title='bbox 3497 5610 3793 5679; x_wconf 85' lang='lat' dir='ltr'><strong>compediti.</strong></span> 
     </span>
    </p>
   </div>
   <div class='ocr_carea' id='block_1_121' title="bbox 2660 5682 3927 5753">
    <p class='ocr_par' dir='ltr' id='par_1_121' title="bbox 2660 5682 3927 5753">
     <span class='ocr_line' id='line_1_121' title="bbox 2660 5682 3927 5753; baseline -0.002 -17"><span class='ocrx_word' id='word_1_941' title='bbox 2660 5682 2684 5720; x_wconf 63' lang='grc' dir='ltr'>ι</span> <span class='ocrx_word' id='word_1_942' title='bbox 2717 5682 2899 5736; x_wconf 84' lang='lat' dir='ltr'><strong>Erant.</strong></span> <span class='ocrx_word' id='word_1_943' title='bbox 2937 5683 3092 5737; x_wconf 77' lang='lat' dir='ltr'><strong>Vers.</strong></span> <span class='ocrx_word' id='word_1_944' title='bbox 3126 5682 3255 5738; x_wconf 83' lang='lat' dir='ltr'><strong>Attt.</strong></span> <span class='ocrx_word' id='word_1_945' title='bbox 3920 5743 3927 5753; x_wconf 25' lang='grc' dir='ltr'><em>ι</em></span> 
     </span>
    </p>
   </div>
   <div class='ocr_carea' id='block_1_122' title="bbox 2662 5738 4161 5822">
    <p class='ocr_par' dir='ltr' id='par_1_122' title="bbox 2662 5738 4161 5822">
     <span class='ocr_line' id='line_1_122' title="bbox 2662 5738 4161 5822; baseline -0.012 -13"><span class='ocrx_word' id='word_1_946' title='bbox 2662 5753 2678 5792; x_wconf 83' lang='grc'><strong>¹</strong></span> <span class='ocrx_word' id='word_1_947' title='bbox 2710 5756 2813 5809; x_wconf 88' lang='lat' dir='ltr'><strong>Pto</strong></span> <span class='ocrx_word' id='word_1_948' title='bbox 2838 5758 3030 5808; x_wconf 88' lang='lat' dir='ltr'><strong>lumine</strong></span> <span class='ocrx_word' id='word_1_949' title='bbox 3063 5766 3110 5808; x_wconf 86' lang='lat' dir='ltr'><strong>et</strong></span> <span class='ocrx_word' id='word_1_950' title='bbox 3138 5756 3251 5808; x_wconf 87' lang='lat' dir='ltr'><strong>luce</strong></span> <span class='ocrx_word' id='word_1_951' title='bbox 3277 5755 3507 5822; x_wconf 76' lang='lat' dir='ltr'><strong>privari;</strong></span> <span class='ocrx_word' id='word_1_952' title='bbox 3554 5755 3647 5807; x_wconf 82' lang='lat' dir='ltr'><strong>ubi</strong></span> <span class='ocrx_word' id='word_1_953' title='bbox 3694 5743 4049 5822; x_wconf 65' lang='lat' dir='ltr'><strong>accusativum</strong></span> <span class='ocrx_word' id='word_1_954' title='bbox 4069 5738 4161 5822; x_wconf 48' lang='lat' dir='ltr'><strong>illo</strong></span> 
     </span>
    </p>
   </div>
   <div class='ocr_carea' id='block_1_123' title="bbox 2584 5805 4154 5895">
    <p class='ocr_par' dir='ltr' id='par_1_123' title="bbox 2584 5805 4154 5895">
     <span class='ocr_line' id='line_1_123' title="bbox 2584 5805 4154 5895; baseline -0.016 -16"><span class='ocrx_word' id='word_1_955' title='bbox 2584 5805 2848 5880; x_wconf 52' lang='lat' dir='ltr'><strong>ablativo</strong></span> <span class='ocrx_word' id='word_1_956' title='bbox 2862 5805 3113 5895; x_wconf 61' lang='lat' dir='ltr'><strong>usurpat.</strong></span> <span class='ocrx_word' id='word_1_957' title='bbox 3140 5805 3255 5881; x_wconf 70' lang='lat' dir='ltr'><strong>Tit.</strong></span> <span class='ocrx_word' id='word_1_958' title='bbox 3277 5805 3329 5880; x_wconf 64' lang='lat' dir='ltr'><strong>2i</strong></span> <span class='ocrx_word' id='word_1_959' title='bbox 3345 5805 3535 5880; x_wconf 57' lang='lat' dir='ltr'><strong>ius.</strong></span> <span class='ocrx_word' id='word_1_960' title='bbox 3559 5805 3701 5895; x_wconf 60' lang='lat' dir='ltr'><strong>sum</strong></span> <span class='ocrx_word' id='word_1_961' title='bbox 3721 5805 3825 5892; x_wconf 79' lang='lat' dir='ltr'><strong>qui,</strong></span> <span class='ocrx_word' id='word_1_962' title='bbox 3840 5805 4154 5895; x_wconf 47' lang='lat' dir='ltr'><strong>attendant:</strong></span> 
     </span>
    </p>
   </div>
   <div class='ocr_carea' id='block_1_124' title="bbox 2582 5867 4159 6022">
    <p class='ocr_par' dir='ltr' id='par_1_124' title="bbox 2582 5867 4159 6022">
     <span class='ocr_line' id='line_1_124' title="bbox 2582 5867 4159 6022; baseline -0.012 -70"><span class='ocrx_word' id='word_1_963' title='bbox 2582 5910 2766 6022; x_wconf 50' lang='lat' dir='ltr'><strong>iarqlre</strong></span> <span class='ocrx_word' id='word_1_964' title='bbox 2794 5867 3036 5952; x_wconf 46' lang='lat' dir='ltr'><strong>lumine:</strong></span> <span class='ocrx_word' id='word_1_965' title='bbox 3072 5896 3213 5966; x_wconf 84' lang='lat' dir='ltr'><strong>quod</strong></span> <span class='ocrx_word' id='word_1_966' title='bbox 3260 5913 3366 5952; x_wconf 90' lang='lat' dir='ltr'><strong>non</strong></span> <span class='ocrx_word' id='word_1_967' title='bbox 3394 5898 3509 5953; x_wconf 88' lang='lat' dir='ltr'><strong>fero</strong></span> <span class='ocrx_word' id='word_1_968' title='bbox 3562 5894 3615 5953; x_wconf 91' lang='lat' dir='ltr'><strong>lu</strong></span> <span class='ocrx_word' id='word_1_969' title='bbox 3670 5867 3771 5951; x_wconf 69' lang='lat' dir='ltr'><strong>1th</strong></span> <span class='ocrx_word' id='word_1_970' title='bbox 3817 5891 4047 5942; x_wconf 86' lang='lat' dir='ltr'><strong>auctore-</strong></span> <span class='ocrx_word' id='word_1_971' title='bbox 4093 5867 4159 5922; x_wconf 73' lang='grc' dir='ltr'><strong>ια</strong></span> 
     </span>
     <span class='ocr_line' id='line_1_125' title="bbox 2626 5979 2767 6021; baseline 0.014 -2"><span class='ocrx_word' id='word_1_972' title='bbox 2626 5979 2679 6019; x_wconf 57' lang='grc' dir='ltr'><strong>Τ</strong></span> <span class='ocrx_word' id='word_1_973' title='bbox 2718 5986 2767 6021; x_wconf 77' lang='grc' dir='ltr'><strong>α.</strong></span> 
     </span>
    </p>
   </div>
   <div class='ocr_carea' id='block_1_125' title="bbox 2626 5979 2767 6021">
    <p class='ocr_par' dir='ltr' id='par_1_125' title="bbox 2626 5979 2767 6021">
     <span class='ocr_line' id='line_1_126' title="bbox 2626 5979 2767 6021; baseline 0.014 -2"><span class='ocrx_word' id='word_1_974' title='bbox 2626 5979 2767 6021; x_wconf 67' lang='grc' dir='ltr'><strong>οναη.</strong></span> 
     </span>
    </p>
   </div>
  </div>
