4292 6410
170 424 278 480 8li5

1256 429 1388 485 PRO
1427 426 1696 485 SANCTO
1737 428 2128 486 .\'l'll.\NASIO
2170 425 2299 484 LIB.
2344 429 2385 484 Ι.

3359 430 3465 488 866

169 560 335 596 cerem
366 546 713 607 tenebrarum,
750 548 836 615 qui
862 546 1087 600 inclusos
1106 544 1404 599 custodiunt
1424 554 1447 581 ⁸
1473 546 1609 611 ﬁlios
1637 554 1770 605 tuos,
1803 559 1848 615 Α
1881 544 2079 599 venio?
2112 542 2215 596 nisi
2251 552 2308 595 ιιι
2334 542 2646 605 crederem,
2675 541 2797 603 quia
2845 558 2966 599 cum
3001 554 3057 599 ttt
3099 559 3185 600 me
3217 558 3468 615 premere

167 652 263 703 per
297 653 423 702 quos
479 638 757 705 incipiebat
812 639 1169 710 incorruptum
1228 637 1355 708 legis
1403 637 1574 690 lumen
1602 635 1771 690 uittrb

165 731 405 785 omnibus
426 733 546 785 dari
571 732 725 802 (Sap.
754 748 907 795 xvnt,
928 732 1007 804 ι).
1034 736 1117 787 An
1148 730 1370 800 negabis
1391 730 1479 783 Dei
1504 730 1774 785 antistites

166 830 225 877 te
243 830 432 877 tenere
463 833 485 861 ε
516 823 571 876 in
602 825 895 877 claustris?
929 826 990 878 Et
1019 841 1141 877 eum
1174 839 1234 877 es
1257 823 1509 877 detinens
1539 838 1606 877 ne
1634 838 1771 891 pra:-

162 916 417 971 dicemus
443 929 591 972 certe
625 918 719 972 Dei
750 920 949 989 populo
982 921 1290 980 veritatem,
1321 934 1418 972 cur
1448 933 1547 971 nos
1569 918 1773 971 retines

164 1008 225 1063 in
250 1009 518 1065 carcere?
557 1024 656 1064 cur
686 1013 853 1065 mittis
884 1011 949 1065 ad
981 1012 1206 1065 exsilia?
1256 1011 1356 1063 nisi
1406 1010 1531 1078 quia
1560 1013 1635 1061 sis
1660 1024 1773 1063 me-

163 1113 332 1158 tuens
362 1119 431 1159 ne
460 1120 556 1157 vos
590 1104 746 1174 lupos
779 1107 1013 1161 Arianos
1038 1148 1051 1169 ,
1086 1121 1309 1173 rapaces
1337 1118 1507 1157 canes
1553 1103 1772 1156 rabido-

165 1213 261 1251 sos
289 1196 315 1235 d
336 1207 498 1269 atque
523 1200 882 1253 antieliristos
925 1216 1047 1254 esse
1080 1201 1344 1267 temporis
1368 1197 1560 1258 nostri,
1587 1196 1768 1250 mani-

165 1289 437 1345 festemus
469 1291 647 1345 sacris
675 1290 1049 1345 revelantihus
1078 1290 1385 1359 scripturis.
1415 1291 1600 1343 Sacra:
1629 1288 1771 1343 enim

157 1381 457 1451 scriptum
486 1382 721 1452 probant
754 1399 848 1436 vos
879 1399 942 1436 ex
994 1383 1206 1435 actibus
1257 1383 1454 1436 vestris
1501 1397 1606 1435 non
1647 1396 1772 1437 esse

162 1473 264 1527 Dei
297 1492 507 1540 servos,
533 1477 627 1531 sed
664 1477 823 1545 plane
852 1478 990 1530 filios
1033 1476 1256 1530 diaboli.
1301 1476 1353 1530 Si
1390 1478 1533 1531 enim
1572 1493 1678 1529 non
1711 1491 1771 1531 es

157 1580 317 1620 unus
354 1582 421 1621 ex
478 1568 627 1631 illis,
687 1584 823 1637 quos
870 1570 1007 1621 tales
1061 1569 1270 1621 futuros
1325 1584 1492 1622 sacra:
1534 1570 1771 1623 clamant

156 1660 483 1728 scriptum,
508 1677 631 1715 cum
654 1663 916 1730 scriptum
942 1662 1221 1715 inveneris
1250 1663 1299 1715 in
1326 1678 1487 1715 cxxxr
1532 1664 1765 1729 DSJIIHO:

160 1754 359 1825 Surge,
379 1753 623 1821 Domine,
656 1757 709 1809 in
731 1759 958 1825 requiem
988 1770 1152 1821 tuam,
1176 1769 1225 1811 tu
1256 1770 1303 1811 et
1327 1776 1451 1813 arca
1477 1762 1770 1826 sanctiﬁca-

157 1848 323 1902 tionis
370 1860 505 1903 tute:
548 1852 840 1909 sacerdotes
898 1853 973 1903 tui
1023 1853 1313 1905 induantur
1350 1854 1611 1925 justitiam
1645 1853 1764 1919 (Ps.

1876 649 2141 703 tentares,
2178 637 2319 691 Deus
2351 650 2498 691 meus
2524 634 2668 705 quod
2698 635 2779 690 sic
2812 637 3101 706 potuisset,
3132 637 3236 692 nisi
3267 649 3319 692 tt:
3340 653 3472 692 con-

1876 734 2164 795 venisses,
2192 732 2574 801 exstinguere,
2598 729 2870 801 quomodo
2900 731 3263 799 Pharaonem,
3305 741 3357 788 et
3389 746 3476 787 me

1878 826 2019 897 quod
2054 827 2135 881 sic
2178 824 2370 881 luisset
2423 833 2712 894 erepturus
2761 822 2831 879 de
2879 824 3132 881 manibus
3177 826 3306 891 tuis,
3338 840 3476 893 quo-

1878 918 2039 972 modo
2066 928 2120 973 et
2150 918 2270 972 illos
2293 918 2361 972 de
2384 915 2685 971 Pharaonis
2716 924 3006 986 potestate.
3034 917 3243 972 Idcirco
3271 917 3476 973 etenim

1877 1013 2010 1068 dicit
2033 1011 2099 1065 ad
2133 1012 2377 1080 singulas
2405 1012 2670 1073 virtutes,
2722 1010 2966 1079 quoniam
2996 1009 3050 1061 in
3094 1011 3349 1063 sceculum
3380 1009 3476 1064 mi-

1877 1106 2160 1161 sericordia
2186 1108 2324 1178 ejus,
2353 1115 2409 1157 ut
2453 1102 2587 1158 mihi
2635 1086 2875 1172 aperiret
2909 1144 2923 1168 ,
2952 1102 3211 1173 quoniam
3258 1102 3474 1160 Domini

1877 1198 2252 1254 misericordia
2284 1213 2499 1252 mecum
2551 1197 2625 1251 sit
2654 1212 2871 1266 semper
2910 1212 3267 1267 permanens,
3303 1198 3394 1266 qui
3424 1194 3475 1253 ei

1876 1302 2084 1348 tantum
2114 1294 2217 1347 sim
2250 1294 2496 1347 serviens
2525 1332 2541 1356 ,
2577 1301 2753 1345 tecum
2785 1306 2917 1345 vero
2960 1304 3080 1347 esse
3124 1307 3235 1346 non
3275 1305 3469 1363 posse,

1875 1387 1997 1453 quia
2030 1385 2287 1440 videlicet
2332 1385 2587 1440 inimicus
2634 1383 2782 1439 illius
2811 1384 2887 1438 sis
2921 1424 2936 1450 ,
2980 1383 3255 1453 quomodo
3285 1383 3385 1439 fuit
3417 1392 3471 1439 et

1874 1478 2105 1532 Pharao.
2139 1476 2423 1531 Noluimus
2448 1468 2709 1532 damnare
2730 1476 3013 1531 absentem
3045 1492 3059 1541 ;
3106 1476 3382 1531 noluimus
3415 1476 3470 1532 in

1874 1589 1995 1628 eum
2027 1586 2187 1643 quem
2216 1572 2419 1625 scimus
2450 1572 2822 1635 innocentem,
2842 1579 2897 1625 et
2937 1568 2990 1624 in
3022 1584 3145 1624 eum
3173 1584 3335 1638 quem
3366 1584 3468 1625 no-

1874 1669 2054 1723 vimus
2081 1666 2368 1722 catholicae
2402 1664 2527 1719 lidei
2555 1664 2969 1734 prmdicatorem
2996 1705 3010 1730 ,
3037 1663 3172 1719 dare
3194 1663 3345 1734 juxta
3377 1664 3475 1719 de-

1873 1762 2134 1817 siderium
2162 1773 2313 1815 tuum
2364 1759 2715 1813 sententiam.
2746 1758 2963 1825 Quare?
3015 1759 3141 1828 quia
3170 1773 3272 1814 nos
3293 1759 3471 1814 chris-

1870 1855 2003 1909 tiani
2036 1856 2088 1908 in
2115 1854 2283 1908 Deum
2314 1852 2663 1923 porreximus
2691 1866 2843 1920 spem
2875 1860 3142 1917 nostram,
3178 1866 3287 1906 non
3317 1851 3368 1905 in
3400 1862 3473 1920 te,

154 1956 351 2004 cum,
383 1945 470 2011 8);
503 1960 602 1998 cur
633 1946 881 2000 damnari
930 1961 957 1997 a
1008 1946 1166 2000 nobis
1202 1946 1483 2000 absentem
1516 1947 1766 2001 voluisti”?
1799 1940 1845 2001 Β
1874 1964 1935 2002 ac
1966 1963 2192 2017 regnum
2226 1956 2373 2001 tuum
2405 1947 2698 2001 caducum.
2746 1944 3038 2000 Noluimus
3066 1944 3134 2000 de
3165 1945 3342 2015 gloria
3388 1961 3472 2001 re-

152 2046 315 2089 certe
347 2036 414 2089 ad
446 2035 548 2091 hoc
583 2047 640 2091 nt
689 2040 979 2107 justitiam,
1011 2056 1117 2109 qua
1157 2056 1255 2094 nos
1292 2042 1541 2095 induerat
1582 2041 1762 2095 Domi-

154 2143 284 2190 nus,
316 2128 716 2183 atnitteremns.
749 2130 883 2185 Cum
912 2133 1057 2185 enim
1103 2133 1249 2187 diczit
1280 2151 1293 2186 ε
1345 2134 1657 2188 Sacerdotes
1686 2134 1762 2187 tui

152 2221 455 2273 induantur
475 2222 760 2293 justitiam,
790 2232 845 2277 et
873 2233 925 2277 tu
954 2224 1275 2293 injustitiam
1304 2242 1404 2279 nos
1433 2242 1654 2295 urgeres
1680 2226 1761 2279 fa.

151 2329 303 2375 cere.
339 2316 469 2386 quid
503 2316 649 2370 aliud
683 2333 931 2371 essemus
966 2359 979 2381 ,
1025 2319 1070 2372 si
1111 2317 1435 2372 fecissemus
1484 2320 1624 2383 quod
1659 2329 1763 2372 tua:

152 2408 568 2463 malevolentia!
599 2408 778 2463 fuerat
822 2410 996 2464 visum
1024 2451 1039 2475 ,
1093 2411 1192 2463 nisi
1236 2410 1592 2465 conscelerati
1634 2412 1708 2463 tui
1745 2452 1760 2476 ,

152 2504 261 2557 nisi
295 2506 461 2557 totius
510 2503 817 2574 iniquitatis
866 2505 1085 2557 fontes?
1119 2506 1167 2555 Ιιί
1200 2505 1428 2565 scilicet,
1465 2504 1557 2573 qui
1598 2505 1764 2573 depo-

148 2607 355 2651 nentes
382 2597 612 2665 justiti-t3
643 2597 907 2661 ofﬁciunt,
947 2597 1251 2661 iniustitie,
1289 2607 1345 2651 ut
1382 2598 1476 2651 tibi
1521 2600 1763 2665 placere-

150 2705 301 2754 "IIIS,
337 2704 586 2743 essemus
616 2690 946 2757 suscepturi.
984 2690 1338 2758 Persequeris
1388 2690 1481 2742 Dei
1515 2692 1759 2753 domum,

150 2783 472 2845 Constanti,
503 2783 762 2853 ignorans
785 2784 1014 2850 teipsum
1038 2782 1205 2835 Deum
1242 2782 1497 2850 persequi
1528 2784 1577 2834 in
1600 2782 1762 2835 domo

150 2876 304 2945 ejus:
344 2876 541 2929 domus
568 2877 769 2929 etenim
808 2875 901 2929 Dei
930 2885 1009 2928 est
1044 2876 1308 2937 ecclesia,
1343 2877 1395 2927 in
1430 2890 1532 2943 qua
1573 2887 1651 2929 εει
1682 2875 1764 2927 in-

152 2970 415 3025 habitans
462 2970 730 3023 Dominus
766 3012 780 3034 ,
836 2972 977 3023 sicut
1017 2971 1281 3036 scriptum
1332 2980 1415 3022 est
1467 2972 1516 3021 in
1567 2968 1761 3021 eodem

151 3062 406 3131 psalmo:
439 3059 608 3133 Elegit
634 3058 1075 3123 Dominus’Sion,
1109 3063 1370 3130 pra'elegit
1402 3077 1511 3113 eam
1538 3062 1590 3112 in
1618 3060 1763 3113 habi-

153 3156 414 3209 tationem
439 3157 533 3208 sibi
556 3165 578 3191 θ
602 3171 621 3209 :
652 3156 762 3209 lucc
794 3156 993 3224 requies
1031 3172 1142 3207 mea
1185 3156 1235 3206 in
1266 3156 1455 3207 sa'culu
1469 3172 1513 3205 ηε
1545 3155 1717 3207 sa'culi
1744 3195 1759 3216 ,

152 3249 241 3301 hic
271 3248 520 3302 habitabo
571 3250 825 3317 quoniam
867 3249 1107 3318 prcrelcgi
1152 3265 1261 3301 eam
1295 3246 1406 3315 (Ib.
1472 3248 1579 3315 15).
1627 3246 1759 3300 Cum

1865 2042 1953 2109 εειιί
1988 2042 2061 2095 ιιιί
2094 2040 2249 2095 nobis
2295 2040 2555 2109 placere,
2612 2038 2704 2109 qui
2750 2038 2982 2110 gloriam
3036 2039 3389 2096 consecuturi
3448 2039 3466 2080 ί

1866 2148 2075 2198 sumus,
2108 2141 2490 2202 exspectantes
2522 2130 2593 2185 ab
2618 2146 2685 2186 eo
2715 2174 2730 2198 ,
2764 2131 2817 2186 in
2869 2146 3033 2203 quem
3081 2132 3265 2187 solum
3298 2133 3473 2189 confl-

1866 2227 2102 2281 dendum
2132 2241 2255 2281 esse
2282 2235 2444 2295 atque
2487 2225 2825 2295 sperandum
2865 2225 3074 2281 docens
3130 2226 3264 2282 dicit
3298 2226 3467 2283 David

1868 2318 1919 2372 in
1946 2320 2157 2385 psalmo
2177 2335 2354 2374 CXLV:
2394 2317 2573 2373 Nolite
2593 2320 2858 2387 conﬁdere
2888 2319 2940 2371 in
2992 2320 3313 2389 principibus
3333 2362 3346 2383 ,
3369 2331 3415 2374 et
3441 2321 3454 2372 i

1868 2413 1921 2464 in
1940 2413 2063 2480 ﬁli'is
2088 2410 2375 2474 honiiuum,
2410 2412 2590 2478 quibus
2618 2427 2722 2465 non
2755 2421 2830 2465 est
2852 2412 3025 2465 salus:
3056 2411 3212 2465 exibit
3248 2414 3459 2487 spiritus

1867 2508 1978 2575 ejus
2009 2513 2055 2557 et
2078 2512 2359 2557 revertetur
2380 2501 2406 2539 κ
2437 2503 2489 2555 in
2517 2512 2709 2556 terram
2756 2520 2935 2556 suam:
2983 2504 3035 2556 in
3067 2504 3161 2558 illa
3210 2503 3296 2558 die
3324 2506 3464 2573 peri-

1867 2599 1989 2651 bunt
2018 2616 2191 2652 omnes
2234 2598 2573 2667 cogi‘ationcs
2610 2614 2807 2651 eorum.
2851 2597 3085 2652 Beatus1
3125 2602 3275 2670 cujus
3322 2597 3463 2653 Deus

1865 2693 2027 2747 Jacob
2051 2695 2262 2765 adjutor
2289 2697 2403 2766 ejus
2434 2734 2450 2761 ,
2494 2705 2539 2747 et
2575 2711 2691 2764 spes
2737 2698 2850 2769 ejus
2886 2697 2939 2749 in
2965 2694 3187 2750 Domino
3229 2695 3341 2752 Deo
3380 2698 3468 2767 ip-

1866 2788 1973 2841 sius
2002 2790 2091 2854 qui
2121 2789 2239 2857 fecit
2263 2790 2449 2841 costum
2479 2797 2527 2842 et
2550 2798 2780 2852 terram,
2820 2805 2965 2843 mare
2993 2799 3040 2843 et
3064 2791 3237 2843 omnia
3277 2808 3393 2861 qua:
3415 2792 3466 2845 in

1868 2881 1962 2934 eis.
1996 2878 2096 2945 Qui
2120 2880 2341 2933 custodit
2373 2879 2637 2933 veritatem
2665 2881 2719 2931 in
2754 2880 3033 2944 sicculum,
3067 2882 3192 2947 facit
3202 2883 3467 2955 judicium

1866 2971 2113 3039 injuriam
2142 2970 2454 3037 patientibus
2484 2968 2602 3041 (Ps.
2658 2985 2815 3035 cxav,
2845 2969 2923 3041 ἓ).
2954 2970 3239 3026 Noluimus
3271 2972 3471 3043 injuste

1866 3073 2045 3119 tecum
2079 3064 2334 3132 persequi
2360 3064 2591 3131 jusdtize
2621 3064 2839 3133 plenum
2883 3064 3152 3120 fructibus
3187 3105 3201 3129 ,
3233 3082 3303 3121 ne
3338 3067 3465 3122 dum

1865 3158 2003 3212 dete
2031 3158 2269 3213 vindicta
2301 3160 2557 3227 coepisset
2588 3160 2877 3229 consequi,
2928 3157 3123 3214 fuisset
3167 3175 3466 3218 consecuta

1866 3254 2027 3306 etiam
2053 3252 2119 3305 de
2146 3251 2338 3305 nobis:
2391 3267 2500 3305 non
2534 3251 2768 3306 fecimus
2817 3251 2963 3321 quod
3020 3252 3224 3321 injuste
3257 3271 3468 3325 prince-

154 3343 278 3397 hmc
313 3344 497 3412 itaque
527 3343 658 3407 sint,
697 3352 859 3397 temet
888 3342 1067 3411 puniri
1099 3342 1395 3411 Conspice,
1429 3341 1645 3410 quando
1678 3341 1765 3393 ali-
1794 3338 1839 3401 C
1875 3344 1998 3413 pisti
2030 3358 2128 3397 nos
2159 3343 2412 3412 implere,
2443 3358 2509 3398 ne
2541 3352 2722 3399 tecum
2765 3345 3083 3401 veniremus
3107 3347 3173 3401 ad
3205 3347 3358 3404 illum
3388 3349 3471 3407 lo-

152 3454 319 3508 quem
354 3450 667 3493 nosnornm
703 3441 861 3508 punis
888 3448 1073 3501 tuam;
1125 3448 1174 3492 te
1207 3438 1437 3490 salutem
1473 3437 1762 3505 persequi,

150 3532 379 3602 quando
409 3534 486 3587 sis
518 3533 632 3588 Deo
666 3546 998 3602 repugnans,
1033 3547 1141 3585 non
1177 3546 1299 3595 nos,
1330 3531 1379 3583 iu
1413 3545 1547 3599 quos
1577 3529 1765 3583 audias

153 3627 334 3683 Deum
366 3628 581 3687 dicere.
614 3628 760 3697 quol
796 3626 942 3681 enim
978 3626 1235 3695 dignetur
1288 3630 1651 3693 requiescere.
1680 3622 1762 3677 Tu

152 3736 294 3792 ergo
322 3721 412 3790 qui
446 3722 645 3789 templa
682 3720 897 3773 Domini
929 3729 1106 3772 lentas
1140 3718 1349 3770 violare
1376 3758 1391 3780 ,
1426 3716 1525 3770 nisi
1559 3725 1607 3769 te
1630 3730 1759 3769 con-

150 3812 420 3875 verteris,
447 3830 514 3867 eo
562 3814 846 3881 dispereas
896 3827 1119 3881 genere,
1164 3827 1271 3879 quo
1302 3808 1419 3872 illi,
1450 3809 1518 3862 de
1568 3808 1764 3877 quibus

152 3905 291 3959 dicit
316 3904 484 3958 David
513 3907 563 3958 in
592 3906 801 3973 psalmo
831 3920 1026 3959 cxxxv:
1064 3903 1166 3969 Qui
1195 3903 1443 3972 percussit
1468 3901 1764 3971 ngyptum

150 4014 277 4051 cum
313 3998 587 4065 primitivis
618 4014 796 4051 eorum
823 4039 835 4060 ,
884 3998 1134 4067 quoniam
1186 3997 1236 4048 in
1267 3996 1461 4049 saecula
1494 3997 1510 4032 τ
1555 3995 1763 4048 miseri-

150 4091 341 4145 cordia
364 4093 502 4163 ejus,
533 4101 582 4145 et
607 4091 781 4145 eduxit
815 4090 981 4144 Israel
1010 4092 1071 4143 de
1099 4090 1269 4143 medio
1292 4106 1490 4152 eorum,
1523 4090 1766 4159 quoniam

150 4185 208 4239 in
238 4185 489 4238 scculum
514 4184 875 4238 misericordia
899 4185 1031 4249 eius,
1066 4185 1116 4237 in
1148 4200 1304 4236 manu
1341 4184 1467 4250 [orti
1490 4195 1535 4234 et
1554 4182 1763 4234 brachio

150 4280 366 4335 excelsa
391 4322 406 4345 ,
429 4280 675 4349 quoniam
703 4279 754 4331 in
802 4278 1049 4333 scrculunt
1093 4274 1449 4330 misericordia
1470 4276 1606 4339 eius.
1662 4274 1765 4338 Qui

150 4373 334 4427 divisit
367 4389 508 4425 mare
530 4372 741 4425 rubrum
772 4373 825 4425 in
860 4371 1161 4424 divisionem
1196 4379 1218 4415 ς
1251 4411 1263 4432 ,
1296 4369 1541 4437 quoniam
1585 4367 1638 4418 in
1667 4382 1765 4420 sa:-

150 4468 337 4521 culum
371 4467 726 4521 misericordia
758 4470 872 4539 ejus
892 4506 905 4530 ,
936 4476 981 4519 et
1009 4464 1303 4519 transduxit
1338 4461 1509 4515 Israel
1545 4477 1634 4532 per
1658 4476 1765 4514 me-

151 4560 308 4614 dium
356 4562 470 4631 ejus
500 4601 516 4627 ,
547 4560 794 4629 quoniam
838 4560 888 4611 in
932 4558 1183 4613 steculum
1228 4555 1588 4610 misericordia
1616 4556 1760 4625 ejus,

150 4665 202 4710 et
256 4656 481 4711 excussit
523 4654 852 4709 Pharaonem
883 4663 929 4708 et
984 4653 1262 4707 exercitum
1312 4652 1422 4720 ejus
1463 4651 1517 4704 in
1554 4646 1580 4685 ιι
1624 4664 1765 4702 mare

1865 3453 2007 3501 cum,
2044 3437 2133 3505 qui
2165 3436 2215 3490 in
2250 3437 2637 3492 Ecclesiastico
2663 3448 2701 3474 ω
2730 3439 3092 3495 describitur:
3130 3441 3196 3495 Et
3224 3442 3368 3499 Deus
3393 3460 3473 3500 rc-

1865 3530 2031 3599 quiret
2058 3538 2083 3565 η
2114 3545 2229 3582 eum
2252 3570 2266 3592 ,
2290 3530 2378 3596 qui
2400 3530 2814 3595 persecutionem
2846 3537 3042 3600 patitur
3065 3532 3217 3607 (Ecc.
3254 3536 3473 3607 Iit,15);

1866 3634 1919 3676 et
1939 3621 2115 3676 adhuc
2139 3640 2150 3675 :
2196 3621 2316 3675 Vidi
2342 3624 2435 3675 sub
2461 3623 2567 3676 sole
2590 3623 2761 3676 locum
2794 3624 3013 3695 judicii,
3048 3626 3159 3679 illic
3178 3635 3203 3662 ο
3234 3628 3428 3699 impius
3450 3645 3471 3684 :

1865 3723 1910 3767 et
1960 3714 2129 3767 locum
2163 3715 2329 3785 justi,
2380 3715 2491 3767 illic
2524 3716 2642 3785 pius
2674 3713 2782 3782 (Ib.
2830 3715 2943 3783 16).
2983 3716 3267 3774 Noluimus
3314 3721 3473 3776 vobis

1864 3804 2121 3875 conjungi
2148 3806 2451 3873 haereticis,
2488 3806 2766 3861 noluimus
2794 3816 2974 3863 tecum
3006 3808 3139 3865 dare
3175 3826 3371 3869 manus
3401 3812 3471 3868 ad

1868 3898 1959 3951 Dei
1995 3898 2418 3967 impugnandam
2453 3899 2674 3954 domum
2712 3942 2729 3967 ,
2764 3901 3049 3958 noluimus
3082 3892 3258 3960 ieeum
3302 3905 3475 3962 idolo-

1868 3991 2080 4046 latriam
2109 3991 2389 4061 suscipere
2418 3992 2469 4046 in
2488 3994 2877 4049 contumeliam
2927 3995 3047 4061 Dei,
3084 3997 3359 4054 noluimus
3385 4013 3475 4054 sa—

1866 4087 2093 4155 crilegio
2122 4094 2212 4141 tuo
2244 4087 2462 4141 misceri
2500 4128 2515 4151 ,
2558 4102 2633 4141 ne
2660 4096 2718 4142 et
2761 4102 2861 4142 nos
2890 4088 3086 4145 audire
3132 4105 3473 4148 mererentur

1869 4192 2044 4235 tecum
2079 4181 2166 4234 illa
2187 4222 2200 4247 ,
2228 4196 2348 4251 quae
2378 4196 2476 4236 ore
2496 4179 2653 4236 Oscae
2706 4182 2993 4251 propheta:
3022 4182 3250 4241 audient
3288 4198 3472 4241 sacer-

1866 4272 2044 4338 dotes,
2078 4272 2308 4341 populus
2361 4281 2417 4329 et
2467 4289 2559 4329 rex
2597 4272 2792 4335 Israel.
2823 4275 2916 4344 qui
2969 4276 3153 4331 cuncti
3184 4276 3464 4334 derelicto

1868 4366 1979 4422 Deo
2007 4365 2072 4420 ad
2104 4364 2471 4420 idololatriam
2503 4380 2561 4421 se
2595 4365 2975 4421 contulerant:
3019 4368 3213 4422 Audite
3236 4369 3367 4433 hac,
3397 4386 3478 4425 sa-

1869 4460 2120 4524 cerdotes,
2148 4468 2197 4512 et
2219 4458 2487 4523 attendite,
2512 4457 2698 4512 domus
2720 4454 2920 4522 Israel,
2951 4467 2999 4512 et
3025 4458 3208 4513 domus
3235 4462 3373 4533 regis
3391 4462 3476 4516 in-

1870 4554 2082 4607 tuemini
2108 4562 2134 4600 Ρ
2158 4568 2176 4605 :
2197 4550 2267 4605 ad
2295 4566 2383 4605 vos
2408 4558 2482 4604 est
2518 4550 2805 4622 judicium,
2830 4549 2956 4620 quia
2986 4559 3042 4602 ut
3067 4551 3314 4622 laqueum
3354 4554 3477 4623 facti

1868 4648 1986 4701 estis
2016 4645 2083 4697 ad
2107 4642 2375 4705 insidians,
2403 4650 2453 4698 et
2500 4642 2633 4696 sicut
2670 4641 2801 4695 retia
2847 4651 3060 4696 extensa
3109 4642 3183 4697 ad
3221 4643 3477 4699 aviarium

152 4746 401 4802 Rubrum
433 4746 551 4816 (Ps.
580 4763 785 4811 cxxxv,
822 4747 935 4818 10).
968 4746 1084 4815 Qua
1116 4746 1184 4801 de
1222 4760 1283 4801 re
1317 4744 1433 4799 lucc
1464 4744 1664 4815 scripta
1689 4742 1770 4798 in-
1797 4724 1851 4785 Ῑ)
1876 4737 2102 4793 venantis
2132 4734 2249 4808 (οδ.
2274 4750 2330 4804 v,
2357 4733 2432 4805 1).
2463 4732 2625 4806 Apud
2672 4734 2842 4791 Amos
2886 4733 3208 4807 prophetam
3258 4735 3473 4793 sciebas

237 4916 266 4943 ⁸
294 4904 681 4962 Custodiebant.
714 4908 871 4963 Vers.
905 4910 1038 4965 Ant.

230 4974 263 5016 δ
292 4978 515 5035 Eadem.
544 4980 747 5034 Saxula
773 4981 907 5041 dari,
936 4982 1139 5036 omisso
1164 4983 1298 5035 vitae.

238 5060 263 5087 ο
298 5048 617 5106 Addendntn
650 5051 788 5105 forte
819 5069 932 5107 nos.
965 5052 1144 5107 Latin.

237 5116 266 5156 (³
299 5121 545 5178 Rabidos.
578 5121 753 5176 Vatic.

238 5200 264 5228 ο
296 5191 452 5276 \lers.
475 5195 601 5250 Ant.
632 5193 821 5262 Suam,
853 5211 971 5264 qua:
996 5193 1160 5251 habet
1184 5197 1348 5250 etiam
1378 5196 1635 5267 prtelegit,
1667 5206 1762 5263 pro

161 5266 452 5337 praetegit.

243 5336 263 5375 ί
292 5334 578 5391 Saeculum.
604 5336 760 5393 Vers.
794 5338 921 5392 Ant.

238 5417 264 5455 ε
291 5406 575 5463 Diuisione.
613 5409 765 5465 Vers.
804 5412 931 5462 Ant.

232 5476 263 5515 δ
293 5479 370 5559 131ἰ
388 5479 440 5559 in
466 5480 655 5559 (irch
682 5524 696 5550 ,
730 5484 800 5544 εἰς
826 5483 1085 5537 Θάλασσαν
1110 5482 1379 5559 Ἐρυθρὰν.
1406 5481 1565 5535 Vers.
1626 5479 1750 5535 Ant.

156 5552 214 5605 in
236 5551 370 5605 mari
397 5549 591 5604 Rubro.

240 5622 256 5659 ί
295 5620 762 5692 Consequisumus.
786 5622 905 5679 Vat.
943 5624 1226 5680 mendose.

236 5694 250 5765 ᾗ
290 5691 450 5765 \_l_ers.
477 5691 614 5749 ’Ant.
662 5694 843 5764 Neque
868 5699 1038 5749 ἐῆν...
1071 5697 1282 5765 spiritus
1309 5712 1503 5749 eorum.

234 5763 261 5803 ιι
293 5763 358 5817 Et
381 5779 661 5818 revertetur
690 5763 964 5820 interram
987 5763 1158 5834 suam,
1177 5770 1329 5823 abest
1357 5782 1385 5820 a
1415 5766 1566 5822 Vers.
1596 5766 1751 5829 Ant.,

160 5837 259 5894 Sed
293 5836 488 5906 legitur
512 5836 563 5889 in
592 5836 805 5892 Graeco.

248 5906 264 5946 ι
292 5907 468 5964 Latin.
502 5907 617 5963 haec
652 5908 807 5963 verba
845 5908 1055 5973 Beatus,
1086 5921 1194 5968 etc.
1222 5909 1486 5968 demenda
1526 5918 1753 5973 censu;

1876 4900 1970 4956 sed
2002 4906 2189 4953 contra
2214 4894 2453 4952 Luciferi
2482 4894 2838 4967 sententiam,
2866 4910 2988 4967 quae
3011 4903 3180 4962 patet.

1947 4982 1987 5008 ιιι
2019 4969 2280 5051 Hic‘iiber
2294 4978 2399 5051 est,
2424 4982 2585 5051 quem
2610 4966 2869 5051 Septuag.
2886 4966 2964 5022 ’et
2989 4967 3476 5051 thlg._Ecc_l_es_ias-

1875 5053 1958 5098 ten
1978 5042 2293 5113 appellant;
2341 5038 2699 5113 Ecclesiastici
2724 5053 2854 5093 vero
2893 5038 3118 5113 nomine
3156 5040 3475 5110 intelligitur

1874 5108 2034 5194 lliher',
2055 5108 2142 5194 cui
2176 5112 2364 5194 titulus
2394 5112 2542 5194 Σεργία
2570 5111 2764 5194 man
2804 5108 2946 5194 apud
2990 5109 3260 5194 SPp-1038:
3308 5108 3478 5194 idest

1874 5130 2034 5197 Inter,
2058 5130 2142 5197 cut
2176 5130 2364 5192 "unus
2394 5130 2542 5194 Σοφία
2570 5130 2764 5238 manu);
2804 5130 2946 5178 apuu
2990 5130 3252 5182 neptnag.
3308 5130 3476 5197 “1'88!

1874 5186 2153 5255 Sapientia
2180 5183 2393 5255 Strach.
2413 5182 2473 5238 St
2501 5197 2621 5255 meo
2668 5197 2756 5237 utn
2791 5178 2956 5255 abest
2967 5181 3058 5255 ab
3090 5180 3211 5255 hoc
3238 5181 3476 5255 Luciferi

1873 5251 2021 5322 loco,
2054 5255 2194 5311 haud
2229 5252 2431 5308 usitato
2459 5251 2681 5323 quidem
2704 5266 2732 5305 a
2780 5251 3068 5310 veteribus
3094 5253 3253 5312 titulo
3284 5253 3479 5314 Eccle-

1867 5329 2066 5384 siastes
2092 5327 2286 5382 librum
2315 5326 2541 5380 n0tavit.

1939 5409 1968 5437 ιι
1995 5400 2224 5466 ρυωνεε.
2253 5395 2407 5450 Vers.
2434 5397 2565 5452 Ant.

1941 5480 1965 5508 ο
1990 5469 2161 5527 Lucil.
2194 5484 2317 5523 eutn
2348 5467 2525 5521 Grzrc.
2560 5471 2668 5539 ius?
2685 5467 2711 5523 ὁ
2735 5470 2951 5539 ἀσεϐής,
2981 5472 3061 5524 καὶ
3084 5468 3237 5525 τόπον
3261 5476 3355 5525 τοῦ
3388 5468 3468 5526 δι·-

1864 5547 2031 5609 καίου,
2091 5543 2189 5595 ἐκεῖ
2228 5540 2254 5594 ὁ
2297 5541 2528 5601 εὐσεϐής.
2588 5538 2750 5595 Vera.
2805 5538 2933 5598 Ant.
2967 5539 3052 5595 lbi
3099 5541 3375 5612 impietas,
3423 5550 3471 5596 et

1861 5613 2034 5668 locum
2062 5612 2296 5682 iustitia,
2331 5612 2400 5682 ibi
2426 5612 2696 5679 iniquitas.

1936 5680 2142 5741 PVe'rs.
2179 5684 2307 5739 Aut.
2363 5680 2563 5737 Domus
2614 5683 2752 5749 regis
2788 5684 3001 5737 auribus
3060 5682 3347 5749 percipite:
3402 5683 3473 5737 ad

1860 5772 1949 5812 nos
1976 5758 2232 5812 enim..."
2261 5754 2380 5824 quia
2421 5754 2799 5826 laqueusjacti
2844 5756 2964 5810 estis
3016 5755 3357 5826 speculationi
3382 5794 3398 5820 ,
3423 5762 3473 5810 et

1860 5830 1993 5883 sicut
2023 5837 2131 5884 rete
2149 5841 2438 5895 expansum
2461 5824 2614 5899 super
2633 5824 2949 5897 Itabyrium.
