4582 6392
792 367 900 425 86⁸1

1887 366 2204 426 LUCIFERI
2248 366 2556 427 EPISCOPI
2591 368 3010 429 CALABITANI

3992 379 4084 436 868

797 487 984 556 utique
1017 485 1305 556 scriptum,
1340 483 1560 556 quando
1582 483 1778 540 dedisti
1808 485 2175 555 disciplinam,
2205 501 2392 542 exem-
2426 487 2640 555 A.quod
2664 495 2687 522 ο
2712 487 2920 541 deuoret
2946 485 3136 556 impius
3151 487 3360 556 justum
3386 485 3494 558 (lb.
3524 485 3643 559 23).
3679 487 3741 543 Et
3771 487 3967 545 idcirco
3993 508 4084 547 nos

795 579 940 648 plum
971 578 1266 636 damnandi
1309 579 1522 635 scilicet
1555 581 1943 643 innocentem;
1994 581 2097 648 Qui
2138 582 2258 652 fecit
2291 589 2314 616 ³
2345 581 2399 634 in

790 669 996 723 excelso
1015 671 1279 742 judicium
1298 712 1311 733 ,
1337 681 1383 724 et
1397 671 1661 740 justitiam
1711 672 1763 724 in
1796 683 1934 724 terra
1964 673 2138 741 posuit
2167 673 2306 744 (Am.
2343 688 2398 738 ν,

792 759 874 827 7).
896 759 1234 830 Deijustitia:
1260 762 1512 826 violator,
1539 763 1819 818 Micbmam
1845 765 2166 835 prophetam
2187 764 2394 820 dixisse

797 854 1060 924 numquid
1095 855 1386 925 ignorabas
1427 855 1496 909 de
1542 853 1680 910 Juda
1709 866 1758 910 et
1792 871 1985 912 eorum
2025 856 2400 926 principibus?

795 947 915 1002 Non
947 950 1238 1005 levaverunt
1263 951 1332 1005 ad
1350 947 1720 1015 DeumOinanus
1746 967 1888 1016 suas,
1913 961 1960 1004 et
1982 952 2352 1020 eoncupiebant
2374 951 2398 990 ι)

785 1059 967 1111 agros,
995 1056 1041 1097 et
1064 1045 1384 1113 diripiebant
1411 1041 1676 1113 orphanos
1708 1086 1720 1107 ,
1754 1054 1799 1098 et
1830 1046 2040 1098 domum
2091 1061 2182 1114 per
2221 1055 2397 1116 poten-

781 1139 914 1193 tiam
944 1139 1276 1202 invadebant,
1301 1149 1349 1193 et
1374 1139 1693 1208 diripiebant
1733 1139 1899 1193 virum
1925 1150 1970 1193 et
1999 1140 2208 1192 domum
2236 1141 2347 1203 eius
2380 1181 2392 1203 ,

781 1233 946 1286 viruns
975 1243 1020 1286 et
1054 1233 1408 1288 haredttutem
1437 1235 1584 1305 ejus:
1614 1239 1830 1303 prapter
1861 1233 1959 1286 hoc
1990 1234 2098 1286 hazc
2142 1233 2266 1285 dicit
2297 1229 2397 1284 Do-

783 1327 1142 1382 minus:Ecce
1165 1343 1259 1398 ego
1284 1342 1541 1398 cognosco
1568 1337 1589 1364 ε
1618 1343 1775 1397 super
1801 1325 1998 1393 plebem
2021 1326 2182 1391 mala,
2204 1326 2396 1390 exilui-

781 1418 876 1472 bus
909 1435 1011 1473 non
1030 1418 1263 1475 levabitis
1288 1420 1507 1473 cervices
1541 1429 1737 1472 vestras
1761 1416 1951 1489 (Mich.
1979 1433 2037 1479 ll,
2064 1414 2139 1485 l).
2165 1415 2269 1471 Sed
2298 1417 2392 1471 tibi

775 1527 901 1568 cum
925 1514 1270 1583 proscribere
1291 1513 1535 1584 digneris
1556 1555 1569 1577 ,
1603 1513 1894 1582 deportare
1913 1555 1927 1576 ,
1961 1514 2179 1565 mittere
2204 1512 2253 1564 in
2274 1526 2394 1566 car-

779 1623 992 1672 cerem,
1029 1617 1309 1678 torquere,
1344 1617 1627 1676 postremo
1676 1605 1986 1661 interﬁcere
2012 1605 2104 1659 Dei
2128 1605 2391 1670 cultores,

780 1703 914 1759 nihil
955 1703 1224 1759 malorum
1274 1700 1807 1771 repraesentabitur?
1840 1699 2128 1755 Noluimus
2177 1699 2393 1754 misceri

778 1797 999 1852 actibus
1024 1797 1134 1851 tuis
1161 1795 1412 1852 nefandis
1443 1838 1456 1859 ,
1491 1812 1558 1851 ne
1589 1806 1766 1850 tecum
1819 1792 1884 1847 ad
1921 1801 2185 1847 :eternam
2236 1791 2390 1846 dam-

2507 578 2758 634 videntes
2783 581 2906 650 quia
2930 588 2986 634 tu
3012 580 3209 650 impius
3239 579 3444 651 justum
3478 579 3740 637 devorare
3770 590 4078 651 teutaveras,

2502 687 2693 728 verum
2725 683 2751 723 Ρ
2783 688 2891 727 non
2921 674 3101 728 solum
3157 688 3265 728 non
3298 675 3567 728 taruimus
3617 675 3756 729 male
3804 687 3853 729 te
3891 691 4040 747 agere
4069 720 4081 743 ,

2502 765 2596 820 sed
2625 781 2724 821 nec
2749 765 3074 822 tacebimus.
3110 765 3229 821 Non
3264 767 3411 821 enim
3441 767 3582 821 alius
3624 781 3682 822 es
3710 766 3777 822 ab
3805 782 3869 822 eo
3895 809 3910 834 ,
3937 782 4082 838 ιιι-ορ-

2505 867 2585 913 ter
2616 873 2774 930 quem
2795 858 3022 912 dicitur:
3046 856 3266 913 Placeas
3294 868 3321 908 ιι
3348 867 3395 911 et
3408 869 3725 929 contemptor
3751 859 3824 912 vir
3853 859 4082 928 superbus

2503 952 2637 1005 nihil
2684 952 2918 1021 proﬁciet
2951 993 2966 1016 ,
3024 952 3113 1020 qui
3151 951 3387 1005 dilatavit
3446 952 3581 1004 sicut
3629 952 3830 1018 inferas
3875 951 4081 1005 animant

2500 1061 2670 1106 suam,
2702 1053 2751 1097 et
2777 1045 2888 1114 ipse
2917 1053 2970 1096 ut
2995 1059 3134 1097 mors
3164 1041 3478 1096 insatiabilis
3513 1040 3619 1109 ilb.
3649 1057 3708 1108 tl,
3743 1041 3820 1111 5).
3857 1041 3965 1096 Non
3996 1055 4080 1109 po-

2503 1141 2629 1195 terit
2669 1140 2773 1194 dici
2815 1139 2957 1210 quod
2991 1155 3096 1193 non
3141 1138 3430 1194 conveniat
3476 1136 3583 1191 dici
3613 1136 3680 1191 tle
3712 1145 3761 1190 te
3789 1178 3802 1202 ,
3837 1139 3881 1191 si
3910 1137 4079 1207 digne-

2501 1235 2576 1289 ris
2605 1249 2816 1289 mecum
2846 1230 3120 1288 recordari
3161 1230 3371 1286 scelera
3421 1229 3724 1286 facinorum
3761 1240 3967 1285 tuorum
3994 1271 4006 1295 ,
4033 1239 4082 1284 et

2499 1328 2542 1383 si
2578 1330 2764 1382 funera
2794 1340 2884 1380 tua
2916 1341 3020 1381 non
3056 1326 3225 1381 lueris
3251 1326 3439 1379 tardus
3473 1338 3784 1380 recensere.
3817 1323 3945 1392 Quis
3973 1334 4079 1377 ete-

2502 1420 2610 1476 nim
2638 1421 2778 1476 alius
2811 1423 3011 1476 nostris
3050 1419 3246 1475 diebus
3276 1418 3378 1474 sibi
3417 1419 3666 1490 placens,
3701 1430 4032 1487 contemptor
4063 1458 4076 1480 ,

2499 1515 2790 1585 superbus,
2828 1513 2965 1568 nihil
2999 1513 3290 1584 proﬁciens
3318 1553 3332 1576 ,
3364 1513 3456 1583 qui
3499 1512 3810 1567 dilataverit
3851 1510 3982 1566 sicut
4012 1513 4082 1564 ir.-

2497 1610 2644 1664 terus
2675 1610 2912 1667 animam
2947 1622 3124 1671 snam,
3155 1618 3209 1663 et
3236 1607 3360 1679 quia
3389 1605 3654 1662 aestimari
3691 1607 3858 1676 possit
3898 1621 4007 1661 esse
4030 1615 4079 1659 ut

2498 1719 2647 1760 mors
2688 1704 3048 1769 insatiabilis,
3076 1703 3307 1773 reperiri
3353 1711 3552 1771 potest,
3582 1701 3684 1756 nisi
3717 1703 3807 1755 tu?
3839 1701 3940 1756 Sed
3964 1714 4083 1754 eon-

2496 1799 2647 1866 spiee
2692 1797 2822 1851 nihil
2855 1805 2905 1852 te
2937 1811 3098 1865 posse
3128 1797 3415 1864 prolicere,
3446 1793 3553 1848 diei
3599 1793 3695 1848 tibi
3725 1809 3750 1845 a
3783 1793 3912 1848 Deo.
3945 1791 4084 1846 Licet

777 1891 890 1944 nati
941 1904 1162 1958 pmnam
1215 1889 1332 1944 hac
1371 1890 1690 1943 audiremus
1721 1929 1736 1951 ,
1781 1901 1903 1955 quae
1951 1886 2209 1940 dicuntur
2245 1885 2384 1956 apml
2418 1879 2466 1939 Β
2493 1893 2636 1946 enim
2666 1900 3012 1960 contemptor
3047 1892 3136 1945 Dei
3169 1901 3568 1961 praceptorum
3603 1889 3699 1953 sis,
3729 1888 4081 1958 ejuslicctre-

770 1983 1053 2038 Michzeam
1089 1998 1116 2036 a
1145 1982 1289 2036 Deo:
1323 1981 1514 2037 Audite
1537 1979 1561 2016 ί¹
1594 1982 1771 2048 itaque
1803 1979 1932 2041 ha'c,
1972 1978 2238 2047 prwpositi
2295 1979 2387 2029 da-

779 2093 891 2131 mus
913 2076 1104 2140 Iacob,
1137 2086 1184 2128 et
1210 2073 1408 2128 residui
1441 2073 1627 2126 domus
1658 2072 1827 2128 Israel
1851 2115 1864 2136 ,
1895 2072 1981 2145 qui
2013 2070 2389 2126 abominamini

772 2169 1053 2236 iudicium,
1090 2176 1136 2220 et
1161 2166 1336 2220 omnia
1373 2176 1513 2220 recta
1548 2166 1856 2233 pervertitis.
1906 2164 2007 2232 Qui
2034 2173 2056 2201 ε
2083 2163 2387 2234 mdiﬁcasris

775 2262 905 2315 Sion
932 2269 982 2314 et
1007 2259 1304 2314 Jerusalem
1338 2258 1390 2311 in
1447 2258 1755 2328 sanguinem
1787 2257 2169 2328 iniquitatibus.
2223 2257 2384 2310 Judi-

774 2370 859 2407 ces
898 2351 913 2391 ί
947 2354 1062 2424 ejus
1105 2369 1222 2406 cum
1265 2349 1565 2404 muneribus
1597 2351 1952 2419 judicabant,
2002 2363 2049 2405 et
2096 2352 2387 2407 sacerdotes

771 2450 884 2519 ejus
921 2464 1036 2501 cuin
1074 2447 1310 2501 mercede
1341 2446 1742 2518 respondebant,
1774 2458 1818 2500 et
1851 2446 2119 2518 propheta:
2156 2463 2272 2500 cum
2295 2463 2385 2517 pe-

771 2541 944 2595 cuniis
975 2541 1313 2604 dirinabant,
1347 2550 1394 2595 et
1424 2543 1478 2594 in
1511 2538 1735 2594 Domino
1765 2541 2172 2609 requiescebant,
2202 2541 2377 2595 dicen-

766 2643 842 2689 tes
866 2649 884 2687 :
908 2631 1168 2688 Dominus
1193 2633 1246 2686 in
1275 2634 1421 2689 nobis
1445 2645 1518 2688 est
1547 2675 1561 2699 ,
1589 2642 1634 2687 et
1663 2650 1765 2687 non
1802 2634 2003 2688 renient
2039 2638 2094 2687 in
2121 2649 2214 2687 nos
2243 2634 2382 2686 mala

765 2722 874 2796 (Ib.
910 2740 998 2790 Ill,
1038 2725 1116 2794 9).
1146 2723 1265 2779 Non
1301 2725 1512 2796 legeras
1535 2723 1712 2780 adhuc
1753 2726 1895 2796 apud
1938 2725 2103 2781 istum
2147 2726 2383 2780 sanctis-

769 2818 970 2873 simum
1003 2817 1332 2890 prophetam
1360 2860 1372 2882 ,
1407 2829 1466 2874 ut
1497 2819 1745 2874 damnari
1790 2819 2017 2889 iuberes
2050 2820 2226 2873 virum
2273 2823 2381 2874 lico

766 2909 1049 2966 dicatum?
1081 2907 1146 2963 In
1189 2926 1291 2978 quo
1326 2919 1350 2957 8
1393 2913 1830 2978 comprehendam
1863 2909 2142 2964 Dominum
2175 2951 2189 2975 ,
2238 2927 2380 2963 assu-

774 3021 914 3058 mam
943 3002 1114 3058 Deum
1150 3021 1318 3058 meum
1348 3006 1630 3059 excelsum.
1687 3005 1747 3060 Si
1780 3005 2214 3077 comprehendam
2261 3022 2377 3058 eum

760 3096 813 3151 in
838 3096 1156 3150 holocaustis
1180 3106 1272 3150 aut
1298 3093 1324 3131 l‘
1354 3097 1407 3149 in
1430 3097 1603 3151 vitulis
1635 3098 1898 3152 anniculis
1920 3138 1934 3162 ,
1969 3109 2058 3151 aut
2095 3108 2106 3134 ι
2138 3098 2181 3151 si
2211 3098 2377 3152 susci-

759 3190 866 3258 piet
897 3188 1154 3242 Dominus
1185 3189 1240 3242 in
1289 3190 1458 3244 millia
1488 3191 1706 3244 arietum
1729 3231 1744 3258 ,
1775 3203 1864 3246 aut
1903 3193 1959 3246 in
2005 3191 2180 3247 decem
2211 3194 2375 3246 millia

2491 1983 2751 2054 ligiouem
2808 1983 3036 2051 cupiens
3095 1982 3347 2051 persequi
3387 2023 3400 2042 ,
3455 1997 3520 2035 eo
3573 1995 3746 2051 usque
3783 1980 4080 2035 dilataveris

2490 2076 2727 2130 animam
2760 2085 2903 2129 tuam
2928 2074 2996 2129 ad
3031 2074 3122 2129 Dei
3156 2073 3479 2128 mactandos
3507 2073 3776 2138 cultores,
3813 2079 3870 2126 ut
3898 2080 4005 2125 toto
4034 2071 4078 2123 in

2490 2187 2659 2235 regno
2700 2186 2807 2226 non
2840 2169 3083 2240 digneris
3139 2166 3393 2224 desinere
3441 2183 3662 2238 gregem
3711 2164 3956 2221 vexando
3984 2163 4076 2218 Do-

2490 2267 2672 2332 mini;
2723 2273 2904 2320 tamen
2964 2262 3095 2317 nihil
3153 2261 3366 2332 prolicit
3414 2261 3593 2315 omnis
3652 2259 3927 2314 infestatio
3975 2265 4076 2310 tua.

2488 2358 2683 2413 Cuncti
2741 2357 2942 2412 etenim
2980 2397 2995 2422 ,
3028 2368 3164 2424 quos
3212 2353 3593 2422 persequeris,
3639 2351 3730 2406 Dei
3778 2364 3986 2418 semper
4031 2358 4082 2402 et

2486 2460 2684 2505 suntet
2709 2457 2871 2503 erunt
2894 2449 3062 2503 servi.
3097 2446 3176 2500 Tu
3206 2461 3362 2513 vero,
3410 2444 3514 2499 nisi
3547 2444 3645 2499 tibi
3682 2441 3999 2513 provideris,
4033 2443 4078 2495 in

2485 2552 2747 2598 mlernum
2779 2541 2890 2596 eris
2925 2539 3228 2610 periturus:
3264 2539 3357 2593 tibi
3418 2539 3675 2608 placens,
3701 2543 4037 2608 c0utcmpt0r
4064 2577 4078 2599 ,

2483 2635 2774 2705 superbus,
2804 2633 2926 2701 quia
2962 2631 3038 2685 sis
3071 2630 3307 2685 dilatans
3347 2631 3584 2684 animam
3622 2641 3769 2686 tuam
3813 2637 4076 2698 tamquam

2486 2727 2692 2782 inl'erus
2721 2727 2789 2780 ad
2821 2741 2917 2778 nos
2951 2723 3300 2780 devmandos
3331 2724 3539 2796 pariter
3580 2734 3636 2779 ct
3666 2722 4032 2779 absorbendos
4064 2761 4076 2785 ,

2487 2830 2773 2891 propterea
2799 2820 2942 2892 quod
2978 2820 3121 2875 male
3151 2818 3246 2873 tibi
3283 2817 3467 2890 agenti
3513 2819 3840 2873 resistamus
3869 2859 3882 2884 ,
3919 2817 4081 2871 lactus

2487 2922 2544 2965 ut
2573 2926 2724 2966 mors
2754 2911 3106 2974 insatiabilis,
3139 2908 3297 2964 furiis
3326 2909 3506 2981 aget-is
3531 2910 3583 2963 in
3611 2921 3853 2965 nosuam
3881 2922 4079 2962 net-em.

2482 3003 2634 3057 Adeo
2669 3017 2900 3073 nequam
2930 3016 3012 3064 es.
3045 2999 3330 3056 Constanti
3361 3042 3374 3064 ,
3410 3010 3466 3055 ut
3497 3016 3626 3056 cum
3659 3002 3976 3072 prophetam
4003 2999 4081 3053 in-

2480 3093 2642 3149 venio
2664 3093 2871 3150 dicere:
2907 3093 2951 3147 ο
2975 3098 3058 3160 qui
3093 3094 3219 3146 mihi
3248 3092 3436 3164 fundat
3463 3104 3484 3132 ι’
3511 3095 3873 3164 {undationem
3901 3093 4081 3147 malam

2482 3187 2660 3240 domui
2701 3204 2832 3254 sum,
2867 3198 2924 3242 ut
2947 3189 3161 3243 collocet
3183 3189 3234 3242 in
3267 3189 3430 3242 altum
3463 3189 3648 3243 nidum
3681 3207 3833 3245 suum
3865 3189 3973 3258 (Ib.
4005 3186 4075 3257 9),

757 3257 1032 3336 haedorum
1054 3281 1350 3353 pinguium,
1381 3292 1469 3337 aut
1489 3283 1623 3338 dabo
1652 3285 1997 3357 primogenita
2047 3302 2158 3339 nica
2186 3287 2370 3356 impie-
2404 3257 2447 3319 (ἶ
2484 3287 2538 3333 tn
2565 3278 2694 3334 mihi
2735 3288 2898 3350 atque
2923 3279 3220 3335 hancditas
3247 3280 3581 3347 antichristi,
3616 3285 3699 3336 cui
3739 3283 3887 3337 lares
3923 3322 3935 3345 ,
3966 3291 4082 3334 ante

757 3376 880 3431 tatis
917 3375 963 3442 ί,
1012 3379 1243 3446 fructum
1272 3377 1463 3431 ventris
1495 3377 1593 3432 mei
1625 3395 1719 3448 pro
1749 3380 1977 3450 peccatis
2006 3381 2194 3435 animm
2221 3397 2362 3435 mete.

757 3467 1198 3524 Renuntiandum
1220 3467 1245 3507 ι
1293 3469 1384 3523 tibi
1406 3480 1502 3535 est,
1533 3471 1709 3538 homo,
1733 3473 1874 3541 quod
1904 3473 1971 3526 sit
1993 3472 2186 3527 bonum
2217 3515 2229 3537 ,
2279 3485 2369 3528 aut

747 3562 877 3633 quid
902 3559 1162 3616 Dominus
1191 3562 1468 3631 exquisivi!
1505 3559 1520 3600 ι
1546 3580 1578 3615 a
1610 3573 1658 3618 te
1690 3563 1859 3628 aliud,
1886 3563 1984 3618 nisi
2009 3573 2064 3618 ut
2086 3565 2256 3636 facias
2273 3566 2370 3637 ju-

752 3656 952 3710 diciunt
981 3665 1028 3710 et
1041 3656 1330 3729 justitiam,
1361 3665 1410 3709 et
1437 3655 1631 3726 diligas
1657 3657 2068 3711 misericordiam
2087 3698 2101 3722 ,
2135 3667 2183 3710 et
2212 3674 2370 3728 para-

751 3761 831 3806 tus
861 3754 932 3805 sis
955 3751 1034 3804 ire
1057 3766 1172 3804 cum
1201 3749 1426 3805 Domino
1449 3749 1560 3805 Deo
1585 3759 1674 3805 tuo
1699 3749 1810 3820 (Ib.
1842 3767 1916 3817 νι,
1952 3752 2010 3822 ϐ)
2035 3752 2057 3801 ?
2083 3751 2195 3807 Nec
2222 3752 2368 3823 apud

754 3842 1015 3898 llabacuc
1065 3844 1360 3898 inveneras
1391 3843 1656 3909 scriptum
1701 3861 1712 3896 :
1767 3843 1972 3915 Impius
2031 3861 2121 3914 per
2189 3856 2369 3915 poten-

750 3935 878 3989 tiam
903 3935 1162 4011 oppressit
1193 3943 1231 3970 ιη
1252 3935 1463 4005 justum
1489 3933 1718 4005 (Habac.
1750 3951 1786 4001 ι,
1812 3935 1910 4005 ιυῖ
1943 3945 1997 3990 ιιι
2027 3936 2097 3990 ita
2129 3937 2369 3993 scelera-

751 4039 865 4082 tum
901 4025 1100 4083 fuisses
1130 4040 1425 4098 aggressus
1447 4040 1585 4098 Opus
1610 4027 1752 4098 qttod
1795 4037 1848 4084 te
1875 4027 2016 4097 apud
2044 4028 2208 4084 Deum
2239 4044 2366 4100 pos—

747 4129 835 4176 set
867 4121 1046 4175 lacere
1096 4119 1342 4190 impium.
1379 4119 1514 4175 ltem
1556 4119 1696 4174 infra
1731 4135 1836 4174 non
1876 4121 2162 4177 inveneras
2211 4122 2360 4193 posi-

743 4215 899 4271 tum?
916 4211 1022 4269 Cur
1045 4221 1071 4250 υ
1095 4214 1307 4286 inspicis
1329 4230 1484 4285 super
1497 4215 1914 4282 contemptores?
1936 4215 2125 4270 tacebis
2151 4215 2213 4270 ob
2238 4215 2356 4284 hoc,

820 4428 843 4454 υ
873 4415 1008 4492 Cum
1031 4415 1227 4492 Graaco
1254 4413 1514 4492 Stetimus.
1542 4414 1599 4492 [ρ
1621 4424 1780 4471 ποιῶν
1806 4419 1879 4478 εἰς
1908 4416 2043 4492 ᾗψος
2059 4425 2244 4492 κρῖμα,
2276 4422 2360 4474 καὶ

742 4487 1168 4561 δικαιοσύνηνβὶς
1196 4498 1290 4561 γῆ)
1322 4486 1515 4561 mnum.
1547 4487 1705 4544 Vers.
1741 4492 1867 4543 Ant.
1900 4486 2074 4542 Facit.

818 4561 845 4600 ι)
877 4560 1036 4641 γει-ξ.
1060 4557 1215 4641 Αιιις
1243 4557 1622 4641 Desirlcrabcint
1794 4561 2022 4641 pupillos
2053 4603 2065 4627 ,
2099 4571 2145 4613 et
2180 4563 2362 4616 domos

746 4633 1136 4703 opprimebant,
1167 4640 1213 4684 et
1233 4630 1638 4702 rapiebant
1677 4630 1947 4702 propterea
1982 4633 2110 4686 hcce.

749 4775 772 4777 _
822 4717 843 4744 ο
872 4702 1088 4777 Cogito.
1108 4702 1289 4758 Latin.
1323 4718 1459 4777 cum_
1480 4701 1717 4777 Gr:ec.,__
1739 4702 1892 4777 Vel-sq.
1925 4709 2053 4758 Aut.
2111 4716 2164 4760 et
2200 4705 2359 4777 Vulg.

747 4773 1019 4832 Praeterea
1048 4773 1209 4846 Vers.
1237 4779 1364 4828 Ant.
1422 4773 1596 4846 Super
1629 4774 1816 4827 tribum
1867 4775 2021 4828 istam
2063 4777 2205 4831 mala
2235 4819 2249 4843 ,
2298 4773 2362 4832 de

745 4849 930 4918 quibus
963 4863 1066 4900 non
1093 4845 1344 4918 auferetis
1376 4847 1514 4918 colla
1543 4856 1732 4918 restra.

817 4917 842 4956 ἀ
874 4916 1031 4989 Vera.
1058 4919 1190 4972 Aut.
1222 4917 1411 4989 Audite
1437 4917 1544 4974 hwc
1579 4917 1737 4972 duces
1878 4934 1924 4972 et
1951 4917 2157 4989 reliqui.

822 5001 844 5028 ε
874 4988 975 5055 Qui
993 4989 1266 5060 aedilitatis
1298 4987 1431 5044 Sion
1450 4990 1836 5060 inAsanguiuent
1869 5032 1883 5055 ,
1914 5003 1959 5045 et
1987 4987 2280 5048 Jerusalem
2306 4995 2358 5047 in

742 5063 970 5134 iniquita
987 5058 1123 5116 ibus.
1169 5061 1345 5134 Latii).
1389 5076 1455 5115 ex
1487 5058 1680 5134 Granio
1707 5105 1722 5127 ,
1755 5062 1910 5134 Vers.
1971 5066 2099 5134 l_\ttt.
2135 5076 2186 5117 et
2232 5065 2360 5119 Vitl-

780 5129 888 5206 at'a.
934 5132 1092 5206 vers.
1129 5136 1258 5206 Atil.
1290 5129 1358 5186 In
1382 5133 1744 5206 sanguinibus.
1774 5133 1930 5206 Vulg.
1967 5131 2033 5188 In
2059 5135 2354 5206 iniquitate.

741 5150 888 5262 gn.
939 5150 1092 5191 vers.
1129 5150 1258 5188 Atil.
1290 5150 1358 5186 sn
1382 5150 1744 5206 sangumsous.

822 5205 934 5260 bat.
965 5205 1097 5274 legit
1120 5205 1392 5273 adiﬁcatis
1414 5206 1464 5257 in
1501 5203 1772 5259 Lucifero.

821 5275 1033 5331 ινα-ε.
1081 5278 1208 5330 Ant.
1260 5274 1430 5330 Duces
1462 5277 1573 5346 ejus
1624 5277 1677 5329 in

741 5353 1006 5421 prapheta:
1045 5348 1241 5421 ejus_in
1426 5345 1490 5421 et
1521 5364 1676 5419 super
1711 5345 1986 5421 Dominum
2161 5349 2351 5406 Nonne

740 5419 1000 5475 Dominus
1153 5419 1176 5473 ?
1205 5435 1303 5472 non
1336 5419 1531 5472 renien:
1563 5436 1716 5475 super
1746 5436 1835 5473 nos
1863 5419 2023 5475 mala.

815 5502 838 5538 ις
890 5490 955 5546 1η
1002 5489 1533 5562 (μιοναρρνειιεηάωη
1598 5489 1913 5546 Dominum?
1958 5493 2001 5546 si
2064 5493 2348 5562 suscipiant

739 5560 931 5628 Deum,
953 5560 1062 5618 etc.
1088 5560 1246 5618 Vers.
1279 5564 1404 5615 Ant.
1441 5562 1501 5616 Si
1527 5564 1683 5619 abest
1705 5579 1732 5615 ιι
1763 5562 1976 5630 Graeco,
2009 5574 2060 5618 ut
2097 5579 2126 5618 a
2164 5560 2340 5620 Lucil.

813 5632 836 5668 δ
869 5637 966 5688 Ant
998 5634 1291 5689 demitura
1333 5632 1511 5688 Latin.
1563 5635 1717 5691 deest
1751 5637 1804 5690 in
1851 5635 2047 5691 Graeco
2079 5647 2132 5691 et
2179 5635 2338 5692 Vers.

739 5707 870 5763 Ant.
905 5704 1327 5773 Apprehendam.
1362 5703 1518 5759 νει-ε.
1553 5707 1679 5760 Ant.

827 5777 846 5857 ί.
877 5777 1070 5858 Graec:
1092 5781 1133 5831 ιε
1162 5775 1524 5859 πρεᾳδᾶξιται,
1549 5779 1708 5859 abest
1727 5789 1837 5859 aut.
1868 5776 2199 5859 'Vers_.‘_hut._
2219 5779 2350 5859 Sus-

748 5851 903 5920 cipiat
1055 5850 1106 5900 in
1137 5849 1366 5920 millibus
1540 5850 1616 5904 rel
1639 5849 1692 5903 in
1718 5849 1896 5920 decem
1924 5850 2151 5906 millibus
2179 5851 2353 5907 hirco-

750 5917 867 5974 rum
1041 5930 1129 5976 aut
1161 5917 1319 5987 dabo,
1353 5929 1457 5977 etc.
1491 5919 1675 5978 Sabat.
1713 5919 1842 5994 legit
1873 5938 1887 5978 :
1921 5921 2216 5995 Suscipiam
2247 5922 2357 5980 Dc-

1877 5277 1928 5329 in
1994 5277 2228 5334 mercede
2254 5320 2266 5334 .
2280 5319 2316 5333 ..
2333 5323 2345 5335 .

2478 3373 2671 3428 oeulos
2692 3373 3038 3439 obversetur,
3081 3388 3419 3444 cognoscens
3449 3385 3681 3430 conatus
3717 3386 3840 3430 tuos
3865 3375 3983 3428 illos
4003 3388 4076 3428 sa-

2478 3467 2736 3537 crilegos.
2792 3465 2907 3521 Non
2941 3468 3085 3520 enim
3135 3475 3317 3536 potest
3355 3466 3591 3522 dubitari
3646 3479 3696 3523 te
3753 3475 4000 3523 ennatum
4031 3473 4081 3519 et

2478 3560 2695 3625 conari,
2731 3569 2787 3614 ut
2812 3567 2926 3614 toto
2957 3559 3009 3613 in
3048 3574 3215 3630 regno
3249 3569 3340 3616 tuo
3371 3569 3558 3630 posset
3591 3560 3808 3616 fundari
3860 3559 4076 3614 barresis

2482 3663 2594 3719 tua,
2627 3651 2835 3708 destrui
2871 3668 3004 3708 vero
3036 3653 3171 3709 lides
3205 3653 3493 3709 catholica.
3529 3655 3638 3710 Sed
3669 3665 3724 3710 et
3753 3671 3877 3711 cum
3928 3652 4079 3708 audio

2476 3747 2715 3803 dicatum
2753 3748 2861 3803 Deo
2885 3748 3211 3820 prophetam
3254 3749 3440 3806 dicere
3461 3766 3480 3803 :
3529 3747 3616 3804 γω
3646 3753 3735 3822 qui
3766 3751 4027 3820 aedificant
4058 3760 4076 3785 ³

2477 3845 2735 3899 civitatem
2781 3847 2834 3898 in
2865 3847 3208 3919 sanguinibus
3240 3888 3254 3912 ,
3287 3856 3334 3900 et
3372 3858 3676 3918 pra'param
3727 3848 3982 3902 civitatem
4030 3847 4080 3900 in

2477 3938 2836 4008 iniquitatibus
2867 3938 2971 4010 (lb.
3003 3938 3131 4009 12);
3183 3949 3238 3994 tu
3268 3941 3400 3996 mihi
3425 3955 3549 3997 esse
3583 3940 3812 4006 videris,
3846 3941 3935 4012 qui
3964 3954 4080 4007 spe-

2478 4030 2691 4084 luncam
2724 4031 2994 4086 latronum
3035 4033 3110 4086 sis
3143 4047 3240 4102 per
3289 4033 3568 4104 sanguinis
3603 4032 3875 4089 fusionem
3908 4033 4074 4087 rediti-

2475 4139 2628 4190 cans,
2657 4140 2752 4195 per
2783 4139 2971 4181 necem
3001 4125 3097 4180 Dei
3123 4141 3429 4181 servorum.
3458 4127 3561 4182 Aut
3595 4128 3824 4198 negabis
3858 4127 4072 4198 spelun-

2469 4234 2588 4274 cam
2639 4219 2909 4276 latronum
2960 4235 3082 4276 esse
3142 4229 3384 4278 vestrum
3441 4221 3740 4293 malignum
3793 4220 4070 4278 concilium

2464 4435 2682 4475 minuat.

2542 4493 2554 4540 i
2594 4492 2729 4546 Cum
2756 4489 2926 4564 Cypr.
2962 4493 3058 4548 lib.
3089 4494 3123 4549 5
3161 4492 3394 4549 'l‘estim.
3446 4493 3607 4549 Vers.
3668 4493 3798 4548 Ant.
3840 4492 3946 4548 Pro
3986 4493 4075 4545 im-

2466 4563 2656 4649 pie'tat‘e
2805 4563 2900 4635 pro
2917 4575 3162 4649 peccato;
3183 4564 3385 4648 .Sabat.
3422 4564 3528 4649 Pr-e
3551 4581 3666 4646 mea
3699 4567 3982 4649 impietate.

2541 4633 2564 4671 ¹ι
2601 4635 2679 4687 An
2711 4633 3072 4690 renunciatum
3103 4638 3193 4690 tibi
3217 4645 3311 4700 cst,
3342 4646 3448 4690 etc.
3490 4635 3669 4691 Latin.
3703 4633 4073 4691 Adnunciatum

2469 4705 2660 4760 esttibi
2713 4706 2866 4761 homo
2892 4708 3017 4777 quid
3049 4707 3260 4765 bonunt.
3311 4706 3463 4764 Vers.
3521 4709 3652 4763 Ant.
3713 4708 3856 4777 Quid
3915 4708 4068 4762 habet

2468 4778 2632 4832 etiam
2659 4777 2848 4833 Sabat.

2548 4848 2758 4925 [γει-δ.
2780 4851 2910 4904 Ant.
2949 4849 3163 4925 Quaerat
3190 4870 3222 4905 ιι
3255 4861 3302 4905 te
3327 4867 3353 4925 ί
3381 4851 3480 4907 nisi
3507 4860 3560 4904 ut
3590 4851 3757 4921 facias
3774 4851 4068 4925 judiciunt,

2465 4930 2513 4975 et
2544 4920 2734 4990 diligas
2881 4921 3151 4977 ambulare
3168 4940 3287 4978 cum
3316 4921 3427 4978 Deo
3456 4934 3563 4977 tuo.

2538 5001 2576 5066 ιη
2608 4991 2788 5066 Graec.
2823 4993 3279 5052 καταδυναστιύει.
3343 4995 3492 5052 Vers.
3545 5001 3674 5050 Ant.
3707 4993 3914 5066 Impius
3944 5008 4068 5064 pra-

2467 5064 2867 5139 valetAadrerAsus
2891 5069 3119 5139 justum.

2538 5145 2562 5171 "
2590 5135 2724 5192 Cum
2756 5135 2948 5192 Graeco
2986 5139 3037 5192 in
3065 5137 3199 5196 edit.
3255 5139 3415 5195 Rom.
3447 5147 3502 5194 et
3532 5137 3748 5208 Compl.
3778 5139 3918 5196 ἴνατι
3961 5140 4064 5193 ἐπι·

2468 5208 2667 5282 ϐλέπῃς
2692 5225 2705 5272 ;
2735 5209 2892 5264 Vers.
2925 5209 3056 5282 Ant.
3087 5227 3248 5282 quare
3266 5228 3368 5265 non
3397 5211 3613 5282 aspicis,
3645 5220 3755 5264 etc.

2532 5289 2556 5314 ο
2594 5280 2788 5355 Ferme
2814 5296 2938 5355 cum
2963 5280 3237 5355 Graecoiu
3272 5282 3404 5355 edd.
3439 5280 3632 5355 iis-deni
3663 5283 3712 5336 ἐν
3751 5292 3826 5355 τῷ
3847 5284 4066 5355 καταπί-

2455 5372 2554 5406 νειν
2582 5353 2747 5412 ἀσεϐῆ
2777 5354 2862 5408 τὸν
2918 5351 3135 5409 δίκαιον.
3172 5353 3330 5409 Vers.
3380 5352 3510 5407 Atil.
3567 5353 3697 5409 Cum
3747 5351 4066 5410 devorareril

2454 5424 2646 5495 impius
2669 5426 2950 5495 justiorem
2980 5442 3070 5479 se:
3107 5426 3338 5492 omisso,
3365 5423 3428 5478 ob
3462 5425 3579 5478 hoc.

2526 5510 2554 5547 ι)
2584 5493 2792 5566 lfirum,
2823 5507 3098 5552 commate
3127 5497 3454 5566 postposito.
3489 5495 3662 5551 Latin.

2527 5577 2554 5616 ει
2581 5565 2740 5621 Vers.
2771 5569 2901 5622 Ant.
2928 5565 3194 5640 Arrogans
3216 5577 3291 5622 est
3490 5570 3622 5623 nihil
3650 5570 3889 5640 perducit
3917 5569 3986 5623 ad
4009 5568 4066 5636 ﬁ-

2453 5654 2566 5713 nem
2733 5641 2866 5694 sicut
2905 5641 3143 5713 infernus
3329 5650 3375 5695 et
3431 5641 3528 5696 iste
3549 5641 3697 5710 quasi
3721 5657 3859 5697 mors
3894 5684 3911 5711 ,
3966 5655 4063 5694 non

2454 5710 2792 5777 adimpletur.

2534 5792 2553 5820 τ
2590 5781 2743 5839 Vers.
2779 5785 2903 5838 Ant.
2952 5781 2996 5836 0
3041 5784 3129 5855 qui
3189 5783 3506 5856 multiplicat
3547 5785 3820 5840 araritiam
3871 5783 4062 5839 malam

2615 5862 2670 5923 ut
2695 5867 2852 5923 ponat
2879 5856 2930 5908 in
2958 5856 3184 5920 excelso,
3210 5867 3319 5912 etc.

2540 5933 2561 5961 ³
2601 5922 2878 5996 Δῑάἱβτσι,
2908 5935 2956 5981 et
2986 5940 3244 5998 preparat
3276 5928 3470 5986 urbem.
3506 5929 3662 5988 Vera.
3695 5928 3820 5987 Ant.
