  <div class='ocr_page' id='page_1' title='image "/cluster/home/n/w/nwhite01/storage/ocr_20150623/12-13/uc1.31175013632818/1098.png"; bbox 0 0 4292 6462; ppageno 0'>
   <div class='ocr_carea' id='block_1_1' title="bbox 198 443 294 498">
    <p class='ocr_par' dir='ltr' id='par_1_1' title="bbox 198 443 294 498">
     <span class='ocr_line' id='line_1_1' title="bbox 198 443 294 498; baseline -0.021 0"><span class='ocrx_word' id='word_1_1' title='bbox 198 443 294 498; x_wconf 81' lang='lat'><strong>869</strong></span> 
     </span>
    </p>
   </div>
   <div class='ocr_carea' id='block_1_2' title="bbox 1251 429 2384 492">
    <p class='ocr_par' dir='ltr' id='par_1_2' title="bbox 1251 429 2384 492">
     <span class='ocr_line' id='line_1_2' title="bbox 1251 429 2384 492; baseline -0.005 -1"><span class='ocrx_word' id='word_1_2' title='bbox 1251 433 1386 491; x_wconf 78' lang='lat' dir='ltr'><strong>PRO</strong></span> <span class='ocrx_word' id='word_1_3' title='bbox 1422 431 1696 492; x_wconf 79' lang='lat' dir='ltr'><strong>SANCTO</strong></span> <span class='ocrx_word' id='word_1_4' title='bbox 1730 429 2131 490; x_wconf 70' lang='lat' dir='ltr'><strong>ATHANASIO</strong></span> <span class='ocrx_word' id='word_1_5' title='bbox 2169 430 2302 486; x_wconf 87' lang='lat' dir='ltr'><strong>LIB.</strong></span> <span class='ocrx_word' id='word_1_6' title='bbox 2343 431 2384 486; x_wconf 89' lang='lat' dir='ltr'><strong>l.</strong></span> 
     </span>
    </p>
   </div>
   <div class='ocr_carea' id='block_1_3' title="bbox 3371 433 3477 489">
    <p class='ocr_par' dir='ltr' id='par_1_3' title="bbox 3371 433 3477 489">
     <span class='ocr_line' id='line_1_3' title="bbox 3371 433 3477 489; baseline 0 -1"><span class='ocrx_word' id='word_1_7' title='bbox 3371 433 3477 489; x_wconf 84' lang='grc' dir='ltr'><strong>8Ἱο</strong></span> 
     </span>
    </p>
   </div>
   <div class='ocr_carea' id='block_1_4' title="bbox 199 540 3486 621">
    <p class='ocr_par' dir='ltr' id='par_1_4' title="bbox 199 540 3486 621">
     <span class='ocr_line' id='line_1_4' title="bbox 199 540 3486 621; baseline -0.004 -8"><span class='ocrx_word' id='word_1_8' title='bbox 199 557 546 613; x_wconf 78' lang='lat' dir='ltr'><strong>Arianorum?</strong></span> <span class='ocrx_word' id='word_1_9' title='bbox 587 556 767 611; x_wconf 85' lang='lat' dir='ltr'><strong>Sinon</strong></span> <span class='ocrx_word' id='word_1_10' title='bbox 805 553 938 608; x_wconf 86' lang='lat' dir='ltr'><strong>estis</strong></span> <span class='ocrx_word' id='word_1_11' title='bbox 969 553 1228 616; x_wconf 86' lang='lat' dir='ltr'><strong>latrones,</strong></span> <span class='ocrx_word' id='word_1_12' title='bbox 1265 551 1542 621; x_wconf 88' lang='lat' dir='ltr'><strong>quomodo</strong></span> <span class='ocrx_word' id='word_1_13' title='bbox 1565 547 1774 604; x_wconf 83' lang='lat' dir='ltr'><strong>interli-</strong></span> <span class='ocrx_word' id='word_1_14' title='bbox 1804 555 1848 614; x_wconf 78' lang='grc' dir='ltr'><strong>Α</strong></span> <span class='ocrx_word' id='word_1_15' title='bbox 1878 562 2005 604; x_wconf 86' lang='lat' dir='ltr'><strong>esse</strong></span> <span class='ocrx_word' id='word_1_16' title='bbox 2033 544 2362 614; x_wconf 76' lang='lat' dir='ltr'><strong>descriptos,</strong></span> <span class='ocrx_word' id='word_1_17' title='bbox 2397 541 2539 612; x_wconf 87' lang='lat' dir='ltr'><strong>quod</strong></span> <span class='ocrx_word' id='word_1_18' title='bbox 2569 541 2712 598; x_wconf 78' lang='lat' dir='ltr'><strong>sitim</strong></span> <span class='ocrx_word' id='word_1_19' title='bbox 2743 540 2905 596; x_wconf 74' lang='lat' dir='ltr'><strong>futuri</strong></span> <span class='ocrx_word' id='word_1_20' title='bbox 2948 543 3143 598; x_wconf 84' lang='lat' dir='ltr'><strong>essetis</strong></span> <span class='ocrx_word' id='word_1_21' title='bbox 3174 543 3270 600; x_wconf 88' lang='lat' dir='ltr'><strong>Dei</strong></span> <span class='ocrx_word' id='word_1_22' title='bbox 3313 544 3486 601; x_wconf 76' lang='lat' dir='ltr'><strong>inure-</strong></span> 
     </span>
    </p>
   </div>
   <div class='ocr_carea' id='block_1_5' title="bbox 198 641 1774 710">
    <p class='ocr_par' dir='ltr' id='par_1_5' title="bbox 198 641 1774 710">
     <span class='ocr_line' id='line_1_5' title="bbox 198 641 1774 710; baseline -0.005 -7"><span class='ocrx_word' id='word_1_23' title='bbox 198 664 312 703; x_wconf 90' lang='lat' dir='ltr'><strong>ccre</strong></span> <span class='ocrx_word' id='word_1_24' title='bbox 335 646 636 703; x_wconf 87' lang='lat' dir='ltr'><strong>iuvenimini</strong></span> <span class='ocrx_word' id='word_1_25' title='bbox 687 645 800 700; x_wconf 89' lang='lat' dir='ltr'><strong>Deo</strong></span> <span class='ocrx_word' id='word_1_26' title='bbox 830 643 1080 698; x_wconf 82' lang='lat' dir='ltr'><strong>dicatos?</strong></span> <span class='ocrx_word' id='word_1_27' title='bbox 1109 643 1371 697; x_wconf 85' lang='lat' dir='ltr'><strong>Civitates</strong></span> <span class='ocrx_word' id='word_1_28' title='bbox 1402 642 1455 695; x_wconf 88' lang='lat' dir='ltr'><strong>in</strong></span> <span class='ocrx_word' id='word_1_29' title='bbox 1502 641 1774 710; x_wconf 75' lang='lat' dir='ltr'><strong>Sanguine</strong></span> 
     </span>
    </p>
   </div>
   <div class='ocr_carea' id='block_1_6' title="bbox 199 736 1772 812">
    <p class='ocr_par' dir='ltr' id='par_1_6' title="bbox 199 736 1772 812">
     <span class='ocr_line' id='line_1_6' title="bbox 199 736 1772 812; baseline -0.006 -15"><span class='ocrx_word' id='word_1_30' title='bbox 199 745 282 812; x_wconf 87' lang='lat' dir='ltr'><strong>qui</strong></span> <span class='ocrx_word' id='word_1_31' title='bbox 302 742 582 808; x_wconf 71' lang='lat' dir='ltr'><strong>mdiliCnnt,</strong></span> <span class='ocrx_word' id='word_1_32' title='bbox 606 755 685 794; x_wconf 66' lang='lat' dir='ltr'><strong>vce</strong></span> <span class='ocrx_word' id='word_1_33' title='bbox 715 739 934 792; x_wconf 90' lang='lat' dir='ltr'><strong>habent.</strong></span> <span class='ocrx_word' id='word_1_34' title='bbox 967 736 1432 792; x_wconf 84' lang='lat' dir='ltr'><strong>Prudentissimus</strong></span> <span class='ocrx_word' id='word_1_35' title='bbox 1460 736 1772 800; x_wconf 72' lang='lat' dir='ltr'><strong>imperatur,</strong></span> 
     </span>
    </p>
   </div>
   <div class='ocr_carea' id='block_1_7' title="bbox 198 830 1774 900">
    <p class='ocr_par' dir='ltr' id='par_1_7' title="bbox 198 830 1774 900">
     <span class='ocr_line' id='line_1_7' title="bbox 198 830 1774 900; baseline -0.006 -10"><span class='ocrx_word' id='word_1_36' title='bbox 198 852 296 890; x_wconf 91' lang='lat' dir='ltr'><strong>non</strong></span> <span class='ocrx_word' id='word_1_37' title='bbox 327 834 521 900; x_wconf 87' lang='lat' dir='ltr'><strong>vidisti,</strong></span> <span class='ocrx_word' id='word_1_38' title='bbox 553 849 638 888; x_wconf 74' lang='lat' dir='ltr'><strong>va:</strong></span> <span class='ocrx_word' id='word_1_39' title='bbox 669 833 762 888; x_wconf 89' lang='lat' dir='ltr'><strong>tibi</strong></span> <span class='ocrx_word' id='word_1_40' title='bbox 796 850 954 900; x_wconf 82' lang='lat' dir='ltr'><strong>posse</strong></span> <span class='ocrx_word' id='word_1_41' title='bbox 994 847 1140 892; x_wconf 88' lang='lat' dir='ltr'><strong>esse,</strong></span> <span class='ocrx_word' id='word_1_42' title='bbox 1173 832 1299 900; x_wconf 84' lang='lat' dir='ltr'><strong>quia</strong></span> <span class='ocrx_word' id='word_1_43' title='bbox 1330 830 1595 885; x_wconf 58' lang='lat' dir='ltr'><strong>harresem</strong></span> <span class='ocrx_word' id='word_1_44' title='bbox 1628 840 1774 882; x_wconf 88' lang='lat' dir='ltr'><strong>tuam</strong></span> 
     </span>
    </p>
   </div>
   <div class='ocr_carea' id='block_1_8' title="bbox 199 923 1780 998">
    <p class='ocr_par' dir='ltr' id='par_1_8' title="bbox 199 923 1780 998">
     <span class='ocr_line' id='line_1_8' title="bbox 199 923 1780 998; baseline -0.006 -15"><span class='ocrx_word' id='word_1_45' title='bbox 199 944 289 998; x_wconf 88' lang='lat' dir='ltr'><strong>per</strong></span> <span class='ocrx_word' id='word_1_46' title='bbox 316 929 586 997; x_wconf 78' lang='lat' dir='ltr'><strong>sanguinis</strong></span> <span class='ocrx_word' id='word_1_47' title='bbox 633 927 724 980; x_wconf 88' lang='lat' dir='ltr'><strong>Dei</strong></span> <span class='ocrx_word' id='word_1_48' title='bbox 762 926 1039 980; x_wconf 81' lang='lat' dir='ltr'><strong>hominum</strong></span> <span class='ocrx_word' id='word_1_49' title='bbox 1084 924 1352 978; x_wconf 75' lang='lat' dir='ltr'><strong>fusionem</strong></span> <span class='ocrx_word' id='word_1_50' title='bbox 1395 923 1594 993; x_wconf 90' lang='lat' dir='ltr'><strong>putasti</strong></span> <span class='ocrx_word' id='word_1_51' title='bbox 1644 936 1780 975; x_wconf 78' lang='lat' dir='ltr'><strong>rea:-</strong></span> 
     </span>
    </p>
   </div>
   <div class='ocr_carea' id='block_1_9' title="bbox 202 1017 1776 1090">
    <p class='ocr_par' dir='ltr' id='par_1_9' title="bbox 202 1017 1776 1090">
     <span class='ocr_line' id='line_1_9' title="bbox 202 1017 1776 1090; baseline -0.004 -14"><span class='ocrx_word' id='word_1_52' title='bbox 202 1021 550 1077; x_wconf 74' lang='lat' dir='ltr'><strong>diﬁcaudaml</strong></span> <span class='ocrx_word' id='word_1_53' title='bbox 596 1019 737 1074; x_wconf 89' lang='lat' dir='ltr'><strong>Dicit</strong></span> <span class='ocrx_word' id='word_1_54' title='bbox 766 1019 1006 1090; x_wconf 83' lang='lat' dir='ltr'><strong>Spiritus</strong></span> <span class='ocrx_word' id='word_1_55' title='bbox 1053 1030 1273 1072; x_wconf 83' lang='lat' dir='ltr'><strong>sanctus</strong></span> <span class='ocrx_word' id='word_1_56' title='bbox 1307 1034 1401 1087; x_wconf 81' lang='lat' dir='ltr'><strong>pt‘l&#39;</strong></span> <span class='ocrx_word' id='word_1_57' title='bbox 1443 1017 1776 1085; x_wconf 74' lang='lat' dir='ltr'><strong>Suplmttium</strong></span> 
     </span>
    </p>
   </div>
   <div class='ocr_carea' id='block_1_10' title="bbox 201 1108 1781 1184">
    <p class='ocr_par' dir='ltr' id='par_1_10' title="bbox 201 1108 1781 1184">
     <span class='ocr_line' id='line_1_10' title="bbox 201 1108 1781 1184; baseline -0.005 -16"><span class='ocrx_word' id='word_1_58' title='bbox 201 1113 536 1184; x_wconf 83' lang='lat' dir='ltr'><strong>prophetam:</strong></span> <span class='ocrx_word' id='word_1_59' title='bbox 575 1111 805 1178; x_wconf 67' lang='lat' dir='ltr'><strong>Qumrite</strong></span> <span class='ocrx_word' id='word_1_60' title='bbox 849 1109 1131 1163; x_wconf 87' lang='lat' dir='ltr'><strong>Dominum</strong></span> <span class='ocrx_word' id='word_1_61' title='bbox 1165 1151 1178 1172; x_wconf 85' lang='lat'><strong>,</strong></span> <span class='ocrx_word' id='word_1_62' title='bbox 1226 1120 1274 1162; x_wconf 90' lang='lat' dir='ltr'><strong>et</strong></span> <span class='ocrx_word' id='word_1_63' title='bbox 1307 1119 1329 1144; x_wconf 81' lang='grc' dir='ltr'><strong>ἰ</strong></span> <span class='ocrx_word' id='word_1_64' title='bbox 1360 1125 1532 1162; x_wconf 89' lang='lat' dir='ltr'><strong>omnes</strong></span> <span class='ocrx_word' id='word_1_65' title='bbox 1563 1108 1781 1160; x_wconf 80' lang='lat' dir='ltr'><strong>humiles</strong></span> 
     </span>
    </p>
   </div>
   <div class='ocr_carea' id='block_1_11' title="bbox 198 1203 1783 1276">
    <p class='ocr_par' dir='ltr' id='par_1_11' title="bbox 198 1203 1783 1276">
     <span class='ocr_line' id='line_1_11' title="bbox 198 1203 1783 1276; baseline -0.003 -17"><span class='ocrx_word' id='word_1_66' title='bbox 198 1216 339 1262; x_wconf 70' lang='lat' dir='ltr'><strong>terra</strong></span> <span class='ocrx_word' id='word_1_67' title='bbox 353 1207 606 1276; x_wconf 86' lang='lat' dir='ltr'><strong>judicium</strong></span> <span class='ocrx_word' id='word_1_68' title='bbox 637 1207 947 1275; x_wconf 74' lang='lat' dir='ltr'><strong>operamini,</strong></span> <span class='ocrx_word' id='word_1_69' title='bbox 978 1216 1022 1257; x_wconf 92' lang='lat' dir='ltr'><strong>et</strong></span> <span class='ocrx_word' id='word_1_70' title='bbox 1049 1204 1310 1273; x_wconf 75' lang='lat' dir='ltr'><strong>justitiam</strong></span> <span class='ocrx_word' id='word_1_71' title='bbox 1348 1203 1578 1270; x_wconf 73' lang='lat' dir='ltr'><strong>quwrite,</strong></span> <span class='ocrx_word' id='word_1_72' title='bbox 1617 1212 1664 1255; x_wconf 91' lang='lat' dir='ltr'><strong>et</strong></span> <span class='ocrx_word' id='word_1_73' title='bbox 1701 1217 1783 1255; x_wconf 90' lang='lat' dir='ltr'><strong>re-</strong></span> 
     </span>
    </p>
   </div>
   <div class='ocr_carea' id='block_1_12' title="bbox 199 1295 1785 1371">
    <p class='ocr_par' dir='ltr' id='par_1_12' title="bbox 199 1295 1785 1371">
     <span class='ocr_line' id='line_1_12' title="bbox 199 1295 1785 1371; baseline -0.003 -20"><span class='ocrx_word' id='word_1_74' title='bbox 199 1301 452 1367; x_wconf 78' lang='lat' dir='ltr'><strong>spondete,</strong></span> <span class='ocrx_word' id='word_1_75' title='bbox 475 1315 534 1352; x_wconf 87' lang='lat' dir='ltr'><strong>ea</strong></span> <span class='ocrx_word' id='word_1_76' title='bbox 563 1300 636 1353; x_wconf 90' lang='lat' dir='ltr'><strong>sic</strong></span> <span class='ocrx_word' id='word_1_77' title='bbox 665 1310 716 1351; x_wconf 91' lang='lat' dir='ltr'><strong>ut</strong></span> <span class='ocrx_word' id='word_1_78' title='bbox 749 1299 993 1371; x_wconf 82' lang='lat' dir='ltr'><strong>tegamini</strong></span> <span class='ocrx_word' id='word_1_79' title='bbox 1019 1297 1042 1333; x_wconf 62' lang='grc' dir='ltr'><strong>ξ’</strong></span> <span class='ocrx_word' id='word_1_80' title='bbox 1067 1299 1118 1349; x_wconf 86' lang='lat' dir='ltr'><strong>in</strong></span> <span class='ocrx_word' id='word_1_81' title='bbox 1151 1299 1232 1348; x_wconf 87' lang='lat' dir='ltr'><strong>die</strong></span> <span class='ocrx_word' id='word_1_82' title='bbox 1255 1298 1344 1348; x_wconf 85' lang='lat' dir='ltr'><strong>ira:</strong></span> <span class='ocrx_word' id='word_1_83' title='bbox 1371 1295 1607 1348; x_wconf 83' lang='lat' dir='ltr'><strong>Domini:</strong></span> <span class='ocrx_word' id='word_1_84' title='bbox 1633 1308 1684 1348; x_wconf 90' lang='lat' dir='ltr'><strong>tu</strong></span> <span class='ocrx_word' id='word_1_85' title='bbox 1705 1295 1785 1347; x_wconf 89' lang='lat' dir='ltr'><strong>di-</strong></span> 
     </span>
    </p>
   </div>
   <div class='ocr_carea' id='block_1_13' title="bbox 197 1389 1780 1457">
    <p class='ocr_par' dir='ltr' id='par_1_13' title="bbox 197 1389 1780 1457">
     <span class='ocr_line' id='line_1_13' title="bbox 197 1389 1780 1457; baseline -0.003 -11"><span class='ocrx_word' id='word_1_86' title='bbox 197 1392 308 1447; x_wconf 87' lang='lat' dir='ltr'><strong>cis:</strong></span> <span class='ocrx_word' id='word_1_87' title='bbox 346 1391 596 1447; x_wconf 89' lang='lat' dir='ltr'><strong>Dantnate</strong></span> <span class='ocrx_word' id='word_1_88' title='bbox 635 1395 960 1448; x_wconf 89' lang='lat' dir='ltr'><strong>innocentem</strong></span> <span class='ocrx_word' id='word_1_89' title='bbox 993 1432 1007 1457; x_wconf 92' lang='lat'><strong>,</strong></span> <span class='ocrx_word' id='word_1_90' title='bbox 1035 1401 1195 1444; x_wconf 89' lang='lat' dir='ltr'><strong>estote</strong></span> <span class='ocrx_word' id='word_1_91' title='bbox 1225 1406 1423 1443; x_wconf 82' lang='lat' dir='ltr'><strong>mecum</strong></span> <span class='ocrx_word' id='word_1_92' title='bbox 1471 1389 1744 1442; x_wconf 75' lang='lat' dir='ltr'><strong>homicida:</strong></span> <span class='ocrx_word' id='word_1_93' title='bbox 1767 1429 1780 1451; x_wconf 97' lang='lat'><strong>,</strong></span> 
     </span>
    </p>
   </div>
   <div class='ocr_carea' id='block_1_14' title="bbox 196 1484 1786 1558">
    <p class='ocr_par' dir='ltr' id='par_1_14' title="bbox 196 1484 1786 1558">
     <span class='ocr_line' id='line_1_14' title="bbox 196 1484 1786 1558; baseline -0.003 -18"><span class='ocrx_word' id='word_1_94' title='bbox 196 1487 425 1558; x_wconf 72' lang='lat' dir='ltr'><strong>sacrilegi</strong></span> <span class='ocrx_word' id='word_1_95' title='bbox 457 1487 656 1556; x_wconf 80' lang='lat' dir='ltr'><strong>(Soph.</strong></span> <span class='ocrx_word' id='word_1_96' title='bbox 692 1503 750 1551; x_wconf 89' lang='lat' dir='ltr'><strong>tt,</strong></span> <span class='ocrx_word' id='word_1_97' title='bbox 784 1488 869 1554; x_wconf 75' lang='lat'><strong>3);</strong></span> <span class='ocrx_word' id='word_1_98' title='bbox 924 1501 992 1540; x_wconf 89' lang='lat' dir='ltr'><strong>an</strong></span> <span class='ocrx_word' id='word_1_99' title='bbox 1039 1502 1144 1539; x_wconf 90' lang='lat' dir='ltr'><strong>non</strong></span> <span class='ocrx_word' id='word_1_100' title='bbox 1187 1484 1300 1538; x_wconf 66' lang='lat' dir='ltr'><strong>hinc</strong></span> <span class='ocrx_word' id='word_1_101' title='bbox 1348 1493 1505 1546; x_wconf 88' lang='lat' dir='ltr'><strong>sunt,</strong></span> <span class='ocrx_word' id='word_1_102' title='bbox 1536 1498 1656 1553; x_wconf 73' lang='lat' dir='ltr'><strong>qua:</strong></span> <span class='ocrx_word' id='word_1_103' title='bbox 1685 1495 1786 1536; x_wconf 87' lang='lat' dir='ltr'><strong>nos</strong></span> 
     </span>
    </p>
   </div>
   <div class='ocr_carea' id='block_1_15' title="bbox 197 1573 1785 1647">
    <p class='ocr_par' dir='ltr' id='par_1_15' title="bbox 197 1573 1785 1647">
     <span class='ocr_line' id='line_1_15' title="bbox 197 1573 1785 1647; baseline -0.002 -18"><span class='ocrx_word' id='word_1_104' title='bbox 197 1576 370 1632; x_wconf 78' lang='lat' dir='ltr'><strong>facere</strong></span> <span class='ocrx_word' id='word_1_105' title='bbox 400 1577 689 1647; x_wconf 69' lang='lat' dir='ltr'><strong>praecipis?</strong></span> <span class='ocrx_word' id='word_1_106' title='bbox 731 1577 1017 1646; x_wconf 88' lang='lat' dir='ltr'><strong>lmperasti</strong></span> <span class='ocrx_word' id='word_1_107' title='bbox 1064 1576 1312 1629; x_wconf 88' lang='lat' dir='ltr'><strong>damnari</strong></span> <span class='ocrx_word' id='word_1_108' title='bbox 1352 1573 1564 1629; x_wconf 81' lang='lat' dir='ltr'><strong>Domini</strong></span> <span class='ocrx_word' id='word_1_109' title='bbox 1600 1588 1785 1628; x_wconf 81' lang='lat' dir='ltr'><strong>sacer-</strong></span> 
     </span>
    </p>
   </div>
   <div class='ocr_carea' id='block_1_16' title="bbox 197 1669 1787 1739">
    <p class='ocr_par' dir='ltr' id='par_1_16' title="bbox 197 1669 1787 1739">
     <span class='ocr_line' id='line_1_16' title="bbox 197 1669 1787 1739; baseline -0.003 -13"><span class='ocrx_word' id='word_1_110' title='bbox 197 1671 414 1736; x_wconf 89' lang='lat' dir='ltr'><strong>dotem,</strong></span> <span class='ocrx_word' id='word_1_111' title='bbox 450 1687 551 1726; x_wconf 90' lang='lat' dir='ltr'><strong>nec</strong></span> <span class='ocrx_word' id='word_1_112' title='bbox 586 1688 692 1725; x_wconf 88' lang='lat' dir='ltr'><strong>non</strong></span> <span class='ocrx_word' id='word_1_113' title='bbox 752 1672 1031 1739; x_wconf 79' lang='lat' dir='ltr'><strong>imperasti</strong></span> <span class='ocrx_word' id='word_1_114' title='bbox 1077 1671 1331 1724; x_wconf 78' lang='lat' dir='ltr'><strong>Arianatn</strong></span> <span class='ocrx_word' id='word_1_115' title='bbox 1381 1669 1663 1737; x_wconf 89' lang='lat' dir='ltr'><strong>perlidiam</strong></span> <span class='ocrx_word' id='word_1_116' title='bbox 1707 1676 1787 1721; x_wconf 84' lang='lat' dir='ltr'><strong>te-</strong></span> 
     </span>
    </p>
   </div>
   <div class='ocr_carea' id='block_1_17' title="bbox 199 1757 1788 1830">
    <p class='ocr_par' dir='ltr' id='par_1_17' title="bbox 199 1757 1788 1830">
     <span class='ocr_line' id='line_1_17' title="bbox 199 1757 1788 1830; baseline -0.003 -14"><span class='ocrx_word' id='word_1_117' title='bbox 199 1762 450 1824; x_wconf 86' lang='lat' dir='ltr'><strong>nendam,</strong></span> <span class='ocrx_word' id='word_1_118' title='bbox 478 1761 832 1830; x_wconf 83' lang='lat' dir='ltr'><strong>rejiciendarn</strong></span> <span class='ocrx_word' id='word_1_119' title='bbox 858 1775 989 1814; x_wconf 88' lang='lat' dir='ltr'><strong>vero</strong></span> <span class='ocrx_word' id='word_1_120' title='bbox 1035 1760 1194 1814; x_wconf 83' lang='lat' dir='ltr'><strong>lidem</strong></span> <span class='ocrx_word' id='word_1_121' title='bbox 1223 1758 1367 1827; x_wconf 89' lang='lat' dir='ltr'><strong>apud</strong></span> <span class='ocrx_word' id='word_1_122' title='bbox 1400 1757 1633 1812; x_wconf 62' lang='lat' dir='ltr'><strong>Nicaeam</strong></span> <span class='ocrx_word' id='word_1_123' title='bbox 1659 1773 1788 1812; x_wconf 84' lang='lat' dir='ltr'><strong>cott-</strong></span> 
     </span>
    </p>
   </div>
   <div class='ocr_carea' id='block_1_18' title="bbox 198 1852 1787 1925">
    <p class='ocr_par' dir='ltr' id='par_1_18' title="bbox 198 1852 1787 1925">
     <span class='ocr_line' id='line_1_18' title="bbox 198 1852 1787 1925; baseline -0.003 -15"><span class='ocrx_word' id='word_1_124' title='bbox 198 1858 468 1925; x_wconf 69' lang='lat' dir='ltr'><strong>scriptam.</strong></span> <span class='ocrx_word' id='word_1_125' title='bbox 505 1856 562 1911; x_wconf 96' lang='lat' dir='ltr'><strong>Si</strong></span> <span class='ocrx_word' id='word_1_126' title='bbox 593 1856 708 1910; x_wconf 70' lang='lat' dir='ltr'><strong>tunc</strong></span> <span class='ocrx_word' id='word_1_127' title='bbox 741 1855 951 1924; x_wconf 88' lang='lat' dir='ltr'><strong>itnpleri</strong></span> <span class='ocrx_word' id='word_1_128' title='bbox 990 1855 1281 1909; x_wconf 77' lang='lat' dir='ltr'><strong>mandasse</strong></span> <span class='ocrx_word' id='word_1_129' title='bbox 1311 1863 1361 1907; x_wconf 92' lang='lat' dir='ltr'><strong>te</strong></span> <span class='ocrx_word' id='word_1_130' title='bbox 1393 1852 1651 1921; x_wconf 69' lang='lat' dir='ltr'><strong>refragari</strong></span> <span class='ocrx_word' id='word_1_131' title='bbox 1682 1868 1787 1906; x_wconf 90' lang='lat' dir='ltr'><strong>non</strong></span> 
     </span>
    </p>
   </div>
   <div class='ocr_carea' id='block_1_19' title="bbox 1877 635 3480 709">
    <p class='ocr_par' dir='ltr' id='par_1_19' title="bbox 1877 635 3480 709">
     <span class='ocr_line' id='line_1_19' title="bbox 1877 635 3480 709; baseline -0.001 -13"><span class='ocrx_word' id='word_1_132' title='bbox 1877 641 2067 696; x_wconf 87' lang='lat' dir='ltr'><strong>ditatis</strong></span> <span class='ocrx_word' id='word_1_133' title='bbox 2102 648 2484 708; x_wconf 83' lang='lat' dir='ltr'><strong>persecutores</strong></span> <span class='ocrx_word' id='word_1_134' title='bbox 2532 651 2627 691; x_wconf 86' lang='lat' dir='ltr'><strong>vos</strong></span> <span class='ocrx_word' id='word_1_135' title='bbox 2654 678 2668 702; x_wconf 92' lang='lat'><strong>,</strong></span> <span class='ocrx_word' id='word_1_136' title='bbox 2702 651 2837 706; x_wconf 90' lang='lat' dir='ltr'><strong>quos</strong></span> <span class='ocrx_word' id='word_1_137' title='bbox 2876 635 3010 691; x_wconf 88' lang='lat' dir='ltr'><strong>dicit</strong></span> <span class='ocrx_word' id='word_1_138' title='bbox 3048 652 3210 709; x_wconf 81' lang='lat' dir='ltr'><strong>supra</strong></span> <span class='ocrx_word' id='word_1_139' title='bbox 3259 641 3480 694; x_wconf 91' lang='lat' dir='ltr'><strong>modum</strong></span> 
     </span>
    </p>
   </div>
   <div class='ocr_carea' id='block_1_20' title="bbox 1877 728 3482 801">
    <p class='ocr_par' dir='ltr' id='par_1_20' title="bbox 1877 728 3482 801">
     <span class='ocr_line' id='line_1_20' title="bbox 1877 728 3482 801; baseline -0.002 -14"><span class='ocrx_word' id='word_1_140' title='bbox 1877 733 2039 788; x_wconf 87' lang='lat' dir='ltr'><strong>vobis</strong></span> <span class='ocrx_word' id='word_1_141' title='bbox 2082 744 2376 801; x_wconf 82' lang='lat' dir='ltr'><strong>usurpasse</strong></span> <span class='ocrx_word' id='word_1_142' title='bbox 2438 739 2783 799; x_wconf 87' lang='lat' dir='ltr'><strong>potestatem.</strong></span> <span class='ocrx_word' id='word_1_143' title='bbox 2835 728 3229 786; x_wconf 84' lang='lat' dir='ltr'><strong>Crudelitatem</strong></span> <span class='ocrx_word' id='word_1_144' title='bbox 3274 733 3482 787; x_wconf 89' lang='lat' dir='ltr'><strong>etenim</strong></span> 
     </span>
    </p>
   </div>
   <div class='ocr_carea' id='block_1_21' title="bbox 1883 822 3486 880">
    <p class='ocr_par' dir='ltr' id='par_1_21' title="bbox 1883 822 3486 880">
     <span class='ocr_line' id='line_1_21' title="bbox 1883 822 3486 880; baseline 0.001 -2"><span class='ocrx_word' id='word_1_145' title='bbox 1883 840 2112 879; x_wconf 86' lang='lat' dir='ltr'><strong>narrans</strong></span> <span class='ocrx_word' id='word_1_146' title='bbox 2138 834 2373 878; x_wconf 44' lang='lat' dir='ltr'><strong>vestram</strong></span> <span class='ocrx_word' id='word_1_147' title='bbox 2429 822 2563 877; x_wconf 81' lang='lat' dir='ltr'><strong>dicit</strong></span> <span class='ocrx_word' id='word_1_148' title='bbox 2603 823 2900 877; x_wconf 86' lang='lat' dir='ltr'><strong>Dominus:</strong></span> <span class='ocrx_word' id='word_1_149' title='bbox 2950 824 3164 880; x_wconf 88' lang='lat' dir='ltr'><strong>Zelatus</strong></span> <span class='ocrx_word' id='word_1_150' title='bbox 3189 841 3299 879; x_wconf 90' lang='lat' dir='ltr'><strong>sum</strong></span> <span class='ocrx_word' id='word_1_151' title='bbox 3328 824 3486 880; x_wconf 83' lang='lat' dir='ltr'><strong>Jeru-</strong></span> 
     </span>
    </p>
   </div>
   <div class='ocr_carea' id='block_1_22' title="bbox 1881 915 3485 989">
    <p class='ocr_par' dir='ltr' id='par_1_22' title="bbox 1881 915 3485 989">
     <span class='ocr_line' id='line_1_22' title="bbox 1881 915 3485 989; baseline -0.001 -17"><span class='ocrx_word' id='word_1_152' title='bbox 1881 918 2044 972; x_wconf 82' lang='lat' dir='ltr'><strong>salem</strong></span> <span class='ocrx_word' id='word_1_153' title='bbox 2075 927 2119 970; x_wconf 90' lang='lat' dir='ltr'><strong>et</strong></span> <span class='ocrx_word' id='word_1_154' title='bbox 2164 916 2294 971; x_wconf 79' lang='lat' dir='ltr'><strong>Sion</strong></span> <span class='ocrx_word' id='word_1_155' title='bbox 2317 915 2430 969; x_wconf 76' lang='lat' dir='ltr'><strong>zelo</strong></span> <span class='ocrx_word' id='word_1_156' title='bbox 2459 931 2646 984; x_wconf 84' lang='lat' dir='ltr'><strong>magno</strong></span> <span class='ocrx_word' id='word_1_157' title='bbox 2673 957 2686 980; x_wconf 93' lang='lat'><strong>,</strong></span> <span class='ocrx_word' id='word_1_158' title='bbox 2721 926 2766 968; x_wconf 91' lang='lat' dir='ltr'><strong>et</strong></span> <span class='ocrx_word' id='word_1_159' title='bbox 2796 916 2878 968; x_wconf 88' lang='lat' dir='ltr'><strong>ira</strong></span> <span class='ocrx_word' id='word_1_160' title='bbox 2925 932 3114 988; x_wconf 86' lang='lat' dir='ltr'><strong>magna</strong></span> <span class='ocrx_word' id='word_1_161' title='bbox 3164 935 3258 989; x_wconf 85' lang='lat' dir='ltr'><strong>ego</strong></span> <span class='ocrx_word' id='word_1_162' title='bbox 3284 919 3485 973; x_wconf 88' lang='lat' dir='ltr'><strong>irascor</strong></span> 
     </span>
    </p>
   </div>
   <div class='ocr_carea' id='block_1_23' title="bbox 1882 1007 3490 1082">
    <p class='ocr_par' dir='ltr' id='par_1_23' title="bbox 1882 1007 3490 1082">
     <span class='ocr_line' id='line_1_23' title="bbox 1882 1007 3490 1082; baseline 0.001 -19"><span class='ocrx_word' id='word_1_163' title='bbox 1882 1025 2046 1079; x_wconf 86' lang='lat' dir='ltr'><strong>super</strong></span> <span class='ocrx_word' id='word_1_164' title='bbox 2089 1019 2262 1079; x_wconf 81' lang='lat' dir='ltr'><strong>gentes</strong></span> <span class='ocrx_word' id='word_1_165' title='bbox 2285 1049 2303 1078; x_wconf 86' lang='lat'><strong>,</strong></span> <span class='ocrx_word' id='word_1_166' title='bbox 2343 1023 2458 1077; x_wconf 74' lang='lat' dir='ltr'><strong>qua</strong></span> <span class='ocrx_word' id='word_1_167' title='bbox 2489 1023 2542 1060; x_wconf 92' lang='lat' dir='ltr'><strong>se</strong></span> <span class='ocrx_word' id='word_1_168' title='bbox 2575 1007 2588 1056; x_wconf 85' lang='lat' dir='ltr'><strong>i</strong></span> <span class='ocrx_word' id='word_1_169' title='bbox 2651 1019 3011 1077; x_wconf 86' lang='lat' dir='ltr'><strong>superponunt</strong></span> <span class='ocrx_word' id='word_1_170' title='bbox 3042 1011 3186 1064; x_wconf 82' lang='lat' dir='ltr'><strong>vobis</strong></span> <span class='ocrx_word' id='word_1_171' title='bbox 3210 1052 3225 1076; x_wconf 93' lang='lat'><strong>,</strong></span> <span class='ocrx_word' id='word_1_172' title='bbox 3279 1021 3490 1082; x_wconf 76' lang='lat' dir='ltr'><strong>propter</strong></span> 
     </span>
    </p>
   </div>
   <div class='ocr_carea' id='block_1_24' title="bbox 1884 1084 3483 1173">
    <p class='ocr_par' dir='ltr' id='par_1_24' title="bbox 1884 1084 3483 1173">
     <span class='ocr_line' id='line_1_24' title="bbox 1884 1084 3483 1173; baseline 0.001 -17"><span class='ocrx_word' id='word_1_173' title='bbox 1884 1104 2026 1172; x_wconf 85' lang='lat' dir='ltr'><strong>quod</strong></span> <span class='ocrx_word' id='word_1_174' title='bbox 2055 1119 2145 1173; x_wconf 85' lang='lat' dir='ltr'><strong>ego</strong></span> <span class='ocrx_word' id='word_1_175' title='bbox 2187 1103 2348 1156; x_wconf 88' lang='lat' dir='ltr'><strong>iratus</strong></span> <span class='ocrx_word' id='word_1_176' title='bbox 2369 1117 2485 1155; x_wconf 87' lang='lat' dir='ltr'><strong>sum</strong></span> <span class='ocrx_word' id='word_1_177' title='bbox 2529 1102 2764 1156; x_wconf 88' lang='lat' dir='ltr'><strong>minima.</strong></span> <span class='ocrx_word' id='word_1_178' title='bbox 2823 1084 2934 1173; x_wconf 85' lang='lat' dir='ltr'><strong>Ipsi</strong></span> <span class='ocrx_word' id='word_1_179' title='bbox 2957 1114 3128 1158; x_wconf 87' lang='lat' dir='ltr'><strong>autem</strong></span> <span class='ocrx_word' id='word_1_180' title='bbox 3172 1120 3483 1173; x_wconf 83' lang='lat' dir='ltr'><strong>composue-</strong></span> 
     </span>
    </p>
   </div>
   <div class='ocr_carea' id='block_1_25' title="bbox 1886 1192 3486 1264">
    <p class='ocr_par' dir='ltr' id='par_1_25' title="bbox 1886 1192 3486 1264">
     <span class='ocr_line' id='line_1_25' title="bbox 1886 1192 3486 1264; baseline 0.001 -15"><span class='ocrx_word' id='word_1_181' title='bbox 1886 1205 2008 1249; x_wconf 86' lang='lat' dir='ltr'><strong>runt</strong></span> <span class='ocrx_word' id='word_1_182' title='bbox 2037 1210 2090 1247; x_wconf 87' lang='lat' dir='ltr'><strong>se</strong></span> <span class='ocrx_word' id='word_1_183' title='bbox 2135 1195 2188 1247; x_wconf 87' lang='lat' dir='ltr'><strong>in</strong></span> <span class='ocrx_word' id='word_1_184' title='bbox 2216 1195 2355 1247; x_wconf 85' lang='lat' dir='ltr'><strong>mala</strong></span> <span class='ocrx_word' id='word_1_185' title='bbox 2387 1192 2574 1262; x_wconf 82' lang='lat' dir='ltr'><strong>(Zach.</strong></span> <span class='ocrx_word' id='word_1_186' title='bbox 2604 1209 2640 1257; x_wconf 86' lang='grc' dir='ltr'>ι,</span> <span class='ocrx_word' id='word_1_187' title='bbox 2696 1194 2807 1264; x_wconf 75' lang='lat' dir='ltr'><strong>ts).</strong></span> <span class='ocrx_word' id='word_1_188' title='bbox 2863 1195 3046 1250; x_wconf 80' lang='lat' dir='ltr'><strong>Audes</strong></span> <span class='ocrx_word' id='word_1_189' title='bbox 3080 1238 3094 1260; x_wconf 95' lang='lat'><strong>,</strong></span> <span class='ocrx_word' id='word_1_190' title='bbox 3135 1197 3486 1252; x_wconf 87' lang='lat' dir='ltr'><strong>tenebrarum</strong></span> 
     </span>
    </p>
   </div>
   <div class='ocr_carea' id='block_1_26' title="bbox 1889 1285 3488 1352">
    <p class='ocr_par' dir='ltr' id='par_1_26' title="bbox 1889 1285 3488 1352">
     <span class='ocr_line' id='line_1_26' title="bbox 1889 1285 3488 1352; baseline -0.001 -10"><span class='ocrx_word' id='word_1_191' title='bbox 1889 1298 2123 1352; x_wconf 83' lang='lat' dir='ltr'><strong>amator,</strong></span> <span class='ocrx_word' id='word_1_192' title='bbox 2166 1295 2485 1342; x_wconf 78' lang='lat' dir='ltr'><strong>exsecrator</strong></span> <span class='ocrx_word' id='word_1_193' title='bbox 2518 1285 2760 1352; x_wconf 84' lang='lat' dir='ltr'><strong>luminis,</strong></span> <span class='ocrx_word' id='word_1_194' title='bbox 2795 1287 2978 1344; x_wconf 76' lang='lat' dir='ltr'><strong>dicere</strong></span> <span class='ocrx_word' id='word_1_195' title='bbox 3007 1307 3020 1341; x_wconf 89' lang='lat'><strong>:</strong></span> <span class='ocrx_word' id='word_1_196' title='bbox 3053 1288 3310 1344; x_wconf 87' lang='lat' dir='ltr'><strong>Damuate</strong></span> <span class='ocrx_word' id='word_1_197' title='bbox 3339 1290 3488 1343; x_wconf 87' lang='lat' dir='ltr'><strong>inno-</strong></span> 
     </span>
    </p>
   </div>
   <div class='ocr_carea' id='block_1_27' title="bbox 1891 1383 3492 1454">
    <p class='ocr_par' dir='ltr' id='par_1_27' title="bbox 1891 1383 3492 1454">
     <span class='ocr_line' id='line_1_27' title="bbox 1891 1383 3492 1454; baseline -0.001 -13"><span class='ocrx_word' id='word_1_198' title='bbox 1891 1396 2086 1441; x_wconf 85' lang='lat' dir='ltr'><strong>centem</strong></span> <span class='ocrx_word' id='word_1_199' title='bbox 2119 1428 2133 1451; x_wconf 96' lang='lat'><strong>,</strong></span> <span class='ocrx_word' id='word_1_200' title='bbox 2177 1400 2298 1440; x_wconf 89' lang='lat' dir='ltr'><strong>cum</strong></span> <span class='ocrx_word' id='word_1_201' title='bbox 2333 1384 2592 1454; x_wconf 75' lang='lat' dir='ltr'><strong>dignetur</strong></span> <span class='ocrx_word' id='word_1_202' title='bbox 2641 1383 2944 1453; x_wconf 71' lang='lat' dir='ltr'><strong>praecipere</strong></span> <span class='ocrx_word' id='word_1_203' title='bbox 2993 1386 3150 1440; x_wconf 87' lang='lat' dir='ltr'><strong>nobis</strong></span> <span class='ocrx_word' id='word_1_204' title='bbox 3198 1386 3342 1440; x_wconf 80' lang='lat' dir='ltr'><strong>Deus</strong></span> <span class='ocrx_word' id='word_1_205' title='bbox 3395 1401 3492 1454; x_wconf 89' lang='lat' dir='ltr'><strong>per</strong></span> 
     </span>
    </p>
   </div>
   <div class='ocr_carea' id='block_1_28' title="bbox 1891 1476 3508 1552">
    <p class='ocr_par' dir='ltr' id='par_1_28' title="bbox 1891 1476 3508 1552">
     <span class='ocr_line' id='line_1_28' title="bbox 1891 1476 3508 1552; baseline -0.003 -16"><span class='ocrx_word' id='word_1_206' title='bbox 1891 1479 2212 1536; x_wconf 76' lang='lat' dir='ltr'><strong>Zachariam</strong></span> <span class='ocrx_word' id='word_1_207' title='bbox 2243 1480 2466 1534; x_wconf 85' lang='lat' dir='ltr'><strong>dicens:</strong></span> <span class='ocrx_word' id='word_1_208' title='bbox 2496 1476 2768 1532; x_wconf 81' lang='lat' dir='ltr'><strong>Judicium</strong></span> <span class='ocrx_word' id='word_1_209' title='bbox 2785 1482 2990 1552; x_wconf 88' lang='lat' dir='ltr'><strong>justum</strong></span> <span class='ocrx_word' id='word_1_210' title='bbox 3017 1479 3275 1551; x_wconf 87' lang='lat' dir='ltr'><strong>judicate,</strong></span> <span class='ocrx_word' id='word_1_211' title='bbox 3302 1491 3347 1533; x_wconf 89' lang='lat' dir='ltr'><strong>et</strong></span> <span class='ocrx_word' id='word_1_212' title='bbox 3381 1481 3508 1549; x_wconf 39' lang='lat' dir='ltr'><strong>pie-.</strong></span> 
     </span>
    </p>
   </div>
   <div class='ocr_carea' id='block_1_29' title="bbox 1893 1572 3493 1644">
    <p class='ocr_par' dir='ltr' id='par_1_29' title="bbox 1893 1572 3493 1644">
     <span class='ocr_line' id='line_1_29' title="bbox 1893 1572 3493 1644; baseline -0.003 -15"><span class='ocrx_word' id='word_1_213' title='bbox 1893 1587 2047 1630; x_wconf 80' lang='lat' dir='ltr'><strong>tatem</strong></span> <span class='ocrx_word' id='word_1_214' title='bbox 2078 1573 2103 1611; x_wconf 61' lang='grc' dir='ltr'><strong>ι</strong></span> <span class='ocrx_word' id='word_1_215' title='bbox 2159 1584 2207 1628; x_wconf 88' lang='lat' dir='ltr'><strong>et</strong></span> <span class='ocrx_word' id='word_1_216' title='bbox 2237 1573 2655 1627; x_wconf 79' lang='lat' dir='ltr'><strong>misericordiam</strong></span> <span class='ocrx_word' id='word_1_217' title='bbox 2690 1572 2850 1640; x_wconf 85' lang='lat' dir='ltr'><strong>facile</strong></span> <span class='ocrx_word' id='word_1_218' title='bbox 2898 1575 3248 1644; x_wconf 71' lang='lat' dir='ltr'><strong>unusquisque</strong></span> <span class='ocrx_word' id='word_1_219' title='bbox 3293 1572 3362 1625; x_wconf 88' lang='lat' dir='ltr'><strong>ad</strong></span> <span class='ocrx_word' id='word_1_220' title='bbox 3384 1575 3493 1641; x_wconf 81' lang='lat' dir='ltr'><strong>fra-</strong></span> 
     </span>
    </p>
   </div>
   <div class='ocr_carea' id='block_1_30' title="bbox 1895 1665 3486 1739">
    <p class='ocr_par' dir='ltr' id='par_1_30' title="bbox 1895 1665 3486 1739">
     <span class='ocr_line' id='line_1_30' title="bbox 1895 1665 3486 1739; baseline -0.003 -15"><span class='ocrx_word' id='word_1_221' title='bbox 1895 1683 2023 1724; x_wconf 80' lang='lat' dir='ltr'><strong>trem</strong></span> <span class='ocrx_word' id='word_1_222' title='bbox 2044 1683 2234 1722; x_wconf 87' lang='lat' dir='ltr'><strong>suum:</strong></span> <span class='ocrx_word' id='word_1_223' title='bbox 2267 1679 2312 1721; x_wconf 91' lang='lat' dir='ltr'><strong>et</strong></span> <span class='ocrx_word' id='word_1_224' title='bbox 2345 1666 2574 1730; x_wconf 82' lang='lat' dir='ltr'><strong>viduam,</strong></span> <span class='ocrx_word' id='word_1_225' title='bbox 2606 1677 2655 1721; x_wconf 89' lang='lat' dir='ltr'><strong>et</strong></span> <span class='ocrx_word' id='word_1_226' title='bbox 2689 1665 3001 1735; x_wconf 72' lang='lat' dir='ltr'><strong>trphanum,</strong></span> <span class='ocrx_word' id='word_1_227' title='bbox 3030 1677 3077 1721; x_wconf 92' lang='lat' dir='ltr'><strong>et</strong></span> <span class='ocrx_word' id='word_1_228' title='bbox 3096 1669 3414 1739; x_wconf 80' lang='lat' dir='ltr'><strong>proselytum</strong></span> <span class='ocrx_word' id='word_1_229' title='bbox 3446 1667 3486 1730; x_wconf 86' lang='lat'><strong>&#39;,</strong></span> 
     </span>
    </p>
   </div>
   <div class='ocr_carea' id='block_1_31' title="bbox 1893 1759 3495 1832">
    <p class='ocr_par' dir='ltr' id='par_1_31' title="bbox 1893 1759 3495 1832">
     <span class='ocr_line' id='line_1_31' title="bbox 1893 1759 3495 1832; baseline -0.003 -16"><span class='ocrx_word' id='word_1_230' title='bbox 1893 1773 1942 1816; x_wconf 84' lang='lat' dir='ltr'><strong>et</strong></span> <span class='ocrx_word' id='word_1_231' title='bbox 1991 1776 2291 1832; x_wconf 78' lang='lat' dir='ltr'><strong>pauperem,</strong></span> <span class='ocrx_word' id='word_1_232' title='bbox 2333 1776 2426 1830; x_wconf 90' lang='lat' dir='ltr'><strong>per</strong></span> <span class='ocrx_word' id='word_1_233' title='bbox 2473 1759 2758 1826; x_wconf 89' lang='lat' dir='ltr'><strong>potentiam</strong></span> <span class='ocrx_word' id='word_1_234' title='bbox 2801 1759 2960 1812; x_wconf 83' lang='lat' dir='ltr'><strong>nolite</strong></span> <span class='ocrx_word' id='word_1_235' title='bbox 3003 1775 3185 1813; x_wconf 82' lang='lat' dir='ltr'><strong>nocere</strong></span> <span class='ocrx_word' id='word_1_236' title='bbox 3211 1802 3225 1825; x_wconf 93' lang='lat'><strong>,</strong></span> <span class='ocrx_word' id='word_1_237' title='bbox 3258 1769 3304 1814; x_wconf 91' lang='lat' dir='ltr'><strong>et</strong></span> <span class='ocrx_word' id='word_1_238' title='bbox 3334 1761 3495 1812; x_wconf 83' lang='lat' dir='ltr'><strong>mali-</strong></span> 
     </span>
    </p>
   </div>
   <div class='ocr_carea' id='block_1_32' title="bbox 1896 1850 3495 1922">
    <p class='ocr_par' dir='ltr' id='par_1_32' title="bbox 1896 1850 3495 1922">
     <span class='ocr_line' id='line_1_32' title="bbox 1896 1850 3495 1922; baseline 0 -16"><span class='ocrx_word' id='word_1_239' title='bbox 1896 1855 2021 1907; x_wconf 90' lang='lat' dir='ltr'><strong>tiant</strong></span> <span class='ocrx_word' id='word_1_240' title='bbox 2046 1853 2402 1922; x_wconf 82' lang='lat' dir='ltr'><strong>unusquisque</strong></span> <span class='ocrx_word' id='word_1_241' title='bbox 2432 1867 2534 1904; x_wconf 87' lang='lat' dir='ltr'><strong>non</strong></span> <span class='ocrx_word' id='word_1_242' title='bbox 2567 1850 2927 1904; x_wconf 79' lang='lat' dir='ltr'><strong>reminiscatur</strong></span> <span class='ocrx_word' id='word_1_243' title='bbox 2958 1852 3136 1918; x_wconf 86' lang='lat' dir='ltr'><strong>fratris</strong></span> <span class='ocrx_word' id='word_1_244' title='bbox 3154 1851 3235 1904; x_wconf 86' lang='lat' dir='ltr'><strong>sui</strong></span> <span class='ocrx_word' id='word_1_245' title='bbox 3265 1853 3320 1905; x_wconf 85' lang='lat' dir='ltr'><strong>in</strong></span> <span class='ocrx_word' id='word_1_246' title='bbox 3338 1854 3495 1906; x_wconf 83' lang='lat' dir='ltr'><strong>corde</strong></span> 
     </span>
    </p>
   </div>
   <div class='ocr_carea' id='block_1_33' title="bbox 196 1943 3499 2020">
    <p class='ocr_par' dir='ltr' id='par_1_33' title="bbox 196 1943 3499 2020">
     <span class='ocr_line' id='line_1_33' title="bbox 196 1943 3499 2020; baseline -0.002 -17"><span class='ocrx_word' id='word_1_247' title='bbox 196 1961 368 2020; x_wconf 86' lang='lat' dir='ltr'><strong>potes,</strong></span> <span class='ocrx_word' id='word_1_248' title='bbox 399 1948 656 2019; x_wconf 70' lang='lat' dir='ltr'><strong>conspice</strong></span> <span class='ocrx_word' id='word_1_249' title='bbox 684 1959 736 2001; x_wconf 89' lang='lat' dir='ltr'><strong>et</strong></span> <span class='ocrx_word' id='word_1_250' title='bbox 770 1947 1073 2001; x_wconf 77' lang='lat' dir='ltr'><strong>homicidas</strong></span> <span class='ocrx_word' id='word_1_251' title='bbox 1120 1955 1173 1998; x_wconf 90' lang='lat' dir='ltr'><strong>et</strong></span> <span class='ocrx_word' id='word_1_252' title='bbox 1203 1947 1501 2011; x_wconf 70' lang='lat' dir='ltr'><strong>Sacrilegns</strong></span> <span class='ocrx_word' id='word_1_253' title='bbox 1537 1959 1635 1997; x_wconf 86' lang='lat' dir='ltr'><strong>n0s</strong></span> <span class='ocrx_word' id='word_1_254' title='bbox 1677 1943 1790 1998; x_wconf 80' lang='lat' dir='ltr'><strong>eili-</strong></span> <span class='ocrx_word' id='word_1_255' title='bbox 1824 1948 1864 2007; x_wconf 83' lang='grc' dir='ltr'><strong>Β</strong></span> <span class='ocrx_word' id='word_1_256' title='bbox 1896 1965 1992 2000; x_wconf 89' lang='lat' dir='ltr'><strong>suo</strong></span> <span class='ocrx_word' id='word_1_257' title='bbox 2021 1945 2126 2016; x_wconf 84' lang='lat' dir='ltr'><strong>(Ib.</strong></span> <span class='ocrx_word' id='word_1_258' title='bbox 2161 1962 2256 2008; x_wconf 87' lang='lat' dir='ltr'><strong>vu,</strong></span> <span class='ocrx_word' id='word_1_259' title='bbox 2292 1945 2373 2014; x_wconf 91' lang='lat'><strong>9).</strong></span> <span class='ocrx_word' id='word_1_260' title='bbox 2399 1945 2534 1999; x_wconf 77' lang='lat' dir='ltr'><strong>Cum</strong></span> <span class='ocrx_word' id='word_1_261' title='bbox 2570 1943 2683 1997; x_wconf 61' lang='lat' dir='ltr'><strong>hac</strong></span> <span class='ocrx_word' id='word_1_262' title='bbox 2713 1945 2821 1997; x_wconf 88' lang='lat' dir='ltr'><strong>sint</strong></span> <span class='ocrx_word' id='word_1_263' title='bbox 2856 1949 3112 1998; x_wconf 85' lang='lat' dir='ltr'><strong>mandata</strong></span> <span class='ocrx_word' id='word_1_264' title='bbox 3149 1945 3415 2007; x_wconf 70' lang='lat' dir='ltr'><strong>caelestia,</strong></span> <span class='ocrx_word' id='word_1_265' title='bbox 3447 1959 3499 1999; x_wconf 94' lang='lat' dir='ltr'><strong>tu</strong></span> 
     </span>
    </p>
   </div>
   <div class='ocr_carea' id='block_1_34' title="bbox 194 2037 1790 2097">
    <p class='ocr_par' dir='ltr' id='par_1_34' title="bbox 194 2037 1790 2097">
     <span class='ocr_line' id='line_1_34' title="bbox 194 2037 1790 2097; baseline -0.006 0"><span class='ocrx_word' id='word_1_266' title='bbox 194 2057 318 2097; x_wconf 84' lang='lat' dir='ltr'><strong>cere</strong></span> <span class='ocrx_word' id='word_1_267' title='bbox 351 2042 607 2096; x_wconf 89' lang='lat' dir='ltr'><strong>voluisse.</strong></span> <span class='ocrx_word' id='word_1_268' title='bbox 640 2040 780 2094; x_wconf 76' lang='lat' dir='ltr'><strong>Dicit</strong></span> <span class='ocrx_word' id='word_1_269' title='bbox 814 2041 982 2094; x_wconf 76' lang='lat' dir='ltr'><strong>Deus:</strong></span> <span class='ocrx_word' id='word_1_270' title='bbox 1021 2038 1082 2090; x_wconf 75' lang='lat' dir='ltr'><strong>Et</strong></span> <span class='ocrx_word' id='word_1_271' title='bbox 1111 2040 1203 2091; x_wconf 89' lang='lat' dir='ltr'><strong>erit</strong></span> <span class='ocrx_word' id='word_1_272' title='bbox 1232 2039 1282 2089; x_wconf 88' lang='lat' dir='ltr'><strong>in</strong></span> <span class='ocrx_word' id='word_1_273' title='bbox 1311 2039 1406 2089; x_wconf 88' lang='lat' dir='ltr'><strong>illo</strong></span> <span class='ocrx_word' id='word_1_274' title='bbox 1434 2038 1552 2090; x_wconf 84' lang='lat' dir='ltr'><strong>die:</strong></span> <span class='ocrx_word' id='word_1_275' title='bbox 1593 2037 1790 2090; x_wconf 73' lang='lat' dir='ltr'><strong>Scruti-</strong></span> 
     </span>
    </p>
   </div>
   <div class='ocr_carea' id='block_1_35' title="bbox 195 2127 1792 2200">
    <p class='ocr_par' dir='ltr' id='par_1_35' title="bbox 195 2127 1792 2200">
     <span class='ocr_line' id='line_1_35' title="bbox 195 2127 1792 2200; baseline -0.004 -12"><span class='ocrx_word' id='word_1_276' title='bbox 195 2135 330 2190; x_wconf 82' lang='lat' dir='ltr'><strong>nubo</strong></span> <span class='ocrx_word' id='word_1_277' title='bbox 365 2147 383 2172; x_wconf 75' lang='grc' dir='ltr'>ε</span> <span class='ocrx_word' id='word_1_278' title='bbox 417 2133 712 2189; x_wconf 72' lang='lat' dir='ltr'><strong>Jerusalem</strong></span> <span class='ocrx_word' id='word_1_279' title='bbox 772 2150 887 2186; x_wconf 88' lang='lat' dir='ltr'><strong>cum</strong></span> <span class='ocrx_word' id='word_1_280' title='bbox 917 2135 1131 2187; x_wconf 86' lang='lat' dir='ltr'><strong>lucerna</strong></span> <span class='ocrx_word' id='word_1_281' title='bbox 1162 2173 1175 2194; x_wconf 91' lang='lat'><strong>,</strong></span> <span class='ocrx_word' id='word_1_282' title='bbox 1224 2132 1502 2200; x_wconf 80' lang='lat' dir='ltr'><strong>defendam</strong></span> <span class='ocrx_word' id='word_1_283' title='bbox 1553 2127 1578 2166; x_wconf 71' lang='grc' dir='ltr'><em>ά</em></span> <span class='ocrx_word' id='word_1_284' title='bbox 1635 2145 1792 2197; x_wconf 81' lang='lat' dir='ltr'><strong>super</strong></span> 
     </span>
    </p>
   </div>
   <div class='ocr_carea' id='block_1_36' title="bbox 195 2224 1793 2297">
    <p class='ocr_par' dir='ltr' id='par_1_36' title="bbox 195 2224 1793 2297">
     <span class='ocr_line' id='line_1_36' title="bbox 195 2224 1793 2297; baseline -0.004 -15"><span class='ocrx_word' id='word_1_285' title='bbox 195 2230 357 2290; x_wconf 81' lang='lat' dir='ltr'><strong>viros,</strong></span> <span class='ocrx_word' id='word_1_286' title='bbox 381 2229 466 2297; x_wconf 83' lang='lat' dir='ltr'><strong>qui</strong></span> <span class='ocrx_word' id='word_1_287' title='bbox 499 2241 520 2262; x_wconf 74' lang='grc' dir='ltr'>υ</span> <span class='ocrx_word' id='word_1_288' title='bbox 556 2237 928 2293; x_wconf 82' lang='lat' dir='ltr'><strong>contemptores</strong></span> <span class='ocrx_word' id='word_1_289' title='bbox 951 2237 1090 2286; x_wconf 87' lang='lat' dir='ltr'><strong>sunt,</strong></span> <span class='ocrx_word' id='word_1_290' title='bbox 1123 2242 1184 2279; x_wconf 88' lang='lat' dir='ltr'><strong>ne</strong></span> <span class='ocrx_word' id='word_1_291' title='bbox 1214 2226 1508 2278; x_wconf 82' lang='lat' dir='ltr'><strong>custodiant</strong></span> <span class='ocrx_word' id='word_1_292' title='bbox 1548 2224 1793 2276; x_wconf 86' lang='lat' dir='ltr'><strong>mandata</strong></span> 
     </span>
    </p>
   </div>
   <div class='ocr_carea' id='block_1_37' title="bbox 195 2315 1796 2389">
    <p class='ocr_par' dir='ltr' id='par_1_37' title="bbox 195 2315 1796 2389">
     <span class='ocr_line' id='line_1_37' title="bbox 195 2315 1796 2389; baseline -0.004 -15"><span class='ocrx_word' id='word_1_293' title='bbox 195 2317 302 2389; x_wconf 87' lang='lat' dir='ltr'><strong>(Ib.</strong></span> <span class='ocrx_word' id='word_1_294' title='bbox 338 2335 375 2384; x_wconf 91' lang='lat' dir='ltr'><strong>t,</strong></span> <span class='ocrx_word' id='word_1_295' title='bbox 403 2317 492 2388; x_wconf 72' lang='grc'><strong>12)</strong></span> <span class='ocrx_word' id='word_1_296' title='bbox 516 2335 528 2370; x_wconf 86' lang='lat'><strong>:</strong></span> <span class='ocrx_word' id='word_1_297' title='bbox 553 2329 606 2372; x_wconf 91' lang='lat' dir='ltr'><strong>et</strong></span> <span class='ocrx_word' id='word_1_298' title='bbox 641 2327 695 2372; x_wconf 95' lang='lat' dir='ltr'><strong>tu</strong></span> <span class='ocrx_word' id='word_1_299' title='bbox 741 2317 920 2386; x_wconf 78' lang='lat' dir='ltr'><strong>inquis</strong></span> <span class='ocrx_word' id='word_1_300' title='bbox 948 2358 961 2380; x_wconf 95' lang='lat'><strong>,</strong></span> <span class='ocrx_word' id='word_1_301' title='bbox 997 2325 1088 2370; x_wconf 91' lang='lat' dir='ltr'><strong>tua</strong></span> <span class='ocrx_word' id='word_1_302' title='bbox 1138 2317 1310 2383; x_wconf 76' lang='lat' dir='ltr'><strong>magis</strong></span> <span class='ocrx_word' id='word_1_303' title='bbox 1338 2326 1501 2384; x_wconf 90' lang='lat' dir='ltr'><strong>atque</strong></span> <span class='ocrx_word' id='word_1_304' title='bbox 1543 2315 1796 2368; x_wconf 82' lang='lat' dir='ltr'><strong>conblas-</strong></span> 
     </span>
    </p>
   </div>
   <div class='ocr_carea' id='block_1_38' title="bbox 195 2405 1798 2481">
    <p class='ocr_par' dir='ltr' id='par_1_38' title="bbox 195 2405 1798 2481">
     <span class='ocr_line' id='line_1_38' title="bbox 195 2405 1798 2481; baseline -0.004 -18"><span class='ocrx_word' id='word_1_305' title='bbox 195 2411 518 2481; x_wconf 88' lang='lat' dir='ltr'><strong>phemorum</strong></span> <span class='ocrx_word' id='word_1_306' title='bbox 565 2419 778 2463; x_wconf 90' lang='lat' dir='ltr'><strong>tuorum</strong></span> <span class='ocrx_word' id='word_1_307' title='bbox 817 2405 1204 2462; x_wconf 83' lang='lat' dir='ltr'><strong>custodienda.</strong></span> <span class='ocrx_word' id='word_1_308' title='bbox 1247 2406 1534 2472; x_wconf 80' lang='lat' dir='ltr'><strong>Quomodo</strong></span> <span class='ocrx_word' id='word_1_309' title='bbox 1582 2413 1798 2474; x_wconf 86' lang='lat' dir='ltr'><strong>potera-</strong></span> 
     </span>
    </p>
   </div>
   <div class='ocr_carea' id='block_1_39' title="bbox 196 2499 1800 2570">
    <p class='ocr_par' dir='ltr' id='par_1_39' title="bbox 196 2499 1800 2570">
     <span class='ocr_line' id='line_1_39' title="bbox 196 2499 1800 2570; baseline -0.007 -11"><span class='ocrx_word' id='word_1_310' title='bbox 196 2519 320 2559; x_wconf 91' lang='lat' dir='ltr'><strong>mus</strong></span> <span class='ocrx_word' id='word_1_311' title='bbox 347 2502 608 2558; x_wconf 88' lang='lat' dir='ltr'><strong>damnare</strong></span> <span class='ocrx_word' id='word_1_312' title='bbox 641 2502 840 2570; x_wconf 80' lang='lat' dir='ltr'><strong>injuste</strong></span> <span class='ocrx_word' id='word_1_313' title='bbox 881 2501 1108 2570; x_wconf 66' lang='lat' dir='ltr'><strong>justitiae</strong></span> <span class='ocrx_word' id='word_1_314' title='bbox 1141 2500 1405 2554; x_wconf 78' lang='lat' dir='ltr'><strong>fructibus</strong></span> <span class='ocrx_word' id='word_1_315' title='bbox 1449 2499 1668 2566; x_wconf 84' lang='lat' dir='ltr'><strong>plenum</strong></span> <span class='ocrx_word' id='word_1_316' title='bbox 1699 2499 1800 2552; x_wconf 88' lang='lat' dir='ltr'><strong>Do-</strong></span> 
     </span>
    </p>
   </div>
   <div class='ocr_carea' id='block_1_40' title="bbox 194 2591 1800 2658">
    <p class='ocr_par' dir='ltr' id='par_1_40' title="bbox 194 2591 1800 2658">
     <span class='ocr_line' id='line_1_40' title="bbox 194 2591 1800 2658; baseline -0.004 -6"><span class='ocrx_word' id='word_1_317' title='bbox 194 2597 330 2652; x_wconf 90' lang='lat' dir='ltr'><strong>mini</strong></span> <span class='ocrx_word' id='word_1_318' title='bbox 355 2595 698 2650; x_wconf 81' lang='lat' dir='ltr'><strong>sacerdotem</strong></span> <span class='ocrx_word' id='word_1_319' title='bbox 728 2636 739 2654; x_wconf 92' lang='lat'><strong>,</strong></span> <span class='ocrx_word' id='word_1_320' title='bbox 771 2609 892 2646; x_wconf 89' lang='lat' dir='ltr'><strong>cmn</strong></span> <span class='ocrx_word' id='word_1_321' title='bbox 927 2593 1209 2644; x_wconf 79' lang='lat' dir='ltr'><strong>videamus</strong></span> <span class='ocrx_word' id='word_1_322' title='bbox 1239 2591 1416 2658; x_wconf 74' lang='lat' dir='ltr'><strong>qualis</strong></span> <span class='ocrx_word' id='word_1_323' title='bbox 1445 2593 1800 2645; x_wconf 71' lang='lat' dir='ltr'><strong>t-otnminatio</strong></span> 
     </span>
    </p>
   </div>
   <div class='ocr_carea' id='block_1_41' title="bbox 195 2683 1803 2751">
    <p class='ocr_par' dir='ltr' id='par_1_41' title="bbox 195 2683 1803 2751">
     <span class='ocr_line' id='line_1_41' title="bbox 195 2683 1803 2751; baseline -0.004 -9"><span class='ocrx_word' id='word_1_324' title='bbox 195 2689 370 2744; x_wconf 81' lang='lat' dir='ltr'><strong>fuerit</strong></span> <span class='ocrx_word' id='word_1_325' title='bbox 395 2687 586 2739; x_wconf 84' lang='lat' dir='ltr'><strong>oborta</strong></span> <span class='ocrx_word' id='word_1_326' title='bbox 618 2696 810 2739; x_wconf 82' lang='lat' dir='ltr'><strong>contra</strong></span> <span class='ocrx_word' id='word_1_327' title='bbox 842 2683 1154 2738; x_wconf 69' lang='lat' dir='ltr'><strong>Jttdzeurutn</strong></span> <span class='ocrx_word' id='word_1_328' title='bbox 1187 2692 1523 2751; x_wconf 67' lang='lat' dir='ltr'><strong>prseposdos,</strong></span> <span class='ocrx_word' id='word_1_329' title='bbox 1555 2684 1640 2736; x_wconf 89' lang='lat' dir='ltr'><strong>vel</strong></span> <span class='ocrx_word' id='word_1_330' title='bbox 1670 2698 1803 2737; x_wconf 82' lang='lat' dir='ltr'><strong>Cou-</strong></span> 
     </span>
    </p>
   </div>
   <div class='ocr_carea' id='block_1_42' title="bbox 196 2775 1806 2844">
    <p class='ocr_par' dir='ltr' id='par_1_42' title="bbox 196 2775 1806 2844">
     <span class='ocr_line' id='line_1_42' title="bbox 196 2775 1806 2844; baseline -0.002 -10"><span class='ocrx_word' id='word_1_331' title='bbox 196 2791 285 2834; x_wconf 79' lang='lat' dir='ltr'><strong>ira</strong></span> <span class='ocrx_word' id='word_1_332' title='bbox 319 2792 512 2832; x_wconf 90' lang='lat' dir='ltr'><strong>omnes</strong></span> <span class='ocrx_word' id='word_1_333' title='bbox 544 2792 737 2831; x_wconf 88' lang='lat' dir='ltr'><strong>eorum</strong></span> <span class='ocrx_word' id='word_1_334' title='bbox 767 2777 1020 2830; x_wconf 77' lang='lat' dir='ltr'><strong>conscios</strong></span> <span class='ocrx_word' id='word_1_335' title='bbox 1052 2776 1142 2839; x_wconf 85' lang='lat' dir='ltr'><strong>qui</strong></span> <span class='ocrx_word' id='word_1_336' title='bbox 1179 2775 1293 2828; x_wconf 65' lang='lat' dir='ltr'><strong>haec</strong></span> <span class='ocrx_word' id='word_1_337' title='bbox 1324 2791 1442 2843; x_wconf 64' lang='lat' dir='ltr'><strong>qum</strong></span> <span class='ocrx_word' id='word_1_338' title='bbox 1478 2777 1592 2844; x_wconf 71' lang='lat' dir='ltr'><strong>agis</strong></span> <span class='ocrx_word' id='word_1_339' title='bbox 1624 2776 1806 2844; x_wconf 77' lang='lat' dir='ltr'><strong>egisse</strong></span> 
     </span>
    </p>
   </div>
   <div class='ocr_carea' id='block_1_43' title="bbox 195 2865 1805 2934">
    <p class='ocr_par' dir='ltr' id='par_1_43' title="bbox 195 2865 1805 2934">
     <span class='ocr_line' id='line_1_43' title="bbox 195 2865 1805 2934; baseline -0.005 -6"><span class='ocrx_word' id='word_1_340' title='bbox 195 2882 496 2928; x_wconf 80' lang='lat' dir='ltr'><strong>noscuntur</strong></span> <span class='ocrx_word' id='word_1_341' title='bbox 515 2868 537 2922; x_wconf 66' lang='grc' dir='ltr'><strong>’ἶ</strong></span> <span class='ocrx_word' id='word_1_342' title='bbox 574 2868 618 2922; x_wconf 92' lang='lat'><em>0</em></span> <span class='ocrx_word' id='word_1_343' title='bbox 642 2885 754 2934; x_wconf 74' lang='lat' dir='ltr'><strong>qua:</strong></span> <span class='ocrx_word' id='word_1_344' title='bbox 776 2881 885 2922; x_wconf 86' lang='lat' dir='ltr'><strong>erat</strong></span> <span class='ocrx_word' id='word_1_345' title='bbox 909 2867 1184 2934; x_wconf 83' lang='lat' dir='ltr'><strong>splendida</strong></span> <span class='ocrx_word' id='word_1_346' title='bbox 1207 2865 1222 2902; x_wconf 75' lang='grc' dir='ltr'><strong>ί</strong></span> <span class='ocrx_word' id='word_1_347' title='bbox 1245 2877 1291 2919; x_wconf 94' lang='lat' dir='ltr'><strong>et</strong></span> <span class='ocrx_word' id='word_1_348' title='bbox 1315 2866 1577 2934; x_wconf 76' lang='lat' dir='ltr'><strong>redempta</strong></span> <span class='ocrx_word' id='word_1_349' title='bbox 1607 2868 1805 2931; x_wconf 77' lang='lat' dir='ltr'><strong>civitas,</strong></span> 
     </span>
    </p>
   </div>
   <div class='ocr_carea' id='block_1_44' title="bbox 202 2959 1810 3028">
    <p class='ocr_par' dir='ltr' id='par_1_44' title="bbox 202 2959 1810 3028">
     <span class='ocr_line' id='line_1_44' title="bbox 202 2959 1810 3028; baseline -0.004 -9"><span class='ocrx_word' id='word_1_350' title='bbox 202 2964 446 3019; x_wconf 84' lang='lat' dir='ltr'><strong>columba</strong></span> <span class='ocrx_word' id='word_1_351' title='bbox 473 2978 489 3015; x_wconf 89' lang='lat'><em>:</em></span> <span class='ocrx_word' id='word_1_352' title='bbox 516 2978 620 3014; x_wconf 90' lang='lat' dir='ltr'><strong>non</strong></span> <span class='ocrx_word' id='word_1_353' title='bbox 651 2961 914 3014; x_wconf 74' lang='lat' dir='ltr'><strong>exaudivit</strong></span> <span class='ocrx_word' id='word_1_354' title='bbox 940 2975 1108 3012; x_wconf 84' lang='lat' dir='ltr'><strong>rocem</strong></span> <span class='ocrx_word' id='word_1_355' title='bbox 1127 3001 1140 3023; x_wconf 99' lang='lat'><strong>,</strong></span> <span class='ocrx_word' id='word_1_356' title='bbox 1175 2975 1279 3012; x_wconf 90' lang='lat' dir='ltr'><strong>non</strong></span> <span class='ocrx_word' id='word_1_357' title='bbox 1316 2959 1544 3028; x_wconf 84' lang='lat' dir='ltr'><strong>percepit</strong></span> <span class='ocrx_word' id='word_1_358' title='bbox 1573 2959 1810 3027; x_wconf 84' lang='lat' dir='ltr'><strong>discipli-</strong></span> 
     </span>
    </p>
   </div>
   <div class='ocr_carea' id='block_1_45' title="bbox 197 3049 1810 3121">
    <p class='ocr_par' dir='ltr' id='par_1_45' title="bbox 197 3049 1810 3121">
     <span class='ocr_line' id='line_1_45' title="bbox 197 3049 1810 3121; baseline -0.004 -10"><span class='ocrx_word' id='word_1_359' title='bbox 197 3074 347 3121; x_wconf 86' lang='lat' dir='ltr'><strong>nam,</strong></span> <span class='ocrx_word' id='word_1_360' title='bbox 381 3056 432 3108; x_wconf 90' lang='lat' dir='ltr'><strong>in</strong></span> <span class='ocrx_word' id='word_1_361' title='bbox 461 3052 686 3108; x_wconf 84' lang='lat' dir='ltr'><strong>Domino</strong></span> <span class='ocrx_word' id='word_1_362' title='bbox 711 3070 812 3106; x_wconf 92' lang='lat' dir='ltr'><strong>non</strong></span> <span class='ocrx_word' id='word_1_363' title='bbox 852 3054 1066 3120; x_wconf 77' lang='lat' dir='ltr'><strong>conﬁdit</strong></span> <span class='ocrx_word' id='word_1_364' title='bbox 1092 3093 1106 3116; x_wconf 90' lang='lat'><strong>,</strong></span> <span class='ocrx_word' id='word_1_365' title='bbox 1134 3063 1178 3104; x_wconf 89' lang='lat' dir='ltr'><strong>et</strong></span> <span class='ocrx_word' id='word_1_366' title='bbox 1202 3051 1271 3104; x_wconf 91' lang='lat' dir='ltr'><strong>ad</strong></span> <span class='ocrx_word' id='word_1_367' title='bbox 1308 3049 1473 3104; x_wconf 85' lang='lat' dir='ltr'><strong>Deum</strong></span> <span class='ocrx_word' id='word_1_368' title='bbox 1505 3069 1658 3105; x_wconf 83' lang='lat' dir='ltr'><strong>suum</strong></span> <span class='ocrx_word' id='word_1_369' title='bbox 1708 3069 1810 3104; x_wconf 91' lang='lat' dir='ltr'><strong>non</strong></span> 
     </span>
    </p>
   </div>
   <div class='ocr_carea' id='block_1_46' title="bbox 196 3145 1809 3219">
    <p class='ocr_par' dir='ltr' id='par_1_46' title="bbox 196 3145 1809 3219">
     <span class='ocr_line' id='line_1_46' title="bbox 196 3145 1809 3219; baseline -0.004 -15"><span class='ocrx_word' id='word_1_370' title='bbox 196 3151 437 3204; x_wconf 87' lang='lat' dir='ltr'><strong>accessit.</strong></span> <span class='ocrx_word' id='word_1_371' title='bbox 475 3147 752 3217; x_wconf 80' lang='lat' dir='ltr'><strong>Principes</strong></span> <span class='ocrx_word' id='word_1_372' title='bbox 784 3149 896 3219; x_wconf 81' lang='lat' dir='ltr'><strong>ejus</strong></span> <span class='ocrx_word' id='word_1_373' title='bbox 917 3148 1048 3198; x_wconf 83' lang='lat' dir='ltr'><strong>sicut</strong></span> <span class='ocrx_word' id='word_1_374' title='bbox 1090 3146 1256 3198; x_wconf 87' lang='lat' dir='ltr'><strong>leones</strong></span> <span class='ocrx_word' id='word_1_375' title='bbox 1304 3149 1566 3212; x_wconf 86' lang='lat' dir='ltr'><strong>fremunt,</strong></span> <span class='ocrx_word' id='word_1_376' title='bbox 1599 3145 1809 3216; x_wconf 78' lang='lat' dir='ltr'><strong>judites</strong></span> 
     </span>
    </p>
   </div>
   <div class='ocr_carea' id='block_1_47' title="bbox 196 3237 1812 3315">
    <p class='ocr_par' dir='ltr' id='par_1_47' title="bbox 196 3237 1812 3315">
     <span class='ocr_line' id='line_1_47' title="bbox 196 3237 1812 3315; baseline -0.007 -15"><span class='ocrx_word' id='word_1_377' title='bbox 196 3248 314 3315; x_wconf 83' lang='lat' dir='ltr'><strong>ejus</strong></span> <span class='ocrx_word' id='word_1_378' title='bbox 333 3245 466 3295; x_wconf 82' lang='lat' dir='ltr'><strong>sicut</strong></span> <span class='ocrx_word' id='word_1_379' title='bbox 484 3242 596 3311; x_wconf 86' lang='lat' dir='ltr'><strong>lupi</strong></span> <span class='ocrx_word' id='word_1_380' title='bbox 627 3240 854 3304; x_wconf 61' lang='lat' dir='ltr'><strong>Arabia,</strong></span> <span class='ocrx_word' id='word_1_381' title='bbox 885 3255 987 3292; x_wconf 90' lang='lat' dir='ltr'><strong>non</strong></span> <span class='ocrx_word' id='word_1_382' title='bbox 1018 3237 1301 3306; x_wconf 87' lang='lat' dir='ltr'><strong>subreliqui</strong></span> <span class='ocrx_word' id='word_1_383' title='bbox 1327 3246 1350 3280; x_wconf 72' lang='grc' dir='ltr'>κ</span> <span class='ocrx_word' id='word_1_384' title='bbox 1377 3238 1599 3290; x_wconf 84' lang='lat' dir='ltr'><strong>eruntin</strong></span> <span class='ocrx_word' id='word_1_385' title='bbox 1624 3254 1775 3289; x_wconf 75' lang='lat' dir='ltr'><strong>mane</strong></span> <span class='ocrx_word' id='word_1_386' title='bbox 1794 3252 1812 3289; x_wconf 89' lang='lat'><em>:</em></span> 
     </span>
    </p>
   </div>
   <div class='ocr_carea' id='block_1_48' title="bbox 1895 2034 3502 2109">
    <p class='ocr_par' dir='ltr' id='par_1_48' title="bbox 1895 2034 3502 2109">
     <span class='ocr_line' id='line_1_48' title="bbox 1895 2034 3502 2109; baseline -0.001 -15"><span class='ocrx_word' id='word_1_387' title='bbox 1895 2040 2049 2109; x_wconf 84' lang='lat' dir='ltr'><strong>cujus</strong></span> <span class='ocrx_word' id='word_1_388' title='bbox 2070 2037 2399 2093; x_wconf 86' lang='lat' dir='ltr'><strong>auctoritate</strong></span> <span class='ocrx_word' id='word_1_389' title='bbox 2425 2037 2637 2098; x_wconf 69' lang='lat' dir='ltr'><strong>divisti,</strong></span> <span class='ocrx_word' id='word_1_390' title='bbox 2666 2034 2885 2091; x_wconf 89' lang='lat' dir='ltr'><strong>Laniate</strong></span> <span class='ocrx_word' id='word_1_391' title='bbox 2917 2053 3219 2091; x_wconf 84' lang='lat' dir='ltr'><strong>conservum</strong></span> <span class='ocrx_word' id='word_1_392' title='bbox 3239 2041 3502 2094; x_wconf 68' lang='lat' dir='ltr'><strong>vestrum?</strong></span> 
     </span>
    </p>
   </div>
   <div class='ocr_carea' id='block_1_49' title="bbox 1897 2131 3501 2201">
    <p class='ocr_par' dir='ltr' id='par_1_49' title="bbox 1897 2131 3501 2201">
     <span class='ocr_line' id='line_1_49' title="bbox 1897 2131 3501 2201; baseline -0.001 -13"><span class='ocrx_word' id='word_1_393' title='bbox 1897 2132 1960 2189; x_wconf 90' lang='lat' dir='ltr'><strong>Si</strong></span> <span class='ocrx_word' id='word_1_394' title='bbox 1996 2133 2093 2187; x_wconf 84' lang='lat' dir='ltr'><strong>Dei</strong></span> <span class='ocrx_word' id='word_1_395' title='bbox 2157 2131 2426 2186; x_wconf 87' lang='lat' dir='ltr'><strong>mandatis</strong></span> <span class='ocrx_word' id='word_1_396' title='bbox 2469 2142 2520 2186; x_wconf 88' lang='lat' dir='ltr'><strong>te</strong></span> <span class='ocrx_word' id='word_1_397' title='bbox 2574 2132 2871 2201; x_wconf 80' lang='lat' dir='ltr'><strong>pratulisse</strong></span> <span class='ocrx_word' id='word_1_398' title='bbox 2927 2131 3064 2186; x_wconf 87' lang='lat' dir='ltr'><strong>hanc</strong></span> <span class='ocrx_word' id='word_1_399' title='bbox 3116 2133 3501 2187; x_wconf 79' lang='lat' dir='ltr'><strong>auctoritatem</strong></span> 
     </span>
    </p>
   </div>
   <div class='ocr_carea' id='block_1_50' title="bbox 1896 2225 3503 2298">
    <p class='ocr_par' dir='ltr' id='par_1_50' title="bbox 1896 2225 3503 2298">
     <span class='ocr_line' id='line_1_50' title="bbox 1896 2225 3503 2298; baseline 0.001 -18"><span class='ocrx_word' id='word_1_400' title='bbox 1896 2227 2122 2292; x_wconf 78' lang='lat' dir='ltr'><strong>dixeris,</strong></span> <span class='ocrx_word' id='word_1_401' title='bbox 2157 2243 2262 2280; x_wconf 91' lang='lat' dir='ltr'><strong>non</strong></span> <span class='ocrx_word' id='word_1_402' title='bbox 2297 2227 2500 2296; x_wconf 88' lang='lat' dir='ltr'><strong>poteris</strong></span> <span class='ocrx_word' id='word_1_403' title='bbox 2539 2225 2811 2296; x_wconf 88' lang='lat' dir='ltr'><strong>probare,</strong></span> <span class='ocrx_word' id='word_1_404' title='bbox 2862 2228 3118 2295; x_wconf 86' lang='lat' dir='ltr'><strong>quoniam</strong></span> <span class='ocrx_word' id='word_1_405' title='bbox 3152 2228 3371 2298; x_wconf 86' lang='lat' dir='ltr'><strong>quidem</strong></span> <span class='ocrx_word' id='word_1_406' title='bbox 3423 2230 3503 2282; x_wconf 89' lang='lat' dir='ltr'><strong>in-</strong></span> 
     </span>
    </p>
   </div>
   <div class='ocr_carea' id='block_1_51' title="bbox 1903 2321 3499 2395">
    <p class='ocr_par' dir='ltr' id='par_1_51' title="bbox 1903 2321 3499 2395">
     <span class='ocr_line' id='line_1_51' title="bbox 1903 2321 3499 2395; baseline 0.003 -20"><span class='ocrx_word' id='word_1_407' title='bbox 1903 2323 2071 2376; x_wconf 81' lang='lat' dir='ltr'><strong>veniri</strong></span> <span class='ocrx_word' id='word_1_408' title='bbox 2123 2337 2230 2375; x_wconf 90' lang='lat' dir='ltr'><strong>non</strong></span> <span class='ocrx_word' id='word_1_409' title='bbox 2287 2323 2460 2389; x_wconf 81' lang='lat' dir='ltr'><strong>possit</strong></span> <span class='ocrx_word' id='word_1_410' title='bbox 2509 2321 2563 2374; x_wconf 91' lang='lat' dir='ltr'><strong>in</strong></span> <span class='ocrx_word' id='word_1_411' title='bbox 2621 2323 2793 2376; x_wconf 83' lang='lat' dir='ltr'><strong>sacris</strong></span> <span class='ocrx_word' id='word_1_412' title='bbox 2834 2325 3120 2394; x_wconf 88' lang='lat' dir='ltr'><strong>scripturis</strong></span> <span class='ocrx_word' id='word_1_413' title='bbox 3167 2335 3499 2395; x_wconf 72' lang='lat' dir='ltr'><strong>pra-ceptum</strong></span> 
     </span>
    </p>
   </div>
   <div class='ocr_carea' id='block_1_52' title="bbox 1904 2411 3504 2483">
    <p class='ocr_par' dir='ltr' id='par_1_52' title="bbox 1904 2411 3504 2483">
     <span class='ocr_line' id='line_1_52' title="bbox 1904 2411 3504 2483; baseline 0.003 -17"><span class='ocrx_word' id='word_1_414' title='bbox 1904 2413 2022 2478; x_wconf 88' lang='lat' dir='ltr'><strong>Dei,</strong></span> <span class='ocrx_word' id='word_1_415' title='bbox 2058 2412 2817 2468; x_wconf 86' lang='lat' dir='ltr'><strong>innocentemdamnandum.</strong></span> <span class='ocrx_word' id='word_1_416' title='bbox 2866 2411 3000 2468; x_wconf 90' lang='lat' dir='ltr'><strong>Cum</strong></span> <span class='ocrx_word' id='word_1_417' title='bbox 3055 2418 3238 2483; x_wconf 79' lang='lat' dir='ltr'><strong>itaque</strong></span> <span class='ocrx_word' id='word_1_418' title='bbox 3259 2431 3320 2469; x_wconf 85' lang='lat' dir='ltr'><strong>ea</strong></span> <span class='ocrx_word' id='word_1_419' title='bbox 3354 2417 3504 2472; x_wconf 74' lang='lat' dir='ltr'><strong>lece-</strong></span> 
     </span>
    </p>
   </div>
   <div class='ocr_carea' id='block_1_53' title="bbox 1907 2505 3514 2575">
    <p class='ocr_par' dir='ltr' id='par_1_53' title="bbox 1907 2505 3514 2575">
     <span class='ocr_line' id='line_1_53' title="bbox 1907 2505 3514 2575; baseline 0.004 -17"><span class='ocrx_word' id='word_1_420' title='bbox 1907 2510 2002 2567; x_wconf 85' lang='lat' dir='ltr'><strong>ris,</strong></span> <span class='ocrx_word' id='word_1_421' title='bbox 2029 2521 2148 2575; x_wconf 75' lang='lat' dir='ltr'><strong>qua:</strong></span> <span class='ocrx_word' id='word_1_422' title='bbox 2178 2506 2262 2559; x_wconf 78' lang='lat' dir='ltr'><strong>lex</strong></span> <span class='ocrx_word' id='word_1_423' title='bbox 2297 2505 2552 2573; x_wconf 80' lang='lat' dir='ltr'><strong>prohibet</strong></span> <span class='ocrx_word' id='word_1_424' title='bbox 2586 2505 2679 2561; x_wconf 90' lang='lat' dir='ltr'><strong>Dei</strong></span> <span class='ocrx_word' id='word_1_425' title='bbox 2717 2548 2731 2571; x_wconf 94' lang='lat'><strong>,</strong></span> <span class='ocrx_word' id='word_1_426' title='bbox 2760 2515 2979 2560; x_wconf 82' lang='lat' dir='ltr'><strong>constat</strong></span> <span class='ocrx_word' id='word_1_427' title='bbox 3021 2517 3070 2561; x_wconf 86' lang='lat' dir='ltr'><strong>te</strong></span> <span class='ocrx_word' id='word_1_428' title='bbox 3106 2509 3244 2562; x_wconf 85' lang='lat' dir='ltr'><strong>hanc</strong></span> <span class='ocrx_word' id='word_1_429' title='bbox 3275 2511 3514 2564; x_wconf 78' lang='lat' dir='ltr'><strong>aucturi-</strong></span> 
     </span>
    </p>
   </div>
   <div class='ocr_carea' id='block_1_54' title="bbox 1907 2599 3513 2670">
    <p class='ocr_par' dir='ltr' id='par_1_54' title="bbox 1907 2599 3513 2670">
     <span class='ocr_line' id='line_1_54' title="bbox 1907 2599 3513 2670; baseline 0.005 -19"><span class='ocrx_word' id='word_1_430' title='bbox 1907 2607 2071 2652; x_wconf 86' lang='lat' dir='ltr'><strong>tatem</strong></span> <span class='ocrx_word' id='word_1_431' title='bbox 2117 2614 2183 2651; x_wconf 73' lang='grc' dir='ltr'>οι</span> <span class='ocrx_word' id='word_1_432' title='bbox 2241 2599 2520 2652; x_wconf 86' lang='lat' dir='ltr'><strong>voluntate</strong></span> <span class='ocrx_word' id='word_1_433' title='bbox 2571 2599 2714 2653; x_wconf 92' lang='lat' dir='ltr'><strong>illius</strong></span> <span class='ocrx_word' id='word_1_434' title='bbox 2755 2601 3092 2670; x_wconf 82' lang='lat' dir='ltr'><strong>protulisse,</strong></span> <span class='ocrx_word' id='word_1_435' title='bbox 3145 2603 3234 2670; x_wconf 85' lang='lat' dir='ltr'><strong>qui</strong></span> <span class='ocrx_word' id='word_1_436' title='bbox 3292 2616 3513 2659; x_wconf 81' lang='lat' dir='ltr'><strong>\‘l‘CClllI‘</strong></span> 
     </span>
    </p>
   </div>
   <div class='ocr_carea' id='block_1_55' title="bbox 1909 2690 3506 2761">
    <p class='ocr_par' dir='ltr' id='par_1_55' title="bbox 1909 2690 3506 2761">
     <span class='ocr_line' id='line_1_55' title="bbox 1909 2690 3506 2761; baseline 0.004 -19"><span class='ocrx_word' id='word_1_437' title='bbox 1909 2690 2165 2745; x_wconf 89' lang='lat' dir='ltr'><strong>inimicus</strong></span> <span class='ocrx_word' id='word_1_438' title='bbox 2197 2691 2325 2752; x_wconf 88' lang='lat' dir='ltr'><strong>Dei;</strong></span> <span class='ocrx_word' id='word_1_439' title='bbox 2364 2692 2505 2744; x_wconf 91' lang='lat' dir='ltr'><strong>unde</strong></span> <span class='ocrx_word' id='word_1_440' title='bbox 2533 2701 2588 2745; x_wconf 90' lang='lat' dir='ltr'><strong>et</strong></span> <span class='ocrx_word' id='word_1_441' title='bbox 2641 2691 2745 2745; x_wconf 86' lang='lat' dir='ltr'><strong>illis</strong></span> <span class='ocrx_word' id='word_1_442' title='bbox 2779 2694 3116 2760; x_wconf 85' lang='lat' dir='ltr'><strong>compareris</strong></span> <span class='ocrx_word' id='word_1_443' title='bbox 3145 2708 3372 2749; x_wconf 82' lang='lat' dir='ltr'><strong>necesse</strong></span> <span class='ocrx_word' id='word_1_444' title='bbox 3401 2709 3506 2761; x_wconf 84' lang='lat' dir='ltr'><strong>est,</strong></span> 
     </span>
    </p>
   </div>
   <div class='ocr_carea' id='block_1_56' title="bbox 1911 2781 3510 2851">
    <p class='ocr_par' dir='ltr' id='par_1_56' title="bbox 1911 2781 3510 2851">
     <span class='ocr_line' id='line_1_56' title="bbox 1911 2781 3510 2851; baseline 0.003 -17"><span class='ocrx_word' id='word_1_445' title='bbox 1911 2783 2106 2847; x_wconf 85' lang='lat' dir='ltr'><strong>quibus</strong></span> <span class='ocrx_word' id='word_1_446' title='bbox 2137 2781 2337 2836; x_wconf 85' lang='lat' dir='ltr'><strong>dicitur</strong></span> <span class='ocrx_word' id='word_1_447' title='bbox 2369 2797 2466 2850; x_wconf 90' lang='lat' dir='ltr'><strong>per</strong></span> <span class='ocrx_word' id='word_1_448' title='bbox 2511 2781 2866 2851; x_wconf 85' lang='lat' dir='ltr'><strong>prophetam:</strong></span> <span class='ocrx_word' id='word_1_449' title='bbox 2898 2783 2962 2836; x_wconf 77' lang='lat' dir='ltr'><strong>Et</strong></span> <span class='ocrx_word' id='word_1_450' title='bbox 2994 2794 3032 2821; x_wconf 79' lang='grc' dir='ltr'>ιη</span> <span class='ocrx_word' id='word_1_451' title='bbox 3057 2785 3418 2840; x_wconf 79' lang='lat' dir='ltr'><strong>dissuaserimt</strong></span> <span class='ocrx_word' id='word_1_452' title='bbox 3448 2805 3510 2839; x_wconf 84' lang='lat' dir='ltr'><strong>ne</strong></span> 
     </span>
    </p>
   </div>
   <div class='ocr_carea' id='block_1_57' title="bbox 1914 2874 3517 2943">
    <p class='ocr_par' dir='ltr' id='par_1_57' title="bbox 1914 2874 3517 2943">
     <span class='ocr_line' id='line_1_57' title="bbox 1914 2874 3517 2943; baseline 0.005 -19"><span class='ocrx_word' id='word_1_453' title='bbox 1914 2874 2265 2939; x_wconf 82' lang='lat' dir='ltr'><strong>observarent,</strong></span> <span class='ocrx_word' id='word_1_454' title='bbox 2318 2883 2364 2926; x_wconf 92' lang='lat' dir='ltr'><strong>et</strong></span> <span class='ocrx_word' id='word_1_455' title='bbox 2409 2875 2663 2927; x_wconf 85' lang='lat' dir='ltr'><strong>dederunt</strong></span> <span class='ocrx_word' id='word_1_456' title='bbox 2707 2875 2919 2928; x_wconf 78' lang='lat' dir='ltr'><strong>dorsum</strong></span> <span class='ocrx_word' id='word_1_457' title='bbox 2974 2877 3231 2943; x_wconf 71' lang='lat' dir='ltr'><strong>stultitim,</strong></span> <span class='ocrx_word' id='word_1_458' title='bbox 3274 2888 3320 2931; x_wconf 89' lang='lat' dir='ltr'><strong>et</strong></span> <span class='ocrx_word' id='word_1_459' title='bbox 3365 2896 3517 2932; x_wconf 71' lang='lat' dir='ltr'><strong>aures</strong></span> 
     </span>
    </p>
   </div>
   <div class='ocr_carea' id='block_1_58' title="bbox 1914 2967 3518 3036">
    <p class='ocr_par' dir='ltr' id='par_1_58' title="bbox 1914 2967 3518 3036">
     <span class='ocr_line' id='line_1_58' title="bbox 1914 2967 3518 3036; baseline 0.004 -18"><span class='ocrx_word' id='word_1_460' title='bbox 1914 2982 2034 3018; x_wconf 78' lang='lat' dir='ltr'><strong>suas</strong></span> <span class='ocrx_word' id='word_1_461' title='bbox 2058 2975 2105 3018; x_wconf 81' lang='lat' dir='ltr'><strong>et</strong></span> <span class='ocrx_word' id='word_1_462' title='bbox 2128 2980 2218 3018; x_wconf 90' lang='lat' dir='ltr'><strong>cor</strong></span> <span class='ocrx_word' id='word_1_463' title='bbox 2237 2980 2389 3018; x_wconf 84' lang='lat' dir='ltr'><strong>suum</strong></span> <span class='ocrx_word' id='word_1_464' title='bbox 2415 2975 2708 3018; x_wconf 85' lang='lat' dir='ltr'><strong>statuerunt</strong></span> <span class='ocrx_word' id='word_1_465' title='bbox 2758 2967 3090 3035; x_wconf 85' lang='lat' dir='ltr'><strong>insuadibile,</strong></span> <span class='ocrx_word' id='word_1_466' title='bbox 3123 2986 3185 3024; x_wconf 91' lang='lat' dir='ltr'><strong>ne</strong></span> <span class='ocrx_word' id='word_1_467' title='bbox 3210 2970 3470 3025; x_wconf 80' lang='lat' dir='ltr'><strong>obcdirrnt</strong></span> <span class='ocrx_word' id='word_1_468' title='bbox 3501 2989 3518 3036; x_wconf 84' lang='lat'><strong>,&#39;</strong></span> 
     </span>
    </p>
   </div>
   <div class='ocr_carea' id='block_1_59' title="bbox 1915 3055 3515 3134">
    <p class='ocr_par' dir='ltr' id='par_1_59' title="bbox 1915 3055 3515 3134">
     <span class='ocr_line' id='line_1_59' title="bbox 1915 3055 3515 3134; baseline 0.008 -28"><span class='ocrx_word' id='word_1_469' title='bbox 1915 3055 2340 3124; x_wconf 78' lang='lat' dir='ltr'><strong>rlegravaverunt,</strong></span> <span class='ocrx_word' id='word_1_470' title='bbox 2373 3067 2427 3110; x_wconf 89' lang='lat' dir='ltr'><strong>ut</strong></span> <span class='ocrx_word' id='word_1_471' title='bbox 2452 3073 2553 3110; x_wconf 88' lang='lat' dir='ltr'><strong>non</strong></span> <span class='ocrx_word' id='word_1_472' title='bbox 2577 3057 2840 3112; x_wconf 83' lang='lat' dir='ltr'><strong>obedirent</strong></span> <span class='ocrx_word' id='word_1_473' title='bbox 2864 3060 3024 3132; x_wconf 79' lang='lat' dir='ltr'><strong>legem</strong></span> <span class='ocrx_word' id='word_1_474' title='bbox 3057 3070 3083 3095; x_wconf 81' lang='grc' dir='ltr'><strong>η</strong></span> <span class='ocrx_word' id='word_1_475' title='bbox 3140 3079 3308 3115; x_wconf 82' lang='lat' dir='ltr'><strong>meam</strong></span> <span class='ocrx_word' id='word_1_476' title='bbox 3352 3064 3515 3134; x_wconf 77' lang='lat' dir='ltr'><strong>(ibid.</strong></span> 
     </span>
    </p>
   </div>
   <div class='ocr_carea' id='block_1_60' title="bbox 1919 3147 3520 3221">
    <p class='ocr_par' dir='ltr' id='par_1_60' title="bbox 1919 3147 3520 3221">
     <span class='ocr_line' id='line_1_60' title="bbox 1919 3147 3520 3221; baseline 0.006 -19"><span class='ocrx_word' id='word_1_477' title='bbox 1919 3147 2031 3216; x_wconf 76' lang='lat' dir='ltr'><strong>il).</strong></span> <span class='ocrx_word' id='word_1_478' title='bbox 2060 3148 2126 3202; x_wconf 85' lang='lat' dir='ltr'><strong>Et</strong></span> <span class='ocrx_word' id='word_1_479' title='bbox 2155 3147 2293 3201; x_wconf 79' lang='lat' dir='ltr'><strong>infra</strong></span> <span class='ocrx_word' id='word_1_480' title='bbox 2331 3167 2341 3201; x_wconf 88' lang='lat'><strong>:</strong></span> <span class='ocrx_word' id='word_1_481' title='bbox 2379 3147 2504 3202; x_wconf 83' lang='lat' dir='ltr'><strong>Non</strong></span> <span class='ocrx_word' id='word_1_482' title='bbox 2557 3158 2582 3184; x_wconf 90' lang='grc' dir='ltr'>ο</span> <span class='ocrx_word' id='word_1_483' title='bbox 2632 3152 3010 3219; x_wconf 74' lang='lat' dir='ltr'><strong>exaudierunt;</strong></span> <span class='ocrx_word' id='word_1_484' title='bbox 3043 3154 3088 3206; x_wconf 78' lang='lat' dir='ltr'><strong>si</strong></span> <span class='ocrx_word' id='word_1_485' title='bbox 3120 3155 3436 3221; x_wconf 85' lang='lat' dir='ltr'><strong>clamabunt,</strong></span> <span class='ocrx_word' id='word_1_486' title='bbox 3472 3169 3520 3211; x_wconf 87' lang='lat' dir='ltr'><strong>ct</strong></span> 
     </span>
    </p>
   </div>
   <div class='ocr_carea' id='block_1_61' title="bbox 1918 3241 3516 3320">
    <p class='ocr_par' dir='ltr' id='par_1_61' title="bbox 1918 3241 3516 3320">
     <span class='ocr_line' id='line_1_61' title="bbox 1918 3241 3516 3320; baseline 0.008 -29"><span class='ocrx_word' id='word_1_487' title='bbox 1918 3256 2018 3292; x_wconf 88' lang='lat' dir='ltr'><strong>non</strong></span> <span class='ocrx_word' id='word_1_488' title='bbox 2037 3241 2313 3293; x_wconf 71' lang='lat' dir='ltr'><strong>exaudiam</strong></span> <span class='ocrx_word' id='word_1_489' title='bbox 2344 3257 2448 3304; x_wconf 85' lang='lat' dir='ltr'><strong>eos,</strong></span> <span class='ocrx_word' id='word_1_490' title='bbox 2480 3241 2608 3295; x_wconf 84' lang='lat' dir='ltr'><strong>dicit</strong></span> <span class='ocrx_word' id='word_1_491' title='bbox 2633 3241 2888 3297; x_wconf 87' lang='lat' dir='ltr'><strong>Dominus</strong></span> <span class='ocrx_word' id='word_1_492' title='bbox 2913 3247 3239 3314; x_wconf 88' lang='lat' dir='ltr'><strong>omnipotens</strong></span> <span class='ocrx_word' id='word_1_493' title='bbox 3263 3247 3370 3320; x_wconf 82' lang='lat' dir='ltr'><strong>(ib.</strong></span> <span class='ocrx_word' id='word_1_494' title='bbox 3401 3251 3516 3318; x_wconf 79' lang='grc'><strong>13).</strong></span> 
     </span>
    </p>
   </div>
   <div class='ocr_carea' id='block_1_62' title="bbox 197 3327 3520 3411">
    <p class='ocr_par' dir='ltr' id='par_1_62' title="bbox 197 3327 3520 3411">
     <span class='ocr_line' id='line_1_62' title="bbox 197 3327 3520 3411; baseline 0.002 -20"><span class='ocrx_word' id='word_1_495' title='bbox 197 3335 472 3408; x_wconf 72' lang='lat' dir='ltr'><strong>propheta:</strong></span> <span class='ocrx_word' id='word_1_496' title='bbox 503 3337 616 3405; x_wconf 89' lang='lat' dir='ltr'><strong>ejus</strong></span> <span class='ocrx_word' id='word_1_497' title='bbox 639 3331 924 3403; x_wconf 83' lang='lat' dir='ltr'><strong>spiritales,</strong></span> <span class='ocrx_word' id='word_1_498' title='bbox 964 3330 1057 3382; x_wconf 83' lang='lat' dir='ltr'><strong>viri</strong></span> <span class='ocrx_word' id='word_1_499' title='bbox 1082 3337 1456 3398; x_wconf 83' lang='lat' dir='ltr'><strong>contemptores</strong></span> <span class='ocrx_word' id='word_1_500' title='bbox 1478 3367 1492 3393; x_wconf 94' lang='lat'><strong>,</strong></span> <span class='ocrx_word' id='word_1_501' title='bbox 1520 3327 1811 3381; x_wconf 86' lang='lat' dir='ltr'><strong>sacerdotes</strong></span> <span class='ocrx_word' id='word_1_502' title='bbox 1842 3345 1885 3407; x_wconf 72' lang='grc' dir='ltr'><strong>ρ</strong></span> <span class='ocrx_word' id='word_1_503' title='bbox 1920 3333 2142 3398; x_wconf 73' lang='grc' dir='ltr'>Αηίιηιιο,</span> <span class='ocrx_word' id='word_1_504' title='bbox 2168 3335 2419 3402; x_wconf 82' lang='lat' dir='ltr'><strong>quiestote</strong></span> <span class='ocrx_word' id='word_1_505' title='bbox 2448 3344 2473 3382; x_wconf 86' lang='lat' dir='ltr'>P</span> <span class='ocrx_word' id='word_1_506' title='bbox 2499 3350 2516 3387; x_wconf 92' lang='lat'><strong><em>:</em></strong></span> <span class='ocrx_word' id='word_1_507' title='bbox 2549 3336 2659 3388; x_wconf 70' lang='lat' dir='ltr'><strong>haec</strong></span> <span class='ocrx_word' id='word_1_508' title='bbox 2691 3346 2811 3389; x_wconf 88' lang='lat' dir='ltr'><strong>sunt</strong></span> <span class='ocrx_word' id='word_1_509' title='bbox 2835 3337 2987 3391; x_wconf 82' lang='lat' dir='ltr'><strong>terba</strong></span> <span class='ocrx_word' id='word_1_510' title='bbox 3014 3355 3131 3408; x_wconf 69' lang='lat' dir='ltr'><strong>qua:</strong></span> <span class='ocrx_word' id='word_1_511' title='bbox 3161 3341 3407 3411; x_wconf 74' lang='lat' dir='ltr'><strong>faciatis:</strong></span> <span class='ocrx_word' id='word_1_512' title='bbox 3443 3344 3520 3396; x_wconf 89' lang='lat' dir='ltr'><strong>lo-</strong></span> 
     </span>
    </p>
   </div>
   <div class='ocr_carea' id='block_1_63' title="bbox 197 3421 1809 3504">
    <p class='ocr_par' dir='ltr' id='par_1_63' title="bbox 197 3421 1809 3504">
     <span class='ocr_line' id='line_1_63' title="bbox 197 3421 1809 3504; baseline -0.009 -16"><span class='ocrx_word' id='word_1_513' title='bbox 197 3435 316 3504; x_wconf 85' lang='lat' dir='ltr'><strong>ejus</strong></span> <span class='ocrx_word' id='word_1_514' title='bbox 343 3429 698 3484; x_wconf 90' lang='lat' dir='ltr'><strong>contaminant</strong></span> <span class='ocrx_word' id='word_1_515' title='bbox 725 3424 820 3480; x_wconf 75' lang='lat' dir='ltr'><strong>se&quot;</strong></span> <span class='ocrx_word' id='word_1_516' title='bbox 855 3436 900 3478; x_wconf 91' lang='lat' dir='ltr'><strong>et</strong></span> <span class='ocrx_word' id='word_1_517' title='bbox 933 3425 1091 3494; x_wconf 84' lang='lat' dir='ltr'><strong>impie</strong></span> <span class='ocrx_word' id='word_1_518' title='bbox 1136 3432 1315 3493; x_wconf 86' lang='lat' dir='ltr'><strong>agunt.</strong></span> <span class='ocrx_word' id='word_1_519' title='bbox 1355 3421 1610 3475; x_wconf 86' lang='lat' dir='ltr'><strong>Dominus</strong></span> <span class='ocrx_word' id='word_1_520' title='bbox 1638 3433 1809 3476; x_wconf 86' lang='lat' dir='ltr'><strong>autem</strong></span> 
     </span>
    </p>
   </div>
   <div class='ocr_carea' id='block_1_64' title="bbox 185 3514 1808 3599">
    <p class='ocr_par' dir='ltr' id='par_1_64' title="bbox 185 3514 1808 3599">
     <span class='ocr_line' id='line_1_64' title="bbox 185 3514 1808 3599; baseline -0.008 -18"><span class='ocrx_word' id='word_1_521' title='bbox 185 3531 376 3599; x_wconf 86' lang='lat' dir='ltr'><strong>justus</strong></span> <span class='ocrx_word' id='word_1_522' title='bbox 407 3535 478 3578; x_wconf 87' lang='lat' dir='ltr'><strong>est</strong></span> <span class='ocrx_word' id='word_1_523' title='bbox 510 3525 563 3576; x_wconf 87' lang='lat' dir='ltr'><strong>in</strong></span> <span class='ocrx_word' id='word_1_524' title='bbox 612 3522 781 3576; x_wconf 88' lang='lat' dir='ltr'><strong>medio</strong></span> <span class='ocrx_word' id='word_1_525' title='bbox 829 3523 963 3592; x_wconf 85' lang='lat' dir='ltr'><strong>ejus,</strong></span> <span class='ocrx_word' id='word_1_526' title='bbox 997 3522 1177 3574; x_wconf 77' lang='lat' dir='ltr'><strong>et‘non</strong></span> <span class='ocrx_word' id='word_1_527' title='bbox 1217 3516 1370 3587; x_wconf 89' lang='lat' dir='ltr'><strong>faciet</strong></span> <span class='ocrx_word' id='word_1_528' title='bbox 1422 3517 1618 3588; x_wconf 86' lang='lat' dir='ltr'><strong>injuste</strong></span> <span class='ocrx_word' id='word_1_529' title='bbox 1645 3514 1808 3586; x_wconf 85' lang='lat' dir='ltr'><strong>(Ibid.</strong></span> 
     </span>
    </p>
   </div>
   <div class='ocr_carea' id='block_1_65' title="bbox 206 3611 1811 3692">
    <p class='ocr_par' dir='ltr' id='par_1_65' title="bbox 206 3611 1811 3692">
     <span class='ocr_line' id='line_1_65' title="bbox 206 3611 1811 3692; baseline -0.01 -13"><span class='ocrx_word' id='word_1_530' title='bbox 206 3639 296 3688; x_wconf 85' lang='lat' dir='ltr'><strong>tu,</strong></span> <span class='ocrx_word' id='word_1_531' title='bbox 339 3621 418 3692; x_wconf 79' lang='lat' dir='ltr'><strong>l).</strong></span> <span class='ocrx_word' id='word_1_532' title='bbox 453 3621 589 3675; x_wconf 85' lang='lat' dir='ltr'><strong>Cum</strong></span> <span class='ocrx_word' id='word_1_533' title='bbox 619 3623 734 3672; x_wconf 64' lang='lat' dir='ltr'><strong>hate</strong></span> <span class='ocrx_word' id='word_1_534' title='bbox 764 3618 837 3670; x_wconf 84' lang='lat' dir='ltr'><strong>ita</strong></span> <span class='ocrx_word' id='word_1_535' title='bbox 869 3631 928 3670; x_wconf 87' lang='lat' dir='ltr'><strong>se</strong></span> <span class='ocrx_word' id='word_1_536' title='bbox 977 3615 1212 3668; x_wconf 81' lang='lat' dir='ltr'><strong>habeant</strong></span> <span class='ocrx_word' id='word_1_537' title='bbox 1241 3654 1254 3676; x_wconf 94' lang='lat'><strong>,</strong></span> <span class='ocrx_word' id='word_1_538' title='bbox 1314 3622 1368 3666; x_wconf 88' lang='lat' dir='ltr'><strong>et</strong></span> <span class='ocrx_word' id='word_1_539' title='bbox 1418 3611 1574 3664; x_wconf 87' lang='lat' dir='ltr'><strong>nobis</strong></span> <span class='ocrx_word' id='word_1_540' title='bbox 1605 3611 1811 3665; x_wconf 88' lang='lat' dir='ltr'><strong>licitum</strong></span> 
     </span>
    </p>
   </div>
   <div class='ocr_carea' id='block_1_66' title="bbox 196 3704 1819 3781">
    <p class='ocr_par' dir='ltr' id='par_1_66' title="bbox 196 3704 1819 3781">
     <span class='ocr_line' id='line_1_66' title="bbox 196 3704 1819 3781; baseline -0.009 -9"><span class='ocrx_word' id='word_1_541' title='bbox 196 3714 440 3772; x_wconf 84' lang='lat' dir='ltr'><strong>minime</strong></span> <span class='ocrx_word' id='word_1_542' title='bbox 473 3712 545 3767; x_wconf 89' lang='lat' dir='ltr'><strong>sit</strong></span> <span class='ocrx_word' id='word_1_543' title='bbox 597 3711 860 3781; x_wconf 84' lang='lat' dir='ltr'><strong>injustum</strong></span> <span class='ocrx_word' id='word_1_544' title='bbox 895 3707 1145 3778; x_wconf 76' lang='lat' dir='ltr'><strong>proferre</strong></span> <span class='ocrx_word' id='word_1_545' title='bbox 1193 3704 1462 3773; x_wconf 87' lang='lat' dir='ltr'><strong>judicium</strong></span> <span class='ocrx_word' id='word_1_546' title='bbox 1496 3747 1510 3770; x_wconf 92' lang='lat'><strong>,</strong></span> <span class='ocrx_word' id='word_1_547' title='bbox 1562 3713 1819 3773; x_wconf 81' lang='lat' dir='ltr'><strong>superest</strong></span> 
     </span>
    </p>
   </div>
   <div class='ocr_carea' id='block_1_67' title="bbox 196 3799 1818 3867">
    <p class='ocr_par' dir='ltr' id='par_1_67' title="bbox 196 3799 1818 3867">
     <span class='ocr_line' id='line_1_67' title="bbox 196 3799 1818 3867; baseline -0.01 0"><span class='ocrx_word' id='word_1_548' title='bbox 196 3819 395 3867; x_wconf 83' lang='lat' dir='ltr'><strong>autem</strong></span> <span class='ocrx_word' id='word_1_549' title='bbox 431 3823 599 3863; x_wconf 90' lang='lat' dir='ltr'><strong>unum</strong></span> <span class='ocrx_word' id='word_1_550' title='bbox 628 3817 678 3860; x_wconf 89' lang='lat' dir='ltr'><strong>te</strong></span> <span class='ocrx_word' id='word_1_551' title='bbox 709 3804 874 3858; x_wconf 81' lang='lat' dir='ltr'><strong>facias</strong></span> <span class='ocrx_word' id='word_1_552' title='bbox 904 3817 1025 3857; x_wconf 80' lang='lat' dir='ltr'><strong>esse</strong></span> <span class='ocrx_word' id='word_1_553' title='bbox 1065 3816 1131 3856; x_wconf 77' lang='lat' dir='ltr'><strong>ex</strong></span> <span class='ocrx_word' id='word_1_554' title='bbox 1162 3799 1282 3867; x_wconf 83' lang='lat' dir='ltr'><strong>ejus</strong></span> <span class='ocrx_word' id='word_1_555' title='bbox 1312 3801 1484 3853; x_wconf 85' lang='lat' dir='ltr'><strong>servis</strong></span> <span class='ocrx_word' id='word_1_556' title='bbox 1517 3839 1529 3862; x_wconf 98' lang='lat'><strong>,</strong></span> <span class='ocrx_word' id='word_1_557' title='bbox 1559 3807 1614 3852; x_wconf 90' lang='lat' dir='ltr'><strong>et</strong></span> <span class='ocrx_word' id='word_1_558' title='bbox 1639 3799 1818 3852; x_wconf 83' lang='lat' dir='ltr'><strong>discas</strong></span> 
     </span>
    </p>
   </div>
   <div class='ocr_carea' id='block_1_68' title="bbox 190 3891 1818 3977">
    <p class='ocr_par' dir='ltr' id='par_1_68' title="bbox 190 3891 1818 3977">
     <span class='ocr_line' id='line_1_68' title="bbox 190 3891 1818 3977; baseline -0.009 -19"><span class='ocrx_word' id='word_1_559' title='bbox 190 3902 475 3977; x_wconf 87' lang='lat' dir='ltr'><strong>judicium</strong></span> <span class='ocrx_word' id='word_1_560' title='bbox 512 3895 797 3968; x_wconf 84' lang='lat' dir='ltr'><strong>proferre;</strong></span> <span class='ocrx_word' id='word_1_561' title='bbox 829 3904 921 3948; x_wconf 88' lang='lat' dir='ltr'><strong>aut</strong></span> <span class='ocrx_word' id='word_1_562' title='bbox 949 3893 992 3948; x_wconf 91' lang='lat' dir='ltr'><strong>si</strong></span> <span class='ocrx_word' id='word_1_563' title='bbox 1030 3908 1243 3959; x_wconf 78' lang='lat' dir='ltr'><strong>semper</strong></span> <span class='ocrx_word' id='word_1_564' title='bbox 1275 3891 1365 3945; x_wconf 89' lang='lat' dir='ltr'><strong>Dei</strong></span> <span class='ocrx_word' id='word_1_565' title='bbox 1406 3891 1484 3943; x_wconf 88' lang='lat' dir='ltr'><strong>vis</strong></span> <span class='ocrx_word' id='word_1_566' title='bbox 1515 3903 1636 3944; x_wconf 80' lang='lat' dir='ltr'><strong>esse</strong></span> <span class='ocrx_word' id='word_1_567' title='bbox 1676 3891 1818 3943; x_wconf 89' lang='lat' dir='ltr'><strong>inter</strong></span> 
     </span>
    </p>
   </div>
   <div class='ocr_carea' id='block_1_69' title="bbox 195 3981 1819 4058">
    <p class='ocr_par' dir='ltr' id='par_1_69' title="bbox 195 3981 1819 4058">
     <span class='ocr_line' id='line_1_69' title="bbox 195 3981 1819 4058; baseline -0.012 -6"><span class='ocrx_word' id='word_1_568' title='bbox 195 3991 584 4053; x_wconf 84' lang='lat' dir='ltr'><strong>adversarios,</strong></span> <span class='ocrx_word' id='word_1_569' title='bbox 613 3987 880 4058; x_wconf 89' lang='lat' dir='ltr'><strong>judicium</strong></span> <span class='ocrx_word' id='word_1_570' title='bbox 915 3996 1063 4039; x_wconf 92' lang='lat' dir='ltr'><strong>tuum</strong></span> <span class='ocrx_word' id='word_1_571' title='bbox 1115 3984 1267 4037; x_wconf 88' lang='lat' dir='ltr'><strong>solus</strong></span> <span class='ocrx_word' id='word_1_572' title='bbox 1302 3997 1487 4051; x_wconf 84' lang='lat' dir='ltr'><strong>prome</strong></span> <span class='ocrx_word' id='word_1_573' title='bbox 1513 3981 1771 4050; x_wconf 85' lang='lat' dir='ltr'><strong>injustum</strong></span> <span class='ocrx_word' id='word_1_574' title='bbox 1803 4021 1819 4044; x_wconf 92' lang='lat'><strong>,</strong></span> 
     </span>
    </p>
   </div>
   <div class='ocr_carea' id='block_1_70' title="bbox 194 4072 1829 4152">
    <p class='ocr_par' dir='ltr' id='par_1_70' title="bbox 194 4072 1829 4152">
     <span class='ocr_line' id='line_1_70' title="bbox 194 4072 1829 4152; baseline -0.013 -6"><span class='ocrx_word' id='word_1_575' title='bbox 194 4089 407 4146; x_wconf 89' lang='lat' dir='ltr'><strong>desine</strong></span> <span class='ocrx_word' id='word_1_576' title='bbox 454 4100 554 4139; x_wconf 75' lang='lat' dir='ltr'><strong>nos</strong></span> <span class='ocrx_word' id='word_1_577' title='bbox 598 4096 798 4152; x_wconf 73' lang='lat' dir='ltr'><strong>cogere</strong></span> <span class='ocrx_word' id='word_1_578' title='bbox 830 4079 1014 4134; x_wconf 79' lang='lat' dir='ltr'><strong>facere</strong></span> <span class='ocrx_word' id='word_1_579' title='bbox 1059 4075 1203 4147; x_wconf 83' lang='lat' dir='ltr'><strong>quod</strong></span> <span class='ocrx_word' id='word_1_580' title='bbox 1245 4076 1360 4130; x_wconf 90' lang='lat' dir='ltr'><strong>lieri</strong></span> <span class='ocrx_word' id='word_1_581' title='bbox 1410 4089 1608 4128; x_wconf 86' lang='lat' dir='ltr'><strong>cernas</strong></span> <span class='ocrx_word' id='word_1_582' title='bbox 1635 4072 1829 4127; x_wconf 89' lang='lat' dir='ltr'><strong>divini-</strong></span> 
     </span>
    </p>
   </div>
   <div class='ocr_carea' id='block_1_71' title="bbox 198 4167 1825 4252">
    <p class='ocr_par' dir='ltr' id='par_1_71' title="bbox 198 4167 1825 4252">
     <span class='ocr_line' id='line_1_71' title="bbox 198 4167 1825 4252; baseline -0.014 -11"><span class='ocrx_word' id='word_1_583' title='bbox 198 4198 300 4241; x_wconf 83' lang='lat' dir='ltr'><strong>tus</strong></span> <span class='ocrx_word' id='word_1_584' title='bbox 346 4179 712 4252; x_wconf 87' lang='lat' dir='ltr'><strong>prohibitum.</strong></span> <span class='ocrx_word' id='word_1_585' title='bbox 756 4175 958 4230; x_wconf 87' lang='lat' dir='ltr'><strong>Desine</strong></span> <span class='ocrx_word' id='word_1_586' title='bbox 983 4174 1097 4242; x_wconf 86' lang='lat' dir='ltr'><strong>jam</strong></span> <span class='ocrx_word' id='word_1_587' title='bbox 1149 4170 1434 4227; x_wconf 83' lang='lat' dir='ltr'><strong>criminari</strong></span> <span class='ocrx_word' id='word_1_588' title='bbox 1465 4167 1825 4222; x_wconf 74' lang='lat' dir='ltr'><strong>Athanasium</strong></span> 
     </span>
    </p>
   </div>
   <div class='ocr_carea' id='block_1_72' title="bbox 197 4257 1825 4342">
    <p class='ocr_par' dir='ltr' id='par_1_72' title="bbox 197 4257 1825 4342">
     <span class='ocr_line' id='line_1_72' title="bbox 197 4257 1825 4342; baseline -0.013 -9"><span class='ocrx_word' id='word_1_589' title='bbox 197 4277 297 4334; x_wconf 82' lang='lat' dir='ltr'><strong>vel</strong></span> <span class='ocrx_word' id='word_1_590' title='bbox 322 4289 429 4330; x_wconf 88' lang='lat' dir='ltr'><strong>nos</strong></span> <span class='ocrx_word' id='word_1_591' title='bbox 458 4270 604 4342; x_wconf 90' lang='lat' dir='ltr'><strong>quod</strong></span> <span class='ocrx_word' id='word_1_592' title='bbox 647 4268 658 4306; x_wconf 71' lang='grc' dir='ltr'><strong>ί</strong></span> <span class='ocrx_word' id='word_1_593' title='bbox 693 4283 792 4323; x_wconf 88' lang='lat' dir='ltr'><strong>nos</strong></span> <span class='ocrx_word' id='word_1_594' title='bbox 818 4267 911 4321; x_wconf 89' lang='lat' dir='ltr'><strong>Dei</strong></span> <span class='ocrx_word' id='word_1_595' title='bbox 937 4266 1288 4320; x_wconf 84' lang='lat' dir='ltr'><strong>destruamus</strong></span> <span class='ocrx_word' id='word_1_596' title='bbox 1319 4261 1539 4316; x_wconf 86' lang='lat' dir='ltr'><strong>domum</strong></span> <span class='ocrx_word' id='word_1_597' title='bbox 1565 4300 1581 4327; x_wconf 96' lang='lat'><strong>,</strong></span> <span class='ocrx_word' id='word_1_598' title='bbox 1609 4257 1825 4330; x_wconf 83' lang='lat' dir='ltr'><strong>quando</strong></span> 
     </span>
    </p>
   </div>
   <div class='ocr_carea' id='block_1_73' title="bbox 195 4361 1826 4435">
    <p class='ocr_par' dir='ltr' id='par_1_73' title="bbox 195 4361 1826 4435">
     <span class='ocr_line' id='line_1_73' title="bbox 195 4361 1826 4435; baseline -0.015 -5"><span class='ocrx_word' id='word_1_599' title='bbox 195 4368 471 4430; x_wconf 81' lang='lat' dir='ltr'><strong>invenias</strong></span> <span class='ocrx_word' id='word_1_600' title='bbox 503 4362 644 4435; x_wconf 91' lang='lat' dir='ltr'><strong>apud</strong></span> <span class='ocrx_word' id='word_1_601' title='bbox 673 4361 995 4418; x_wconf 87' lang='lat' dir='ltr'><strong>Zachariam</strong></span> <span class='ocrx_word' id='word_1_602' title='bbox 1029 4371 1080 4414; x_wconf 89' lang='lat' dir='ltr'><strong>te</strong></span> <span class='ocrx_word' id='word_1_603' title='bbox 1103 4367 1266 4428; x_wconf 89' lang='lat' dir='ltr'><strong>atque</strong></span> <span class='ocrx_word' id='word_1_604' title='bbox 1299 4365 1673 4426; x_wconf 80' lang='lat' dir='ltr'><strong>contyrannos</strong></span> <span class='ocrx_word' id='word_1_605' title='bbox 1703 4363 1826 4407; x_wconf 93' lang='lat' dir='ltr'><strong>tuos</strong></span> 
     </span>
    </p>
   </div>
   <div class='ocr_carea' id='block_1_74' title="bbox 288 4541 1822 4609">
    <p class='ocr_par' dir='ltr' id='par_1_74' title="bbox 288 4541 1822 4609">
     <span class='ocr_line' id='line_1_74' title="bbox 288 4541 1822 4609; baseline -0.008 -2"><span class='ocrx_word' id='word_1_606' title='bbox 288 4563 319 4590; x_wconf 72' lang='grc'>⁸</span> <span class='ocrx_word' id='word_1_607' title='bbox 352 4551 424 4607; x_wconf 80' lang='lat' dir='ltr'><strong>Et</strong></span> <span class='ocrx_word' id='word_1_608' title='bbox 464 4548 704 4605; x_wconf 88' lang='lat' dir='ltr'><strong>demitur</strong></span> <span class='ocrx_word' id='word_1_609' title='bbox 744 4562 773 4602; x_wconf 83' lang='lat' dir='ltr'><strong>a</strong></span> <span class='ocrx_word' id='word_1_610' title='bbox 812 4543 992 4601; x_wconf 87' lang='lat' dir='ltr'><strong>Latin.</strong></span> <span class='ocrx_word' id='word_1_611' title='bbox 1028 4587 1041 4609; x_wconf 93' lang='lat'><strong>,</strong></span> <span class='ocrx_word' id='word_1_612' title='bbox 1090 4551 1144 4598; x_wconf 91' lang='lat' dir='ltr'><strong>et</strong></span> <span class='ocrx_word' id='word_1_613' title='bbox 1183 4543 1338 4598; x_wconf 85' lang='lat' dir='ltr'><strong>abest</strong></span> <span class='ocrx_word' id='word_1_614' title='bbox 1387 4541 1552 4598; x_wconf 91' lang='lat' dir='ltr'><strong>etiam</strong></span> <span class='ocrx_word' id='word_1_615' title='bbox 1597 4556 1627 4597; x_wconf 80' lang='lat' dir='ltr'><strong>tt</strong></span> <span class='ocrx_word' id='word_1_616' title='bbox 1668 4541 1822 4595; x_wconf 83' lang='lat' dir='ltr'><strong>Vers.</strong></span> 
     </span>
    </p>
   </div>
   <div class='ocr_carea' id='block_1_75' title="bbox 196 4631 348 4684">
    <p class='ocr_par' dir='ltr' id='par_1_75' title="bbox 196 4631 348 4684">
     <span class='ocr_line' id='line_1_75' title="bbox 196 4631 348 4684; baseline -0.033 0"><span class='ocrx_word' id='word_1_617' title='bbox 196 4631 348 4684; x_wconf 77' lang='lat' dir='ltr'><strong>Ant.</strong></span> 
     </span>
    </p>
   </div>
   <div class='ocr_carea' id='block_1_76' title="bbox 281 4687 1270 4758">
    <p class='ocr_par' dir='ltr' id='par_1_76' title="bbox 281 4687 1270 4758">
     <span class='ocr_line' id='line_1_76' title="bbox 281 4687 1270 4758; baseline -0.014 -8"><span class='ocrx_word' id='word_1_618' title='bbox 281 4697 314 4736; x_wconf 72' lang='grc' dir='ltr'>ι’</span> <span class='ocrx_word' id='word_1_619' title='bbox 365 4694 524 4749; x_wconf 77' lang='lat' dir='ltr'><strong>Vers.</strong></span> <span class='ocrx_word' id='word_1_620' title='bbox 554 4693 681 4747; x_wconf 84' lang='lat' dir='ltr'><strong>Ant.</strong></span> <span class='ocrx_word' id='word_1_621' title='bbox 714 4687 794 4743; x_wconf 80' lang='lat' dir='ltr'><strong>Ea</strong></span> <span class='ocrx_word' id='word_1_622' title='bbox 818 4698 870 4741; x_wconf 86' lang='lat' dir='ltr'><strong>ut</strong></span> <span class='ocrx_word' id='word_1_623' title='bbox 903 4687 1270 4758; x_wconf 87' lang='lat' dir='ltr'><strong>protegamini.</strong></span> 
     </span>
    </p>
   </div>
   <div class='ocr_carea' id='block_1_77' title="bbox 288 4755 1825 4832">
    <p class='ocr_par' dir='ltr' id='par_1_77' title="bbox 288 4755 1825 4832">
     <span class='ocr_line' id='line_1_77' title="bbox 288 4755 1825 4832; baseline -0.01 -9"><span class='ocrx_word' id='word_1_624' title='bbox 288 4779 315 4807; x_wconf 71' lang='grc' dir='ltr'><strong>ο</strong></span> <span class='ocrx_word' id='word_1_625' title='bbox 351 4767 459 4822; x_wconf 86' lang='lat' dir='ltr'><strong>Pro</strong></span> <span class='ocrx_word' id='word_1_626' title='bbox 489 4765 744 4832; x_wconf 88' lang='lat' dir='ltr'><strong>inquiram</strong></span> <span class='ocrx_word' id='word_1_627' title='bbox 773 4755 924 4825; x_wconf 81' lang='lat' dir='ltr'><strong>dicit,</strong></span> <span class='ocrx_word' id='word_1_628' title='bbox 956 4755 1096 4813; x_wconf 82' lang='lat' dir='ltr'><strong>unde</strong></span> <span class='ocrx_word' id='word_1_629' title='bbox 1120 4757 1431 4832; x_wconf 81' lang='lat' dir='ltr'><strong>scrutiuium</strong></span> <span class='ocrx_word' id='word_1_630' title='bbox 1485 4771 1584 4824; x_wconf 88' lang='lat' dir='ltr'><strong>pro</strong></span> <span class='ocrx_word' id='word_1_631' title='bbox 1612 4755 1825 4832; x_wconf 56' lang='lat' dir='ltr'><strong>inquisi-</strong></span> 
     </span>
    </p>
   </div>
   <div class='ocr_carea' id='block_1_78' title="bbox 197 4825 1824 4902">
    <p class='ocr_par' dir='ltr' id='par_1_78' title="bbox 197 4825 1824 4902">
     <span class='ocr_line' id='line_1_78' title="bbox 197 4825 1824 4902; baseline -0.011 -6"><span class='ocrx_word' id='word_1_632' title='bbox 197 4843 362 4896; x_wconf 84' lang='lat' dir='ltr'><strong>tione</strong></span> <span class='ocrx_word' id='word_1_633' title='bbox 392 4847 449 4891; x_wconf 90' lang='lat' dir='ltr'><strong>et</strong></span> <span class='ocrx_word' id='word_1_634' title='bbox 473 4825 726 4890; x_wconf 73' lang='lat' dir='ltr'><strong>catechesi</strong></span> <span class='ocrx_word' id='word_1_635' title='bbox 759 4841 1052 4902; x_wconf 66' lang='lat' dir='ltr'><strong>usurpatur</strong></span> <span class='ocrx_word' id='word_1_636' title='bbox 1083 4830 1244 4883; x_wconf 84' lang='lat' dir='ltr'><strong>etiam</strong></span> <span class='ocrx_word' id='word_1_637' title='bbox 1277 4828 1418 4902; x_wconf 64' lang='lat' dir='ltr'><strong>omni</strong></span> <span class='ocrx_word' id='word_1_638' title='bbox 1443 4837 1674 4882; x_wconf 88' lang='lat' dir='ltr'><strong>veteres.</strong></span> <span class='ocrx_word' id='word_1_639' title='bbox 1722 4825 1824 4880; x_wconf 86' lang='lat' dir='ltr'><strong>&#39;I‘il.</strong></span> 
     </span>
    </p>
   </div>
   <div class='ocr_carea' id='block_1_79' title="bbox 193 4899 1610 4968">
    <p class='ocr_par' dir='ltr' id='par_1_79' title="bbox 193 4899 1610 4968">
     <span class='ocr_line' id='line_1_79' title="bbox 193 4899 1610 4968; baseline -0.009 -3"><span class='ocrx_word' id='word_1_640' title='bbox 193 4923 264 4968; x_wconf 85' lang='lat' dir='ltr'><strong>et</strong></span> <span class='ocrx_word' id='word_1_641' title='bbox 299 4913 351 4962; x_wconf 86' lang='lat' dir='ltr'><strong>la</strong></span> <span class='ocrx_word' id='word_1_642' title='bbox 379 4907 579 4961; x_wconf 86' lang='lat' dir='ltr'><strong>Cerda.</strong></span> <span class='ocrx_word' id='word_1_643' title='bbox 609 4904 672 4958; x_wconf 87' lang='lat' dir='ltr'><strong>In</strong></span> <span class='ocrx_word' id='word_1_644' title='bbox 696 4905 779 4957; x_wconf 88' lang='lat' dir='ltr'><strong>die</strong></span> <span class='ocrx_word' id='word_1_645' title='bbox 801 4899 927 4957; x_wconf 51' lang='lat' dir='ltr'><strong>illu&#39;:</strong></span> <span class='ocrx_word' id='word_1_646' title='bbox 961 4903 1269 4957; x_wconf 83' lang='lat' dir='ltr'><strong>Scrutabor.</strong></span> <span class='ocrx_word' id='word_1_647' title='bbox 1300 4899 1454 4954; x_wconf 89' lang='lat' dir='ltr'><strong>Vers.</strong></span> <span class='ocrx_word' id='word_1_648' title='bbox 1485 4903 1610 4953; x_wconf 84' lang='lat' dir='ltr'><strong>Ant.</strong></span> 
     </span>
    </p>
   </div>
   <div class='ocr_carea' id='block_1_80' title="bbox 284 4971 1677 5034">
    <p class='ocr_par' dir='ltr' id='par_1_80' title="bbox 284 4971 1677 5034">
     <span class='ocr_line' id='line_1_80' title="bbox 284 4971 1677 5034; baseline -0.008 0"><span class='ocrx_word' id='word_1_649' title='bbox 284 4979 314 5017; x_wconf 73' lang='grc' dir='ltr'>ἀ</span> <span class='ocrx_word' id='word_1_650' title='bbox 347 4978 614 5034; x_wconf 81' lang='lat' dir='ltr'><strong>Ulciscar.</strong></span> <span class='ocrx_word' id='word_1_651' title='bbox 649 4976 827 5030; x_wconf 86' lang='lat' dir='ltr'><strong>Latin.</strong></span> <span class='ocrx_word' id='word_1_652' title='bbox 870 4990 990 5028; x_wconf 87' lang='lat' dir='ltr'><strong>cum</strong></span> <span class='ocrx_word' id='word_1_653' title='bbox 1027 4974 1180 5026; x_wconf 81' lang='lat' dir='ltr'><strong>Vers.</strong></span> <span class='ocrx_word' id='word_1_654' title='bbox 1217 4977 1341 5026; x_wconf 81' lang='lat' dir='ltr'><strong>Ant.</strong></span> <span class='ocrx_word' id='word_1_655' title='bbox 1372 4971 1577 5031; x_wconf 72' lang='lat' dir='ltr'><strong>addito,</strong></span> <span class='ocrx_word' id='word_1_656' title='bbox 1608 4981 1677 5024; x_wconf 91' lang='lat' dir='ltr'><strong>et.</strong></span> 
     </span>
    </p>
   </div>
   <div class='ocr_carea' id='block_1_81' title="bbox 290 5042 1656 5116">
    <p class='ocr_par' dir='ltr' id='par_1_81' title="bbox 290 5042 1656 5116">
     <span class='ocr_line' id='line_1_81' title="bbox 290 5042 1656 5116; baseline -0.007 -13"><span class='ocrx_word' id='word_1_657' title='bbox 290 5061 318 5089; x_wconf 74' lang='grc' dir='ltr'><strong><em>ο</em></strong></span> <span class='ocrx_word' id='word_1_658' title='bbox 358 5050 464 5116; x_wconf 83' lang='lat' dir='ltr'><strong>Qui</strong></span> <span class='ocrx_word' id='word_1_659' title='bbox 496 5057 825 5102; x_wconf 81' lang='lat' dir='ltr'><strong>contemnunt</strong></span> <span class='ocrx_word' id='word_1_660' title='bbox 859 5046 1122 5099; x_wconf 88' lang='lat' dir='ltr'><strong>custodias</strong></span> <span class='ocrx_word' id='word_1_661' title='bbox 1162 5061 1302 5098; x_wconf 84' lang='lat' dir='ltr'><strong>suas.</strong></span> <span class='ocrx_word' id='word_1_662' title='bbox 1334 5042 1489 5096; x_wconf 81' lang='lat' dir='ltr'><strong>Vers.</strong></span> <span class='ocrx_word' id='word_1_663' title='bbox 1528 5042 1656 5096; x_wconf 85' lang='lat' dir='ltr'><strong>Ant.</strong></span> 
     </span>
    </p>
   </div>
   <div class='ocr_carea' id='block_1_82' title="bbox 293 5115 1833 5179">
    <p class='ocr_par' dir='ltr' id='par_1_82' title="bbox 293 5115 1833 5179">
     <span class='ocr_line' id='line_1_82' title="bbox 293 5115 1833 5179; baseline -0.007 -4"><span class='ocrx_word' id='word_1_664' title='bbox 293 5120 316 5159; x_wconf 69' lang='grc' dir='ltr'>ί</span> <span class='ocrx_word' id='word_1_665' title='bbox 363 5115 524 5174; x_wconf 74' lang='lat' dir='ltr'><strong>Vers.</strong></span> <span class='ocrx_word' id='word_1_666' title='bbox 556 5122 680 5172; x_wconf 81' lang='lat' dir='ltr'><strong>Ant.</strong></span> <span class='ocrx_word' id='word_1_667' title='bbox 725 5117 768 5170; x_wconf 87' lang='lat'><em>0</em></span> <span class='ocrx_word' id='word_1_668' title='bbox 797 5118 1016 5171; x_wconf 78' lang='lat' dir='ltr'><strong>illustris</strong></span> <span class='ocrx_word' id='word_1_669' title='bbox 1221 5116 1412 5168; x_wconf 73' lang='lat' dir='ltr'><strong>autlirit</strong></span> <span class='ocrx_word' id='word_1_670' title='bbox 1611 5115 1833 5179; x_wconf 63' lang='lat' dir='ltr'><strong>suscepit</strong></span> 
     </span>
    </p>
   </div>
   <div class='ocr_carea' id='block_1_83' title="bbox 203 5186 1838 5258">
    <p class='ocr_par' dir='ltr' id='par_1_83' title="bbox 203 5186 1838 5258">
     <span class='ocr_line' id='line_1_83' title="bbox 203 5186 1838 5258; baseline -0.007 -9"><span class='ocrx_word' id='word_1_671' title='bbox 203 5232 341 5250; x_wconf 92' lang='lat'><strong>.....</strong></span> <span class='ocrx_word' id='word_1_672' title='bbox 395 5208 502 5245; x_wconf 82' lang='lat' dir='ltr'><strong>non</strong></span> <span class='ocrx_word' id='word_1_673' title='bbox 553 5203 625 5243; x_wconf 80' lang='lat' dir='ltr'><strong>est</strong></span> <span class='ocrx_word' id='word_1_674' title='bbox 665 5187 861 5258; x_wconf 78' lang='lat' dir='ltr'><strong>confisa</strong></span> <span class='ocrx_word' id='word_1_675' title='bbox 1054 5187 1507 5256; x_wconf 73' lang='lat' dir='ltr'><strong>appr-Opinquavit.</strong></span> <span class='ocrx_word' id='word_1_676' title='bbox 1573 5186 1838 5254; x_wconf 84' lang='lat' dir='ltr'><strong>l’rincipes</strong></span> 
     </span>
    </p>
   </div>
   <div class='ocr_carea' id='block_1_84' title="bbox 197 5259 1187 5340">
    <p class='ocr_par' dir='ltr' id='par_1_84' title="bbox 197 5259 1187 5340">
     <span class='ocr_line' id='line_1_84' title="bbox 197 5259 1187 5340; baseline -0.011 -19"><span class='ocrx_word' id='word_1_677' title='bbox 197 5271 338 5340; x_wconf 84' lang='lat' dir='ltr'><strong>ejus</strong></span> <span class='ocrx_word' id='word_1_678' title='bbox 448 5280 511 5340; x_wconf 80' lang='lat' dir='ltr'><strong>ea</strong></span> <span class='ocrx_word' id='word_1_679' title='bbox 533 5262 686 5340; x_wconf 78' lang='lat' dir='ltr'><strong>ueluti</strong></span> <span class='ocrx_word' id='word_1_680' title='bbox 712 5260 979 5340; x_wconf 56' lang='lat' dir='ltr'><strong>rugientes</strong></span> <span class='ocrx_word' id='word_1_681' title='bbox 999 5259 1187 5340; x_wconf 73' lang='lat' dir='ltr'><strong>leones.</strong></span> 
     </span>
    </p>
   </div>
   <div class='ocr_carea' id='block_1_85' title="bbox 290 5328 1834 5398">
    <p class='ocr_par' dir='ltr' id='par_1_85' title="bbox 290 5328 1834 5398">
     <span class='ocr_line' id='line_1_85' title="bbox 290 5328 1834 5398; baseline -0.006 -11"><span class='ocrx_word' id='word_1_682' title='bbox 290 5346 322 5380; x_wconf 68' lang='grc' dir='ltr'><strong><em>κ</em></strong></span> <span class='ocrx_word' id='word_1_683' title='bbox 362 5334 727 5387; x_wconf 75' lang='lat' dir='ltr'><strong>Dimittebant.</strong></span> <span class='ocrx_word' id='word_1_684' title='bbox 768 5331 918 5384; x_wconf 69' lang='lat' dir='ltr'><strong>Vers.</strong></span> <span class='ocrx_word' id='word_1_685' title='bbox 955 5333 1081 5384; x_wconf 83' lang='lat' dir='ltr'><strong>Ant.</strong></span> <span class='ocrx_word' id='word_1_686' title='bbox 1119 5339 1174 5382; x_wconf 92' lang='lat' dir='ltr'><strong>et</strong></span> <span class='ocrx_word' id='word_1_687' title='bbox 1205 5328 1469 5398; x_wconf 73' lang='lat' dir='ltr'><strong>propheta:</strong></span> <span class='ocrx_word' id='word_1_688' title='bbox 1488 5328 1598 5395; x_wconf 81' lang='lat' dir='ltr'><strong>ejus</strong></span> <span class='ocrx_word' id='word_1_689' title='bbox 1624 5337 1834 5394; x_wconf 83' lang='lat' dir='ltr'><strong>portan-</strong></span> 
     </span>
    </p>
   </div>
   <div class='ocr_carea' id='block_1_86' title="bbox 194 5398 1741 5475">
    <p class='ocr_par' dir='ltr' id='par_1_86' title="bbox 194 5398 1741 5475">
     <span class='ocr_line' id='line_1_86' title="bbox 194 5398 1741 5475; baseline -0.006 -15"><span class='ocrx_word' id='word_1_690' title='bbox 194 5420 288 5464; x_wconf 80' lang='lat' dir='ltr'><strong>tes</strong></span> <span class='ocrx_word' id='word_1_691' title='bbox 326 5405 601 5475; x_wconf 80' lang='lat' dir='ltr'><strong>spiritum.</strong></span> <span class='ocrx_word' id='word_1_692' title='bbox 635 5405 823 5459; x_wconf 62' lang='lat' dir='ltr'><strong>Ssbat.</strong></span> <span class='ocrx_word' id='word_1_693' title='bbox 853 5403 981 5475; x_wconf 72' lang='lat' dir='ltr'><strong>legit</strong></span> <span class='ocrx_word' id='word_1_694' title='bbox 1009 5402 1058 5455; x_wconf 90' lang='lat' dir='ltr'><strong>in</strong></span> <span class='ocrx_word' id='word_1_695' title='bbox 1093 5399 1262 5453; x_wconf 83' lang='lat' dir='ltr'><strong>Lucil.</strong></span> <span class='ocrx_word' id='word_1_696' title='bbox 1292 5398 1741 5475; x_wconf 49' lang='grc' dir='ltr'><strong>⁸ειιιΙιιοίἸξηιιενιιιιι.</strong></span> 
     </span>
    </p>
   </div>
   <div class='ocr_carea' id='block_1_87' title="bbox 290 5470 1831 5538">
    <p class='ocr_par' dir='ltr' id='par_1_87' title="bbox 290 5470 1831 5538">
     <span class='ocr_line' id='line_1_87' title="bbox 290 5470 1831 5538; baseline -0.006 -9"><span class='ocrx_word' id='word_1_697' title='bbox 290 5477 325 5514; x_wconf 71' lang='grc' dir='ltr'><strong>ιι</strong></span> <span class='ocrx_word' id='word_1_698' title='bbox 357 5470 563 5529; x_wconf 60' lang='lat' dir='ltr'><strong>Sancta</strong></span> <span class='ocrx_word' id='word_1_699' title='bbox 608 5476 787 5530; x_wconf 76' lang='lat' dir='ltr'><strong>Latin.</strong></span> <span class='ocrx_word' id='word_1_700' title='bbox 823 5489 885 5528; x_wconf 81' lang='lat' dir='ltr'><strong>ex</strong></span> <span class='ocrx_word' id='word_1_701' title='bbox 917 5473 1109 5528; x_wconf 65' lang='lat' dir='ltr'><strong>Graeco</strong></span> <span class='ocrx_word' id='word_1_702' title='bbox 1135 5485 1255 5525; x_wconf 91' lang='lat' dir='ltr'><strong>cum</strong></span> <span class='ocrx_word' id='word_1_703' title='bbox 1292 5470 1423 5523; x_wconf 79' lang='lat' dir='ltr'><strong>Vers</strong></span> <span class='ocrx_word' id='word_1_704' title='bbox 1473 5471 1600 5523; x_wconf 75' lang='lat' dir='ltr'><strong>Ant.</strong></span> <span class='ocrx_word' id='word_1_705' title='bbox 1628 5472 1831 5538; x_wconf 83' lang='lat' dir='ltr'><strong>inqua,</strong></span> 
     </span>
    </p>
   </div>
   <div class='ocr_carea' id='block_1_88' title="bbox 194 5539 1836 5614">
    <p class='ocr_par' dir='ltr' id='par_1_88' title="bbox 194 5539 1836 5614">
     <span class='ocr_line' id='line_1_88' title="bbox 194 5539 1836 5614; baseline -0.006 -9"><span class='ocrx_word' id='word_1_706' title='bbox 194 5548 692 5607; x_wconf 76' lang='lat' dir='ltr'><strong>Polluitntsancta</strong></span> <span class='ocrx_word' id='word_1_707' title='bbox 718 5587 732 5612; x_wconf 95' lang='lat'><strong>,</strong></span> <span class='ocrx_word' id='word_1_708' title='bbox 786 5557 831 5599; x_wconf 91' lang='lat' dir='ltr'><strong>et</strong></span> <span class='ocrx_word' id='word_1_709' title='bbox 861 5547 1018 5612; x_wconf 86' lang='lat' dir='ltr'><strong>impie</strong></span> <span class='ocrx_word' id='word_1_710' title='bbox 1061 5554 1220 5614; x_wconf 90' lang='lat' dir='ltr'><strong>agunt</strong></span> <span class='ocrx_word' id='word_1_711' title='bbox 1262 5543 1316 5595; x_wconf 88' lang='lat' dir='ltr'><strong>i-a</strong></span> <span class='ocrx_word' id='word_1_712' title='bbox 1360 5543 1544 5614; x_wconf 79' lang='lat' dir='ltr'><strong>legent.</strong></span> <span class='ocrx_word' id='word_1_713' title='bbox 1581 5539 1836 5595; x_wconf 88' lang='lat' dir='ltr'><strong>Dominus</strong></span> 
     </span>
    </p>
   </div>
   <div class='ocr_carea' id='block_1_89' title="bbox 197 5618 1046 5740">
    <p class='ocr_par' dir='ltr' id='par_1_89' title="bbox 197 5618 1046 5740">
     <span class='ocr_line' id='line_1_89' title="bbox 197 5618 1046 5740; baseline -0.009 -64"><span class='ocrx_word' id='word_1_714' title='bbox 197 5660 342 5680; x_wconf 88' lang='lat'><strong>.....</strong></span> <span class='ocrx_word' id='word_1_715' title='bbox 379 5620 669 5740; x_wconf 55' lang='lat' dir='ltr'><strong>non‘juciet</strong></span> <span class='ocrx_word' id='word_1_716' title='bbox 702 5618 1046 5687; x_wconf 82' lang='lat' dir='ltr'><strong>iniquitatem.</strong></span> 
     </span>
     <span class='ocr_line' id='line_1_90' title="bbox 300 5687 1031 5740; baseline -0.001 1"><span class='ocrx_word' id='word_1_717' title='bbox 300 5689 318 5728; x_wconf 70' lang='grc' dir='ltr'>ξ</span> <span class='ocrx_word' id='word_1_718' title='bbox 364 5691 486 5740; x_wconf 85' lang='lat' dir='ltr'><strong>()uo</strong></span> <span class='ocrx_word' id='word_1_719' title='bbox 548 5696 680 5740; x_wconf 85' lang='lat' dir='ltr'><strong>enim</strong></span> <span class='ocrx_word' id='word_1_720' title='bbox 715 5703 828 5740; x_wconf 83' lang='lat' dir='ltr'><strong>nOs.</strong></span> <span class='ocrx_word' id='word_1_721' title='bbox 858 5687 1031 5740; x_wconf 84' lang='lat' dir='ltr'><strong>Vatic.</strong></span> 
     </span>
    </p>
   </div>
   <div class='ocr_carea' id='block_1_90' title="bbox 300 5687 1031 5755">
    <p class='ocr_par' dir='ltr' id='par_1_90' title="bbox 300 5687 1031 5755">
     <span class='ocr_line' id='line_1_91' title="bbox 300 5687 1031 5755; baseline 0.003 -17"><span class='ocrx_word' id='word_1_722' title='bbox 300 5689 318 5728; x_wconf 72' lang='grc' dir='ltr'>ξ</span> <span class='ocrx_word' id='word_1_723' title='bbox 364 5687 526 5755; x_wconf 83' lang='lat' dir='ltr'><strong>Quod</strong></span> <span class='ocrx_word' id='word_1_724' title='bbox 548 5696 680 5741; x_wconf 81' lang='lat' dir='ltr'><strong>enim</strong></span> <span class='ocrx_word' id='word_1_725' title='bbox 715 5703 828 5740; x_wconf 80' lang='lat' dir='ltr'><strong>nos.</strong></span> <span class='ocrx_word' id='word_1_726' title='bbox 858 5687 1031 5742; x_wconf 84' lang='lat' dir='ltr'><strong>Vatic.</strong></span> 
     </span>
    </p>
   </div>
   <div class='ocr_carea' id='block_1_91' title="bbox 296 5756 1834 5828">
    <p class='ocr_par' dir='ltr' id='par_1_91' title="bbox 296 5756 1834 5828">
     <span class='ocr_line' id='line_1_92' title="bbox 296 5756 1834 5828; baseline -0.003 -15"><span class='ocrx_word' id='word_1_727' title='bbox 296 5764 313 5813; x_wconf 83' lang='lat' dir='ltr'><strong>i</strong></span> <span class='ocrx_word' id='word_1_728' title='bbox 366 5763 506 5828; x_wconf 57' lang='lat' dir='ltr'><strong>Quae</strong></span> <span class='ocrx_word' id='word_1_729' title='bbox 549 5760 961 5828; x_wconf 63' lang='lat' dir='ltr'><strong>superimposita:</strong></span> <span class='ocrx_word' id='word_1_730' title='bbox 990 5767 1149 5824; x_wconf 77' lang='lat' dir='ltr'><strong>sunt,</strong></span> <span class='ocrx_word' id='word_1_731' title='bbox 1193 5774 1288 5824; x_wconf 87' lang='lat' dir='ltr'><strong>pro</strong></span> <span class='ocrx_word' id='word_1_732' title='bbox 1309 5773 1367 5810; x_wconf 85' lang='lat' dir='ltr'><strong>eo</strong></span> <span class='ocrx_word' id='word_1_733' title='bbox 1419 5756 1552 5825; x_wconf 84' lang='lat' dir='ltr'><strong>quod</strong></span> <span class='ocrx_word' id='word_1_734' title='bbox 1598 5772 1689 5824; x_wconf 81' lang='lat' dir='ltr'><strong>ego</strong></span> <span class='ocrx_word' id='word_1_735' title='bbox 1720 5758 1834 5827; x_wconf 86' lang='lat' dir='ltr'><strong>qui-</strong></span> 
     </span>
    </p>
   </div>
   <div class='ocr_carea' id='block_1_92' title="bbox 193 5828 1838 5901">
    <p class='ocr_par' dir='ltr' id='par_1_92' title="bbox 193 5828 1838 5901">
     <span class='ocr_line' id='line_1_93' title="bbox 193 5828 1838 5901; baseline -0.007 -10"><span class='ocrx_word' id='word_1_736' title='bbox 193 5838 345 5891; x_wconf 76' lang='lat' dir='ltr'><strong>dem</strong></span> <span class='ocrx_word' id='word_1_737' title='bbox 383 5875 396 5886; x_wconf 96' lang='lat'><strong>.</strong></span> <span class='ocrx_word' id='word_1_738' title='bbox 414 5875 420 5880; x_wconf 92' lang='lat'><strong>.</strong></span> <span class='ocrx_word' id='word_1_739' title='bbox 527 5832 820 5892; x_wconf 82' lang='lat' dir='ltr'><strong>modicum;</strong></span> <span class='ocrx_word' id='word_1_740' title='bbox 853 5830 951 5898; x_wconf 87' lang='lat' dir='ltr'><strong>ipsi</strong></span> <span class='ocrx_word' id='word_1_741' title='bbox 973 5846 1090 5884; x_wconf 75' lang='lat' dir='ltr'><strong>vero</strong></span> <span class='ocrx_word' id='word_1_742' title='bbox 1113 5829 1426 5901; x_wconf 81' lang='lat' dir='ltr'><strong>superpositi</strong></span> <span class='ocrx_word' id='word_1_743' title='bbox 1450 5837 1569 5881; x_wconf 90' lang='lat' dir='ltr'><strong>sunt</strong></span> <span class='ocrx_word' id='word_1_744' title='bbox 1595 5828 1649 5880; x_wconf 88' lang='lat' dir='ltr'><strong>in</strong></span> <span class='ocrx_word' id='word_1_745' title='bbox 1678 5828 1838 5880; x_wconf 87' lang='lat' dir='ltr'><strong>mala.</strong></span> 
     </span>
    </p>
   </div>
   <div class='ocr_carea' id='block_1_93' title="bbox 391 5915 564 5956">
    <p class='ocr_par' dir='ltr' id='par_1_93' title="bbox 391 5915 564 5956">
     <span class='ocr_line' id='line_1_94' title="bbox 391 5915 564 5956; baseline 0.012 -2"><span class='ocrx_word' id='word_1_746' title='bbox 391 5952 394 5954; x_wconf 44' lang='grc' dir='ltr'><em>η</em></span> <span class='ocrx_word' id='word_1_747' title='bbox 437 5915 564 5956; x_wconf 74' lang='lat' dir='ltr'><strong>Alli.</strong></span> 
     </span>
    </p>
   </div>
   <div class='ocr_carea' id='block_1_94' title="bbox 198 5904 1843 6038">
    <p class='ocr_par' dir='ltr' id='par_1_94' title="bbox 198 5904 1843 6038">
     <span class='ocr_line' id='line_1_95' title="bbox 391 5915 564 5956; baseline 0.012 -2"><span class='ocrx_word' id='word_1_748' title='bbox 391 5952 394 5954; x_wconf 36' lang='grc' dir='ltr'><strong>ν</strong></span> <span class='ocrx_word' id='word_1_749' title='bbox 489 5915 564 5956; x_wconf 85' lang='grc' dir='ltr'><strong>ΙΙΙ.</strong></span> 
     </span>
     <span class='ocr_line' id='line_1_96' title="bbox 198 5904 1843 6038; baseline 0.016 -26"><span class='ocrx_word' id='word_1_750' title='bbox 198 5904 526 6032; x_wconf 60' lang='lat' dir='ltr'><strong>vetgrsVeArs.</strong></span> <span class='ocrx_word' id='word_1_751' title='bbox 576 5977 700 6028; x_wconf 76' lang='lat' dir='ltr'><strong>Ant.</strong></span> <span class='ocrx_word' id='word_1_752' title='bbox 753 5971 816 6026; x_wconf 74' lang='lat' dir='ltr'><strong>Et</strong></span> <span class='ocrx_word' id='word_1_753' title='bbox 878 5970 1288 6027; x_wconf 80' lang='lat' dir='ltr'><strong>misericordiam</strong></span> <span class='ocrx_word' id='word_1_754' title='bbox 1321 6013 1336 6038; x_wconf 92' lang='lat'><strong>,</strong></span> <span class='ocrx_word' id='word_1_755' title='bbox 1370 5981 1417 6025; x_wconf 78' lang='lat' dir='ltr'><strong>et</strong></span> <span class='ocrx_word' id='word_1_756' title='bbox 1460 5970 1843 6027; x_wconf 68' lang='grc' dir='ltr'><strong>ηιὲδεναιὶοηϐνη</strong></span> 
     </span>
    </p>
   </div>
   <div class='ocr_carea' id='block_1_95' title="bbox 1858 4865 1912 4925">
    <p class='ocr_par' dir='ltr' id='par_1_95' title="bbox 1858 4865 1912 4925">
     <span class='ocr_line' id='line_1_97' title="bbox 1858 4865 1912 4925; baseline 0 0"><span class='ocrx_word' id='word_1_757' title='bbox 1858 4865 1912 4925; x_wconf 91' lang='lat' dir='ltr'><strong>D</strong></span> 
     </span>
    </p>
   </div>
   <div class='ocr_carea' id='block_1_96' title="bbox 1920 3425 3515 3503">
    <p class='ocr_par' dir='ltr' id='par_1_96' title="bbox 1920 3425 3515 3503">
     <span class='ocr_line' id='line_1_98' title="bbox 1920 3425 3515 3503; baseline 0.006 -27"><span class='ocrx_word' id='word_1_758' title='bbox 1920 3425 2144 3494; x_wconf 84' lang='lat' dir='ltr'><strong>quimini</strong></span> <span class='ocrx_word' id='word_1_759' title='bbox 2175 3427 2436 3479; x_wconf 79' lang='lat' dir='ltr'><strong>ueritatem</strong></span> <span class='ocrx_word' id='word_1_760' title='bbox 2464 3427 2818 3498; x_wconf 81' lang='lat' dir='ltr'><strong>unusquisque</strong></span> <span class='ocrx_word' id='word_1_761' title='bbox 2845 3431 2912 3482; x_wconf 89' lang='lat' dir='ltr'><strong>ad</strong></span> <span class='ocrx_word' id='word_1_762' title='bbox 2935 3434 3230 3500; x_wconf 75' lang='lat' dir='ltr'><strong>proximmn</strong></span> <span class='ocrx_word' id='word_1_763' title='bbox 3288 3451 3443 3488; x_wconf 87' lang='lat' dir='ltr'><strong>suum</strong></span> <span class='ocrx_word' id='word_1_764' title='bbox 3465 3447 3515 3503; x_wconf 75' lang='grc' dir='ltr'><strong>τι,</strong></span> 
     </span>
    </p>
   </div>
   <div class='ocr_carea' id='block_1_97' title="bbox 1928 3516 3523 3597">
    <p class='ocr_par' dir='ltr' id='par_1_97' title="bbox 1928 3516 3523 3597">
     <span class='ocr_line' id='line_1_99' title="bbox 1928 3516 3523 3597; baseline 0.01 -29"><span class='ocrx_word' id='word_1_765' title='bbox 1928 3525 1974 3568; x_wconf 89' lang='lat' dir='ltr'><strong>et</strong></span> <span class='ocrx_word' id='word_1_766' title='bbox 2007 3516 2273 3584; x_wconf 84' lang='lat' dir='ltr'><strong>judicium</strong></span> <span class='ocrx_word' id='word_1_767' title='bbox 2314 3519 2594 3587; x_wconf 80' lang='lat' dir='ltr'><strong>paciﬁcth</strong></span> <span class='ocrx_word' id='word_1_768' title='bbox 2641 3530 2688 3573; x_wconf 89' lang='lat' dir='ltr'><strong>et</strong></span> <span class='ocrx_word' id='word_1_769' title='bbox 2720 3523 2926 3593; x_wconf 86' lang='lat' dir='ltr'><strong>justum</strong></span> <span class='ocrx_word' id='word_1_770' title='bbox 2964 3523 3203 3595; x_wconf 85' lang='lat' dir='ltr'><strong>judicate</strong></span> <span class='ocrx_word' id='word_1_771' title='bbox 3253 3526 3304 3580; x_wconf 87' lang='lat' dir='ltr'><strong>in</strong></span> <span class='ocrx_word' id='word_1_772' title='bbox 3361 3530 3523 3597; x_wconf 88' lang='lat' dir='ltr'><strong>portis</strong></span> 
     </span>
    </p>
   </div>
   <div class='ocr_carea' id='block_1_98' title="bbox 1924 3609 3526 3683">
    <p class='ocr_par' dir='ltr' id='par_1_98' title="bbox 1924 3609 3526 3683">
     <span class='ocr_line' id='line_1_100' title="bbox 1924 3609 3526 3683; baseline 0.012 -24"><span class='ocrx_word' id='word_1_773' title='bbox 1924 3609 2104 3662; x_wconf 73' lang='lat' dir='ltr'><strong>restria</strong></span> <span class='ocrx_word' id='word_1_774' title='bbox 2130 3626 2148 3663; x_wconf 89' lang='lat'><em>:</em></span> <span class='ocrx_word' id='word_1_775' title='bbox 2176 3620 2223 3663; x_wconf 86' lang='lat' dir='ltr'><strong>et</strong></span> <span class='ocrx_word' id='word_1_776' title='bbox 2246 3611 2600 3679; x_wconf 80' lang='lat' dir='ltr'><strong>unusquisque</strong></span> <span class='ocrx_word' id='word_1_777' title='bbox 2652 3613 2907 3666; x_wconf 82' lang='lat' dir='ltr'><strong>malitiam</strong></span> <span class='ocrx_word' id='word_1_778' title='bbox 2933 3618 3161 3683; x_wconf 67' lang='lat' dir='ltr'><strong>proximi</strong></span> <span class='ocrx_word' id='word_1_779' title='bbox 3189 3619 3272 3672; x_wconf 87' lang='lat' dir='ltr'><strong>sui</strong></span> <span class='ocrx_word' id='word_1_780' title='bbox 3303 3630 3323 3657; x_wconf 72' lang='grc' dir='ltr'><em>τ</em></span> <span class='ocrx_word' id='word_1_781' title='bbox 3368 3621 3526 3678; x_wconf 84' lang='lat' dir='ltr'><strong>nolite</strong></span> 
     </span>
    </p>
   </div>
   <div class='ocr_carea' id='block_1_99' title="bbox 1924 3703 3521 3782">
    <p class='ocr_par' dir='ltr' id='par_1_99' title="bbox 1924 3703 3521 3782">
     <span class='ocr_line' id='line_1_101' title="bbox 1924 3703 3521 3782; baseline 0.008 -27"><span class='ocrx_word' id='word_1_782' title='bbox 1924 3703 2156 3772; x_wconf 86' lang='lat' dir='ltr'><strong>cogitare</strong></span> <span class='ocrx_word' id='word_1_783' title='bbox 2182 3704 2234 3755; x_wconf 86' lang='lat' dir='ltr'><strong>in</strong></span> <span class='ocrx_word' id='word_1_784' title='bbox 2281 3703 2524 3758; x_wconf 80' lang='lat' dir='ltr'><strong>cordibus</strong></span> <span class='ocrx_word' id='word_1_785' title='bbox 2555 3707 2736 3759; x_wconf 75' lang='lat' dir='ltr'><strong>vestris</strong></span> <span class='ocrx_word' id='word_1_786' title='bbox 2761 3747 2776 3772; x_wconf 94' lang='lat'><strong>,</strong></span> <span class='ocrx_word' id='word_1_787' title='bbox 2832 3718 2881 3760; x_wconf 88' lang='lat' dir='ltr'><strong>et</strong></span> <span class='ocrx_word' id='word_1_788' title='bbox 2921 3711 3307 3781; x_wconf 83' lang='lat' dir='ltr'><strong>jusjurandum</strong></span> <span class='ocrx_word' id='word_1_789' title='bbox 3326 3712 3521 3782; x_wconf 85' lang='lat' dir='ltr'><strong>falsum</strong></span> 
     </span>
    </p>
   </div>
   <div class='ocr_carea' id='block_1_100' title="bbox 1925 3796 3526 3869">
    <p class='ocr_par' dir='ltr' id='par_1_100' title="bbox 1925 3796 3526 3869">
     <span class='ocr_line' id='line_1_102' title="bbox 1925 3796 3526 3869; baseline 0.01 -22"><span class='ocrx_word' id='word_1_790' title='bbox 1925 3797 2085 3850; x_wconf 90' lang='lat' dir='ltr'><strong>nolite</strong></span> <span class='ocrx_word' id='word_1_791' title='bbox 2116 3796 2355 3867; x_wconf 79' lang='lat' dir='ltr'><strong>diligere,</strong></span> <span class='ocrx_word' id='word_1_792' title='bbox 2403 3799 2644 3867; x_wconf 84' lang='lat' dir='ltr'><strong>quoniam</strong></span> <span class='ocrx_word' id='word_1_793' title='bbox 2672 3799 2782 3854; x_wconf 61' lang='lat' dir='ltr'><strong>haec</strong></span> <span class='ocrx_word' id='word_1_794' title='bbox 2808 3803 2982 3856; x_wconf 88' lang='lat' dir='ltr'><strong>omnia</strong></span> <span class='ocrx_word' id='word_1_795' title='bbox 3011 3805 3098 3857; x_wconf 85' lang='lat' dir='ltr'><strong>odi</strong></span> <span class='ocrx_word' id='word_1_796' title='bbox 3121 3843 3135 3869; x_wconf 92' lang='lat'><strong>,</strong></span> <span class='ocrx_word' id='word_1_797' title='bbox 3165 3805 3289 3860; x_wconf 87' lang='lat' dir='ltr'><strong>dicit</strong></span> <span class='ocrx_word' id='word_1_798' title='bbox 3341 3805 3526 3863; x_wconf 87' lang='lat' dir='ltr'><strong>Domi-</strong></span> 
     </span>
    </p>
   </div>
   <div class='ocr_carea' id='block_1_101' title="bbox 1927 3891 3526 3971">
    <p class='ocr_par' dir='ltr' id='par_1_101' title="bbox 1927 3891 3526 3971">
     <span class='ocr_line' id='line_1_103' title="bbox 1927 3891 3526 3971; baseline 0.013 -30"><span class='ocrx_word' id='word_1_799' title='bbox 1927 3906 2025 3943; x_wconf 87' lang='lat' dir='ltr'><strong>nus</strong></span> <span class='ocrx_word' id='word_1_800' title='bbox 2067 3891 2392 3960; x_wconf 88' lang='lat' dir='ltr'><strong>omnipotens</strong></span> <span class='ocrx_word' id='word_1_801' title='bbox 2429 3891 2534 3959; x_wconf 87' lang='lat' dir='ltr'><strong>(lb.</strong></span> <span class='ocrx_word' id='word_1_802' title='bbox 2571 3909 2686 3954; x_wconf 84' lang='lat' dir='ltr'><strong>vni,</strong></span> <span class='ocrx_word' id='word_1_803' title='bbox 2716 3893 2827 3964; x_wconf 73' lang='lat' dir='ltr'><strong>l5).</strong></span> <span class='ocrx_word' id='word_1_804' title='bbox 2863 3895 2997 3962; x_wconf 82' lang='lat' dir='ltr'><strong>Quid</strong></span> <span class='ocrx_word' id='word_1_805' title='bbox 3030 3913 3118 3953; x_wconf 89' lang='lat' dir='ltr'><strong>me</strong></span> <span class='ocrx_word' id='word_1_806' title='bbox 3147 3901 3298 3971; x_wconf 81' lang='lat' dir='ltr'><strong>cogis</strong></span> <span class='ocrx_word' id='word_1_807' title='bbox 3347 3903 3526 3962; x_wconf 85' lang='lat' dir='ltr'><strong>lacere</strong></span> 
     </span>
    </p>
   </div>
   <div class='ocr_carea' id='block_1_102' title="bbox 1928 3982 3532 4064">
    <p class='ocr_par' dir='ltr' id='par_1_102' title="bbox 1928 3982 3532 4064">
     <span class='ocr_line' id='line_1_104' title="bbox 1928 3982 3532 4064; baseline 0.011 -28"><span class='ocrx_word' id='word_1_808' title='bbox 1928 3996 2015 4046; x_wconf 89' lang='lat' dir='ltr'><strong>ea,</strong></span> <span class='ocrx_word' id='word_1_809' title='bbox 2049 3998 2170 4053; x_wconf 73' lang='lat' dir='ltr'><strong>qua:</strong></span> <span class='ocrx_word' id='word_1_810' title='bbox 2194 3982 2321 4038; x_wconf 85' lang='lat' dir='ltr'><strong>odio</strong></span> <span class='ocrx_word' id='word_1_811' title='bbox 2351 3999 2413 4039; x_wconf 87' lang='lat' dir='ltr'><strong>se</strong></span> <span class='ocrx_word' id='word_1_812' title='bbox 2439 3984 2646 4042; x_wconf 79' lang='lat' dir='ltr'><strong>habere</strong></span> <span class='ocrx_word' id='word_1_813' title='bbox 2671 3987 2806 4042; x_wconf 85' lang='lat' dir='ltr'><strong>dicit</strong></span> <span class='ocrx_word' id='word_1_814' title='bbox 2845 3989 3104 4046; x_wconf 85' lang='lat' dir='ltr'><strong>Dominus</strong></span> <span class='ocrx_word' id='word_1_815' title='bbox 3146 3995 3532 4064; x_wconf 86' lang='lat' dir='ltr'><strong>outuipotcus?</strong></span> 
     </span>
    </p>
   </div>
   <div class='ocr_carea' id='block_1_103' title="bbox 1929 4071 3527 4159">
    <p class='ocr_par' dir='ltr' id='par_1_103' title="bbox 1929 4071 3527 4159">
     <span class='ocr_line' id='line_1_105' title="bbox 1929 4071 3527 4159; baseline 0.011 -32"><span class='ocrx_word' id='word_1_816' title='bbox 1929 4071 2037 4128; x_wconf 90' lang='lat' dir='ltr'><strong>Sed</strong></span> <span class='ocrx_word' id='word_1_817' title='bbox 2067 4074 2345 4130; x_wconf 86' lang='lat' dir='ltr'><strong>instruens</strong></span> <span class='ocrx_word' id='word_1_818' title='bbox 2381 4076 2647 4132; x_wconf 80' lang='lat' dir='ltr'><strong>Dominus</strong></span> <span class='ocrx_word' id='word_1_819' title='bbox 2685 4078 2753 4133; x_wconf 90' lang='lat' dir='ltr'><strong>de</strong></span> <span class='ocrx_word' id='word_1_820' title='bbox 2777 4078 3005 4148; x_wconf 84' lang='lat' dir='ltr'><strong>jejunio,</strong></span> <span class='ocrx_word' id='word_1_821' title='bbox 3042 4081 3231 4137; x_wconf 81' lang='lat' dir='ltr'><strong>Pacem</strong></span> <span class='ocrx_word' id='word_1_822' title='bbox 3257 4125 3271 4150; x_wconf 98' lang='lat'><strong>,</strong></span> <span class='ocrx_word' id='word_1_823' title='bbox 3305 4089 3480 4159; x_wconf 87' lang='lat' dir='ltr'><strong>inquit</strong></span> <span class='ocrx_word' id='word_1_824' title='bbox 3513 4132 3527 4156; x_wconf 93' lang='lat'><strong>,</strong></span> 
     </span>
    </p>
   </div>
   <div class='ocr_carea' id='block_1_104' title="bbox 1930 4166 3528 4251">
    <p class='ocr_par' dir='ltr' id='par_1_104' title="bbox 1930 4166 3528 4251">
     <span class='ocr_line' id='line_1_106' title="bbox 1930 4166 3528 4251; baseline 0.013 -32"><span class='ocrx_word' id='word_1_825' title='bbox 1930 4175 1980 4220; x_wconf 83' lang='lat' dir='ltr'><strong>et</strong></span> <span class='ocrx_word' id='word_1_826' title='bbox 2001 4166 2264 4221; x_wconf 80' lang='lat' dir='ltr'><strong>veritatem</strong></span> <span class='ocrx_word' id='word_1_827' title='bbox 2306 4167 2509 4238; x_wconf 79' lang='lat' dir='ltr'><strong>diligite</strong></span> <span class='ocrx_word' id='word_1_828' title='bbox 2534 4166 2640 4236; x_wconf 82' lang='grc' dir='ltr'><strong>(Ιὸ.</strong></span> <span class='ocrx_word' id='word_1_829' title='bbox 2698 4171 2806 4240; x_wconf 82' lang='lat' dir='ltr'><strong>l9).</strong></span> <span class='ocrx_word' id='word_1_830' title='bbox 2854 4172 3140 4239; x_wconf 83' lang='lat' dir='ltr'><strong>Quomodo</strong></span> <span class='ocrx_word' id='word_1_831' title='bbox 3187 4178 3334 4244; x_wconf 82' lang='lat' dir='ltr'><strong>pacis</strong></span> <span class='ocrx_word' id='word_1_832' title='bbox 3364 4191 3528 4251; x_wconf 89' lang='lat' dir='ltr'><strong>atque</strong></span> 
     </span>
    </p>
   </div>
   <div class='ocr_carea' id='block_1_105' title="bbox 1933 4260 3531 4333">
    <p class='ocr_par' dir='ltr' id='par_1_105' title="bbox 1933 4260 3531 4333">
     <span class='ocr_line' id='line_1_107' title="bbox 1933 4260 3531 4333; baseline 0.013 -22"><span class='ocrx_word' id='word_1_833' title='bbox 1933 4260 2180 4314; x_wconf 84' lang='lat' dir='ltr'><strong>veritatis</strong></span> <span class='ocrx_word' id='word_1_834' title='bbox 2233 4270 2508 4316; x_wconf 81' lang='lat' dir='ltr'><strong>amatores</strong></span> <span class='ocrx_word' id='word_1_835' title='bbox 2555 4277 2679 4318; x_wconf 89' lang='lat' dir='ltr'><strong>esse</strong></span> <span class='ocrx_word' id='word_1_836' title='bbox 2713 4275 3053 4333; x_wconf 83' lang='lat' dir='ltr'><strong>pcteramus,</strong></span> <span class='ocrx_word' id='word_1_837' title='bbox 3093 4268 3140 4323; x_wconf 87' lang='lat' dir='ltr'><strong>si</strong></span> <span class='ocrx_word' id='word_1_838' title='bbox 3185 4271 3531 4330; x_wconf 87' lang='lat' dir='ltr'><strong>innocentem</strong></span> 
     </span>
    </p>
   </div>
   <div class='ocr_carea' id='block_1_106' title="bbox 1931 4350 3532 4434">
    <p class='ocr_par' dir='ltr' id='par_1_106' title="bbox 1931 4350 3532 4434">
     <span class='ocr_line' id='line_1_108' title="bbox 1931 4350 3532 4434; baseline 0.011 -28"><span class='ocrx_word' id='word_1_839' title='bbox 1931 4350 2082 4408; x_wconf 80' lang='lat' dir='ltr'><strong>falsis</strong></span> <span class='ocrx_word' id='word_1_840' title='bbox 2114 4367 2209 4422; x_wconf 87' lang='lat' dir='ltr'><strong>per</strong></span> <span class='ocrx_word' id='word_1_841' title='bbox 2241 4360 2294 4408; x_wconf 90' lang='lat' dir='ltr'><strong>te</strong></span> <span class='ocrx_word' id='word_1_842' title='bbox 2322 4367 2386 4409; x_wconf 82' lang='lat' dir='ltr'><strong>ae</strong></span> <span class='ocrx_word' id='word_1_843' title='bbox 2407 4361 2529 4409; x_wconf 88' lang='lat' dir='ltr'><strong>tuos</strong></span> <span class='ocrx_word' id='word_1_844' title='bbox 2559 4354 2886 4413; x_wconf 83' lang='lat' dir='ltr'><strong>criminibus</strong></span> <span class='ocrx_word' id='word_1_845' title='bbox 2942 4373 3362 4434; x_wconf 69' lang='lat' dir='ltr'><strong>prmgravntum,</strong></span> <span class='ocrx_word' id='word_1_846' title='bbox 3396 4377 3532 4425; x_wconf 85' lang='lat' dir='ltr'><strong>tam-</strong></span> 
     </span>
    </p>
   </div>
   <div class='ocr_carea' id='block_1_107' title="bbox 1935 4538 2121 4608">
    <p class='ocr_par' dir='ltr' id='par_1_107' title="bbox 1935 4538 2121 4608">
     <span class='ocr_line' id='line_1_109' title="bbox 1935 4538 2121 4608; baseline 0 -14"><span class='ocrx_word' id='word_1_847' title='bbox 1935 4538 2121 4608; x_wconf 76' lang='lat' dir='ltr'><strong>faciat.</strong></span> 
     </span>
    </p>
   </div>
   <div class='ocr_carea' id='block_1_108' title="bbox 2013 4609 3525 4688">
    <p class='ocr_par' dir='ltr' id='par_1_108' title="bbox 2013 4609 3525 4688">
     <span class='ocr_line' id='line_1_110' title="bbox 2013 4609 3525 4688; baseline 0.016 -23"><span class='ocrx_word' id='word_1_848' title='bbox 2013 4609 2026 4646; x_wconf 84' lang='grc' dir='ltr'><strong>ι</strong></span> <span class='ocrx_word' id='word_1_849' title='bbox 2065 4611 2405 4688; x_wconf 61' lang='lat' dir='ltr'><strong>Opiittimra</strong></span> <span class='ocrx_word' id='word_1_850' title='bbox 2443 4614 2598 4670; x_wconf 86' lang='lat' dir='ltr'><strong>Vers.</strong></span> <span class='ocrx_word' id='word_1_851' title='bbox 2630 4616 2784 4682; x_wconf 84' lang='lat' dir='ltr'><strong>Aul..,</strong></span> <span class='ocrx_word' id='word_1_852' title='bbox 2818 4619 2914 4674; x_wconf 81' lang='lat' dir='ltr'><strong>sed</strong></span> <span class='ocrx_word' id='word_1_853' title='bbox 2953 4619 3330 4682; x_wconf 58' lang='lat' dir='ltr'><strong>inestGrieco.</strong></span> <span class='ocrx_word' id='word_1_854' title='bbox 3368 4629 3525 4688; x_wconf 85' lang='lat' dir='ltr'><strong>Vers.</strong></span> 
     </span>
    </p>
   </div>
   <div class='ocr_carea' id='block_1_109' title="bbox 1937 4682 3536 4765">
    <p class='ocr_par' dir='ltr' id='par_1_109' title="bbox 1937 4682 3536 4765">
     <span class='ocr_line' id='line_1_111' title="bbox 1937 4682 3536 4765; baseline 0.017 -33"><span class='ocrx_word' id='word_1_855' title='bbox 1937 4686 2063 4765; x_wconf 49' lang='lat' dir='ltr'><strong>aut.</strong></span> <span class='ocrx_word' id='word_1_856' title='bbox 2092 4682 2160 4736; x_wconf 85' lang='lat' dir='ltr'><strong>Et</strong></span> <span class='ocrx_word' id='word_1_857' title='bbox 2188 4685 2451 4765; x_wconf 75' lang='lat' dir='ltr'><strong>pupillum</strong></span> <span class='ocrx_word' id='word_1_858' title='bbox 2472 4696 2520 4765; x_wconf 74' lang='lat' dir='ltr'><strong>e_t</strong></span> <span class='ocrx_word' id='word_1_859' title='bbox 2543 4704 2822 4765; x_wconf 75' lang='lat' dir='ltr'><strong>pauperem</strong></span> <span class='ocrx_word' id='word_1_860' title='bbox 2846 4706 2952 4765; x_wconf 87' lang='lat' dir='ltr'><strong>non</strong></span> <span class='ocrx_word' id='word_1_861' title='bbox 2978 4698 3322 4764; x_wconf 83' lang='lat' dir='ltr'><strong>opprimatis:</strong></span> <span class='ocrx_word' id='word_1_862' title='bbox 3355 4682 3400 4756; x_wconf 85' lang='lat' dir='ltr'><strong>et</strong></span> <span class='ocrx_word' id='word_1_863' title='bbox 3418 4682 3536 4758; x_wconf 55' lang='lat' dir='ltr'><strong>in};</strong></span> 
     </span>
    </p>
   </div>
   <div class='ocr_carea' id='block_1_110' title="bbox 1938 4756 3541 4834">
    <p class='ocr_par' dir='ltr' id='par_1_110' title="bbox 1938 4756 3541 4834">
     <span class='ocr_line' id='line_1_112' title="bbox 1938 4756 3541 4834; baseline 0.016 -28"><span class='ocrx_word' id='word_1_864' title='bbox 1938 4756 2066 4834; x_wconf 65' lang='lat' dir='ltr'><strong>lilia:</strong></span> <span class='ocrx_word' id='word_1_865' title='bbox 2097 4758 2450 4834; x_wconf 81' lang='lat' dir='ltr'><strong>unusquisque</strong></span> <span class='ocrx_word' id='word_1_866' title='bbox 2480 4757 2659 4827; x_wconf 87' lang='lat' dir='ltr'><strong>fratris</strong></span> <span class='ocrx_word' id='word_1_867' title='bbox 2689 4762 2771 4814; x_wconf 84' lang='lat' dir='ltr'><strong>sui</strong></span> <span class='ocrx_word' id='word_1_868' title='bbox 2821 4764 2982 4820; x_wconf 83' lang='lat' dir='ltr'><strong>nolite</strong></span> <span class='ocrx_word' id='word_1_869' title='bbox 3011 4756 3306 4827; x_wconf 76' lang='lat' dir='ltr'><strong>meminisse</strong></span> <span class='ocrx_word' id='word_1_870' title='bbox 3340 4774 3393 4829; x_wconf 88' lang='lat' dir='ltr'><strong>in</strong></span> <span class='ocrx_word' id='word_1_871' title='bbox 3425 4756 3541 4831; x_wconf 58' lang='lat' dir='ltr'><strong>cs}-</strong></span> 
     </span>
    </p>
   </div>
   <div class='ocr_carea' id='block_1_111' title="bbox 1937 4825 2320 4882">
    <p class='ocr_par' dir='ltr' id='par_1_111' title="bbox 1937 4825 2320 4882">
     <span class='ocr_line' id='line_1_113' title="bbox 1937 4825 2320 4882; baseline 0.008 -5"><span class='ocrx_word' id='word_1_872' title='bbox 1937 4825 2089 4878; x_wconf 90' lang='lat' dir='ltr'><strong>dibus</strong></span> <span class='ocrx_word' id='word_1_873' title='bbox 2117 4829 2320 4882; x_wconf 81' lang='lat' dir='ltr'><strong>vestris.</strong></span> 
     </span>
    </p>
   </div>
   <div class='ocr_carea' id='block_1_112' title="bbox 2007 4898 3538 4973">
    <p class='ocr_par' dir='ltr' id='par_1_112' title="bbox 2007 4898 3538 4973">
     <span class='ocr_line' id='line_1_114' title="bbox 2007 4898 3538 4973; baseline 0.016 -24"><span class='ocrx_word' id='word_1_874' title='bbox 2007 4905 2045 4931; x_wconf 79' lang='grc' dir='ltr'>οι</span> <span class='ocrx_word' id='word_1_875' title='bbox 2084 4898 2238 4953; x_wconf 84' lang='lat' dir='ltr'><strong>Vers.</strong></span> <span class='ocrx_word' id='word_1_876' title='bbox 2275 4899 2402 4956; x_wconf 84' lang='lat' dir='ltr'><strong>Ant.</strong></span> <span class='ocrx_word' id='word_1_877' title='bbox 2440 4899 2509 4955; x_wconf 85' lang='lat' dir='ltr'><strong>Et</strong></span> <span class='ocrx_word' id='word_1_878' title='bbox 2532 4901 2813 4959; x_wconf 86' lang='lat' dir='ltr'><strong>noluerunt</strong></span> <span class='ocrx_word' id='word_1_879' title='bbox 2862 4907 3130 4963; x_wconf 82' lang='lat' dir='ltr'><strong>attendere</strong></span> <span class='ocrx_word' id='word_1_880' title='bbox 3186 4922 3232 4967; x_wconf 87' lang='lat' dir='ltr'><strong>et</strong></span> <span class='ocrx_word' id='word_1_881' title='bbox 3278 4917 3538 4973; x_wconf 86' lang='lat' dir='ltr'><strong>dederunt</strong></span> 
     </span>
    </p>
   </div>
   <div class='ocr_carea' id='block_1_113' title="bbox 1933 4968 3536 5056">
    <p class='ocr_par' dir='ltr' id='par_1_113' title="bbox 1933 4968 3536 5056">
     <span class='ocr_line' id='line_1_115' title="bbox 1933 4968 3536 5056; baseline 0.017 -37"><span class='ocrx_word' id='word_1_882' title='bbox 1933 4968 2528 5056; x_wconf 46' lang='lat' dir='ltr'><strong>dot-suntncontemnens</strong></span> <span class='ocrx_word' id='word_1_883' title='bbox 2557 5015 2570 5039; x_wconf 96' lang='lat'><strong>,</strong></span> <span class='ocrx_word' id='word_1_884' title='bbox 2594 4985 2642 5027; x_wconf 88' lang='lat' dir='ltr'><strong>et</strong></span> <span class='ocrx_word' id='word_1_885' title='bbox 2675 4992 2826 5033; x_wconf 87' lang='lat' dir='ltr'><strong>aures</strong></span> <span class='ocrx_word' id='word_1_886' title='bbox 2853 4995 2977 5034; x_wconf 89' lang='lat' dir='ltr'><strong>suas</strong></span> <span class='ocrx_word' id='word_1_887' title='bbox 3000 4968 3536 5056; x_wconf 28' lang='lat' dir='ltr'><strong>aggraraveruitvtiut&#39;</strong></span> 
     </span>
    </p>
   </div>
   <div class='ocr_carea' id='block_1_114' title="bbox 1933 5043 3538 5125">
    <p class='ocr_par' dir='ltr' id='par_1_114' title="bbox 1933 5043 3538 5125">
     <span class='ocr_line' id='line_1_116' title="bbox 1933 5043 3538 5125; baseline 0.017 -35"><span class='ocrx_word' id='word_1_888' title='bbox 1933 5056 2034 5092; x_wconf 86' lang='lat' dir='ltr'><strong>non</strong></span> <span class='ocrx_word' id='word_1_889' title='bbox 2066 5043 2359 5125; x_wconf 35' lang='lat' dir='ltr'><strong>aud-irenti</strong></span> <span class='ocrx_word' id='word_1_890' title='bbox 2381 5056 2430 5098; x_wconf 86' lang='lat' dir='ltr'><strong>et</strong></span> <span class='ocrx_word' id='word_1_891' title='bbox 2460 5061 2548 5100; x_wconf 91' lang='lat' dir='ltr'><strong>cor</strong></span> <span class='ocrx_word' id='word_1_892' title='bbox 2575 5063 2726 5100; x_wconf 86' lang='lat' dir='ltr'><strong>suum</strong></span> <span class='ocrx_word' id='word_1_893' title='bbox 2755 5043 3378 5125; x_wconf 52' lang='lat' dir='ltr'><strong>posuertrnt&#39;inobediens</strong></span> <span class='ocrx_word' id='word_1_894' title='bbox 3409 5043 3450 5125; x_wconf 71' lang='grc'><em>,’</em></span> 
     </span>
    </p>
   </div>
   <div class='ocr_carea' id='block_1_115' title="bbox 1936 5115 3539 5195">
    <p class='ocr_par' dir='ltr' id='par_1_115' title="bbox 1936 5115 3539 5195">
     <span class='ocr_line' id='line_1_117' title="bbox 1936 5115 3539 5195; baseline 0.017 -33"><span class='ocrx_word' id='word_1_895' title='bbox 1936 5126 2038 5164; x_wconf 89' lang='lat' dir='ltr'><strong>non</strong></span> <span class='ocrx_word' id='word_1_896' title='bbox 2063 5115 2303 5195; x_wconf 70' lang='lat' dir='ltr'><strong>audirent</strong></span> <span class='ocrx_word' id='word_1_897' title='bbox 2323 5118 2504 5195; x_wconf 64' lang='lat' dir='ltr'><strong>legem</strong></span> <span class='ocrx_word' id='word_1_898' title='bbox 2529 5134 2712 5171; x_wconf 89' lang='lat' dir='ltr'><strong>meam.</strong></span> <span class='ocrx_word' id='word_1_899' title='bbox 2753 5115 2938 5177; x_wconf 76' lang='lat' dir='ltr'><strong>Sabat.</strong></span> <span class='ocrx_word' id='word_1_900' title='bbox 2973 5122 3107 5195; x_wconf 70' lang='lat' dir='ltr'><strong>legit</strong></span> <span class='ocrx_word' id='word_1_901' title='bbox 3139 5125 3192 5182; x_wconf 91' lang='lat' dir='ltr'><strong>in</strong></span> <span class='ocrx_word' id='word_1_902' title='bbox 3228 5115 3422 5186; x_wconf 42' lang='lat' dir='ltr'><strong>Lucili.</strong></span> <span class='ocrx_word' id='word_1_903' title='bbox 3457 5115 3539 5188; x_wconf 41' lang='lat' dir='ltr'><strong>in;</strong></span> 
     </span>
    </p>
   </div>
   <div class='ocr_carea' id='block_1_116' title="bbox 1939 5184 2665 5258">
    <p class='ocr_par' dir='ltr' id='par_1_116' title="bbox 1939 5184 2665 5258">
     <span class='ocr_line' id='line_1_118' title="bbox 1939 5184 2665 5258; baseline 0.01 -23"><span class='ocrx_word' id='word_1_904' title='bbox 1939 5184 2189 5258; x_wconf 81' lang='lat' dir='ltr'><strong>suasibtle</strong></span> <span class='ocrx_word' id='word_1_905' title='bbox 2217 5197 2270 5258; x_wconf 88' lang='lat' dir='ltr'><strong>et</strong></span> <span class='ocrx_word' id='word_1_906' title='bbox 2299 5184 2665 5258; x_wconf 78' lang='lat' dir='ltr'><strong>degravarunt.</strong></span> 
     </span>
    </p>
   </div>
   <div class='ocr_carea' id='block_1_117' title="bbox 1949 5257 3546 5343">
    <p class='ocr_par' dir='ltr' id='par_1_117' title="bbox 1949 5257 3546 5343">
     <span class='ocr_line' id='line_1_119' title="bbox 1949 5257 3546 5343; baseline 0.013 -32"><span class='ocrx_word' id='word_1_907' title='bbox 1949 5323 1998 5343; x_wconf 48' lang='grc' dir='ltr'>υ</span> <span class='ocrx_word' id='word_1_908' title='bbox 2019 5262 2055 5343; x_wconf 13' lang='grc' dir='ltr'><strong>οξ</strong></span> <span class='ocrx_word' id='word_1_909' title='bbox 2080 5257 2183 5343; x_wconf 63' lang='lat' dir='ltr'><strong>Dro</strong></span> <span class='ocrx_word' id='word_1_910' title='bbox 2214 5257 2314 5343; x_wconf 82' lang='lat' dir='ltr'><strong>legi</strong></span> <span class='ocrx_word' id='word_1_911' title='bbox 2347 5257 2492 5324; x_wconf 69' lang='lat' dir='ltr'><strong>metu,</strong></span> <span class='ocrx_word' id='word_1_912' title='bbox 2520 5271 2575 5314; x_wconf 91' lang='lat' dir='ltr'><strong>ut</strong></span> <span class='ocrx_word' id='word_1_913' title='bbox 2605 5273 2767 5343; x_wconf 70' lang='lat' dir='ltr'><strong>supra</strong></span> <span class='ocrx_word' id='word_1_914' title='bbox 2792 5279 2972 5318; x_wconf 88' lang='lat' dir='ltr'><strong>carere</strong></span> <span class='ocrx_word' id='word_1_915' title='bbox 2970 5266 3170 5343; x_wconf 51' lang='lat' dir='ltr'><strong>lumen</strong></span> <span class='ocrx_word' id='word_1_916' title='bbox 3193 5286 3291 5343; x_wconf 89' lang='lat' dir='ltr'><strong>pro</strong></span> <span class='ocrx_word' id='word_1_917' title='bbox 3319 5274 3546 5343; x_wconf 85' lang='lat' dir='ltr'><strong>lumine;</strong></span> 
     </span>
    </p>
   </div>
   <div class='ocr_carea' id='block_1_118' title="bbox 1946 5321 3542 5403">
    <p class='ocr_par' dir='ltr' id='par_1_118' title="bbox 1946 5321 3542 5403">
     <span class='ocr_line' id='line_1_120' title="bbox 1946 5321 3542 5403; baseline -0.009 -18"><span class='ocrx_word' id='word_1_918' title='bbox 1946 5323 2000 5378; x_wconf 85' lang='lat' dir='ltr'><strong>id</strong></span> <span class='ocrx_word' id='word_1_919' title='bbox 2033 5338 2139 5403; x_wconf 85' lang='lat' dir='ltr'><strong>es_t_,</strong></span> <span class='ocrx_word' id='word_1_920' title='bbox 2169 5340 2225 5383; x_wconf 88' lang='lat' dir='ltr'><strong>ut</strong></span> <span class='ocrx_word' id='word_1_921' title='bbox 2253 5321 2354 5403; x_wconf 76' lang='lat' dir='ltr'><strong>non</strong></span> <span class='ocrx_word' id='word_1_922' title='bbox 2387 5321 2624 5398; x_wconf 78' lang='lat' dir='ltr'><strong>parerent</strong></span> <span class='ocrx_word' id='word_1_923' title='bbox 2659 5321 2761 5403; x_wconf 69' lang='lat' dir='ltr'><strong>legi</strong></span> <span class='ocrx_word' id='word_1_924' title='bbox 2792 5352 2937 5391; x_wconf 75' lang='lat' dir='ltr'><strong>mete.</strong></span> <span class='ocrx_word' id='word_1_925' title='bbox 2969 5321 3169 5394; x_wconf 32' lang='grc' dir='ltr'><strong>ΤὶΙξἮ</strong></span> <span class='ocrx_word' id='word_1_926' title='bbox 3195 5321 3287 5343; x_wconf 47' lang='grc' dir='ltr'><strong><em>ἠ</em></strong></span> <span class='ocrx_word' id='word_1_927' title='bbox 3319 5321 3542 5344; x_wconf 74' lang='grc'><strong>’”””’“”</strong></span> 
     </span>
    </p>
   </div>
   <div class='ocr_carea' id='block_1_119' title="bbox 2018 5399 3543 5481">
    <p class='ocr_par' dir='ltr' id='par_1_119' title="bbox 2018 5399 3543 5481">
     <span class='ocr_line' id='line_1_121' title="bbox 2018 5399 3543 5481; baseline 0.016 -28"><span class='ocrx_word' id='word_1_928' title='bbox 2018 5405 2043 5432; x_wconf 92' lang='lat'><strong><em>°</em></strong></span> <span class='ocrx_word' id='word_1_929' title='bbox 2074 5399 2197 5481; x_wconf 82' lang='lat' dir='ltr'><strong>Non</strong></span> <span class='ocrx_word' id='word_1_930' title='bbox 2225 5402 2500 5459; x_wconf 89' lang='lat' dir='ltr'><strong>audierunt</strong></span> <span class='ocrx_word' id='word_1_931' title='bbox 2523 5421 2674 5473; x_wconf 88' lang='lat' dir='ltr'><strong>eum;</strong></span> <span class='ocrx_word' id='word_1_932' title='bbox 2704 5399 2781 5460; x_wconf 78' lang='lat' dir='ltr'><strong>sic</strong></span> <span class='ocrx_word' id='word_1_933' title='bbox 2815 5411 3115 5468; x_wconf 87' lang='lat' dir='ltr'><strong>clamabunt</strong></span> <span class='ocrx_word' id='word_1_934' title='bbox 3147 5456 3161 5481; x_wconf 92' lang='lat'><strong>,</strong></span> <span class='ocrx_word' id='word_1_935' title='bbox 3197 5427 3244 5472; x_wconf 85' lang='lat' dir='ltr'><strong>et</strong></span> <span class='ocrx_word' id='word_1_936' title='bbox 3276 5435 3400 5481; x_wconf 87' lang='lat' dir='ltr'><strong>non,</strong></span> <span class='ocrx_word' id='word_1_937' title='bbox 3434 5432 3543 5478; x_wconf 83' lang='lat' dir='ltr'><strong>etc.</strong></span> 
     </span>
    </p>
   </div>
   <div class='ocr_carea' id='block_1_120' title="bbox 1945 5461 3400 5528">
    <p class='ocr_par' dir='ltr' id='par_1_120' title="bbox 1945 5461 3400 5528">
     <span class='ocr_line' id='line_1_122' title="bbox 1945 5461 3400 5528; baseline -0.003 -6"><span class='ocrx_word' id='word_1_938' title='bbox 1945 5465 2107 5527; x_wconf 81' lang='lat' dir='ltr'><strong>Vers.</strong></span> <span class='ocrx_word' id='word_1_939' title='bbox 2135 5473 2263 5528; x_wconf 69' lang='lat' dir='ltr'><strong>Am.</strong></span> <span class='ocrx_word' id='word_1_940' title='bbox 2656 5461 2670 5473; x_wconf 89' lang='lat'><strong><em>&#39;</em></strong></span> <span class='ocrx_word' id='word_1_941' title='bbox 2819 5461 2853 5462; x_wconf 49' lang='grc' dir='ltr'>ίί</span> <span class='ocrx_word' id='word_1_942' title='bbox 2885 5461 2889 5462; x_wconf 50' lang='grc' dir='ltr'>ί</span> <span class='ocrx_word' id='word_1_943' title='bbox 3147 5461 3161 5481; x_wconf 83' lang='grc'>’</span> 
     </span>
    </p>
   </div>
   <div class='ocr_carea' id='block_1_121' title="bbox 2019 5544 3538 5624">
    <p class='ocr_par' dir='ltr' id='par_1_121' title="bbox 2019 5544 3538 5624">
     <span class='ocr_line' id='line_1_123' title="bbox 2019 5544 3538 5624; baseline 0.019 -32"><span class='ocrx_word' id='word_1_944' title='bbox 2019 5553 2046 5592; x_wconf 85' lang='lat' dir='ltr'>P</span> <span class='ocrx_word' id='word_1_945' title='bbox 2077 5544 2183 5624; x_wconf 57' lang='lat' dir='ltr'><strong>fro</strong></span> <span class='ocrx_word' id='word_1_946' title='bbox 2233 5546 2497 5624; x_wconf 49' lang='lat' dir='ltr'><strong>q&#39;ttiescite,</strong></span> <span class='ocrx_word' id='word_1_947' title='bbox 2531 5551 2843 5618; x_wconf 77' lang='lat' dir='ltr'><strong>requiescite</strong></span> <span class='ocrx_word' id='word_1_948' title='bbox 2874 5596 2883 5613; x_wconf 92' lang='lat'><strong>,</strong></span> <span class='ocrx_word' id='word_1_949' title='bbox 2917 5568 3114 5611; x_wconf 81' lang='lat' dir='ltr'><strong>manete</strong></span> <span class='ocrx_word' id='word_1_950' title='bbox 3156 5558 3206 5612; x_wconf 87' lang='lat' dir='ltr'><strong>in</strong></span> <span class='ocrx_word' id='word_1_951' title='bbox 3255 5577 3400 5624; x_wconf 85' lang='lat' dir='ltr'><strong>pace.</strong></span> <span class='ocrx_word' id='word_1_952' title='bbox 3433 5565 3538 5620; x_wconf 88' lang='lat' dir='ltr'><strong>&#39;l‘il.</strong></span> 
     </span>
    </p>
   </div>
   <div class='ocr_carea' id='block_1_122' title="bbox 1947 5615 3542 5699">
    <p class='ocr_par' dir='ltr' id='par_1_122' title="bbox 1947 5615 3542 5699">
     <span class='ocr_line' id='line_1_124' title="bbox 1947 5615 3542 5699; baseline 0.016 -31"><span class='ocrx_word' id='word_1_953' title='bbox 1947 5615 2224 5699; x_wconf 74' lang='lat' dir='ltr'><strong>C_onfidite.</strong></span> <span class='ocrx_word' id='word_1_954' title='bbox 2255 5615 2352 5696; x_wconf 64' lang='lat' dir='ltr'><strong>isti</strong></span> <span class='ocrx_word' id='word_1_955' title='bbox 2376 5615 2635 5674; x_wconf 75' lang='lat' dir='ltr'><strong>sermones</strong></span> <span class='ocrx_word' id='word_1_956' title='bbox 2667 5635 2788 5676; x_wconf 87' lang='lat' dir='ltr'><strong>sunt</strong></span> <span class='ocrx_word' id='word_1_957' title='bbox 2817 5642 2947 5694; x_wconf 85' lang='lat' dir='ltr'><strong>quos</strong></span> <span class='ocrx_word' id='word_1_958' title='bbox 2971 5629 3189 5699; x_wconf 87' lang='lat' dir='ltr'><strong>facietis.</strong></span> <span class='ocrx_word' id='word_1_959' title='bbox 3222 5615 3542 5693; x_wconf 27' lang='lat' dir='ltr'><strong>V&#39;ers-sA-ut;</strong></span> 
     </span>
    </p>
   </div>
   <div class='ocr_carea' id='block_1_123' title="bbox 1946 5686 2396 5756">
    <p class='ocr_par' dir='ltr' id='par_1_123' title="bbox 1946 5686 2396 5756">
     <span class='ocr_line' id='line_1_125' title="bbox 1946 5686 2396 5756; baseline 0 -16"><span class='ocrx_word' id='word_1_960' title='bbox 1946 5686 2156 5756; x_wconf 86' lang='lat' dir='ltr'><strong>absque</strong></span> <span class='ocrx_word' id='word_1_961' title='bbox 2189 5690 2396 5741; x_wconf 81' lang='lat' dir='ltr'><strong>anim-e.</strong></span> 
     </span>
    </p>
   </div>
   <div class='ocr_carea' id='block_1_124' title="bbox 1983 5759 3547 5852">
    <p class='ocr_par' dir='ltr' id='par_1_124' title="bbox 1983 5759 3547 5852">
     <span class='ocr_line' id='line_1_126' title="bbox 1983 5759 3547 5852; baseline 0.014 -40"><span class='ocrx_word' id='word_1_962' title='bbox 1983 5759 2233 5852; x_wconf 22' lang='lat' dir='ltr'><strong>:‘flé‘Vers.</strong></span> <span class='ocrx_word' id='word_1_963' title='bbox 2269 5766 2392 5852; x_wconf 60' lang='lat' dir='ltr'><strong>Atil.</strong></span> <span class='ocrx_word' id='word_1_964' title='bbox 2421 5759 2548 5816; x_wconf 85' lang='lat' dir='ltr'><strong>Cum</strong></span> <span class='ocrx_word' id='word_1_965' title='bbox 2584 5767 2828 5850; x_wconf 72' lang='lat' dir='ltr'><strong>proximo</strong></span> <span class='ocrx_word' id='word_1_966' title='bbox 2872 5786 3004 5835; x_wconf 79' lang='lat' dir='ltr'><strong>suo;</strong></span> <span class='ocrx_word' id='word_1_967' title='bbox 3029 5771 3290 5852; x_wconf 75' lang='lat' dir='ltr'><strong>veritatem</strong></span> <span class='ocrx_word' id='word_1_968' title='bbox 3317 5788 3364 5832; x_wconf 81' lang='lat' dir='ltr'><strong>et</strong></span> <span class='ocrx_word' id='word_1_969' title='bbox 3394 5781 3547 5852; x_wconf 83' lang='lat' dir='ltr'><strong>judi-</strong></span> 
     </span>
    </p>
   </div>
   <div class='ocr_carea' id='block_1_125' title="bbox 1947 5833 3551 5922">
    <p class='ocr_par' dir='ltr' id='par_1_125' title="bbox 1947 5833 3551 5922">
     <span class='ocr_line' id='line_1_127' title="bbox 1947 5833 3551 5922; baseline 0.015 -41"><span class='ocrx_word' id='word_1_970' title='bbox 2245 5833 2439 5922; x_wconf 52' lang='lat' dir='ltr'><strong>malunt</strong></span> <span class='ocrx_word' id='word_1_971' title='bbox 2461 5833 2686 5922; x_wconf 49' lang='lat' dir='ltr'><strong>proicimi</strong></span> <span class='ocrx_word' id='word_1_972' title='bbox 2715 5839 2796 5920; x_wconf 73' lang='lat' dir='ltr'><strong>sui</strong></span> <span class='ocrx_word' id='word_1_973' title='bbox 2830 5857 2930 5922; x_wconf 78' lang='lat' dir='ltr'><strong>non</strong></span> <span class='ocrx_word' id='word_1_974' title='bbox 2961 5833 3142 5912; x_wconf 79' lang='lat' dir='ltr'><strong>cogitet</strong></span> <span class='ocrx_word' id='word_1_975' title='bbox 3318 5861 3366 5904; x_wconf 82' lang='lat' dir='ltr'><strong>et</strong></span> <span class='ocrx_word' id='word_1_976' title='bbox 3387 5833 3551 5922; x_wconf 71' lang='lat' dir='ltr'><strong>jura-</strong></span> 
     </span>
    </p>
   </div>
   <div class='ocr_carea' id='block_1_126' title="bbox 1949 5903 3112 6030">
    <p class='ocr_par' dir='ltr' id='par_1_126' title="bbox 1949 5903 3112 6030">
     <span class='ocr_line' id='line_1_128' title="bbox 1949 5903 3112 5983; baseline 0.013 -30"><span class='ocrx_word' id='word_1_977' title='bbox 1949 5911 2178 5956; x_wconf 89' lang='lat' dir='ltr'><strong>mentum</strong></span> <span class='ocrx_word' id='word_1_978' title='bbox 2201 5903 2425 5960; x_wconf 77' lang='lat' dir='ltr'><strong>mendax</strong></span> <span class='ocrx_word' id='word_1_979' title='bbox 2448 5922 2510 5962; x_wconf 90' lang='lat' dir='ltr'><strong>ne</strong></span> <span class='ocrx_word' id='word_1_980' title='bbox 2538 5907 2794 5983; x_wconf 78' lang='lat' dir='ltr'><strong>diligatis,</strong></span> <span class='ocrx_word' id='word_1_981' title='bbox 2828 5913 2975 5983; x_wconf 84' lang='lat' dir='ltr'><strong>quia,</strong></span> <span class='ocrx_word' id='word_1_982' title='bbox 3004 5903 3112 5971; x_wconf 58' lang='lat' dir='ltr'><strong>e&#39;tc.</strong></span> 
     </span>
     <span class='ocr_line' id='line_1_129' title="bbox 2027 5972 2399 6030; baseline 0.013 -5"><span class='ocrx_word' id='word_1_983' title='bbox 2027 5982 2047 6008; x_wconf 73' lang='grc' dir='ltr'><strong><em>ν</em></strong></span> <span class='ocrx_word' id='word_1_984' title='bbox 2079 5972 2192 6028; x_wconf 79' lang='lat' dir='ltr'><strong>Tui.</strong></span> <span class='ocrx_word' id='word_1_985' title='bbox 2223 5972 2399 6030; x_wconf 86' lang='lat' dir='ltr'><strong>Vatic.</strong></span> 
     </span>
    </p>
   </div>
   <div class='ocr_carea' id='block_1_127' title="bbox 2027 5974 2399 6032">
    <p class='ocr_par' dir='ltr' id='par_1_127' title="bbox 2027 5974 2399 6032">
     <span class='ocr_line' id='line_1_130' title="bbox 2027 5974 2399 6032; baseline 0.013 -7"><span class='ocrx_word' id='word_1_986' title='bbox 2027 5982 2047 6008; x_wconf 73' lang='grc' dir='ltr'><strong><em>ν</em></strong></span> <span class='ocrx_word' id='word_1_987' title='bbox 2079 5974 2192 6028; x_wconf 79' lang='lat' dir='ltr'><strong>Tui.</strong></span> <span class='ocrx_word' id='word_1_988' title='bbox 2223 5974 2399 6032; x_wconf 89' lang='lat' dir='ltr'><strong>Vatic.</strong></span> 
     </span>
    </p>
   </div>
  </div>
