4292 6374
668 360 766 415 871

1768 361 2102 420 LUCIFERI
2142 365 2452 425 EPISCOPI
2490 367 2913 429 CALARITANI
3878 379 3965 436 872

670 486 830 545 quam
858 485 1009 528 reum
1043 471 1365 542 puniremus
1390 475 1528 530 ?aut
1549 488 1672 545 quas
1697 490 1815 532 erat
1836 477 1984 547 pax?
2011 494 2136 533 cum
2168 478 2287 535 haec
2315 492 2365 550 Α
2393 485 2603 540 nomini
2634 486 3018 557 majestatique
3040 484 3284 541 dicatos?
3307 498 3431 541 cum
3456 486 3531 541 sis
3554 501 3650 543 eos
3675 502 3867 560 cogens
3887 495 3967 547 dc-

668 566 921 622 lacicndo
968 570 1137 623 etiam
1170 585 1199 621 a
1259 584 1392 636 pace
1423 570 1636 625 Domini
1688 572 2053 640 potuissemus
2112 574 2286 644 rejici.

669 658 855 729 Neque
884 662 1031 713 enim
1059 676 1163 730 pax
1200 660 1416 716 Domini
1456 662 1729 718 dicentis:
1780 662 1973 718 Pacem
2010 671 2177 720 meam
2208 683 2291 720 re-

664 754 841 825 linquo
870 754 1035 821 vobis,
1060 770 1243 825 pacem
1267 772 1431 809 meam
1454 756 1522 809 do
1545 755 1689 810 vobis
1717 756 1899 827 (Joan.
1926 774 2036 823 xn',
2060 758 2175 829 '27),
2196 775 2287 815 re—

665 848 1009 920 linqueretur
1037 849 1106 905 ab
1129 865 1198 905 eo
1230 851 1282 906 in
1310 851 1491 919 nobis,
1515 868 1639 906 cum
1689 853 1796 907 alio
1829 855 1931 923 ipsi
1970 854 2289 910 tulissemus

667 943 889 1012 injuste.
921 945 1056 1013 Quis
1112 948 1327 1016 ignorat
1359 948 1656 1002 recedente
1696 947 1980 1019 disciplina
2028 950 2288 1004 recedere

665 1046 720 1093 ct
744 1036 1022 1107 gratiam?
1054 1038 1210 1109 Apud
1241 1038 1566 1095 Malachiam
1596 1041 1728 1095 dicit
1772 1043 1949 1098 Deos:
1992 1041 2168 1097 Filius
2194 1042 2288 1095 ho-

668 1131 915 1198 nori/icat
945 1140 970 1167 η
999 1141 1238 1201 patrem,
1265 1142 1313 1187 et
1336 1148 1517 1189 servus
1549 1132 1832 1187 Dominum
1868 1152 2021 1189 suum
2045 1135 2094 1191 δ.
2134 1135 2202 1190 Et
2243 1138 2287 1189 si

664 1236 812 1296 pater
850 1243 967 1280 sum
1004 1244 1119 1297 ego,
1144 1228 1229 1281 ubi
1284 1238 1361 1282 est
1391 1228 1562 1283 honor
1595 1248 1739 1285 meus
1771 1231 1832 1285 c?
1860 1231 1987 1285 dicit
2030 1230 2286 1285 Dominus

663 1323 994 1394 omnipotens
1020 1322 1179 1395 (Mal.
1214 1341 1254 1386 ι,
1282 1324 1375 1395 6).
1411 1326 1587 1393 Quem
1626 1327 1791 1397 igitur
1837 1327 2092 1383 timorem
2123 1340 2289 1400 atque

667 1414 940 1470 honorem
972 1414 1088 1471 Deo
1134 1415 1333 1471 facturi
1377 1433 1596 1473 eramus
1628 1461 1644 1486 ,
1675 1420 1722 1475 si
1767 1421 2086 1477 fecissemus
2119 1464 2133 1489 ,
2168 1436 2287 1491 qua:

668 1518 721 1562 tu
758 1508 875 1563 fieri
903 1508 1339 1564 tuaudasti?llla
1378 1510 1525 1565 enim
1577 1522 1669 1566 tua
1722 1525 2001 1584 praecepta
2047 1524 2101 1569 et
2129 1514 2288 1568 timo-

672 1617 789 1656 rem
819 1610 876 1657 ct
930 1600 1199 1657 honorem
1235 1603 1329 1658 Dei
1363 1604 1613 1659 nituntur
1642 1604 1861 1663 auferre
1914 1608 2109 1662 dicatis
2168 1609 2288 1677 ejus

666 1695 1001 1751 clementite.
1060 1695 1167 1752 Sed
1224 1708 1279 1752 et
1330 1696 1473 1753 iul‘ra
1506 1710 1651 1753 tuam
1706 1702 2019 1769 specialiter
2058 1715 2285 1769 Operam

669 1790 1053 1855 manifestans,
1084 1791 1253 1847 dicit:
1284 1790 1626 1846 Exacerbatis
1649 1790 1674 1830 ἀ
1704 1793 1875 1848 Deum
1898 1797 1952 1849 in
1991 1796 2154 1849 verbis
2177 1811 2286 1849 ves-

2396 577 2713 648 relinquere
2739 594 2888 643 eum,
2921 588 2975 633 et
3008 578 3126 634 ﬁeri
3164 592 3560 651 conserpentes
3590 594 3749 651 atque
3784 600 3963 655 conpo-

2393 678 2565 725 slatas
2598 672 2764 726 tuos?
2790 669 2900 726 Nos
2927 669 3057 725 odio
3082 671 3226 742 apud
3252 682 3303 727 te
3338 673 3670 743 laboramus,
3721 678 3841 747 quia
3883 679 3966 734 tibi

2396 778 2529 818 vera
2555 762 2827 825 dicamus.
2856 763 2986 835 quia
3021 772 3076 820 te
3105 766 3290 822 vivere
3317 767 3600 825 nobiscum
3641 770 3862 825 velimus
3910 771 3955 825 in

2391 867 2657 912 aeternum
2682 874 2697 924 ;
2724 858 2846 913 illos
2866 873 2995 914 vero
3018 874 3079 915 es
3099 860 3357 931 diligens,
3386 863 3476 932 qui
3505 864 3573 917 ad
3607 874 3658 920 te
3690 866 3961 919 transitum

2391 946 2646 1015 fecerint,
2677 951 2798 1005 illos
2824 950 2917 1019 qui
2948 966 3072 1006 cum
3107 953 3202 1007 tibi
3237 955 3470 1024 primum
3503 958 3870 1014 contraxerint
3898 969 3920 1005 ε’
3954 1002 3966 1025 ,

2392 1052 2585 1111 postea
2618 1054 2801 1098 tamen
2822 1044 3037 1099 servire
3070 1046 3293 1101 nefariis
3338 1046 3780 1105 meditationibus
3830 1052 3925 1104 tuis
3956 1092 3967 1115 ,

2389 1152 2555 1207 quam
2583 1137 2676 1191 Dei
2707 1152 2903 1207 parere
2936 1141 3231 1210 prteceptis
3263 1140 3575 1197 maluerint.
3626 1143 3872 1200 Gaudens
3918 1160 3967 1201 es

2388 1231 2534 1301 quod
2567 1232 2795 1288 eosdem
2828 1243 2917 1287 tua
2967 1234 3273 1291 calliditate
3306 1236 3540 1293 illiciens
3573 1240 3637 1293 ad
3680 1242 3966 1311 suscipien-

2388 1322 2512 1378 dam
2544 1325 2872 1395 perduxeris
2901 1326 3160 1382 haeresim
3185 1340 3355 1393 tuam,
3382 1333 3523 1400 quod
3552 1333 3603 1386 in
3622 1333 3867 1388 omnibus
3886 1351 3970 1389 eos

2390 1415 2592 1473 habeas
2622 1418 2921 1489 subjectos,
2950 1420 3076 1476 illos
3105 1438 3244 1493 quos
3269 1423 3596 1494 jampridem
3629 1426 3835 1484 videras
3878 1444 3967 1498 pro

2391 1511 2565 1566 nihilo
2602 1524 2653 1569 te
2684 1515 2866 1569 dicere
2891 1512 2917 1549 ιι
2953 1555 2968 1579 ,
2995 1530 3136 1585 quos
3183 1518 3451 1573 cernebas
3505 1520 3715 1576 calcare
3759 1530 3967 1592 propter

2393 1606 2683 1662 veritatem
2716 1608 2864 1678 regni
2898 1607 2973 1662 tui
2998 1610 3406 1666 auctoritatem.
3458 1611 3563 1668 Sed
3587 1614 3726 1670 scire
3755 1623 3803 1669 te
3824 1618 3965 1668 volu-

2393 1716 2515 1755 mus
2544 1716 2650 1757 noc
2668 1716 2792 1757 esse
2808 1717 3004 1758 novum
3024 1702 3128 1758 hoe
3151 1706 3371 1771 factum,
3395 1707 3493 1762 sed
3519 1709 3737 1778 saepeitn
3755 1723 3871 1763 esse
3885 1725 3967 1763 ac-

2393 1804 2506 1847 tum
2532 1809 2562 1848 a
2586 1796 2812 1865 perlidis
2839 1806 3001 1867 atque
3026 1797 3472 1865 inconsideratis,
3493 1800 3561 1854 ah
3583 1801 3678 1865 eis,
3702 1815 3829 1869 quos
3848 1816 3971 1870 pne-

664 1886 781 1950 tris,
808 1896 856 1940 et
883 1887 1132 1941 dixistis:
1162 1885 1227 1940 In
1271 1904 1373 1957 qua
1396 1904 1450 1941 re
1500 1890 1915 1943 exacerbavimus
1947 1890 2108 1944 eum?
2140 1890 2195 1943 in
2226 1905 2283 1943 eo
2316 1889 2363 1949 It
2391 1886 2541 1941 scius
2566 1888 2877 1943 futurorum
2900 1905 2997 1944 ore
3028 1892 3360 1945 sanctissimi
3386 1892 3661 1947 Malacltize
3683 1904 3969 1963 praesten-

663 1979 803 2048 quod
864 1980 1051 2034 dicatis
1089 1996 1108 2035 :
1168 1978 1351 2036 Omnis
1420 1982 1511 2053 qui
1581 1982 1709 2052 facit
1774 1984 1971 2036 malum
2007 2025 2020 2049 ,
2090 1985 2281 2037 bonum

666 2084 925 2129 estcomm
950 2074 1085 2142 Deo,
1111 2085 1157 2130 et
1180 2076 1235 2130 in
1262 2076 1390 2145 ipsis
1420 2076 1680 2130 benedicet
1698 2092 1716 2129 :
1736 2085 1783 2131 et
1802 2078 1885 2131 ubi
1906 2088 1981 2131 est
2008 2075 2147 2131 Deus
2160 2078 2281 2148 jus-

665 2169 792 2223 titite
808 2166 972 2239 (Ibid.
1000 2168 1203 2237 tt,l7)?
1232 2167 1502 2237 Pmpheta
1536 2170 1667 2223 dicit
1687 2186 1699 2222 :
1720 2167 1821 2223 Ubi
1846 2181 1918 2223 est
1949 2167 2092 2224 Deus
2113 2170 2280 2242 justi-

666 2264 771 2327 tiw,
801 2271 992 2317 contra
1027 2278 1127 2318 eos
1154 2260 1246 2331 qui
1270 2261 1496 2316 dicunt:
1535 2261 1637 2328 Qui
1666 2262 1795 2331 facit
1834 2262 2049 2328 malum,
2080 2262 2272 2316 bonum

662 2368 737 2411 est
765 2373 942 2411 coram
971 2355 1104 2419 Deo,
1136 2370 1183 2412 et
1214 2357 1344 2426 ipsis
1368 2357 1631 2411 benedicet
1664 2375 1681 2411 :
1715 2366 1770 2412 et
1795 2367 1849 2411 tu
1869 2356 1967 2411 das
1996 2356 2273 2424 mandata,

661 2450 998 2505 lundemlum
1032 2465 1285 2505 cruorem
1312 2450 1611 2519 justorum,
1636 2462 1691 2505 et
1722 2450 1902 2506 adhuc
1924 2450 2062 2506 dicis
2092 2461 2148 2505 te
2173 2451 2270 2507 Dei

662 2558 905 2608 servum,
935 2559 1061 2599 cum
1089 2545 1167 2599 sis
1201 2544 1372 2613 ipsius
1400 2544 1701 2614 dissipator
1734 2544 1893 2615 legis.
1949 2544 2165 2600 Justum
2197 2554 2283 2601 est

658 2638 922 2695 damnare
955 2639 1264 2703 absentem,
1292 2638 1586 2708 etquidem
1623 2641 1974 2694 innocentem
2007 2680 2021 2703 ,
2056 2649 2151 2693 aut
2198 2639 2284 2693 in-

659 2732 914 2803 justutn?
964 2732 1022 2787 Si
1080 2731 1287 2801 justum
1331 2746 1438 2786 non
1495 2741 1598 2797 est,
1660 2731 1790 2802 quia
1862 2731 2013 2801 cogis
2045 2742 2067 2768 θ
2098 2731 2285 2786 facere

665 2841 768 2881 nos
801 2842 922 2880 eam
958 2841 1071 2881 rem
1122 2842 1219 2894 per
1264 2842 1427 2897 quam
1476 2827 1656 2896 puniri
1720 2842 2033 2881 mereamur
2061 2841 2089 2879 a
2114 2825 2231 2881 Deo
2262 2826 2286 2880 ἲ

666 2918 886 2983 Tobias,
923 2918 1209 2987 Omnibus,
1246 2918 1439 2991 inquit,
1467 2920 1647 2974 diebus
1676 2921 1795 2975 vita:
1823 2932 1949 2986 tute,
1978 2921 2082 2991 ﬁli,
2118 2920 2285 2975 Deum

661 3012 715 3067 in
742 3025 911 3066 mente
937 3013 1088 3078 habe,
1115 3023 1163 3066 et
1192 3015 1299 3067 noli
1328 3030 1546 3083 peccare
1572 3015 1724 3079 velle,
1759 3015 1838 3069 vel
1858 3016 2130 3083 prmterire
2148 3032 2286 3084 pra:-

662 3118 810 3177 cepta
840 3106 1010 3161 illius.
1039 3103 1313 3160 Justitiam
1338 3109 1424 3177 fac
1450 3107 1693 3162 omnibus
1715 3106 1901 3161 diebus
1933 3108 2053 3161 vita:
2075 3118 2208 3170 tute,
2240 3118 2288 3162 et

664 3200 772 3253 noli
802 3198 1075 3252 ambulare
1108 3196 1124 3235 ί
1156 3214 1247 3267 per
1274 3199 1413 3252 viam
1453 3199 1769 3267 iniquitatis,
1820 3200 2073 3269 quoniam
2102 3210 2289 3270 agente

2387 1981 2529 2037 derit
2548 1983 2828 2052 propheta)
2856 1982 3013 2055 (Mal.
3042 1999 3122 2048 ιιι,
3151 1984 3243 2054 15)
3267 2002 3279 2038 :
3306 1982 3565 2041 Gravestis
3588 1985 3879 2042 iadversam
3903 2004 3971 2041 me

2386 2074 2605 2129 consilia
2622 2085 2807 2137 vestra,
2824 2076 2945 2129 dicit
2960 2075 3217 2132 Dominus
3238 2078 3573 2147 omnipotens,
3595 2090 3639 2133 et
3656 2078 3853 2134 dixistis
3876 2096 3891 2132 :
3915 2078 3970 2131 In

2385 2183 2485 2237 qua
2510 2184 2566 2221 re
2588 2168 2906 2223 detraximus
2918 2170 2980 2222 de
3003 2169 3095 2223 te?
3120 2172 3241 2240 quia
3263 2171 3465 2225 dixistis
3494 2188 3506 2223 :
3548 2170 3712 2225 Vanus
3732 2184 3801 2227 est
3821 2175 3971 2226 omms

2386 2264 2473 2333 qui
2501 2264 2659 2319 servit
2690 2262 2827 2332 Deo,
2860 2274 2910 2319 et
2932 2264 3060 2333 quid
3106 2266 3332 2334 amplius
3357 2266 3383 2319 ἔ)
3435 2266 3587 2333 Quod
3622 2266 3971 2320 custodit-imus

2390 2367 2653 2429 prwcepta
2682 2357 2850 2419 illius.
2878 2369 2923 2412 et
2950 2357 3332 2412 ainbulaviinus
3361 2362 3687 2427 deprecantes
3717 2369 3835 2412 ante
3855 2376 3968 2413 con-

2388 2462 2625 2521 spectum
2655 2449 2871 2503 Domini
2892 2452 3285 2521 omnipotentis.
3321 2449 3389 2503 Et
3416 2468 3550 2505 nunc
3571 2468 3660 2505 nos
3688 2453 3977 2523 magniﬁca-

2387 2560 2504 2597 mus
2535 2544 2761 2608 alienos,
2795 2553 2842 2597 et
2871 2554 3186 2597 renovantur
3204 2560 3379 2598 omnes
3406 2546 3649 2615 facientes
3691 2545 3902 2616 iniqua:
3928 2556 3970 2599 et

2388 2638 2694 2690 restiterunt
2724 2634 2832 2690 Deo
2866 2634 2878 2685 i
2926 2676 2941 2702 ,
2970 2646 3015 2689 et
3037 2635 3230 2689 salvati
3259 2645 3400 2688 sunt.
3451 2634 3577 2689 thc
3597 2635 3923 2691 detraxerunt
3954 2636 3975 2674 ι

2388 2731 2477 2799 qui
2511 2730 2691 2783 timent
2724 2727 2915 2796 Deum,
2975 2730 3331 2799 unusquisque
3357 2730 3425 2782 ad
3472 2730 3755 2800 proximum
3782 2747 3931 2784 suum
3960 2747 3976 2784 :

2388 2821 2669 2875 etintendit
2698 2819 2977 2889 Dominus,
3001 2831 3049 2874 et
3069 2822 3353 2885 exaudivit,
3379 2832 3425 2876 et
3448 2824 3647 2892 scripsit
3673 2825 3856 2877 librum
3877 2840 3977 2877 me-

2393 2919 2663 2972 morialem
2695 2933 2871 2972 coram
2900 2933 2959 2970 se
2983 2917 3277 2971 timentibus
3308 2916 3581 2971 Dominum
3620 2929 3663 2972 et
3716 2919 3979 2972 metuenti-

2393 3014 2484 3065 bus
2513 3028 2696 3064 nomen
2720 3026 2894 3064 suunt.
2927 3007 2995 3063 Et
3019 3010 3117 3064 erit
3146 3007 3160 3047 ι
3192 3010 3338 3074 milii,
3390 3009 3512 3064 dicit
3542 3008 3791 3065 Dominus
3824 3012 3982 3063 enmi-

2392 3117 2594 3179 potens,
2626 3108 2678 3160 in
2712 3107 2797 3160 die
2816 3124 2919 3177 qua
2953 3123 3046 3178 ego
3072 3106 3233 3177 facio,
3266 3106 3319 3159 in
3347 3106 3693 3177 possessione;
3723 3116 3768 3159 et
3796 3107 3975 3177 eligam

2394 3218 2502 3265 eos,
2532 3199 2971 3273 quemadmodum
2992 3200 3149 3272 eligit
3164 3200 3319 3253 homo
3340 3199 3508 3265 ﬁlium
3554 3215 3693 3251 suum
3725 3198 3847 3252 bene
3872 3215 3978 3253 ser-

662 3304 711 3349 te
740 3294 1065 3358 exveritate,
1126 3294 1226 3348 erit
1279 3296 1536 3364 respectio
1583 3295 1824 3365 operibus
1848 3298 1950 3349 tuis
1977 3306 2025 3350 et
2050 3285 2364 3350 omnibusC
2398 3296 2621 3349 rientem
2642 3294 2739 3349 sibi
2775 3311 2793 3348 :
2815 3305 2862 3348 et
2885 3294 3122 3348 conversi
3174 3293 3408 3349 videbitis
3454 3305 3695 3363 quantum
3742 3294 3805 3346 sit
3852 3294 3978 3346 inter

658 3390 747 3460 qni
773 3389 976 3459 faciunt
995 3389 1261 3462 justitiam
1279 3387 1434 3462 (Tob.
1462 3404 1536 3456 tv,
1562 3388 1766 3459 6).Dic,
1792 3389 2101 3456 Constanti,
2132 3390 2289 3459 justi-

662 3484 791 3540 tiam
813 3484 965 3550 l'acit,
993 3483 1085 3553 qui
1111 3482 1369 3538 interﬁcit
1390 3482 1854 3553 innocentes?qui
1876 3499 2164 3537 servorum
2195 3484 2285 3537 Dei

662 3578 1205 3649 luuditsauguinem?
1245 3577 1301 3635 Si
1317 3594 1423 3632 non
1439 3577 1856 3645 lacitjustitiam,
1878 3577 1972 3633 sed
1995 3578 2167 3649 magis
2186 3578 2288 3633 itii-

658 3674 944 3744 quitatem,
964 3681 1131 3727 restat
1151 3682 1205 3725 ut
1226 3680 1279 3726 te
1299 3671 1483 3726 videas
1498 3685 1619 3726 esse
1639 3671 1943 3741 iniquitatis
1958 3679 2278 3737 amatorem,

668 3774 837 3834 atque
866 3779 1032 3820 omne
1058 3764 1302 3833 iniquum
1326 3762 1689 3818 fabricantetn
1717 3779 1879 3834 opus.
1920 3763 2137 3818 Etenim
2164 3779 2285 3817 cum

656 3857 928 3929 justitiam
960 3872 1061 3912 nos
1092 3858 1146 3911 in
1174 3857 1327 3911 ontui
1350 3866 1600 3927 tempore
1629 3858 1811 3913 lacere
1840 3859 2095 3913 hortetur
2120 3872 2275 3912 sacra

661 3952 772 4015 lex,
806 3960 862 4007 et
914 3959 971 4005 tu
1031 3950 1340 4018 compellas
1392 3948 1583 4006 facere
1648 3950 1998 4021 injustitiam,
2036 3966 2197 4019 quem
2233 3962 2283 4005 te

663 4047 829 4101 alium
863 4047 997 4102 velis
1039 4044 1267 4101 habeam
1302 4045 1404 4100 nisi
1448 4056 1504 4101 et
1543 4043 1826 4116 injustitiae
1870 4054 2174 4101 amatorem
2226 4055 2281 4101 et

661 4140 1144 4210 perpetratorem?
1194 4139 1473 4205 Omnibus,
1514 4140 1712 4210 inquit,
1764 4140 1945 4195 diebus
1974 4140 2095 4195 rita:
2125 4151 2231 4194 tua:
2264 4182 2280 4209 ,

660 4232 761 4301 ﬁli,
787 4230 1021 4288 Deumin
1034 4244 1203 4289 mente
1220 4234 1349 4289 habe
1361 4233 1563 4306 (ibid.);
1580 4250 1701 4289 cum
1720 4234 1974 4291 eumdem
1991 4235 2281 4305 reliqueris

666 4326 928 4382 haerendo
960 4326 1201 4383 Arianis.
1266 4327 1331 4383 lli
1388 4330 1596 4384 etenim
1626 4344 1736 4384 non
1777 4345 1905 4384 eum
1943 4329 2282 4401 derelinqui-

663 4436 808 4489 mus,
835 4424 927 4493 qui
960 4422 1123 4478 [idem
1150 4431 1401 4479 tenemus
1431 4423 1818 4494 apostolicam.
1854 4423 2147 4491 Quomodo
2171 4439 2279 4479 non

665 4527 937 4588 prtecepta
966 4517 1087 4588 ejus
1135 4517 1411 4589 praeteris,
1460 4518 1555 4589 qui
1605 4516 1907 4575 interﬁcias
1938 4531 2130 4573 servos
2162 4517 2281 4587 ejus

738 4708 762 4735 η
796 4697 955 4752 Vers.
988 4698 1117 4752 Ant.
1144 4694 1440 4767 Gloriﬁcat.

733 4768 1079 4823 bDominum
1127 4785 1279 4823 suum
1342 4769 1560 4825 timebit.
1630 4768 1789 4824 Vers.
1865 4769 1990 4824 Ant.

662 4840 816 4898 abest
847 4858 877 4897 a
909 4840 1105 4896 Graeco
1131 4839 1270 4896 Cod.
1309 4841 1485 4897 Vatic.
1518 4850 1577 4897 ut
1606 4857 1635 4897 a
1666 4840 1850 4897 Lucil.

734 4925 755 4953 ε
785 4913 942 4987 Vers.
968 4914 1096 4987 Ant.
1127 4910 1227 4967 Ubi
1256 4922 1334 4967 est
1365 4914 1535 4987 gloria
1560 4914 1715 4969 mea?
1742 4922 1791 4969 et
1814 4913 1858 4967 si
1894 4912 2151 4969 Dominus
2183 4929 2278 4987 ego

662 5001 796 5044 sum.
827 4986 915 5040 ubi
942 4995 1015 5039 est
1042 4984 1198 5038 timor
1230 4984 1415 5039 meus?
1446 4986 1593 5050 dicit,
1619 4998 1728 5043 etc.

735 5056 760 5096 ἀ
794 5056 1167 5113 Exacerbastis
1214 5058 1413 5111 melius
1466 5057 1597 5127 legit
1644 5060 1833 5114 Sahat.
1892 5056 2089 5113 Versio
2146 5058 2275 5113 Ant.

666 5127 997 5185 Provocastis
1030 5128 1318 5183 Dominum
1363 5130 1418 5183 in
1456 5130 1779 5185 sermonibus
1826 5131 2011 5185 vestris
2211 5128 2279 5183 In

662 5216 764 5270 qua
787 5218 843 5258 re
890 5202 1278 5270 provocavimus
1506 5201 1683 5257 dicitis
1876 5203 2044 5257 bonus
2094 5210 2171 5255 est
2226 5202 2277 5255 in

664 5284 945 5346 conspectu
974 5272 1207 5346 Domini,
1241 5282 1297 5346 et
1311 5274 1366 5329 in
1395 5274 1477 5329 Itis
1506 5273 1607 5328 sibi
1637 5276 1945 5345 complacet.

735 5356 759 5384 ο
796 5343 995 5413 Quare.
1032 5344 1210 5399 Latin.
1259 5343 1395 5410 Quia
1444 5347 1668 5417 ponitur
1702 5343 1800 5417 pro
1833 5364 1924 5400 cur
1956 5362 1975 5400 :
2020 5360 2131 5400 uno
2159 5356 2276 5400 etc—

661 5416 771 5473 nim
799 5433 898 5490 pro
934 5417 1113 5472 altero
1146 5416 1455 5486 smpissime
1477 5416 1711 5490 mittitur,
1731 5429 1787 5474 et
1816 5435 1915 5489 pro
1946 5435 2064 5473 cum
2088 5418 2275 5482 etiam,

660 5498 719 5543 ut
741 5489 862 5545 cum
886 5498 1167 5551 occurret,
1200 5490 1432 5545 dicetur.
1471 5489 1573 5545 Til.
1609 5500 1759 5546 etes
1792 5506 1861 5545 eo
1896 5490 2132 5548 Galand.

664 5629 694 5683 ὁ
735 5560 754 5600 ί
800 5560 957 5617 Vers.
987 5563 1116 5617 Ant.
1159 5558 1249 5615 Ire
1304 5561 1359 5616 in
1398 5563 1658 5619 viam.....
1709 5574 1971 5634 respectus
2010 5563 2065 5617 in
2103 5562 2274 5633 aperi—

699 5647 777 5683 Iﬂ-
803 5646 911 5683 etc.

699 5647 777 5700 us,
803 5646 911 5690 etc.

731 5714 757 5753 ε
799 5704 1249 5762 Contradiurint.
1290 5704 1472 5761 Latin.
1505 5715 1562 5763 et
1604 5706 1837 5765 Galand.

733 5773 760 5815 δ
803 5776 1028 5834 Ducere.
1062 5778 1246 5835 Latin.

735 5847 953 5923 iAVers.
988 5853 1116 5923 Ant.
1148 5850 1479 5923 lngravastis
1503 5868 1659 5922 super
1686 5867 1768 5906 me
1791 5852 1941 5907 verba
1972 5860 2160 5919 vestra,
2194 5852 2276 5905 di-

658 5920 725 5976 cit
759 5920 1034 5979 Dominus.
1071 5921 1139 5978 Et
1166 5920 1375 5980 dixistis
1404 5940 1422 5979 :
1450 5921 1519 5978 In
1542 5920 1644 5994 quo
1674 5924 1835 5980 locvti
1878 5941 2063 5981 sumus
2094 5936 2278 5981 contra

2048 4767 2274 4824 Timcbit

2300 4698 2353 4759 D
2380 4708 2427 4754 te.
2448 4698 2474 4752 ?
2504 4695 2573 4750 Et
2629 4695 2837 4752 dixistis
2886 4714 2904 4752 :

2385 3393 2589 3462 justum
2616 3400 2661 3443 et
2692 3390 2968 3460 injustam,
3001 3388 3135 3441 inter
3159 3389 3453 3441 servientem
3497 3385 3607 3441 Deo
3649 3398 3693 3441 et
3733 3404 3833 3441 non
3876 3403 3977 3440 srr-

2394 3484 2631 3537 vientem.
2656 3481 2791 3548 Quia
2813 3497 2929 3535 ecce
2955 3480 3063 3535 dies
3084 3482 3217 3534 venit
3237 3478 3463 3536 Domini.
3483 3489 3521 3516 ηι
3544 3482 3723 3534 ardens
3744 3481 3869 3533 sicut
3884 3480 3976 3532 cli-

2392 3576 2580 3642 banus,
2606 3585 2655 3630 et
2675 3584 2784 3629 uret
2812 3591 2921 3642 eos,
2950 3584 2997 3628 et
3028 3589 3175 3628 erunt
3209 3589 3385 3627 omnes
3429 3573 3748 3646 alienigenas,
3798 3583 3847 3627 et
3870 3589 3973 3626 om-

2392 3687 2480 3725 nes
2511 3672 2601 3741 qui
2628 3671 2829 3740 faciunt
2856 3671 3049 3724 scelera
3072 3678 3129 3722 ut
3169 3677 3450 3734 sarmenta,
3500 3679 3546 3722 et
3587 3669 3849 3723 succende!
3889 3682 3971 3720 eos

2388 3763 2497 3818 dies
2514 3761 2752 3829 Domini,
2777 3779 2892 3833 qua:
2904 3762 3061 3827 venit,
3075 3760 3200 3816 dicit
3218 3760 3466 3816 Dominus
3482 3762 3859 3827 onmipotens,et
3874 3776 3968 3811 non

2383 3856 2852 3927 derelinqueturex
2888 3857 2961 3910 eis
2982 3855 3138 3910 radix
3159 3898 3173 3921 ,
3219 3872 3309 3911 nec
3337 3858 3453 3910 vitis
3492 3854 3591 3925 (lb.
3614 3871 3681 3919 tv,
3710 3854 3779 3924 l).
3809 3853 3966 3908 Deum

2382 3951 2569 4006 dicere
2598 3950 2712 4006 lucc
2742 3949 2997 4016 audiens,
3024 3949 3149 4021 quia
3180 3948 3356 4005 adhuc
3380 3950 3431 4004 in
3463 3947 3614 4004 malis
3638 3948 3865 4002 tuisesse
3889 3945 3967 3998 di-

2384 4046 2587 4116 gneris,
2622 4044 2864 4117 gaudere
2893 4054 2944 4099 te
2966 4043 3135 4099 etiam
3164 4043 3218 4098 iu
3266 4044 3370 4098 hoc
3395 4043 3645 4107 arbitror,
3676 4040 3810 4111 quod
3851 4055 3962 4093 cum

2388 4138 2926 4211 prtevaricatoribus.
2957 4153 3081 4192 cum
3120 4137 3283 4193 Deum
3327 4135 3830 4207 dorelinqueutibus,
3879 4134 3965 4186 illa

2394 4243 2753 4306 percepturus
2777 4234 2854 4288 sis
2880 4232 2949 4287 ab
2977 4246 3063 4287 eo.
3118 4231 3210 4286 Vm
3234 4231 3327 4286 tibi
3380 4229 3659 4286 homicida:
3704 4240 3855 4299 atque
3884 4242 3963 4279 sa-

2389 4329 2625 4399 crilego,
2651 4327 2912 4399 quoniam
2942 4325 3046 4381 nisi
3077 4324 3447 4396 pteuitentiam
3476 4312 3728 4380 factorum
3757 4329 3959 4375 tuorum

2390 4425 2590 4495 egeris,
2648 4424 2761 4479 eris
2792 4429 2852 4476 ut
2878 4436 3023 4477 nunc
3043 4435 3100 4475 es
3135 4420 3279 4476 inter
3311 4419 3435 4475 illos
3468 4461 3481 4485 ,
3526 4431 3659 4490 quos
3683 4430 3770 4471 ore
3802 4412 3961 4467 Esaia:

2390 4515 2642 4586 increpat
2672 4514 2814 4569 Deus
2836 4512 3026 4568 dicens
3046 4509 3150 4585 (Is.
3185 4528 3221 4578 t,
3248 4509 3303 4582 ι)
3339 4528 3352 4564 :
3393 4508 3502 4577 Vae,
3525 4524 3644 4579 gens
3687 4504 3959 4577 peccatrix.

2966 4697 3140 4753 Vanus
3192 4696 3378 4766 estqui
3574 4692 3696 4766 quid
3746 4690 3956 4766 amplius

2380 4771 2627 4841 quia.....
2656 4770 2903 4841 mandata
2920 4770 3059 4841 ejus,
3089 4779 3135 4824 et
3165 4763 3405 4841 quia..."
3436 4764 3688 4841 supplices
3727 4775 3841 4816 ante
3884 4763 3957 4841 fa-

2381 4835 2629 4896 ciem..."
2656 4840 2725 4895 Et
2754 4858 2891 4895 nunc
2920 4835 3016 4896 nos
3045 4835 3218 4896 beatos
3268 4839 3484 4893 dicimus
3501 4835 3702 4891 alienos
3721 4877 3735 4899 ,
3764 4849 3808 4889 et
3840 4835 3955 4889 a'di-

2384 4916 2609 4984 ﬁcantur
2635 4928 2809 4968 omnes
2831 4914 2919 4983 qui
2946 4914 3149 4983 faciunt
3174 4912 3612 4982 iniquitatem.....
3636 4917 3681 4963 et
3700 4908 3823 4963 salvi
3841 4907 3955 4977 facti

2386 4997 2534 5043 sunt.

2466 5072 2478 5108 .I
2537 5056 2647 5111 Deo
2674 5057 2761 5111 ltic
2786 5056 2989 5112 omittit
3009 5055 3196 5112 Sabztl.

2464 5132 2487 5167 ι
2520 5130 2696 5185 Gra'c.
2732 5130 3102 5188 κατελὰλησαν.
3138 5126 3294 5183 Vcrs.
3344 5126 3467 5201 ᾼιιι.
3507 5124 3681 5179 Locuti
3728 5130 3953 5201 sunt.....

2388 5213 2434 5258 et
2486 5202 2827 5257 attendit.....
2862 5214 2910 5255 et
2966 5200 3286 5257 aadivit.....
3351 5199 3536 5253 librum
3580 5199 3951 5249 manumentiia

2388 5284 2670 5346 conspectu
2697 5291 2792 5329 suo
2824 5274 2903 5327 Itis
2925 5274 3013 5343 qui
3040 5274 3339 5326 timent.....
3365 5280 3410 5324 et
3434 5269 3521 5339 qui
3563 5277 3843 5322 reverentur
3865 5279 3950 5317 se-

2388 5365 2504 5401 men
2534 5348 2670 5415 ejus.

2467 5418 2480 5456 l
2530 5411 2685 5473 Vers.
2718 5420 2848 5474 Ant.
2886 5417 2953 5471 Et
2978 5423 3131 5471 erunt
3163 5414 3411 5469 mihi.....
3462 5412 3512 5464 in
3544 5411 3949 5481 acquisitionem;

2476 5492 2676 5545 sicut...
2705 5490 2874 5559 filium
2903 5506 3087 5551 suum,
3116 5488 3203 5556 qui
3232 5484 3478 5559 servitiei.
3511 5482 3575 5536 Et
3607 5492 3882 5539 convertar,
3910 5488 3949 5557 ct

2388 5562 2626 5616 videbitis
2655 5558 2782 5630 quid
2805 5564 2991 5615 sit.....
3021 5560 3279 5629 iniquum,
3310 5566 3357 5611 et
3385 5558 3629 5611 inter.....
3657 5564 3702 5608 et
3740 5569 3849 5607 eum
3874 5566 3948 5621 qu

2388 5651 2490 5689 non
2512 5634 2665 5689 servit
2693 5634 2759 5687 ei.

2459 5716 2498 5743 π’
2542 5705 2757 5760 Domini
2785 5704 2942 5758 abest
2988 5712 3106 5772 post
3153 5701 3285 5776 dies
3309 5698 3635 5776 ttlroqtte_in
3667 5696 3781 5753 loco
3808 5696 3945 5776 Veri.

2386 5782 2516 5835 Ant.
2561 5779 2651 5833 ubi
2685 5795 2784 5846 pro
2815 5786 2869 5830 ut
2901 5770 3161 5830 sarmenta
3188 5774 3382 5846 legitur
3408 5770 3621 5841 stipula,
3656 5786 3751 5846 pro
3779 5786 3837 5825 ex
3864 5770 3943 5829 eis,

2388 5862 2446 5906 ut
2474 5853 2526 5905 iu
2556 5844 2771 5916 erm,
2802 5851 2856 5902 in
2882 5850 2975 5914 eis,
3015 5858 3068 5903 et
3096 5863 3195 5919 pro
3216 5844 3352 5911 vitis,
3375 5857 3581 5908 ramus;
3604 5850 3660 5899 et
3697 5844 3794 5900 alia
3818 5856 3945 5911 qua:-

2386 5924 2511 5981 dam
2542 5924 2766 5978 miuitua
2799 5921 3031 5977 variant.
