4292 6376
675 347 780 404 879
1763 338 2091 400 LUCIFERI
2130 335 2448 398 EPISCOPI
2485 337 2905 400 CALARITANI
3859 333 3954 391 880

664 458 961 515 cruorem?
989 459 1281 526 Quomodo
1300 454 1557 513 dimisisti
1590 455 1901 512 contractos
1931 456 1985 510 in
2011 455 2279 528 requiem,
2309 455 2364 518 Α
2389 458 2667 528 triarchte,
2701 457 3009 531 prophetae,
3038 455 3269 527 apostoli
3290 468 3355 512 ac
3379 461 3661 526 martyres.
3685 449 3954 520 Quomodo

669 567 791 608 eum
827 551 1135 620 torquendo
1211 550 1361 604 varie
1391 564 1501 605 non
1535 548 1759 603 desinas
1799 562 1990 602 servos
2025 548 2169 602 Dei?
2216 544 2286 600 Et
2389 560 2569 625 potest
2598 560 2652 607 te
2678 549 3245 622 prtecedcrcjnstitia,
3293 564 3415 604 cum
3457 555 3598 603 totus
3627 546 3676 599 in
3708 543 3952 613 injttstitia

668 645 943 716 quomodo
971 647 1227 700 dimisisti
1257 642 1284 682 δ
1312 644 1629 700 confractus
1674 642 1729 697 in
1765 643 2033 712 requiem,
2066 639 2283 709 quando
2388 649 2465 706 sis
2493 646 2863 720 permanens?
2909 660 3036 700 cum
3065 644 3282 700 sentina
3329 643 3405 699 sis
3447 640 3626 698 Ariani
3670 637 3956 709 dogmatis?

667 741 855 794 Videas
881 740 1123 794 carceris
1154 749 1176 778 ο
1213 738 1460 804 metalla,
1519 736 1736 798 exsilia,
1795 738 1882 789 vix
1927 734 2040 804 jam
2086 747 2284 804 capere
2387 756 2511 796 cum
2537 739 2980 794 Christianorum
3002 736 3076 794 sis
3103 735 3255 792 fusor
3276 735 3584 806 sanguinis?
3608 730 3881 801 Quomodo
3907 739 3955 786 te

667 847 828 903 posse
858 831 1288 887 Christianorum
1312 844 1601 884 numerum
1637 843 1733 897 per
1766 836 1816 881 te
1843 826 2234 881 damnatorum
2260 824 2283 878 2
2387 832 2647 903 majestas
2674 831 2766 886 Dei
2795 827 3178 894 circumdabit,
3200 843 3322 882 enm
3342 826 3828 898 expugnansipsant
3852 837 3954 876 ma-

668 925 954 993 Quomodo
985 925 1200 979 etiamsi
1236 923 1464 992 fregeris
1487 921 1860 977 esurientibus
1888 935 2085 992 panem
2108 911 2280 986 ttttim,
2378 924 2758 995 jestntemsis,
2787 938 2947 994 quam
2975 921 3391 989 derelinquens,
3419 914 3954 975 idololatriamAriaui

669 1029 953 1088 acceptum
992 1017 1210 1074 habebit
1237 1017 1519 1079 Dominus,
1556 1031 1680 1070 cum
1713 1029 1908 1068 servos
1948 1016 2089 1068 fame
2121 1026 2284 1067 neces
2387 1017 2658 1088 dogmatis
2685 1016 2964 1086 suscipere
2985 1012 3299 1070 censueris?
3325 1011 3606 1081 Quomodo
3627 1021 3748 1064 tunc
3765 1009 3955 1065 clama-

665 1111 876 1167 dicatos
906 1111 1026 1181 eius
1066 1107 1400 1164 aeternitati?
1426 1107 1714 1174 thmmlo
1748 1107 1792 1160 si
1828 1106 2052 1159 inducas
2081 1120 2284 1176 egenos
2388 1112 2472 1169 bis
2494 1153 2508 1176 ,
2533 1121 2590 1167 et
2622 1113 2764 1167 Deus
2793 1110 3052 1166 exaudiet
3083 1109 3170 1164 tet
3195 1107 3369 1164 adhuc
3398 1107 3633 1179 loquenti
3662 1106 3751 1163 tibi
3779 1107 3912 1162 dicet
3939 1123 3950 1157 :

664 1202 785 1258 sine
818 1213 965 1257 tecto
990 1203 1042 1256 itt
1075 1202 1297 1255 domum
1331 1211 1502 1259 tuam.
1539 1200 1818 1268 respicere
1845 1198 2166 1269 dignabitur
2193 1215 2285 1252 su—
2390 1207 2504 1282 Ego
2531 1206 2760 1262 adsum!
2787 1220 2908 1261 cum
2955 1206 3033 1261 cis
3059 1219 3265 1275 negans
3297 1202 3460 1259 Deum
3498 1201 3736 1261 Patrem.
3764 1213 3956 1268 negans

664 1313 764 1368 per
788 1311 927 1366 opus
960 1307 1107 1348 tuum
1140 1294 1308 1357 Deus,
1345 1310 1473 1348 cum
1527 1293 1709 1347 videat
1758 1308 1955 1348 servos
1981 1307 2096 1347 sum
2127 1291 2286 1347 clari-
2389 1301 2611 1356 unicum
2650 1298 2845 1354 Filium
2891 1297 3034 1366 ejus,
3087 1311 3294 1368 negans
3343 1305 3588 1350 sanctum
3640 1292 3951 1365 paraeletnm

663 1390 793 1444 tatis
826 1389 1062 1458 rejectos
1093 1387 1160 1442 de
1191 1387 1444 1441 domibus
1468 1387 1716 1456 privatis,
1747 1397 2038 1455 prOpterea
2067 1385 2284 1440 exsules
2389 1394 2674 1466 spiritum,
2705 1389 2993 1458 ρυοηιοάο
3031 1400 3124 1445 aut
3151 1388 3410 1444 exaudire
3437 1397 3488 1443 ιε
3517 1387 3728 1457 poterit,
3754 1395 3842 1440 aut
3880 1385 3957 1440 di-

665 1484 859 1544 factos.
892 1482 1038 1555 quod
1071 1481 1345 1536 noluerint
1383 1481 1664 1549 suscipere
1717 1479 2084 1536 idololatriam
2136 1487 2284 1532 tuam
2389 1505 2518 1545 ρει-ε
2547 1488 2642 1543 tibi
2674 1504 2687 1541 ε
2719 1484 2854 1540 Ecce
2882 1484 3112 1540 adsum?
3159 1498 3280 1539 cum
3323 1483 3510 1550 vertis,
3538 1493 3784 1550 quantum
3823 1480 3953 1550 apud

664 1591 763 1648 per
791 1578 978 1631 Arium
1004 1576 1308 1629 institutam
1334 1573 1357 1625 ἲ
1421 1574 1714 1641 Quomodo
1736 1574 1781 1627 si
1814 1573 1988 1626 nudos
2039 1571 2241 1626 texeris
2266 1613 2280 1637 ,
2390 1594 2442 1641 ιο
2465 1592 2568 1649 (εει,
2597 1582 2715 1652 ejus
2730 1581 3052 1652 religionem
3072 1621 3087 1645 ,
3111 1594 3232 1635 cum
3254 1579 3370 1650 ejus
3392 1579 3651 1634 antistites
3673 1577 3953 1633 catholicos

666 1668 996 1738 Ροῑενίδθιεο
1022 1668 1260 1736 Placere.
1295 1682 1421 1722 (ιιιιη
1446 1668 1621 1721 Servis
1647 1669 1816 1735 ἱρείης
1842 1664 2171 1733 lla'rimo'lia
2202 1672 2286 1717 ιιι-
2390 1674 2720 1736 removeris,
2771 1682 2824 1727 et
2874 1671 3164 1727 haereticos
3209 1669 3585 1727 constitueris?
3611 1668 3867 1737 quomodo
3906 1677 3952 1722 te

660 1762 814 1824 leris,
848 1771 902 1815 et
932 1759 1178 1817 dixeris:
1213 1759 1275 1816 Si
1305 1759 1676 1814 damnaueritis
1712 1757 1871 1826 ﬁdem
1912 1756 2281 1827 apostolicam,
2389 1766 2667 1830 exaudiet,
2699 1779 2861 1835 quem
2894 1762 3216 1819 caleandum
3255 1759 3456 1832 punisti
3499 1759 3668 1815 modis
3695 1759 3950 1823 omnibus,

664 1865 820 1923 atque
841 1856 1082 1908 arianant
1123 1853 1456 1920 susceperitis
1478 1893 1494 1915 ,
1536 1861 1723 1904 cuncta
1753 1859 1924 1903 uestra
1966 1850 2229 1918 recipietis
2260 1849 2285 1903 Ρ
2315 1853 2362 1914 Β
2389 1859 2490 1912 nisi
2525 1857 2899 1924 pmnitentiam
2932 1855 3196 1910 malorum
3224 1853 3484 1908 factorum
3513 1853 3705 1921 egeris,
3731 1851 3826 1906 nisi
3848 1851 3955 1904 vias

662 1947 807 2003 Sane
839 1945 864 1983 ἀ
897 1963 1065 2001 unum
1091 1947 1160 2000 de
1189 1945 1274 1999 his
1303 1943 1563 2000 omnibus
1600 1943 1814 1996 Domini
1848 1941 2021 1997 sacris
2063 1940 2282 1994 manda-
2391 1958 2510 2004 tuas
2550 1949 2789 2003 nefarias
2815 1948 3102 2011 deserens,
3127 1954 3328 2002 sanctas,
3356 1946 3598 2002 ecclesia:
3623 1944 3817 2015 justum
3860 1945 3954 1999 iter

658 2041 731 2096 tis
806 2041 1082 2096 inveneris
1135 2050 1158 2078 ε
1211 2040 1469 2111 implere,
1557 2039 1700 2110 quod
1810 2039 1960 2094 enim
2027 2034 2286 2092 domesli-
2386 2040 2917 2112 comprehenderis?
2956 2039 3110 2096 Tunc
3162 2039 3344 2110 utique
3404 2039 3517 2094 haec
3564 2039 3813 2110 promissa
3871 2037 3954 2093 Dei

658 2148 757 2190 cos
801 2133 1026 2190 seminis
1085 2134 1160 2189 ttti
1216 2150 1324 2188 non
1405 2133 1696 2202 despicias.
1769 2130 1887 2185 Non
1939 2129 2179 2197 despicis
2225 2142 2284 2184 rc
2385 2135 2647 2206 consequi
2680 2133 2906 2204 poteris.
2933 2131 3203 2204 Scriptum
3225 2140 3310 2188 est
3333 2133 3475 2188 enim
3508 2141 3716 2203 propter
3737 2147 3848 2195 eos,
3873 2132 3957 2201 qui

658 2241 790 2282 vera
874 2227 1259 2292 couvipcrinos
1337 2235 1458 2279 tuos
1530 2224 1767 2278 Ariattos
1801 2265 1816 2289 .
1898 2233 2056 2278 natos
2132 2221 2284 2278 vide—
2386 2228 2555 2284 corde
2581 2244 2646 2283 es
2679 2236 2794 2284 toto
2831 2241 2956 2283 sese
2975 2225 3042 2282 ad
3067 2227 3235 2283 Deum
3257 2225 3625 2282 converterint
3653 2242 3667 2281 :
3699 2224 3818 2279 Hccc
3842 2225 3960 2278 dicit

658 2320 789 2374 licet
840 2318 911 2374 de
958 2316 1356 2389 impuderato‘
1416 2328 1566 2387 patre
1619 2329 1804 2373 vestro
1858 2317 2114 2382 diabolo;
2205 2316 2286 2371 di-

2264 2347 2286 2357 -
2389 2322 2645 2377 Excelsus
2673 2322 2725 2375 in
2751 2322 2966 2376 excelsis
2987 2320 3228 2375 habitans
3255 2317 3304 2387 κ,
3333 2323 3386 2374 in
3413 2331 3653 2375 oternum
3673 2329 3872 2372 sanctus
3908 2319 3957 2370 in

663 2412 786 2484 Ιῑεῑε
845 2413 1048 2468 (“lues
1083 2423 1106 2460 ⁸
1139 2422 1259 2468 ιυοδ
1287 2412 1410 2478 «ιυῖίι
1444 2411 1544 2466 I105
1591 2413 1784 2466 Videas
1841 2411 1937 2467 ubi
1985 2409 2287 2481 PI'OXimiO-
2386 2417 2804 2483 sanctis,nomeu
2820 2416 2865 2468 ei
2885 2413 3718 2468 DominusAltissintusiusanctis
3747 2412 3959 2481 requies-

658 2521 778 2571 ηε,
851 2511 950 2559 "0“
1012 2521 1166 2560 amns
1232 2506 1501 2576 εῐιιευιπί
1575 2505 1771 2559 “nec”!
1799 2546 1813 2569 ι
1875 2504 1960 2558 Itis
2029 2512 2282 2557 CttllClam
2386 2527 2528 2574 cens,
2558 2521 2605 2564 et
2628 2508 2982 2578 pusillanimis
3013 2508 3143 2561 dans
3172 2505 3187 2544 ι
3220 2507 3408 2562 anima:
3434 2507 3735 2576 equitatem,
3760 2522 3806 2560 et
3834 2507 3959 2562 dans

659 2598 892 2668 gloriam
926 2598 1078 2671 regni
1111 2599 1185 2651 ιιιί
1216 2597 1472 2662 exhibes,
1519 2598 1617 2652 hos
1649 2600 1829 2652 socios
1867 2608 2030 2671 atque
2058 2597 2283 2666 partici-
2383 2603 2666 2658 uindictam
2687 2601 3045 2655 contribulatis
3064 2600 3236 2654 corde.
3279 2597 3400 2653 Non
3438 2600 3489 2654 in
3508 2608 3745 2654 cternum
3776 2601 3961 2652 irascar

658 2707 758 2762 pes
779 2692 847 2746 ad
891 2691 984 2746 Dei
1026 2692 1320 2747 delendam
1357 2692 1738 2746 lia-reditntem
1770 2694 1820 2745 in
1853 2703 1947 2748 tuo
1995 2708 2163 2762 regno
2189 2692 2284 2744 ha-
2385 2695 2549 2759 voltis,
2577 2710 2670 2746 nec
2697 2708 2897 2765 semper
2926 2692 3204 2746 uindictam
3231 2691 3293 2746 de
3319 2691 3458 2746 vobis
3482 2693 3682 2762 exigant
3714 2690 3956 2760 (Ib.t.vn,

659 2783 786 2847 lies;
841 2783 964 2838 illos
1012 2785 1188 2839 fecisti
1250 2784 1579 2855 locupletes,
1637 2784 1762 2838 illos
1818 2784 2063 2838 extulisti
2112 2798 2280 2852 supra
2389 2788 2500 2859 15).
2531 2788 2853 2858 Sedqnilius
2878 2787 2980 2842 hoc
3005 2786 3959 2857 dicit?nempeeis,quiseconverte-

657 2893 852 2932 omnes
878 2878 1211 2933 constitutos
1243 2879 1296 2932 in
1336 2878 1699 2942 sublimitate,
1731 2877 1835 2933 ltoc
1880 2889 1986 2942 est,
2021 2892 2141 2942 cos,
2189 2875 2281 2944 qtti
2387 2882 2612 2950 rintper
2641 2879 3067 2934 satisfactionem
3100 2878 3166 2933 ad
3197 2877 3393 2934 delicta
3427 2893 3520 2932 sua
3551 2877 3960 2934 delenda.Unde

655 2987 716 3028 se
747 2973 948 3027 vestris
999 2973 1231 3026 miscere
1259 2980 1603 3027 censuerunt
1643 2971 1908 3025 tenebris.
1945 2971 2111 3039 Igitur
2151 2984 2278 3024 cum
2384 2981 2460 3036 et,
2492 2972 2614 3027 Non
2648 2975 2749 3026 tale
2782 2974 3048 3045 jejunium
3069 2973 3222 3046 elegi,
3251 2972 3383 3029 dicit
3411 2972 3689 3037 Dominus,
3719 2973 3808 3025 sed
3831 2973 3961 3024 solee

654 3065 732 3120 sis
765 3064 881 3120 litec
909 3079 1099 3134 agens,
1136 3080 1258 3134 qum
1293 3065 1424 3118 odio
1459 3063 1658 3118 habt-at
1687 3064 1851 3126 Dens,
1887 3061 2164 3133 quoinodo
2185 3078 2276 3116 ar-
2384 3082 2586 3120 omnem
2617 3064 2814 3119 nodum
2835 3065 3140 3136 iniquitatis,
3166 3066 3258 3121 sed
3282 3066 3418 3121 solue
3441 3065 3764 3137 obligationes
3779 3066 3963 3118 violen-

655 3160 882 3215 bitraris
916 3169 967 3213 te
993 3160 1169 3213 audiri
1204 3173 1364 3224 νοιδδο
1399 3174 1426 3209 :t
1459 3157 1608 3212 Deo?
1629 3167 1724 3210 aut
1751 3158 1795 3210 si
1822 3155 2015 3211 feceris
2039 3156 2278 3211 eleemo-
2385 3168 2952 3212 torumcontractorum
2972 3174 2990 3222 ;
3014 3160 3210 3214 dimitte
3233 3163 3518 3230 confractos
3539 3160 3588 3212 in
3606 3160 3961 3218 remissionem.

654 3267 872 3322 synant,
893 3251 1167 3320 posselibi
1188 3250 1288 3305 fert
1309 3249 1607 3319 iaccepto‘l
1632 3265 1754 3302 cum
1781 3250 1972 3302 audias
1998 3249 2285 3304 euntdice-
2313 3241 2359 3305 C
2391 3261 2435 3304 et
2486 3267 2686 3304 onmem
2736 3251 3169 3319 conscriptionem
3211 3251 3434 3318 iniquam
3465 3250 3718 3318 disrumpe
3741 3267 3760 3302 ε
3786 3249 3964 3322 {range

657 3363 716 3402 re
751 3365 762 3398 :
799 3345 946 3400 Tunc
970 3349 1167 3399 orietur
1191 3345 1215 3381 ιι
1246 3347 1566 3397 matutinum
1607 3345 1778 3398 lumen
1811 3353 1977 3408 tuum,
2009 3352 2054 3396 et
2085 3344 2282 3397 sanitas
2384 3343 2630 3396 esurienti
2673 3360 2858 3413 panem
2883 3354 3048 3409 tuum,
3095 3352 3144 3397 et
3165 3359 3409 3413 pauperes
3435 3342 3519 3409 qui
3555 3343 3662 3396 sine
3686 3352 3811 3396 tecto
3849 3353 3964 3395 sunt

655 3453 745 3496 tua
766 3443 868 3496 cito
891 3442 1106 3506 orietur,
1135 3450 1181 3492 et
1210 3439 1465 3512 prwcedet
1484 3449 1606 3491 ante
1647 3448 1693 3490 te
1710 3439 1945 3510 justitia,
1978 3449 2024 3489 et
2039 3439 2278 3506 majestas
2384 3433 2544 3488 indue
2574 3435 2624 3487 in
2655 3435 2864 3488 domum
2889 3446 3063 3490 tuam:
3087 3436 3130 3490 si
3161 3437 3347 3490 videris
3371 3435 3582 3500 nudum,
3607 3436 3764 3505 aperi.
3795 3447 3843 3490 et
3868 3437 3961 3489 do-

657 3535 756 3589 Dei
799 3533 1139 3587 circumdabit
1169 3543 1238 3586 te.
1271 3530 1418 3586 Tunc
1469 3531 1748 3594 clamabis,
1792 3540 1838 3584 et
1871 3528 2012 3583 Deus
2040 3528 2281 3584 exaudiet
2385 3527 2622 3581 mesticos
2661 3528 2870 3581 seminis
2897 3529 2973 3580 tui
2999 3544 3100 3580 non
3128 3527 3392 3595 despicies.
3427 3525 3565 3581 Tunc
3590 3528 3775 3581 orietur
3803 3539 3963 3579 matu-

663 3639 729 3680 te.
765 3627 949 3680 Adhuc
981 3623 996 3661 ί
1032 3625 1263 3690 loquenti
1289 3625 1380 3677 tibi
1410 3625 1544 3676 dicet
1579 3640 1594 3677 :
1631 3621 1766 3676 Ecce
1787 3625 1971 3676 adsum
1997 3621 2162 3689 (Ibid.
2196 3621 2275 3693 8).
2385 3619 2550 3672 tinum
2597 3619 2769 3673 lumen
2805 3629 2968 3686 luunt,
2997 3631 3042 3674 et
3068 3621 3257 3674 sanitas
3279 3630 3367 3674 tua
3394 3620 3494 3674 cito
3529 3620 3732 3684 orietur,
3760 3631 3806 3672 et
3830 3636 3962 3689 prir-

655 3718 877 3787 Aliquid
906 3727 957 3772 te
989 3733 1177 3771 eorum
1197 3732 1358 3785 pusse
1390 3718 1658 3784 consequi
1691 3715 2007 3776 arbitraris.
2036 3713 2279 3784 quando-
2384 3713 2527 3766 cedet
2558 3722 2675 3766 ante
2705 3722 2753 3766 te
2773 3713 3004 3786 justitia,
3048 3722 3095 3766 et
3122 3716 3360 3786 majestas
3385 3709 3482 3766 Dei
3525 3711 3850 3766 circumdabit
3892 3720 3959 3765 te.

656 3811 880 3882 quidem
906 3827 1012 3864 non
1043 3821 1227 3865 ortum
1260 3811 1356 3862 tibi
1392 3809 1558 3864 fuerit
1590 3809 1921 3864 matutinum
1951 3809 2156 3871 lumen,
2185 3805 2282 3864 sed
2387 3805 2537 3862 Tunc
2565 3807 2830 3874 clamabis,
2865 3819 2911 3862 et
2941 3806 3085 3862 Deus
3106 3807 3339 3862 exaudiet
3356 3817 3401 3861 te
3433 3817 3520 3860 :et
3551 3805 3716 3859 adhuc
3741 3805 3963 3864 loquenti

659 3903 905 3958 tenebrae
955 3901 1374 3956 incstricabiles
1436 3900 1760 3955 obsederint
1807 3901 2049 3955 animum
2096 3912 2277 3967 tuum,
2387 3901 2478 3954 tibi
2508 3901 2640 3955 dicet
2672 3917 2690 3955 :
2718 3899 2856 3953 Ecce
2883 3898 3347 3973 adsum(lb.t.vnt.
3368 3898 3442 3970 6).
3461 3897 3645 3954 Aderit
3674 3896 3762 3952 tibi
3800 3896 3958 3956 Deus.

659 4006 828 4067 atque
854 3999 1197 4065 pertexerint
1241 4010 1498 4052 errorum
1545 3996 1812 4067 caligines
1841 3994 2043 4066 iiquae
2068 3995 2284 4050 sanitas
2389 3993 2436 4048 si
2467 3994 2640 4064 primo
2667 3995 2863 4049 credas
2889 3994 2940 4049 in
2963 4009 3108 4057 eum,
3126 3994 3172 4050 si
3195 3992 3389 4049 deinde
3416 3990 3480 4047 ad
3500 3989 3612 4046 haec
3635 3989 3859 4044 verteris
3884 3999 3960 4044 te-

653 4089 753 4143 tibi
781 4091 979 4144 oborta
1008 4100 1115 4154 est,
1143 4105 1267 4144 cum
1295 4090 1372 4143 sis
1404 4089 1617 4159 positus
1641 4089 1860 4144 inomni
1891 4088 2120 4143 vulnere
2138 4103 2286 4142 ntor-
2390 4096 2664 4158 met,qua:
2686 4085 2848 4142 etiam
2876 4085 3011 4142 infra
3035 4086 3168 4142 dicit
3195 4083 3489 4156 implenda:
3512 4083 3571 4140 Si
3590 4087 3844 4155 auferas"
3866 4099 3894 4134 a
3917 4094 3960 4137 te

658 4183 752 4249 tis,
787 4197 912 4235 cum
943 4181 1192 4251 quotidie
1231 4191 1523 4252 augmenta
1554 4181 1740 4250 parias
1781 4179 2108 4234 vulneribus
2151 4178 2282 4246 tuis,
2385 4179 2647 4234 vinculum
2678 4180 2963 4248 iniquitatis
2985 4190 3032 4234 et
3055 4179 3399 4249 obligationis,
3427 4187 3472 4231 et
3499 4177 3692 4232 verbum
3735 4193 3958 4230 murmu-

660 4290 784 4330 cum
817 4275 959 4330 dans
985 4290 1208 4341 Operam
1239 4277 1335 4339 sis,
1363 4289 1474 4342 quo
1516 4275 1694 4344 possis
1742 4275 1958 4342 penitus
1987 4282 2156 4330 temet
2182 4288 2280 4328 ex-
2387 4275 2633 4340 rationis,
2657 4283 2704 4328 et
2731 4272 2936 4327 dederis
2961 4272 3208 4327 esurienti
3249 4286 3430 4342 panem
3461 4280 3598 4324 tuum
3621 4285 3682 4324 ea:
3705 4270 3890 4332 animo,
3914 4277 3957 4322 et

661 4369 950 4436 stinguere
965 4367 988 4419 ἴ)
1015 4366 1179 4423 Nobis
1202 4366 1406 4422 ctenim
1433 4382 1540 4422 non
1561 4367 1779 4422 aliunde
1801 4377 1885 4422 est
1910 4369 2144 4432 sanitas,
2176 4368 2282 4424 nisi
2389 4367 2619 4423 animam
2649 4365 2971 4419 lmmitiatam
2993 4363 3277 4419 satiaberis.
3312 4361 3452 4418 Tum:
3469 4363 3655 4417 orietur
3677 4362 3728 4414 in
3749 4361 3956 4415 tenebris

664 4463 845 4530 primo
879 4461 931 4513 in
965 4464 1087 4514 loco
1109 4462 1234 4531 quia
1263 4461 1683 4527 crediderimus,
1721 4469 1782 4514 ut
1806 4461 2163 4516 crediderunt
2190 4475 2284 4531 pa-
2388 4463 2558 4516 lumen
2591 4458 2704 4525 tibi,
2722 4469 2768 4513 et
2786 4458 3006 4514 tenebrae
3026 4457 3117 4512 tibi
3141 4466 3194 4511 ut
3216 4457 3448 4511 meridies
3467 4464 3702 4511 erunt:et
3723 4455 3810 4508 erit
3825 4452 3956 4508 Deus

743 4604 765 4630 ⁸
807 4594 1144 4650 Gerundium
1210 4595 1497 4664 torquendo
1564 4611 1664 4664 pro
1711 4594 1986 4650 infinitivo
2042 4605 2282 4665 torquere
2310 4600 2576 4662 Dc0ntra
2607 4594 2893 4652 Constant.
2938 4595 3082 4652 idem
3135 4597 3284 4651 hisce
3312 4593 3488 4651 verbis
3531 4593 3831 4659 Imperatori
3867 4609 3953 4648 ex-

671 4677 915 4742 ttsururit.
944 4676 1003 4742 ut
1026 4681 1188 4742 supra
1216 4667 1433 4742 [et-endo
1463 4671 1740 4742 proferre.
1777 4667 1883 4722 Til.
1910 4675 1967 4722 et
1998 4667 2048 4722 la
2081 4668 2278 4724 Cerda.
2391 4669 2689 4742 probrans:
2724 4669 3076 4742 Episcopatus
3122 4669 3224 4722 tuis
3253 4667 3440 4742 donas;
3465 4680 3495 4720 e
3515 4665 3700 4742 quibus
3721 4667 3953 4742 quinqua-

741 4737 769 4775 ι)
807 4735 1073 4814 Demisisti
1104 4737 1421 4814 contractos.
1464 4735 1632 4814 \'_ati'c.
1691 4809 1754 4814 ___
1781 4811 1792 4814 _
2023 4811 2032 4814 Α
2227 4811 2241 4814 Α
2386 4735 2527 4814 ginta
2551 4735 3052 4814 sediguntlt‘pisc'opos
3073 4739 3448 4814 cuntsatellitio
3472 4738 3676 4814 militari
3693 4739 3758 4814 ud
3774 4739 3949 4814 insitos

741 4819 762 4847 ε
809 4807 1070 4882 Cerneres,
1097 4811 1327 4882 metalla,
1353 4819 1460 4865 etc.
1491 4809 1669 4865 Latin.
1691 4809 1851 4877 Vide,
1876 4825 1998 4882 qum
2022 4811 2074 4866 in
2102 4811 2196 4869 lib.
2219 4811 2276 4868 2.
2386 4807 2609 4882 populos
2638 4807 3132 4881 {uissc'subniissog
3163 4819 3392 4866 testatur
3415 4808 3666 4865 Athanas.
3698 4809 3748 4862 itt
3787 4809 3943 4877 epist.

674 4881 985 4937 notabimus
1015 4885 1114 4934 ttae
1135 4880 1203 4936 de
1231 4895 1311 4936 re.

743 4949 770 4990 ἀ
812 4952 981 5006 Anne.
1007 4949 1086 5004 Id.

747 5035 770 5061 ο
813 5021 1095 5076 Ineeniris.
1127 5022 1207 5077 Id.
1233 5033 1286 5078 et
1312 5025 1630 5082 Galandins.

744 5095 762 5134 ί
809 5095 915 5150 Pro
946 5096 1271 5163 impudente.
1297 5099 1471 5165 qualis
1499 5110 1581 5152 est
1615 5097 1873 5154 Diabolus
1896 5099 2140 5154 omnium
2165 5098 2276 5154 ita:-

670 5169 966 5222 reticornm
997 5177 1170 5236 pater.
1207 5166 1310 5221 Tit.
1338 5180 1390 5222 et
1438 5170 1486 5223 la
1536 5171 1734 5225 Certla.
1774 5169 2090 5236 Ini-iperato.
2138 5172 2278 5227 Pon-

669 5240 786 5294 cius
822 5240 961 5305 apud
1015 5238 1193 5293 Latin.
1230 5239 1619 5311 Lugdunenses
1651 5242 1787 5296 Bibl.
1854 5242 1956 5297 PP.
2010 5244 2275 5306 editores,

673 5322 832 5380 prout
863 5313 1255 5384 interpretatus
1279 5313 1448 5366 fuerat
1474 5313 1668 5374 Tilitts.
1690 5313 1916 5369 edidere
1937 5315 2276 5384 impudente:

673 5383 814 5450 quod
849 5397 955 5433 non
983 5381 1323 5450 probandum
1353 5385 1584 5439 videtur.
1621 5385 1832 5441 Pass'm
1865 5381 2021 5440 enini
2046 5388 2272 5441 insolen-

675 5455 818 5526 tibus
862 5456 1087 5526 vocibus
1139 5453 1308 5506 ntitnr
1346 5453 1584 5526 Ltu-ifer.
1641 5457 1772 5513 Vide
1799 5461 1875 5513 sis
1911 5457 2176 5526 Cangium
2226 5459 2280 5514 in

672 5523 852 5578 GIOss.
893 5523 953 5577 V.
999 5525 1374 5591 impuderatus.
1403 5525 1634 5581 Galanti.

749 5606 773 5644 ε
817 5597 1072 5650 Memorat
1109 5597 1343 5661 Lucifer,
1375 5613 1578 5664 qttztntti
1611 5598 1814 5666 favore,
1850 5612 1904 5654 et
1931 5610 2130 5670 quanta
2163 5601 2281 5669 pol-

674 5665 849 5742 ift‘ent
880 5670 1203 5742 auctoritate
1238 5670 1445 5734 Ariani,
1479 5675 1779 5739 praisertitn
1805 5665 1808 5666 ν
1833 5665 2111 5742 Episcopi,
2138 5665 2278 5740 apud

671 5735 1080 5802 Constantiuttt;
1107 5742 1198 5810 qui
1225 5755 1323 5793 suo
1352 5735 1543 5796 cuncta
1571 5745 1833 5799 arbitratu
1865 5735 2149 5809 gerebant,
2173 5735 2277 5799 Ca-

670 5811 999 5866 tholicorutn
1036 5813 1192 5866 bonis
1244 5811 1422 5873 dilati.
1465 5824 1519 5867 et
1573 5816 1962 5870 illustriorihus
2015 5815 2275 5871 Et-elesiis

670 5883 826 5949 potiti
854 5901 865 5935 :
891 5893 945 5939 et
980 5881 1086 5939 huc
1134 5883 1361 5954 reapicit
1392 5883 1626 5942 fortasse
1668 5887 1908 5944 Hilarius
1953 5885 2006 5942 itt
2046 5887 2142 5944 lib.
2176 5903 2271 5945 un.

2383 4886 2668 5011 “filiis.
2700 4956 2830 5010 Ant.
2868 4952 3212 5021 Erumpct....
3246 4963 3291 5009 et
3317 4953 3557 5010 sanitates
3593 4963 3753 5006 tute...
3783 4951 3947 5004 orien-

2382 5038 2488 5090 tur,
2515 5040 2562 5083 et
2593 5026 2793 5094 pratibit
2816 5026 2869 5079 in
2896 5035 3171 5091 conspectu
3195 5036 3280 5080 tuo
3307 5026 3504 5093 iustitia
3527 5035 3633 5090 tua,
3659 5031 3703 5076 et
3727 5021 3946 5093 gloria...

2381 5100 2564 5155 Adhuc
2595 5101 2830 5164 loquente
2859 5104 3050 5162 te,etc.

2461 5172 2475 5210 ί
2515 5171 2583 5225 Et
2605 5162 2777 5224 adhuc
2805 5168 2966 5224 habet
2998 5171 3156 5239 paulo
3187 5168 3321 5224 intra
3352 5167 3492 5226 idem
3527 5162 3753 5239 Lucifer.

2459 5242 2472 5293 i
2514 5241 2753 5312 Catigtne
2783 5239 2962 5296 Latin.
2997 5235 3095 5298 sed
3140 5241 3210 5298 ab
3256 5241 3405 5299 edito
3451 5254 3556 5294 non
3600 5235 3945 5293 discesserim.

2383 5314 2618 5370 Gatand.
2653 5323 2824 5368 recte.

2458 5385 2485 5424 ιι
2523 5384 2677 5438 Vers.
2707 5384 2835 5438 Ant.
2863 5395 2914 5438 et
2937 5385 3066 5441 Sah.
3087 5386 3166 5441 sic
3189 5386 3607 5454 interpungunt:
3640 5378 3706 5435 Et
3728 5382 3776 5436 in
3795 5380 3950 5436 excel-

2388 5460 2458 5512 sis
2487 5457 2723 5510 habitans
2753 5457 2807 5509 in
2860 5470 3138 5521 internum;
3183 5457 3410 5512 Sanctus
3453 5457 3506 5510 in
3553 5454 3735 5509 sanctis
3779 5469 3948 5507 nomen

2389 5531 2504 5594 illi;
2541 5527 2776 5581 excelsus
2803 5529 2853 5582 in
2886 5531 3096 5590 sartctis,
3128 5539 3236 5584 etc.

2467 5597 2483 5638 ι
2520 5598 2683 5654 Vers.
2710 5605 2836 5655 Ant.
2865 5599 3008 5656 Duns
3035 5600 3353 5670 patientiam,
3381 5607 3425 5653 et
3451 5599 3600 5653 vitam
3625 5596 3792 5668 ltisqni
3810 5594 3946 5650 corde

2385 5671 2597 5726 contriti
2627 5684 2838 5728 sunt....
2874 5673 3109 5728 Ulciscar
3144 5672 3197 5724 in
3219 5687 3328 5734 vos,
3361 5687 3514 5742 neque
3555 5687 3744 5743 seraper
3771 5670 3945 5724 irascar

2384 5745 2550 5799 vobis.
2583 5743 2771 5799 Sahat.
2815 5745 2940 5812 legit
2971 5743 3421 5812 antnuequitatem.

2457 5824 2497 5898 ξιξ
2532 5814 2686 5870 Vers.
2714 5820 2842 5873 Ant.
2867 5809 2932 5874 Si
2955 5809 3321 5872 abstulerim...
3345 5815 3734 5888 colligationem,
3753 5823 3796 5869 et
3818 5809 3942 5866 ordi-

2383 5896 2666 5944 nationem.
