4292 6382
180 434 282 492 881

1255 439 1390 496 PRO
1428 437 1700 496 SANCTO
1738 436 2134 494 ATHANASIO
2173 436 2302 494 LIB.
2344 439 2406 492 ll.

3383 439 3492 496 882

179 562 303 606 tuus
335 560 500 604 tecum
530 567 748 620 semper,
775 561 821 604 et
849 554 1122 620 repleberis
1146 555 1276 607 sicut
1310 555 1568 609 desiderat
1604 557 1778 608 anima
1806 559 1858 618 Α
1882 555 2094 611 scribas
2121 564 2301 611 certos
2329 556 2470 623 quod
2500 565 2591 611 aut
2629 557 2992 612 Athanasium
3033 560 3334 615 antistitem
3386 558 3486 614 Dei

179 655 297 705 tua,
322 653 369 698 et
400 645 574 698 omnia
604 660 720 697 ossa
751 653 840 698 tua
870 646 1215 715 pinquescent.
1249 656 1298 700 et
1320 659 1469 701 erunt
1501 649 1628 701 sicut
1657 648 1778 700 hor-

176 745 263 788 tus
285 735 541 796 ebrius,et
570 739 703 790 sicut
721 740 836 806 fons
858 739 941 789 cui
972 754 1070 790 non
1104 737 1290 806 defecit
1321 747 1493 805 llaqua
1512 737 1674 808 (Ibid.
1701 739 1782 810 9).

176 827 342 892 Hu-c.
374 839 431 884 ut
477 831 589 898 jam
618 831 822 886 dictum
855 841 970 894 est,
1003 835 1262 902 consequi
1298 834 1526 902 poteris,
1557 835 1600 886 si
1636 843 1686 886 te
1714 833 1780 886 ad

172 925 471 979 ecclesiam
495 925 764 992 conferas,
800 927 846 981 si
873 925 1162 980 cnariunus
1188 941 1310 980 tuos
1339 928 1508 990 vites,
1559 928 1602 979 si
1637 927 1779 981 illaut

171 1017 544 1086 malignorum
571 1017 1046 1088 congregationem
1073 1028 1310 1072 vestrum
1339 1018 1492 1073 odire
1517 1018 1778 1088 digneris.

167 1109 336 1164 Tunc
364 1111 468 1164 erit
502 1111 642 1165 Deus
672 1122 848 1166 tecum
874 1126 1113 1180 semper,
1147 1121 1273 1166 tunc
1299 1113 1348 1164 ιιι
1375 1113 1612 1165 tenebris
1641 1113 1781 1167 orie-

170 1208 263 1254 tur
298 1201 480 1255 lumen
507 1203 638 1267 tibi,
675 1213 802 1257 tunc
831 1204 1070 1258 tenellrm
1102 1206 1195 1257 tibi
1227 1212 1283 1256 ut
1313 1205 1573 1258 meridies
1598 1214 1776 1270 erunt,

169 1304 306 1348 tunc
327 1295 378 1347 in
411 1293 566 1349 bonis
589 1294 857 1365 dirigetur
893 1297 995 1349 iter
1026 1307 1200 1349 tuum.
1234 1296 1506 1351 Ca‘terum
1529 1296 1571 1350 si
1601 1296 1652 1350 iu
1679 1296 1778 1351 hac

166 1386 480 1455 pervicacia
510 1390 795 1455 manseris,
833 1389 876 1441 si
905 1389 956 1442 in
992 1387 1091 1442 hac
1125 1389 1470 1449 crudelitate.
1505 1397 1562 1443 ut
1590 1404 1775 1444 servos

163 1478 293 1545 ejus
340 1480 584 1546 crucies,
628 1495 733 1535 nan
770 1492 946 1535 tecum
986 1481 1130 1536 Deus
1157 1483 1294 1546 erit,
1325 1482 1418 1537 sed
1451 1483 1574 1546 ille,
1605 1486 1694 1551 qui
1724 1494 1779 1538 et

164 1571 342 1625 hodie
369 1587 490 1628 esse
526 1576 578 1628 in
609 1584 793 1630 vestro
819 1587 964 1629 ctrtu
1001 1579 1326 1630 Arianorum
1364 1579 1656 1642 invenitur,
1679 1577 1778 1634 hoc

159 1673 253 1717 est
281 1663 556 1720 diabolus.
586 1664 691 1721 Ista
741 1667 944 1722 etenim
989 1683 1110 1737 qua:
1152 1683 1313 1737 agere
1344 1669 1611 1738 dignaris,
1667 1685 1774 1724 non

159 1767 295 1814 sunt
321 1758 452 1828 Dei,
481 1760 577 1817 sed
604 1761 832 1818 diaboli.
869 1761 926 1818 Si
957 1777 1122 1832 opera
1149 1773 1274 1818 sunt
1303 1765 1391 1818 illa
1423 1763 1542 1829 Dei,
1567 1774 1626 1819 ut
1652 1781 1776 1835 pro-

1887 664 1996 702 non
2021 648 2396 703 damnaverint
2422 649 2795 716 innocentem,
2821 659 2918 704 aut
2940 651 3082 718 quod
3111 667 3216 706 non
3244 651 3491 708 coluere-

1887 742 1994 795 tico
2048 750 2140 795 tuo
2173 741 2410 810 Georgio
2438 740 2465 778 δ
2507 744 3060 806 communicaverint,
3113 754 3203 799 aut
3243 745 3387 815 quod
3429 760 3491 801 se

1889 833 2069 887 dicant
2091 833 2453 898 Christianos,
2486 835 2627 904 quod
2659 836 2835 890 nolint
2855 837 2993 891 eflici
3023 847 3358 904 coapastatae
3388 839 3489 904 tui,

1886 938 2111 994 possunt
2143 941 2275 980 sane
2315 927 2588 980 :estimare
2618 938 2662 993 ο,
2692 929 2738 982 si
2769 929 2856 981 illa
2889 943 3052 999 opera
3087 928 3202 984 Deo
3235 934 3346 984 sint
3375 930 3490 998 pla-

1884 1021 2021 1083 cita;
2057 1023 2182 1074 item
2211 1020 2256 1074 si
2281 1021 2633 1092 eleemusyna
2656 1034 2739 1077 est
2764 1024 2887 1084 iam,
2910 1039 3070 1093 quam
3094 1023 3201 1080 detl
3229 1025 3489 1096 Iucrymis

1882 1113 1981 1167 das
2004 1114 2215 1178 alienis,
2241 1115 2309 1168 de
2328 1129 2520 1169 eorum
2558 1115 2734 1178 bonis,
2760 1120 2848 1185 qui
2886 1115 3186 1186 deportari,
3224 1119 3485 1185 interﬁci,

1884 1210 2258 1278 proscrihique
2294 1209 2588 1264 maluerint
2621 1225 2648 1261 a
2682 1219 2764 1274 te,
2813 1227 2974 1278 quam
3016 1224 3106 1266 aut
3140 1212 3488 1269 innocentem

1880 1303 2166 1368 damnare,
2193 1312 2286 1358 aut
2333 1319 2534 1373 negare
2565 1305 2784 1360 unicum
2834 1306 2930 1360 Dei
2975 1306 3197 1373 Filium,
3233 1309 3284 1362 itt
3324 1322 3490 1378 quem

1878 1396 2166 1452 credentes
2194 1396 2436 1450 sciebant
2471 1396 2812 1463 gloriﬁcatas
2862 1397 3170 1465 Abraham,
3204 1398 3353 1454 Isaac
3376 1441 3390 1464 ,
3434 1408 3492 1456 et

1879 1490 2068 1554 Iacob,
2099 1498 2151 1545 et
2179 1504 2376 1544 omnes
2417 1490 2738 1557 prophetas,
2775 1494 3056 1560 apostolos
3086 1506 3148 1548 ac
3180 1501 3483 1563 martyres,

1878 1599 2110 1652 quorum
2147 1593 2198 1636 te
2227 1582 2344 1637 lieri
2377 1584 2611 1645 socium,
2660 1591 2820 1654 atque
2867 1585 3120 1640 omnibus
3161 1586 3488 1655 participem

1879 1692 1965 1730 me.
1990 1692 2212 1743 cupere,
2239 1692 2356 1730 mea
2375 1677 2518 1730 circa
2554 1688 2606 1732 te
2635 1677 2752 1731 Ita-c
2776 1693 2897 1734 esse
2927 1687 3077 1748 vota,
3110 1680 3203 1736 ille
3227 1690 3310 1736 est
3328 1679 3485 1736 testis

1879 1769 1968 1840 qui
1995 1770 2149 1825 nobis
2178 1770 2424 1826 tribuere
2459 1771 2562 1826 hoc
2591 1780 2782 1842 potens
2806 1782 2911 1826 est.

234 1925 266 1998 ξ
298 1915 378 1998 ξῖι
405 1915 601 1998 βιιξεεοο
649 1919 886 1998 Εἴλωτας
922 1917 1079 1998 Ϋοτξο
1133 1921 1259 1998 ᾼιιι.
1317 1920 1536 1982 deﬁciet.
1579 1919 1768 1998 Salia}.
1807 1927 1851 1986 Β
1881 1925 2150 1990 detracta,
2191 1925 2275 1981 vel
2319 1927 2460 1998 bona
2495 1927 2929 1996 Episcoporum.
2974 1945 3110 1998 quos
3142 1931 3194 1985 in
3228 1931 3482 1988 exsilium

155 1988 515 2111 diﬁc-ilium
562 1989 809 2059 qtnednn
863 1989 999 2045 levia
1047 1990 1098 2044 in
1148 1990 1252 2045 hoc
1305 2002 1452 2046 testu
1479 1993 1689 2045 variant
1718 1993 1767 2046 in

207 2075 325 2111 ere.
412 2070 489 2111 ttl.

207 2061 558 2200 ebr‘degi'g'ius
583 2131 886 2202 Cappadox
917 2132 1351 2186 Alexandrinam
1389 2133 1576 2188 sedem
1608 2149 1770 2189 occu-

152 2203 311 2325 pajit
345 2201 538 2325 adtan.
571 2201 742 2275 usque
763 2205 891 2270 36I,
930 2220 1038 2274 quo
1066 2219 1096 2257 a
1126 2206 1339 2259 furente
1370 2204 1571 2275 p0pulo
1599 2205 1766 2260 inter-

174 2288 241 2325 ec
275 2287 415 2325 u-es
452 2313 458 2319 .

174 2280 334 2327 'ectu-
354 2280 458 2326 est.

231 2353 256 2381 ε
285 2341 586 2397 Α’Ῑιιὸηιιινὶ.
623 2344 804 2399 Latin.
839 2355 893 2399 et
921 2345 1151 2399 Caland.

226 2410 252 2450 ⁴¹
283 2413 637 2470 ϐιητίιιΙιειιιιι-
668 2420 902 2471 maxime
933 2416 1284 2472 Constantius
1329 2418 1382 2472 in
1431 2417 1764 2471 ecclesiasti-

148 2486 231 2539 cis
283 2488 615 2559 sumptibus,
649 2498 704 2543 et
753 2489 839 2558 pia
869 2491 1098 2555 quadam
1131 2491 1179 2541 in
1216 2504 1485 2559 pauperes
1519 2489 1763 2543 lilicruli-

149 2567 294 2627 tate;
329 2557 425 2610 sed
446 2557 765 2614 Ineceidem
781 2559 1072 2627 exprobrat
1109 2557 1320 2614 Lucitur
1345 2570 1458 2613 tum
1491 2563 1610 2622 hic,
1644 2568 1757 2614 tum

147 2626 278 2682 aliis
309 2627 365 2682 in
413 2629 570 2695 locis,
614 2632 818 2700 quippe
850 2626 937 2685 rel
974 2631 1149 2700 spolia
1174 2647 1204 2686 e
1227 2632 1513 2690 catholicis
1538 2633 1762 2703 templis

1874 1999 2136 2064 ejeecrat.
2166 2007 2218 2049 et
2249 1997 2671 2062 catholicorum,
2707 2001 2903 2065 quibus
2934 2012 3024 2054 aut
3051 2001 3217 2056 \itam
3251 2002 3482 2067 auferri,

1871 2080 1964 2124 aut
2010 2067 2295 2122 facultates
2329 2069 2592 2132 publicari
2619 2070 2854 2133 jnsseral
2879 2112 2894 2134 ,
2930 2073 2981 2123 in
3005 2072 3144 2125 alios
3179 2079 3482 2134 prmSPrtim

1869 2158 1982 2196 διιο-
2014 2144 2184 2207 partis-
2219 2139 2468 2192 homines
2518 2141 2650 2205 largi
2686 2144 2822 2192 sinu-
2847 2157 2922 2195 ert
2945 2144 3125 2211 gahat.
3164 2143 3302 2196 llinc
3331 2145 3479 2196 llila-

1869 2215 1989 2268 rius
2019 2213 2070 2263 in
2099 2211 2192 2264 lib.
2226 2214 2369 2282 ιιιιίο.
2396 2225 2585 2264 comra
2617 2212 3030 2266 Constantium:
3067 2215 3208 2267 Auro
3227 2216 3478 2282 reipubli—

1869 2301 1944 2336 ιιι»
1970 2293 2204 2333 sanctum
2233 2280 2324 2334 Dei
2358 2297 2564 2336 oneras.
2601 2296 2645 2333 et
2673 2286 2751 2335 rel
2772 2285 3005 2337 detracta
3025 2287 3248 2348 templis,
3275 2280 3353 2339 uel
3386 2303 3479 2350 pu-

1861 2353 2278 2426 blicataedfrtis,
2303 2352 2380 2403 υνι
2411 2365 2589 2426 exacta
2618 2356 2782 2426 poenis
2810 2353 2923 2426 Deo
2955 2356 3176 2426 ingeris;
3210 2367 3273 2426 et
3295 2357 3426 2412 ilnd.
3459 2376 3474 2412 ε

1874 2423 2122 2479 Ecclesia:
2152 2433 2283 2474 tecta
2311 2425 2484 2483 struit,
2509 2438 2562 2476 ut
2597 2423 2749 2489 ﬁdem
2783 2423 3054 2490 destruat;
3085 2428 3230 2477 unde
3263 2425 3480 2483 Lucifer

1873 2496 1987 2564 ipse
2013 2493 2270 2566 superius
2303 2511 2314 2544 ε
2352 2491 2420 2545 Es
2443 2497 2719 2548 memorias
2747 2507 3035 2566 martyrum
3057 2497 3390 2562 instaurans,
3433 2507 3480 2552 et

1867 2563 2129 2621 servorum
2155 2563 2257 2618 Dei
2284 2581 2518 2619 cruorem
2548 2566 2742 2632 fundis.

162 2781 3421 2814 ————_____—.________________________

1037 2963 1279 3047 PRO
1354 2963 1810 3050 SANCTO
1885 2965 2559 3053 ATHANASIO

1454 3125 1690 3187 LIBER
1732 3127 2156 3190 SECUNDUS.

213 3409 399 3467 Audes
421 3411 488 3467 ad
517 3410 631 3468 Deo
657 3411 864 3469 dicatos
890 3413 1133 3479 tendere,
1166 3413 1484 3479 Constanti,
1530 3428 1744 3479 manus,
1776 3416 1822 3479 C
1854 3417 1986 3486 ejus,
2004 3424 2050 3469 et
2073 3415 2412 3486 proselytum,
2444 3425 2494 3470 et
2514 3433 2813 3488 pauperem,
2842 3427 2890 3473 et
2912 3419 3118 3473 viduam
3150 3437 3254 3476 non
3279 3432 3464 3489 poten-

134 3505 204 3560 ad
245 3519 345 3561 eos
373 3505 678 3569 vexandos,
729 3523 960 3578 quorum
994 3507 1310 3562 felicitatem
1341 3507 1579 3562 declarat
1621 3524 1751 3573 apo-

134 3599 318 3656 stolus
369 3599 605 3655 dicens:
643 3601 848 3658 Scimus
897 3613 1068 3656 autent
1122 3603 1367 3670 quoniam
1416 3601 1749 3673 diligentibus

136 3692 472 3748 Dominum"
503 3697 676 3750 omnia
699 3697 984 3765 procedunt
1013 3698 1066 3748 in
1095 3696 1312 3760 bonum,
1347 3697 1427 3749 his
1455 3699 1541 3760 qui
1569 3712 1748 3748 secun—

133 3790 261 3842 dum
280 3789 608 3860 propositum
633 3791 798 3843 vocati
823 3799 959 3853 sunt,
1005 3807 1131 3857 quos
1171 3790 1394 3859 pra'scii'
1416 3799 1462 3840 et
1484 3789 1750 3853 prwdesti-

133 3881 277 3933 navit
323 3883 612 3950 conformea
665 3880 781 3949 ﬁeri
822 3881 1036 3952 imagini
1087 3879 1212 3933 Filii
1255 3884 1365 3952 ejus
1420 3877 1596 3950 (Rom.
1632 3894 1745 3944 vnt,

131 3971 253 4042 28).
291 3971 603 4027 Procedunt
624 3971 844 4042 quidem
866 3973 1020 4027 nobis
1046 3974 1100 4026 in
1128 3974 1327 4026 bonum
1355 3981 1460 4026 tua:
1491 3985 1748 4040 persecu-

127 4065 333 4119 tiones.
368 4064 476 4120 Sed
506 4065 738 4119 adverte
767 4079 864 4135 per
893 4063 1190 4119 Jeremiatn
1223 4080 1345 4134 qum
1377 4063 1528 4116 vobis
1561 4077 1746 4129 perse-

125 4157 416 4212 cutoribus
475 4158 754 4225 promittat
803 4157 945 4211 Deus
978 4156 1166 4208 dicens
1223 4170 1232 4202 :
1294 4155 1521 4208 Sanctus
1574 4151 1747 4205 Israel

127 4247 380 4315 Domino,
410 4249 616 4302 initium
647 4249 1032 4317 generationum
1065 4251 1176 4319 ejus
1203 4263 1221 4300 :
1253 4263 1427 4298 omnes
1472 4246 1553 4314 qui
1585 4245 1742 4297 edunt

123 4357 264 4402 cum.
298 4339 632 4408 panitebunt.
664 4337 717 4392 Μ
726 4343 811 4393 ala
827 4339 1071 4392 inducam
1091 4355 1245 4409 super
1265 4355 1375 4402 eos,
1403 4338 1527 4390 dicit
1561 4335 1743 4389 Domi-

124 4451 222 4487 nus
247 4431 388 4498 (Jer.
423 4447 481 4496 tt.
515 4433 595 4492 ὅ).
627 4432 858 4487 Venient
899 4447 1061 4501 super
1091 4442 1142 4485 te
1184 4433 1321 4485 mala
1351 4447 1470 4500 qua:
1495 4431 1587 4486 tibi
1616 4446 1742 4500 prn-

123 4528 292 4581 mittit
331 4524 497 4591 Detts,
523 4523 833 4591 Constanti,
864 4525 964 4580 nisi
1018 4535 1182 4581 temet
1222 4527 1550 4590 correxeris,
1602 4525 1742 4581 sicut

121 4627 408 4674 venerunt
437 4618 788 4684 superillum
840 4618 1098 4688 populum
1146 4619 1420 4672 carnalem
1461 4618 1736 4672 comlilas-

122 4710 388 4779 phetuum
411 4719 585 4771 tuum,
611 4709 678 4764 ad
703 4726 864 4780 quem
889 4709 1090 4764 dicitur
1117 4727 1127 4762 :
1163 4707 1240 4762 Tu
1263 4708 1581 4778 malignatus
1600 4725 1652 4762 es
1682 4718 1739 4761 ut

1855 3509 2025 3561 (abitis
2043 3521 2062 3547 ε
2076 3551 2089 3573 ,
2108 3510 2410 3579 sanguinem
2429 3513 2714 3564 innocentis
2729 3528 2829 3565 non
2845 3513 3196 3577 elfuderitisin
3218 3515 3313 3569 hoc
3326 3517 3460 3581 loco,

1850 3611 1899 3655 et
1921 3603 2241 3668 postalienos
2262 3601 2396 3655 Deos
2431 3619 2531 3655 non
2554 3603 2761 3657 abibitis
2789 3602 2898 3676 (Ib.
2920 3621 3013 3669 vn,
3029 3606 3106 3677 5).
3131 3606 3462 3667 Emendabis

1849 3693 1962 3747 vias
1996 3704 2134 3756 tuas,
2166 3694 2208 3746 si
2255 3694 2367 3761 jam
2408 3695 2625 3748 desinas
2665 3701 2920 3766 persequi
2958 3696 3047 3752 Dei
3080 3712 3292 3767 servos,
3325 3702 3371 3755 si
3407 3711 3462 3756 te

1849 3783 2220 3839 Christianum
2255 3786 2422 3839 tueris
2441 3789 2746 3850 confessus,
2773 3796 2829 3842 et
2858 3803 2980 3844 esse
3010 3789 3271 3844 Arianum
3300 3807 3466 3862 nega-

1855 3877 2015 3937 veris,
2047 3877 2090 3930 si
2120 3875 2313 3929 Filium
2347 3876 2466 3938 Dei,
2501 3893 2690 3931 verum
2713 3877 2807 3933 Dei
2840 3879 3034 3934 Filium
3062 3882 3384 3950 credideris,
3415 3883 3464 3939 si

1848 3968 2137 4023 anathema
2191 3968 2386 4024 feceris
2417 3969 2666 4026 dicentes
2697 3988 2710 4025 :
2747 3970 2877 4026 Erat
2906 3969 2933 4009 ἀ
2954 3974 3163 4041 quando
3187 3991 3287 4029 non
3324 3987 3457 4044 erat,

1850 4071 1904 4115 et
1937 4065 2104 4129 factus
2145 4072 2218 4115 est
2250 4077 2315 4115 es:
2362 4062 2527 4115 nihilo
2561 4079 2574 4115 :
2609 4063 2843 4116 mutahis
2890 4064 3004 4117 vias
3041 4075 3178 4129 tuas,
3207 4067 3254 4119 si
3291 4067 3464 4134 paeni-

1850 4153 2016 4206 lueris
2044 4167 2144 4220 pro
2166 4152 2499 4218 homicidiis,
2532 4167 2742 4222 proque
2769 4155 3104 4225 esacrilegio
3147 4165 3276 4222 tuo;
3316 4157 3457 4213 alio-

1845 4246 1975 4314 quin
2007 4244 2117 4299 eris
2150 4243 2193 4309 ί,
2229 4254 2285 4299 ιιι
2315 4261 2460 4299 nunc
2511 4262 2593 4312 es,
2647 4261 2714 4302 ea
2746 4246 2878 4308 illis,
2909 4239 2966 4301 in
2990 4263 3222 4317 quorum
3256 4263 3458 4318 expro-

1847 4337 2150 4392 brationem
2191 4337 2395 4393 dicitur
2422 4354 2451 4394 a
2497 4339 2606 4395 Deo
2643 4357 2656 4394 :
2693 4339 2964 4410 Numquid
3009 4341 3258 4411 spelunca
3297 4343 3458 4397 latro-

1846 4445 1969 4482 num
1997 4441 2070 4484 est
2100 4430 2284 4483 domus
2306 4446 2444 4496 mea,
2467 4432 2521 4484 in
2551 4448 2651 4501 qua
2678 4442 2911 4486 vocatum
2944 4442 3017 4486 est
3059 4449 3242 4486 nomen
3289 4450 3462 4488 meum

1846 4519 2012 4594 (Ibid.
2046 4521 2338 4590 ll)?Quos
2365 4523 2444 4575 vis
2487 4537 2612 4580 esse
2669 4521 2764 4578 Dri
2793 4524 3019 4579 domum
3041 4564 3054 4588 ,
3089 4539 3257 4579 Vosne
3300 4525 3458 4579 Aria-

1843 4629 1964 4678 nos,
1985 4630 2051 4669 an
2079 4629 2179 4669 nos
2200 4615 2576 4670 Christianos?
2605 4614 2661 4671 Si
2685 4616 2831 4672 enim
2859 4625 3042 4670 vestra
3066 4616 3300 4684 maligna
3325 4631 3459 4672 con-

1839 4709 2083 4782 gregatio
2106 4719 2190 4764 est
2219 4709 2416 4765 domus
2445 4710 2563 4775 Dei,
2594 4725 2726 4780 ergo
2777 4710 3051 4765 latronum
3098 4711 3455 4780 congregatio

119 4803 489 4871 coinquinares
510 4805 619 4856 vias
653 4813 785 4868 tuas,
831 4812 879 4857 ct
909 4803 962 4855 in
989 4801 1225 4855 manibus
1271 4801 1374 4854 tuis
1399 4801 1634 4854 inuentus
1663 4809 1737 4854 est

1855 4813 1925 4860 ast
1955 4803 2148 4858 domus
2173 4803 2290 4859 Dei.
2326 4802 2438 4859 Vos
2467 4805 2670 4859 etenim
2704 4802 2983 4859 fundendo
3008 4802 3332 4872 sanguinem
3357 4802 3457 4858 Dei

119 4895 337 4967 sanguis
391 4895 690 4947 animarum
732 4896 1086 4948 innocentium
1129 4890 1294 4965 (Ibid.
1340 4892 1452 4959 35).
1510 4891 1635 4946 Eris
1682 4892 1737 4946 in

119 4999 392 5041 :eternum
443 4984 585 5040 inter
629 4985 722 5041 Dei
771 4987 1050 5048 inimicus,
1093 4987 1193 5040 nisi
1241 4984 1481 5040 audietis
1511 4985 1738 5040 audiens

118 5079 242 5148 ejus
268 5087 517 5133 sanctam
546 5077 784 5133 dicentis
811 5076 1239 5133 admonitionem
1278 5095 1289 5130 :
1328 5077 1387 5132 Si
1411 5077 1743 5131 emendantes

117 5170 514 5227 emendabitisb
543 5177 654 5226 vias
684 5181 898 5235 vestras,
948 5183 997 5227 et
1038 5173 1379 5244 cogitationes
1431 5181 1644 5233 vestras,
1693 5178 1741 5224 et

117 5265 378 5335 facientes
406 5264 631 5336 feceritis
675 5263 941 5337 judicium
982 5263 1118 5317 inter
1171 5263 1335 5318 uirum
1363 5271 1410 5316 et
1441 5262 1737 5331 proximum

191 5451 220 5479 ι
253 5440 414 5518 Vera.
444 5442 573 5518 Ant.
610 5441 870 5498 Deum...
916 5444 972 5496 in
1011 5442 1252 5499 bonis....
1297 5445 1421 5513 quia
1444 5461 1574 5516 quos
1603 5462 1737 5518 prc-

119 5516 312 5568 scit....
339 5514 583 5582 imaginis
599 5555 614 5579 ,
655 5523 762 5569 etc.

191 5584 222 5623 ιι
248 5585 438 5638 δοιιειι.
475 5585 609 5653 legit
656 5585 1065 5639 emendaveritis.

198 5667 224 5696 ε
261 5656 316 5710 Id
338 5663 443 5716 est,
471 5667 774 5724 potestatem
805 5667 1025 5710 vestram
1051 5673 1152 5710 non
1177 5659 1502 5723 exercebitis,
1533 5670 1593 5714 ut
1620 5679 1741 5714 san-

125 5729 340 5801 guinem
395 5728 508 5798 ejus
556 5727 722 5792 [unda
746 5728 813 5789 is.
856 5737 904 5782 et
935 5730 1451 5804 ipsum-interficiatis
1483 5746 1500 5783 .'
1528 5733 1614 5785 ubi
1645 5748 1738 5804 po-

129 5807 480 5875 ιςπιαηηῃιρ
513 5805 815 5875 potestatem
842 5809 891 5853 et
919 5801 1208 5853 dominium
1229 5815 1466 5854 exercere
1487 5816 1607 5857 ustn
1623 5801 1736 5875 pat.

127 5869 235 5940 Til.
251 5881 316 5940 Aet
350 5867 403 5921 la
433 5865 618 5940 Cerdo.
643 5936 648 5940 '

201 5939 226 5975 ά
248 5937 403 5995 Hanc
430 5936 756 5993 Arianorum
781 5937 1071 5995 formulam
1088 5949 1278 6008 aperte
1295 5939 1571 5998 damnavit
1593 5943 1733 6008 Sync

1842 4911 2150 4959 servorum,
2179 4905 2234 4950 ut
2258 4907 2387 4950 tunc
2413 4895 2707 4950 fundebant
2734 4894 2930 4957 Judaei,
2961 4893 3299 4964 inspicimini
3329 4907 3455 4948 esse

1840 4987 2104 5043 latrones.
2160 4987 2239 5042 Ex
2283 4987 2549 5042 fructibus
2596 4986 2734 5053 tuis,
2789 4984 3096 5056 Imperator
3134 4984 3449 5055 Constanti,

1842 5095 1950 5135 non
1981 5095 2104 5136 esse
2143 5079 2510 5144 Christianus,
2543 5078 2640 5135 sed
2688 5080 2845 5150 plane
2885 5093 3141 5149 manceps
3173 5079 3451 5133 latronum

1841 5174 2209 5245 cognosceris.
2247 5172 2508 5244 Principis
2532 5174 2765 5243 denique
2811 5176 3135 5228 innocentes
3173 5171 3452 5238 interimi,

1842 5266 2095 5322 habitans
2125 5266 2336 5323 scilicet
2358 5282 2466 5324 non
2494 5268 2547 5322 in
2590 5266 2824 5324 ecclesia
2853 5266 3091 5332 Domini,
3121 5265 3221 5322 sed
3245 5265 3297 5320 in
3325 5278 3449 5334 spo-

1848 5448 1990 5505 odus
2033 5449 2252 5507 Nicaeus
2285 5470 2299 5524 ξ
2340 5449 2447 5506 Eos
2471 5461 2665 5520 autem,
2695 5455 2786 5524 qui
2812 5455 3011 5518 dicunt,
3054 5453 3183 5508 Erat
3229 5453 3452 5522 quando

1848 5536 1958 5592 non
1988 5534 2135 5586 erat,
2170 5535 2248 5586 et,
2279 5523 2602 5590 Priusquam
2653 5523 2994 5591 nasceretur,
3041 5539 3152 5578 non
3195 5532 3343 5586 erat,
3377 5533 3449 5592 et,

1843 5591 1977 5660 Quia
2000 5609 2064 5646 ex
2089 5597 2255 5647 nullis
2297 5591 2642 5650 hstautihus
2676 5597 2852 5650 factus
2877 5605 2960 5649 est
2982 5635 2999 5663 ,
3021 5593 3118 5648 hos
3140 5591 3443 5650 anathema?

1841 5665 2248 5735 tizaticatholica
2270 5675 2319 5718 et
2345 5669 2636 5735 apostolica
2666 5666 2922 5721 Ecclesia.

1917 5746 1939 5771 ε
1958 5734 2092 5789 Cum
2121 5734 2299 5790 thlitt.
2333 5734 2389 5793 et
2416 5749 2565 5794 recte
2591 5745 2664 5794 ita
2691 5741 3069 5804 correximus;
3099 5738 3152 5792 in
3191 5735 3337 5792 edito
3360 5735 3439 5789 le-

1837 5807 2065 5877 gehatur
2096 5823 2190 5875 pro
2210 5824 2334 5878 quo.

1917 5876 1934 5915 ί
1964 5875 2083 5931 Eri:
2115 5894 2248 5933 unus
2263 5895 2328 5934 ex
2352 5881 2477 5935 illis.
2514 5879 2618 5935 Til.
