4292 6388
151 419 267 474 88‘}

1250 423 1385 477 Plit)
1429 422 1702 478 ΞΛΜ)Το
1747 424 2141 482 ATIIANASIO
2179 428 2311 484 LIB.
2355 429 2419 484 Il.

3389 431 3494 486 886

155 546 208 595 in
247 555 302 598 te
329 559 537 614 regem;
569 543 691 614 quia
729 557 833 595 non
866 543 1039 596 solum
1078 559 1182 598 non
1209 543 1552 597 illvocareris
1583 558 1779 594 nomen
1814 551 1855 604 Α
1889 543 2069 598 ei.r.lis
2118 544 2191 596 illi
2223 546 2296 600 lui
2325 545 2468 599 oeuli
2513 545 2848 616 blaSpllemia
2875 547 3062 600 caecati
3099 547 3216 600 Arii
3246 546 3497 617 patefacti

153 635 404 701 Domini,
457 637 554 691 sed
591 636 771 690 adhuc
824 635 997 690 fueris
1032 644 1376 705 persecutus,
1407 635 1477 688 sit
1528 645 1779 689 ventura.

154 731 296 786 Nam
333 741 542 787 etcum
572 730 705 786 dicit
740 751 748 782 :
786 733 920 796 Quia
971 731 1300 784 comederunt
1339 728 1526 795 lactrlr,
1574 740 1617 782 et
1665 746 1786 782 con-

151 837 498 898 sumpserunt
520 843 632 878 eum
645 871 655 888 ,
686 838 730 880 et
750 845 939 896 pascua
957 829 1063 895 eju.
1094 828 1450 880 destilaverunt
1469 823 1636 896 (Ibid.
1652 825 1781 893 25);

153 921 290 989 quis
336 921 568 988 reperiri
627 929 806 989 potest
864 936 988 974 esse
1046 920 1188 973 inter
1235 932 1607 990 tulltyraunos
1640 929 1780 984 tuos,

154 1018 427 1084 princeps
459 1014 621 1085 hujus
651 1033 865 1083 pascua:
891 1017 1310 1079 exterminatur,
1336 1014 1441 1068 nisi
1469 1024 1520 1067 ιιι
1541 1013 1781 1084 quidem.

150 1109 251 1178 qui
316 1123 417 1163 nec
446 1108 708 1163 laniando
742 1121 764 1145 ιι
804 1110 899 1165 ltei
939 1109 1220 1162 destiteris
1260 1124 1474 1173 servos,
1510 1125 1609 1162 nec
1643 1109 1785 1163 blas-

155 1200 413 1269 pltenlizls
445 1212 563 1256 tuas
591 1212 703 1256 tutu
731 1204 780 1256 in
832 1218 1001 1271 regno
1047 1203 1326 1256 seminans
1360 1204 1488 1255 tuo?
1517 1201 1784 1255 [Cxtermi-

156 1308 294 1348 nare
343 1295 547 1349 etenim
582 1305 632 1350 te
663 1295 846 1366 populi
884 1297 974 1350 llei
1020 1311 1277 1366 pascuum
1322 1309 1579 1349 Cttltalultl
1622 1311 1726 1349 non
1757 1295 1780 1332 ι»

153 1389 366 1458 poterit
414 1388 676 1453 dubitari,
735 1389 952 1458 quando
983 1390 1103 1460 ejus
1159 1402 1409 1459 pastores
1457 1389 1668 1455 tuleris,
1715 1392 1781 1444 de

148 1485 360 1554 QUIth‘
387 1526 401 1548 ,
442 1488 577 1538 sicut
616 1499 761 1553 sa-pe
811 1484 1079 1552 diximus,
1121 1502 1213 1556 per
1247 1485 1541 1541 Jerelniam
1579 1486 1781 1540 dixerit

159 1579 338 1632 Dens:
368 1576 436 1632 Et
463 1580 594 1632 dabo
633 1579 770 1632 vobis
819 1593 1048 1651 pastores
1077 1582 1360 1634 secundum
1394 1600 1482 1634 cor
1514 1599 1703 1647 meum,
1736 1594 1782 1634 et

149 1683 373 1742 pascent
409 1689 494 1725 eos
537 1684 801 1742 pascentes
851 1690 966 1726 cum
1014 1676 1291 1743 disciplina
1323 1673 1429 1742 (Ib.
1462 1691 1540 1738 ιιι,
1577 1675 1696 1743 15);
1731 1685 1784 1729 et

146 1767 420 1820 stitueris
469 1766 783 1831 ill‘l‘Clit'OS,
825 1767 946 1820 aliis
979 1783 1110 1822 vero
1140 1767 1430 1823 clttiolicis
1459 1769 1663 1837 imponi
1699 1768 1778 1823 fe-

146 1862 298 1912 ceris
333 1858 579 1922 modum,
613 1860 735 1912 utsi
770 1859 821 1913 ill
860 1872 878 1894 Γ
911 1862 1048 1912 rutis
1077 1871 1335 1929 gererent
1360 1859 1412 1912 itl
1445 1864 1559 1914 Suis
1591 1861 1778 1912 cousi-

1892 655 1987 706 per
2021 637 2113 693 Dei
2145 653 2334 693 servos
2358 638 2493 693 lianc
2525 638 2952 709 increpatiouem
2985 641 3207 694 rideant
3231 644 3409 694 nuntia
3448 651 3499 695 te.

1889 730 2088 786 fecisse
2111 748 2232 802 qtue
2281 732 2374 786 tibi
2418 734 2556 802 olth
2581 736 2736 788 itltu-.
2771 734 2978 803 Negare
3030 753 3136 788 non
3170 737 3391 804 νηούς,
3422 747 3502 790 ta-

1891 824 1997 880 lem
2032 835 2081 879 te
2110 826 2348 894 pra-bere
2384 827 2526 880 t‘il'Cﬂ
2580 844 2698 894 nos,
2732 833 2949 898 qualem
2981 846 3037 884 se
3072 831 3361 900 jn'a'lmerit
3398 831 3499 886 llc-

1889 917 2052 970 rudes
2084 917 2198 982 ille,
2224 919 2377 972 cuiet
2401 919 2450 971 in
2486 921 2814 974 carniﬁcina:
2841 922 3012 985 rallie,
3038 922 3158 976 etin
3183 923 3497 992 sacrilegio.

1888 1019 1941 1064 et
1968 1009 2019 1063 ill
2055 1011 2222 1080 regali
2278 1011 2547 1081 digniIaLe
2589 1029 2710 1065 esse.
2770 1015 3032 1068 iuri-uiris
3073 1016 3307 1086 Collega,
3353 1016 3496 1070 circa

1889 1105 2015 1159 illos
2063 1121 2200 1175 quos
2254 1108 2304 1160 ill
2339 1109 2621 1175 evangelio
2671 1108 2896 1180 legimus
2949 1123 3172 1180 propter
3204 1114 3366 1165 Deum
3404 1112 3495 1165 Dei

1889 1197 2085 1253 Filium
2117 1199 2436 1255 interiectos
2468 1200 2743 1271 parvulos.
2782 1203 3037 1257 Ιιιιριιίκιί
3096 1207 3280 1274 utique
3330 1206 3501 1274 sciip-

1887 1305 1997 1349 tam
2049 1296 2426 1352 crudelitatem
2483 1297 2737 1361 lli-rudis,
2790 1314 2950 1367 quam
2989 1316 3130 1354 nunc
3163 1311 3215 1354 ιιι
3258 1300 3498 1371 dignaris

1886 1391 2176 1456 exhibere,
2222 1393 2362 1460 apud
2394 1391 2705 1446 Mattlneum
2732 1395 3125 1464 CVaIthliSlaltt
3164 1414 3176 1449 :
3211 1395 3356 1450 Tunc
3388 1395 3496 1450 He-

1886 1484 2170 1537 rodescum
2202 1483 2213 1519 ί
2253 1487 2442 1538 videret
2474 1487 2594 1554 quia
2618 1487 2828 1541 delusus
2844 1498 2914 1541 est
2940 1505 2971 1540 a
3003 1487 3197 1558 Magis,
3236 1489 3398 1542 ira.’us
3423 1503 3493 1541 est

1887 1578 2228 1644 vehementer,
2275 1588 2323 1631 et
2355 1579 2490 1631 misit
2533 1581 2767 1634 occidere
2795 1596 2970 1634 omnes
3001 1582 3226 1651 infantes
3255 1583 3307 1634 itt
3335 1581 3495 1635 Beth-

1887 1672 2072 1736 leltem,
2117 1682 2161 1724 et
2217 1672 2269 1724 in
2317 1672 2554 1725 omnibus
2605 1671 2795 1740 finibus
2842 1675 2950 1742 ejus
2978 1693 3008 1728 a
3041 1675 3235 1728 bimatu
3257 1683 3305 1727 et
3330 1674 3490 1745 infra,

1884 1765 2168 1818 secundum
2193 1773 2398 1834 tempus
2441 1769 2576 1833 quod
2600 1766 2906 1834 exquisierat
2933 1784 2964 1819 a
2987 1766 3157 1838 Magis
3193 1767 3410 1840 (Matth.
3431 1785 3491 1834 ιι,

1889 1858 1996 1926 ili).
2026 1857 2244 1914 Minime
2293 1859 2469 1914 adhuc
2501 1859 2752 1914 fortassis
2780 1862 3054 1932 conspicis
3087 1864 3163 1916 sic
3199 1874 3248 1916 te
3293 1862 3494 1932 injuste

145 1956 285 2010 dere.
311 1955 559 2020 sedibus,
593 1971 699 2010 non
727 1955 995 2011 auderent
1030 1956 1192 2010 fidem
1227 1955 1523 2024 pra-dieare
1556 1965 1772 2024 aposto-
1811 1951 1855 2010 Β
1884 1964 2072 2008 eontra
2114 1970 2212 2008 nos
2249 1955 2341 2008 Dei
2372 1953 2608 2008 cultores
2636 1965 2876 2019 motum,
2909 1966 2964 2010 ut
2994 1965 3181 2011 contra
3210 1957 3332 2011 illos
3367 1971 3492 2026 par-

147 2047 342 2111 licam,
374 2063 482 2103 ιιοιι
514 2058 789 2103 tentarent
814 2046 863 2112 ἀ,
897 2059 947 2103 te
981 2049 1205 2102 Ineresi‘
1239 2049 1452 2102 Ariante
1483 2047 1773 2103 defensore

145 2141 375 2212 degenti
408 2145 457 2196 in
492 2159 745 2214 Corpore,
778 2145 1146 2212 evangelicam
1182 2145 1531 2198 traditionem
1561 2143 1772 2213 populis

151 2239 462 2292 in~inuart-.
502 2238 626 2292 lla-c
681 2250 761 2292 est
805 2255 987 2297 causa,
1039 2257 1157 2307 «pne
1191 2250 1240 2293 te
1279 2240 1476 2307 prohat
1516 2254 1768 2307 pascualn

148 2329 244 2383 Dei
280 2330 464 2399 populi
495 2332 863 2384 exterminare
893 2341 1153 2384 tenuive.
1181 2332 1371 2384 Omnis
1401 2334 1600 2384 ctenim
1632 2333 1773 2399 sagi-

147 2439 216 2476 na
251 2437 274 2460 υ
307 2425 616 2477 animarum
646 2425 1064 2478 cllris:ianarum
1113 2441 1218 2478 non
1247 2437 1328 2479 est
1365 2425 1467 2479 nisi
1517 2426 1770 2488 credere,

145 2518 428 2589 quomodo
456 2530 507 2573 et
535 2521 872 2575 crediderint
917 2521 1262 2590 pzltriarclne,
1297 2522 1602 2590 prtlpltt‘lJ‘,
1639 2539 1770 2590 apo-

145 2609 279 2664 Stoli
321 2626 383 2664 ac
426 2622 712 2683 martyres,
749 2612 950 2666 deinde
997 2630 1214 2667 omnem
1250 2614 1428 2669 facere
1477 2615 1767 2684 justitiam.

148 2702 227 2755 Τιι
257 2713 453 2756 eontra
488 2717 610 2757 cum
642 2715 694 2757 et
721 2704 883 2758 fidem
921 2707 1116 2760 tollere
1149 2707 1388 2760 Volueris
1416 2709 1480 2760 de
1511 2708 1771 2762 cordilins

151 2796 483 2863 populorum
523 2794 642 2861 Dei,
702 2805 756 2848 ct
814 2796 1094 2864 perﬁdiam
1141 2809 1284 2851 tuam
1331 2797 1600 2864 inserere,
1647 2815 1769 2853 cum

147 2889 364 2956 justitia
395 2886 411 2924 τ
441 2888 532 2942 Dei
560 2889 639 2943 vis
669 2890 719 2943 in
753 2891 982 2944 ecclesia
1016 2893 1128 2945 lieri
1179 2902 1237 2946 ut
1279 2891 1477 2947 absens
1526 2903 1579 2946 ct
1618 2895 1772 2948 inno-

149 2999 282 3037 Cons
307 2983 600 3039 damnetur
625 3003 652 3036 a
685 2986 912 3053 justitire
944 2988 1330 3051 sectatoribus,
1368 2997 1422 3041 ct
1459 3003 1554 3055 per
1586 3003 1767 3042 sacer-

149 3076 313 3130 dotes
380 3078 640 3146 puniatur
687 3078 1056 3133 Consacerdos
1104 3096 1292 3133 eorum
1345 3079 1652 3133 catholicus
1700 3081 1765 3134 ad

150 3179 297 3222 tuam
338 3171 574 3223 luet-elici
610 3179 634 3212 κ
664 3172 1099 3239 suggestionem;
1145 3173 1419 3240 quomodo
1467 3173 1637 3228 videri
1676 3190 1768 3242 po-

151 3264 285 3317 teris
321 3278 426 3318 non
460 3279 580 3318 esse
609 3267 1006 3319 extetminator
1042 3283 1256 3334 pascua:
1288 3267 1543 3322 dominici
1570 3270 1764 3337 gregis,

1882 2048 2037 2102 vulos
2064 2048 2229 2103 fuerit
2255 2057 2436 2103 motus
2466 2046 2735 2103 Herodes.
2765 2050 2876 2105 Cur
2903 2051 3059 2104 nobis
3099 2051 3343 2122 dignaris
3369 2066 3493 2107 esse

1879 2143 2148 2197 infestus?
2181 2158 2375 2212 nempe
2401 2143 2526 2212 quia
2559 2142 2830 2198 fateamur
2881 2161 2978 2199 nos
3007 2143 3372 2210 Chrisuanos,
3398 2147 3489 2216 qui

1879 2237 2454 2290 nondanmaverimus
2495 2235 2702 2306 justqu
2735 2236 2888 2293 falsis
2930 2255 2960 2292 a
3000 2249 3050 2292 te
3094 2249 3488 2308 prazgraratum

1878 2330 2220 2385 criminibus.
2281 2329 2489 2396 Quibus
2540 2331 2704 2386 rebus
2757 2333 3009 2402 quisnam
3057 2335 3164 2399 sis,
3221 2349 3287 2388 ex
3346 2333 3493 2388 beati

1880 2423 2134 2491 Baptist
2165 2420 2393 2476 Joannis
2435 2424 2713 2492 responsis
2764 2425 2970 2491 poteris
3026 2424 3390 2494 perpendere,
3439 2435 3491 2478 ct

1879 2525 2048 2570 temet
2081 2514 2432 2569 teconciliare
2462 2514 2573 2568 Deo
2617 2531 2716 2584 per
2758 2517 3171 2585 pceniteutiam:
3209 2516 3493 2588 Progenies

1874 2611 2184 2680 riperarum,
2238 2609 2352 2677 quis
2400 2607 2766 2662 dtmonstravit
2801 2610 2815 2658 t'
2848 2609 2988 2662 robis
3015 2613 3195 2680 fugere
3220 2610 3283 2662 ab
3305 2611 3384 2662 ira
3404 2627 3492 2663 sn-

1874 2700 2224 2773 perl'entura?
2249 2698 2430 2754 Facite
2469 2718 2591 2771 ergo
2615 2699 2833 2771 dignum
2877 2703 3191 2770 pwnitcntite
3233 2705 3486 2771 fructum,

1875 2807 1921 2849 et
1959 2797 2116 2849 nolite
2166 2783 2465 2864 prteferre'li
2501 2810 2620 2859 t-os,
2673 2795 2899 2848 dicentes
2927 2811 2945 2848 :
2974 2793 3188 2848 Patrem
3243 2795 3488 2849 habemus

1879 2889 2158 2942 Abraham.
2190 2884 2322 2940 Dico
2350 2888 2487 2939 enim
2536 2887 2698 2951 robis,
2722 2887 2856 2956 quod
2890 2896 3068 2956 potens
3101 2888 3166 2940 sit
3197 2885 3212 2924 ι
3246 2885 3386 2942 Deus
3426 2889 3490 2942 de

1875 2983 2132 3052 lapidibus
2178 2982 2289 3035 istis
2310 2981 2564 3034 suscitare
2589 2981 2728 3049 ﬁlios
2757 2980 3000 3034 Abt-alite.
3029 2977 3154 3034 1am
3187 2983 3320 3035 enim
3349 2992 3386 3017 ιη
3420 2982 3486 3035 ad

1871 3077 2071 3129 radices
2102 3075 2347 3127 arborum
2371 3076 2540 3144 posita
2563 3085 2636 3128 est
2656 3076 2869 3129 securis.
2897 3075 3079 3128 Omnis
3120 3077 3256 3129 enim
3280 3086 3304 3111 τ’
3333 3078 3487 3130 arbor

1869 3186 1984 3240 qua:
2009 3186 2110 3222 non
2154 3169 2277 3238 facit
2305 3170 2534 3238 fructum
2565 3167 2785 3236 bonum,
2815 3169 3090 3232 exciditur,
3125 3179 3171 3223 et
3222 3171 3274 3224 in
3313 3171 3482 3240 ignem

1875 3264 2089 3314 mittitur
2112 3259 2220 3332 (Ib.
2248 3276 2326 3325 tu,
2359 3260 2441 3328 7).
2489 3259 2628 3327 Quid
2657 3261 2832 3314 sentis
2883 3261 2951 3315 ad
3007 3260 3164 3314 DCCC?
3197 3262 3485 3316 debuimus

152 3356 376 3426 quando
405 3369 586 3413 nostra
622 3374 818 3427 pascua
849 3377 952 3412 nun
987 3361 1057 3412 sit
1087 3363 1190 3413 nisi
1217 3364 1453 3415 cmiexlis
1485 3362 1766 3415 doctrina?
1797 3348 1840 3410 C
1873 3357 2133 3411 damnare
2154 3353 2972 3418 innocentem,debuimusdare
2994 3363 3182 3409 contra
3199 3355 3480 3410 absentem

155 3455 213 3508 Si
244 3456 342 3518 vis,
376 3456 550 3525 inquit
603 3455 888 3520 Dominus,
939 3456 1008 3508 ad
1042 3459 1192 3508 ritum
1226 3459 1413 3518 renire,
1450 3474 1593 3510 serra
1624 3474 1769 3510 man-

154 3549 277 3600 data
339 3546 556 3617 (Matth.
611 3565 720 3613 XIX,
761 3549 884 3620 17);
923 3560 973 3604 et
1007 3550 1196 3604 iterum
1235 3569 1244 3601 :
1283 3550 1339 3604 Si
1393 3554 1616 3620 feceritis
1662 3569 1773 3620 qua:

154 3640 349 3694 mando
376 3642 538 3705 vobis,
573 3645 690 3715 jam
740 3660 838 3696 non
892 3645 1006 3695 dico
1049 3661 1134 3696 ras
1163 3661 1351 3706 servos,
1400 3646 1490 3697 sed
1533 3646 1718 3697 amicos
1745 3642 1769 3680 ὶι

154 3732 264 3804 (Jo.
304 3751 394 3801 xv,
429 3734 540 3805 Η).
575 3737 710 3790 Cum
743 3736 858 3790 IIII‘C
910 3739 981 3789 ita
1023 3739 1150 3798 sint,
1185 3736 1350 3790 debes
1385 3747 1436 3790 tu
1472 3737 1535 3789 ad
1569 3749 1616 3790 te
1650 3753 1768 3806 pur.

155 3829 396 3898 gandum
450 3830 579 3882 dare
624 3839 888 3898 prleccpta
917 3830 1215 3892 dominica,
1250 3845 1369 3897 quae
1395 3829 1655 3897 juSseriut
1686 3831 1765 3884 in-

156 3933 446 3975 nocentem
477 3921 807 3975 catholicum
837 3925 1178 3990 episcopum,
1201 3933 1249 3974 te
1275 3922 1531 3975 lltrrelico
1562 3925 1762 3976 interea

157 4013 492 4084 imperatore
515 4025 826 4076 acetlSante,
853 4015 1051 4068 debere
1092 4015 1324 4068 intertit-i
1353 4030 1381 4067 a
1410 4016 1766 4070 conSacerdo-

157 4105 300 4161 tibus
331 4105 466 4160 suis.
500 4104 771 4160 Fortassis
801 4107 1004 4160 ctenim
1037 4108 1273 4160 tentaltis
1321 4108 1424 4162 iSIO
1459 4112 1508 4161 iu
1544 4109 1659 4161 loco
1684 4109 1766 4163 di~

158 4215 302 4266 cere,
334 4216 440 4254 non
474 4211 526 4254 te
562 4216 817 4269 pascuam
867 4200 1125 4254 dominici
1157 4203 1336 4269 gregis
1396 4204 1767 4257 exterminare

159 4305 436 4346 conatum.
490 4291 544 4346 Si
581 4292 783 4345 nullum
837 4291 1054 4345 Domini
1104 4303 1434 4361 pra‘eeptulu
1473 4294 1767 4348 illiusmodi

159 4385 320 4453 quale
357 4383 622 4454 prolatum
653 4394 734 4437 est
760 4399 786 4435 a
823 4391 874 4437 te
904 4383 1106 4452 poteris
1140 4385 1402 4450 proterre,
1436 4396 1682 4452 superest
1711 4396 1766 4439 ιιι

231 4554 255 4580 ει
289 4543 429 4596 Dura
485 4558 546 4597 ac
581 4543 730 4597 rudis
777 4543 1066 4596 admutlu'll
1117 4552 1199 4596 est
1235 4544 1458 4608 locutio,
1514 4554 1564 4598 et
1611 4560 1761 4598 more

162 4615 476 4670 Graecorum
502 4615 624 4668 dine
656 4614 918 4681 negati“.-
950 4629 1044 4682 pro
1077 4615 1436 4670 al'tirmatinne
1470 4626 1760 4684 ponuntur.

168 4687 291 4739 Item
327 4686 460 4741 dicit
489 4687 737 4738 lanianda
764 4702 858 4754 pro
887 4688 1105 4748 l.:niare,
1145 4696 1199 4738 ιιι
1230 4705 1372 4754 stupe
1387 4703 1608 4742 numero
1637 4698 1763 4742 ante

164 4758 370 4811 dictum
397 4768 503 4822 est,
537 4760 859 4825 gellmdium
895 4773 988 4826 pro
1027 4757 1294 4810 intinitivo
1323 4774 1527 4825 ponens
1561 4776 1572 4810 :
1607 4760 1759 4812 deiu-

163 4829 228 4880 de
258 4844 384 4882 mox
423 4841 647 4896 usurpat
687 4829 1032 4897 participium
1073 4844 1171 4896 pro
1221 4827 1764 4882 inliuitimseminuns

169 4915 258 4966 pro
300 4900 556 4950 sentiuare
577 4915 596 4950 .'
627 4899 770 4968 quod
807 4900 1046 4954 Latinius
1069 4899 1387 4953 eth't‘relur:
1425 4900 1543 4953 Nisi
1576 4913 1627 4954 tu
1654 4904 1766 4967 qui-

164 4974 307 5035 dem,
339 4970 426 5037 qui
479 4986 638 5038 neque
679 4972 878 5024 laniare
934 4970 1025 5021 Dei
1064 4971 1325 5022 destiteris
1369 4988 1560 5031 servos,
1614 4989 1770 5039 neque

169 5039 515 5108 blasphemias
540 5051 654 5090 tuas
684 5051 786 5093 toto
813 5046 862 5092 in
893 5060 1048 5110 regno
1084 5052 1169 5093 tuo
1193 5043 1464 5095 seminare.
1493 5043 1599 5096 ΤΗ.
1627 5055 1676 5096 et
1724 5045 1768 5096 la

171 5113 363 5176 Corda,
397 5111 489 5181 qui
515 5110 697 5164 :ltltlit:
732 5113 820 5164 sed
845 5114 924 5162 llic
960 5116 1032 5164 t‘tt'
1063 5113 1320 5183 gerundia
1349 5130 1542 5181 ponens
1570 5131 1662 5184 pro
1692 5116 1772 5166 in-

171 5184 329 5251 ﬁnitis
360 5183 632 5235 conturbat
655 5185 977 5235 sententiam.

239 5253 264 5292 ιθ
296 5254 404 5308 Pro
433 5269 577 5306 nemo
605 5257 786 5319 poterit
819 5254 1080 5315 dubitare,
1116 5253 1164 5306 id
1202 5263 1304 5314 est,
1342 5272 1491 5307 nemo
1519 5257 1772 5318 ignorabit

173 5340 216 5374 te
237 5335 477 5378 conatum
505 5325 667 5394 fuisse
689 5326 1026 5378 exterminare
1049 5342 1288 5391 pascuum
1316 5341 1412 5394 pro
1437 5344 1626 5394 pascua
1653 5327 1769 5381 Dei.

244 5478 262 5504 ε
303 5464 408 5518 Pro
437 5466 491 5517 in
517 5467 645 5519 votis
665 5467 922 5532 traherent,
961 5463 1011 5518 id
1043 5474 1146 5528 est,
1182 5467 1225 5520 si
1251 5466 1436 5520 vellent
1466 5469 1516 5520 in
1548 5469 1656 5521 suis
1683 5485 1767 5522 re-

176 5537 632 5607 maneresedibus
667 5540 857 5602 securi,
908 5538 1242 5602 apostolicam
1275 5541 1564 5605 prtedicare
1614 5540 1768 5607 ﬁdem

176 5625 267 5661 non
297 5605 555 5660 auderent
581 5624 598 5660 :
627 5608 715 5663 ubi
740 5609 972 5662 notanda
994 5617 1076 5661 est
1104 5608 1480 5662 Ila-retlctirum
1506 5605 1768 5665 adversus

174 5679 483 5732 Calliulicos
513 5681 806 5734 crudelitas
837 5690 890 5734 et
919 5682 1145 5732 san-ilia.
1181 5677 1266 5731 Id.
1299 5691 1346 5732 et
1375 5682 1424 5732 Ia
1455 5678 1644 5734 Cerdo.

239 5748 263 5787 ά
298 5752 401 5802 l’ro
424 5750 848 5817 aggrederentur,
881 5760 935 5802 et
963 5761 1156 5804 tentare
1187 5752 1452 5803 auderent.
1487 5751 1586 5806 lid.

245 5832 265 5858 ο
302 5820 354 5873 ld
380 5827 486 5900 est,
518 5818 647 5886 ﬁdes
679 5821 1120 5887 patriarcharum,
1153 5833 1272 5886 etc.,
1313 5831 1386 5874 est
1414 5823 1620 5893 pinguis
1655 5823 1770 5876 ani—

181 5908 266 5945 ma:
289 5898 522 5943 nutritio.

249 5963 264 6001 τ
298 5962 506 6018 Sensus
529 5973 651 6015 esse
684 5969 892 6029 potest,
920 5961 1046 6016 Cum
1077 5964 1151 6017 vis
1161 5966 1365 6036 justum
1395 5977 1504 6017 esse
1527 5963 1578 6017 in
1592 5960 1770 6017 Eccle-

1876 3450 2174 3504 inatnlitum
2199 3445 2565 3501 sententiam?
2592 3455 2646 3499 et
2673 3445 2946 3515 quomodo
2975 3463 3096 3500 eum
3128 3446 3230 3501 lloc
3263 3447 3488 3501 fecisse-

1879 3557 2017 3605 mus,
2047 3550 2394 3610 potueramus
2445 3538 2672 3609 reperiri
2709 3538 3044 3592 Christiani?
3071 3539 3202 3592 tium
3234 3539 3360 3592 illos
3381 3555 3485 3607 quo

1877 3639 2084 3708 pOsSiltl
2117 3653 2237 3690 esse
2269 3635 2580 3699 CtlriStiani,
2615 3633 2863 3689 hortatus
2920 3634 3084 3690 fuerit
3133 3634 3484 3689 beatissimus

1875 3730 2135 3793 Joannes,
2173 3740 2230 3782 ut
2261 3726 2480 3796 dignum
2511 3726 2746 3780 lruetuln
2777 3727 3035 3781 fecissent
3065 3737 3088 3763 ο
3113 3727 3478 3796 poenitentiae;

1875 3816 1970 3879 illi,
1996 3816 2084 3884 qui
2111 3830 2206 3868 nec
2225 3813 2350 3867 dum
2369 3811 2896 3882 eumprellenderant
2917 3811 3321 3882 viamjustitiae,
3337 3827 3478 3866 coul-

1876 3908 2214 3979 prelleudere
2228 3908 2583 3976 cogebantur;
2606 3922 2724 3969 nos,
2743 3907 2954 3976 quijam
2973 3916 3242 3971 tenemus,
3260 3923 3312 3960 ut
3328 3905 3481 3976 geba-

1876 4019 1996 4058 mur
2022 4013 2183 4072 atque
2205 4012 2456 4071 urgemur
2478 4016 2506 4053 a
2531 4012 2580 4055 te
2606 4000 2734 4054 illud
2749 4015 3018 4069 occupare
3037 4002 3138 4055 iter
3157 4000 3479 4070 iniquitatis,

1873 4099 2046 4168 inquo
2071 4097 2228 4166 positi
2251 4092 2751 4148 nosCanIurJndmi.
2774 4092 2910 4161 Quid
2940 4094 3100 4162 igitur
3121 4092 3278 4146 nobis
3293 4103 3477 4160 posset

1869 4189 2205 4254 accidere,si
2239 4187 2468 4255 vipereis
2497 4187 2600 4240 tuis
2632 4187 2839 4255 depasti
2871 4185 3159 4239 fuissemus
3184 4185 3472 4239 censitiis?

1872 4284 1974 4336 nisi
2019 4293 2076 4335 ut
2105 4297 2168 4335 ex
2203 4279 2527 4335 Christianis
2575 4278 2864 4332 fuissemus
2897 4277 3099 4346 vipera!
3135 4287 3160 4325 P
3185 4277 3472 4346 progenies

1869 4374 2071 4430 etTecti.
2099 4373 2210 4428 Cur
2243 4375 2356 4426 lizec
2389 4373 2504 4426 tieri
2531 4371 2820 4439 mandasti,
2855 4371 2958 4424 nisi
2987 4371 3108 4440 quia
3146 4385 3475 4440 conserpeu-

1874 4547 1952 4600 sia
1983 4543 2099 4608 Dei,
2125 4551 2197 4603 ut,
2247 4545 2354 4592 etc.
2405 4531 2724 4603 Injnstitiam
2766 4546 2863 4601 pro
2882 4532 3093 4604 justitia
3123 4531 3341 4602 subjicit
3370 4535 3476 4588 (la-

1877 4615 2114 4688 landijls.
2220 4682 2228 4688 .
2377 4678 2387 4688 θ

1948 4697 1970 4735 ε
2005 4685 2105 4752 Qui
2129 4700 2178 4736 es
2211 4682 2504 4752 lnereticus.

1948 4757 1973 4793 Ιι
2005 4744 2077 4810 ᾔει
2101 4758 2262 4809 ctiam
2287 4751 2457 4805 codex
2475 4745 2661 4816 Major.
2692 4744 2922 4800 .‘llonast.
2943 4745 3084 4808 apud
3107 4746 3292 4802 Sabat.
3315 4747 3473 4803 Vers.

1876 4832 2000 4884 Ant.
2031 4825 2154 4880 Jam
2176 4840 2275 4877 non
2307 4822 2422 4874 dico
2449 4834 2535 4870 ros
2556 4832 2749 4877 servos,
2773 4819 2894 4885 quia
2921 4829 3042 4879 etc.,
3065 4833 3150 4870 vos
3172 4829 3343 4872 autem
3372 4821 3482 4874 diti

1873 4903 2087 4954 αηιίεοε,
2119 4893 2337 4950 Lucifer
2368 4895 2482 4958 ipse
2514 4888 2674 4942 liabet
2721 4890 2882 4956 paulo
2914 4900 3056 4952 post,
3107 4889 3261 4954 Quod
3287 4894 3478 4944 mando

1874 4973 2177 5042 robis,jam
2206 4982 2307 5018 non
2337 4962 2542 5025 dicant,
2591 4968 2724 5021 etc.,
2769 4967 2823 5012 et
2871 4961 3064 5012 iterum
3111 4961 3270 5025 intra,
3330 4963 3477 5028 Quod

1872 5037 2122 5114 μνωςὶρἱ
2153 5037 2310 5114 vobis,
2342 5043 2508 5114 etcum
2715 5100 2724 5108 ο
3010 5102 3019 5114 Ι
3047 5101 3058 5114 ¹
3201 5113 3205 5114 ν
3306 5105 3317 5113 ν
3359 5106 3364 5112 _

1955 5112 1967 5149 ί
2007 5101 2158 5166 Vers.
2197 5112 2322 5159 Ant.
2362 5101 2532 5165 Vidit,
2569 5101 2906 5168 quoniam...
2939 5101 3106 5164 ralde,
3159 5113 3207 5156 et
3249 5105 3386 5157 misit
3433 5114 3478 5156 et

1873 5185 2158 5236 occidit....
2185 5191 2367 5246 pueros
2390 5174 2636 5246 quierant
2657 5172 2781 5246 in”:
2809 5171 3100 5246 regionibus
3119 5178 3246 5246 ejus.

1952 5256 1963 5303 ι
2008 5240 2416 5307 Demonstrarit,
2471 5243 2654 5296 ferunt
2684 5240 2842 5313 codd.
2893 5241 3070 5310 plures
3111 5240 3250 5313 apud
3283 5243 3469 5297 Sami,

1877 5325 2031 5378 Vers.
2068 5327 2195 5378 Aut.
2223 5315 2626 5374 Demonstrabit,
2780 5312 2856 5364 ira
2888 5328 3115 5365 tentura.

1947 5395 1967 5432 ι
2003 5395 2154 5449 Vers.
2187 5395 2310 5444 Aut.
2342 5391 2592 5458 ιιι-ομνια.
2626 5383 2721 5435 Ms.
2749 5384 2805 5436 S.
2833 5383 3013 5438 Germ.
3046 5399 3111 5438 ex
3142 5384 3325 5440 Sabat.
3350 5403 3469 5439 cum

1872 5465 2046 5520 Lucif.

1952 5537 1966 5576 1
2004 5537 2158 5589 Vers.
2192 5536 2318 5586 Ant.
2355 5526 2610 5594 Quoniam
2639 5535 2817 5592 potens
2848 5537 2939 5577 est.

1944 5619 1982 5644 η’
2010 5607 2230 5660 Etenim.
2271 5600 2441 5651 Vatlc.

1943 5689 1969 5714 ιι
2004 5683 2158 5736 Veis.
2189 5674 2316 5727 Aut.
2341 5667 2520 5720 Omnis
2547 5681 2669 5734 ergo
2813 5667 3076 5720 excidetur
3223 5669 3464 5721 mittetur.

1871 5753 2046 5806 Graio.
2085 5762 2205 5800 cum
2239 5737 2415 5794 Lucil.
2446 5739 2744 5792 ἐκκόπτεται
2911 5737 3172 5808 βάλλεται.

1947 5832 1970 5854 ο
1998 5821 2102 5874 Pro
2131 5821 2378 5884 facerent.
2410 5809 2514 5884 ΤΗ.
2549 5818 2600 5862 et
2631 5810 2678 5859 la
2706 5808 2899 5862 Uerda.

1946 5903 1972 5940 ρ
2020 5881 2260 5958 Viperea'.
2298 5881 2472 5934 Vatic.
