4582 6404
740 402 840 459 887

1823 404 2146 463 LUCIFERI
2185 405 2496 463 EPISCOPI
2532 406 2959 466 CALARITANI

3985 412 4091 468 888

730 529 814 573 tes
841 534 938 573 nos
962 530 1083 573 tuos
1108 516 1254 575 effici
1280 518 1552 591 enpiveris
1577 520 1677 574 tu?
1706 520 1797 592 qni
1829 536 1950 575 cum
1973 521 2119 576 scias
2143 522 2349 576 dixisse
2379 525 2427 582 Λ
2455 523 2585 577 vade
2614 524 2760 590 prius
2792 524 3119 579 reconciliari
3148 527 3301 593 fratri
3332 536 3441 593 tuo,
3470 539 3519 583 et
3547 538 3674 582 tunc
3697 543 3942 582 reversus
3959 526 4094 594 offer

736 614 1034 667 Dominum
1068 614 1121 668 in
1150 614 1440 684 evangelio
1473 632 1485 667 :
1514 612 1665 668 Beati
1699 615 1788 684 qui
1829 616 2066 670 esuriant
2095 625 2143 670 et
2172 616 2353 669 sitiunt

728 709 1019 777 justitiam,
1050 709 1173 777 quia
1202 708 1302 779 ipsi
1344 707 1744 762 saturabuntur.
1771 706 1919 761 Beati
1972 708 2354 773 misericordes.

740 802 863 871 quia
897 812 920 836 α
951 803 1054 871 ipsi
1084 802 1494 856 misericordiam
1513 812 1890 870 consequentur
1919 801 2029 863 (Ib.
2063 820 2115 870 ν,
2163 803 2218 873 6)
2252 820 2265 865 ;
2302 813 2359 858 ct

739 894 763 929 ³»
799 905 979 950 tamen
1028 894 1270 963 dixeris,
1301 894 1608 950 necandum
1660 895 2029 951 innocentem.
2068 896 2356 964 Quomodo

738 990 945 1043 etenim
1000 989 1194 1044 beatus
1237 999 1426 1059 potero
1474 1004 1599 1044 esse
1628 1030 1644 1053 ,
1697 989 1742 1043 si
1789 990 2122 1044 damnavcro
2178 990 2354 1044 virum

736 1084 968 1147 justum,
1004 1084 1047 1136 si
1077 1082 1331 1151 rejiciens
1360 1080 1505 1135 sitim
1526 1081 1758 1151 jnsdtiac
1777 1097 2085 1150 concepero
2102 1081 2355 1138 ardorem

741 1174 1070 1242 injustitite?
1098 1174 1384 1242 Quomodo
1417 1186 1643 1245 propter
1687 1175 1893 1231 fructus
1941 1175 2166 1244 justitizc
2212 1186 2359 1231 satu-

737 1266 907 1320 rabor
932 1280 963 1321 a
994 1268 1124 1334 Deo,
1158 1283 1281 1321 eum
1312 1282 1452 1339 opus
1482 1268 1585 1322 hoc
1618 1268 1878 1337 injustnm
1915 1267 2079 1324 faciat
2108 1283 2194 1323 me
2224 1268 2357 1323 Cain

742 1358 1110 1413 fratricidam?
1145 1359 1433 1428 Quomodo
1458 1362 1654 1415 iterum
1707 1370 1904 1431 potero
1960 1364 2104 1418 inter
2146 1362 2360 1417 miseri-

743 1453 937 1509 cordes
992 1454 1261 1510 fruetibm
1304 1456 1698 1511 misericordia:
1734 1456 2083 1526 locupletatis
2133 1472 2358 1527 regnum

742 1552 1000 1619 consequi
1033 1549 1293 1604 cmleste?
1318 1565 1465 1617 cum,
1500 1551 1545 1605 si
1575 1550 1902 1607 interfecero
1922 1553 2069 1621 juxta
2089 1550 2361 1606 desideria

742 1652 832 1696 tua
868 1641 1226 1710 DeiServum,
1264 1644 1516 1699 inveniar
1566 1660 1674 1699 non
1719 1646 2054 1706 misericors,
2099 1645 2194 1699 sed
2242 1659 2365 1699 crn—

743 1731 884 1789 delis
920 1744 1085 1804 atque
1136 1736 1477 1801 sceleratus,
1521 1738 1724 1806 quippe
1775 1735 2261 1802 homicida;cum,
2318 1738 2366 1792 si

742 1844 865 1884 cum
902 1840 924 1869 ο
958 1845 1058 1902 ego
1087 1831 1477 1886 immiseriCors
1503 1830 1698 1885 fut-rint
1723 1832 1871 1885 circa
1903 1832 2128 1887 fratrem
2159 1846 2362 1896 meum,

2458 630 2642 668 munus
2671 614 2877 685 tuum(l
2887 618 2993 670 bid.
3021 618 3138 689 9.5).
3159 618 3298 687 Quid
3319 619 3499 677 fuetat
3523 632 3797 693 operatus
3821 620 4092 675 malorum

2458 703 2811 770 Athanasius,
2848 717 2905 760 ut
2937 706 3053 762 luce
3084 720 3461 779 transgressus
3513 723 3803 785 prmcepla
3859 713 4094 769 interfici

2458 800 2938 855 eummandart-s?
2980 817 3177 873 nempe
3226 805 3347 869 ltoc,
3397 794 3541 875 quod
3594 824 3658 861 sc
3711 807 4092 861 Christianum

2458 892 2679 961 dixerit,
2721 906 2813 950 aut
2840 895 3009 952 dicat.
3038 899 3197 953 Aliud
3228 900 3431 955 etenim
3466 901 3603 956 nihil
3638 912 3727 957 est
3749 901 3900 970 quod
3940 916 4096 956 exse-

2459 991 2839 1060 craris.atque
2869 1006 2930 1045 es
2959 993 3149 1060 punire
3204 995 3431 1063 cupiens
3486 997 3540 1049 in
3584 996 3925 1051 Athanasio.
3981 995 4095 1049 Non

2463 1083 2792 1138 metnincras
2825 1088 3150 1155 praecepisse
3176 1088 3463 1142 Dominum
3497 1089 3669 1143 etiam
3705 1091 3974 1145 inimicos
4018 1089 4100 1143 di-

2463 1177 2727 1246 ligendos,
2766 1187 2824 1232 tit
2848 1194 2973 1233 eum
3002 1196 3165 1251 quem
3201 1199 3377 1253 neque
3408 1184 3460 1238 in
3494 1195 3564 1248 te,
3598 1200 3789 1255 neque
3840 1186 3894 1238 in
3926 1184 4097 1239 Deum

2463 1271 2635 1325 scires
2676 1285 2955 1339 peccasse,
3018 1282 3125 1327 tam
3151 1276 3419 1330 acerrime
3471 1276 3677 1329 fuisses
3724 1287 4056 1345 persecutus
4077 1274 4099 1327 ’ἲ

2464 1360 2696 1413 Audistis
2724 1362 2849 1430 quia
2879 1362 3077 1415 dictum
3103 1374 3179 1418 est
3209 1380 3228 1417 :
3256 1363 3458 1435 Diliges
3491 1368 3805 1437 proximum
3848 1377 4020 1431 tuum,
4056 1377 4102 1421 ct

2465 1454 2585 1507 odio
2609 1454 2817 1507 habebis
2853 1453 2866 1505 ἕ
2906 1456 3180 1510 inimicum
3207 1469 3374 1513 tuum.
3410 1458 3522 1530 Ego
3546 1471 3728 1514 autent
3753 1462 3878 1515 diro
3904 1463 4049 1516 vobis
4083 1480 4101 1516 .'

2467 1545 2689 1619 Diligite
2724 1548 2962 1603 inimicos
3019 1560 3213 1604 vestros
3241 1593 3255 1615 ,
3301 1562 3347 1606 et
3387 1552 3679 1608 benedicite
3727 1555 4101 1609 maledicentes

2466 1659 2577 1708 vos,
2602 1654 2648 1697 et
2678 1644 2964 1715 benefacite
2991 1646 3083 1712 eis,
3111 1648 3198 1716 qui
3228 1645 3251 1683 ιε
3284 1659 3670 1719 persequuntur
3724 1667 3850 1713 eos,
3881 1661 3932 1705 et
3964 1662 4102 1705 orate

2470 1754 2564 1807 pro
2594 1739 2690 1804 eis,
2719 1741 2805 1808 qui
2826 1756 2916 1794 vos
2949 1751 3344 1811 persequuntur,
3372 1743 3558 1796 utsitis
3588 1743 3694 1812 ﬁlii
3737 1742 3919 1797 Patris
3950 1744 4105 1797 vestri

2468 1832 2555 1899 qui
2582 1840 2658 1885 est
2688 1832 2742 1884 in
2764 1832 2927 1897 caelis,
2952 1834 3041 1903 qui
3071 1832 3197 1887 solis
3234 1844 3380 1888 ortus
3414 1835 3618 1888 exhibet
3660 1851 3826 1900 super
3856 1836 4020 1888 bonos
4058 1846 4105 1889 et

740 1922 818 1976 sic
847 1922 919 1976 sit
946 1932 1000 1977 et
1029 1923 1172 1977 circa
1204 1939 1289 1978 me
1314 1924 1526 1978 futurus
1555 1924 1649 1980 ille
1682 1924 2076 1980 misericordia:
2121 1934 2353 1993 amator,
2391 1925 2438 1985 B
2466 1924 2658 1983 malos,
2688 1934 2736 1977 et
2765 1925 2897 1992 pluit
2923 1941 3078 1993 super
3097 1926 3269 1994 justas
3290 1935 3337 1980 et
3358 1926 3605 2000 injustas.
3640 1927 3706 1981 Si
3731 1929 3877 1981 enim
3908 1930 4107 1983 (Ηρα-

741 2012 832 2066 illc
856 2014 1085 2083 justitim
1114 2027 1358 2081 exactor,
1384 2015 1476 2086 qni
1500 2017 1632 2071 dicit
1664 2034 1676 2070 :
1710 2015 1861 2070 Beati
1916 2018 2005 2087 qui
2051 2022 2287 2070 esuriant
2315 2026 2360 2069 et

743 2108 926 2159 sitiunt
949 2107 1232 2175 iustitiam,
1266 2109 1389 2178 quia
1418 2109 1519 2174 ipsi
1546 2108 1937 2163 saturabuntur.
1975 2106 2126 2161 Beati
2155 2108 2359 2161 miseri-

739 2199 946 2265 cordes,
976 2200 1098 2269 quia
1118 2195 1145 2237 δ
1172 2201 1273 2269 ipsi
1299 2202 1711 2255 misericordiam
1730 2210 2105 2270 consequentur
2129 2196 2357 2271 (Ibid.).

748 2292 1122 2362 Quicumque,
1170 2292 1304 2349 dicit
1381 2291 1694 2360 Dominus,
1772 2294 1979 2348 solverit
2076 2309 2238 2347 unum
2298 2308 2364 2346 ea:

743 2387 1008 2441 mandatis
1026 2389 1107 2442 his
1127 2389 1374 2451 minimis,
1403 2397 1449 2441 et
1473 2388 1707 2442 docuerit
1737 2386 1811 2441 sic
1834 2384 2093 2451 homines,
2115 2385 2362 2438 minimus

742 2482 1016 2534 vocabitur
1061 2482 1114 2535 in
1160 2498 1322 2553 regno
1377 2482 1623 2537 scelerum
1682 2480 1849 2553 (Ibid.
1906 2479 2037 2550 l9);
2086 2488 2140 2533 et
2183 2480 2358 2542 dicis,

742 2574 1058 2642 Constanti,
1092 2583 1151 2630 ut
1180 2576 1514 2647 quicumque
1537 2590 1643 2630 non
1684 2573 1884 2629 fuderit
1926 2574 2248 2644 sanguinem
2278 2570 2360 2625 in—

744 2668 1017 2737 nocentis,
1073 2684 1183 2726 non
1238 2679 1414 2739 potest
1457 2685 1683 2739 regnum
1742 2666 2000 2737 consequi
2054 2663 2364 2720 caelorum?

746 2761 867 2831 Die,
890 2764 1258 2829 sanctissime,
1291 2766 1343 2817 in
1368 2779 1475 2833 quo
1500 2761 1780 2817 abundare
1804 2761 2010 2830 poterit
2025 2758 2367 2813 Christiano-

747 2856 1121 2927 rumjustitia.
1164 2857 1289 2927 plus
1314 2870 1477 2927 quam
1501 2856 1809 2908 scribarum
1848 2863 1903 2907 et
1940 2850 2362 2923 pltariszeorum,

745 2952 792 3004 si
822 2966 970 3013 eum,
1005 2966 1168 3021 quem
1202 2959 1279 3011 tu,
1301 2948 1446 3019 quod
1478 2964 1537 3001 se
1555 2945 1924 3001 Chrisu’anunt
1982 2943 2164 3007 dicat,
2218 2941 2363 3010 quod

747 3042 884 3095 nolit
916 3040 1030 3096 fieri
1063 3041 1315 3106 Arianns,
1343 3038 1715 3110 persequeris,
1774 3033 2258 3091 interfecerimus?
2308 3034 2360 3086 in

746 3148 854 3205 quo
895 3147 1145 3189 essemus
1173 3133 1417 3203 potiores
1437 3132 1635 3189 scribis
1658 3144 1712 3186 et
1745 3129 2051 3201 pltarisa‘is,
2095 3130 2140 3184 si
2198 3128 2365 3183 exsti-

746 3230 1005 3283 tissentus
1024 3236 1202 3282 tecum
1235 3235 1520 3299 negatores
1553 3225 1697 3280 unici
1752 3225 1846 3279 Dei
1894 3223 2040 3288 Fllll,
2086 3223 2155 3290 si,
2189 3233 2248 3277 ut
2291 3222 2365 3276 illi

2462 2016 2578 2068 ritis
2599 2031 2684 2068 eos
2704 2017 2791 2085 qui
2834 2033 2919 2069 vos
2958 2018 3210 2087 diligunt,
3254 2012 3409 2087 quam
3445 2021 3745 2076 mercedem
3804 2022 4106 2078 habebitis?

2466 2123 2637 2161 nonne
2664 2118 2713 2162 et
2745 2108 3006 2177 publicani
3036 2111 3109 2163 ita
3143 2108 3160 2146 ι
3186 2110 3434 2179 faciunt?
3458 2123 3504 2165 et
3528 2113 3573 2165 si
3603 2115 3860 2167 salutatis
3912 2114 4107 2168 arnicas

2465 2212 2657 2255 vestros
2681 2210 2900 2266 tantum,
2925 2202 3051 2271 quid
3096 2202 3215 2271 plus
3268 2203 3492 2273 facitis?
3555 2219 3739 2259 naime
3788 2216 3839 2260 et
3893 2207 4106 2278 gentiles

2463 2293 2693 2361 idipsum
2721 2294 2965 2364 faciunt?
3000 2293 3160 2348 Eritis
3189 2312 3311 2365 ergo
3354 2306 3406 2350 et
3458 2311 3546 2350 vos
3595 2300 3851 2368 perfecti,
3881 2300 4012 2351 sicut
4062 2304 4106 2350 et

2470 2386 2634 2441 Pater
2661 2397 2839 2451 vester,
2872 2386 2960 2455 qui
2988 2397 3060 2440 est
3082 2388 3135 2440 in
3165 2387 3329 2452 cadis,
3357 2389 3622 2459 perfectus
3672 2399 3749 2443 est
3784 2388 3956 2460 (Ibid.
3989 2387 4105 2457 45).

2468 2479 2780 2549 Diligendos
2830 2478 3053 2533 mandat
3100 2481 3265 2533 etiam
3297 2480 3550 2535 inimicos
3613 2481 3925 2547 Dominus;
3955 2492 4010 2535 et
4053 2491 4105 2535 tu

2467 2589 2569 2629 nos
2594 2574 2944 2644 persequeris
2971 2570 3115 2641 quod
3145 2574 3459 2629 innocentis
3512 2574 3741 2629 Domini
3795 2574 4107 2631 sacerdotis

2465 2680 2718 2721 ernorcm
2749 2681 2854 2718 non
2881 2674 3059 2719 tecum
3086 2662 3411 2719 fuderimus.
3442 2664 3636 2720 Divina
3660 2665 3873 2721 clamat
3900 2681 4004 2721 vox
4029 2666 4109 2722 di-

2468 2775 2621 2814 cens:
2642 2757 2708 2812 In
2726 2758 3439 2831 quojudiciojudicat'eritis,
3454 2769 3499 2811 et
3514 2762 3578 2813 de
3596 2760 4104 2834 robisjudicabitur,

2467 2862 2515 2906 et
2546 2853 2600 2905 in
2624 2870 2725 2920 qua
2754 2867 2997 2907 mensura
3025 2851 3188 2904 mensi
3214 2853 3443 2921 fueritis,
3467 2853 3520 2905 in
3543 2853 3731 2906 cadens
3750 2856 4045 2907 remittetur
4067 2863 4104 2891 η’

2466 2944 2719 3017 vobis(Ib.
2757 2962 2851 3009 vn,
2875 2946 3016 3013 2),et
3040 2957 3095 3000 tu
3123 2946 3261 3001 dicis
3286 2964 3298 2999 :
3328 2943 3583 3017 Iugulate
3634 2965 3796 3018 quem
3828 2950 4104 3021 deliquisse

2466 3040 2741 3110 ignoratis.
2777 3038 3005 3093 Fontem
3042 3040 3310 3093 malorum
3355 3056 3478 3095 cum
3500 3050 3553 3095 te
3575 3056 3708 3097 esse
3754 3044 4105 3109 memineris,

2469 3130 2616 3186 fuisti
2638 3141 2819 3187 tamen
2841 3147 3008 3186 ausus
3038 3132 3105 3187 de
3132 3148 3220 3197 eo,
3250 3148 3413 3204 quem
3440 3134 3665 3189 sciebas
3696 3133 3839 3191 false
3870 3138 4104 3207 petitum

2470 3238 2500 3277 a
2542 3224 2723 3289 vobis,
2753 3225 2981 3280 dicere:
3017 3223 3160 3279 Reus
3205 3235 3282 3279 est
3336 3225 3539 3279 mortis.
3577 3226 3742 3282 Adeo
3774 3242 3839 3283 es
3887 3244 4103 3294 ercurs,

747 3321 1065 3391 repudiarit,
1093 3332 1272 3376 tecum
1305 3321 1720 3389 repudiaremus
1760 3318 2130 3386 evangelieam
2182 3318 2366 3383 fidem,
2398 3309 2445 3373 C
2477 3316 2764 3385 Constanti
2820 3326 3047 3387 auguste
3078 3359 3092 3383 ,
3161 3327 3220 3371 ut
3270 3332 3370 3373 nec
3427 3318 3636 3372 dictum
3697 3319 3836 3374 illud
3891 3320 4103 3375 Domini

746 3415 1331 3485 destruxissemusque
1380 3412 1741 3484 apostolicam
1785 3411 2179 3465 traditionem?
2232 3408 2311 3464 Ne
2342 3419 2364 3445 ο

750 3507 958 3563 dixisse
983 3505 1319 3561 ntemitteras
1355 3505 1645 3560 Dominum
1684 3522 1696 3556 :
1736 3503 1971 3558 Audistis
2010 3505 2135 3573 quia
2174 3502 2366 3554 dictum

748 3609 825 3657 est
855 3602 1084 3669 antiquis
1121 3598 1139 3638 ί
1172 3617 1189 3653 .·
1226 3598 1351 3654 Νοη
1406 3599 1649 3664 occides;
1680 3598 1987 3666 quicumque
2030 3608 2200 3650 autem
2232 3598 2369 3650 occi-

748 3696 907 3759 derit,
937 3711 1055 3748 reus
1083 3695 1180 3747 erit
1199 3694 1405 3767 judicio
1435 3703 1483 3748 Β.
1520 3690 1635 3766 Ego
1659 3700 1829 3745 autem
1867 3690 1986 3745 dico
2033 3692 2175 3746 vobis
2228 3692 2368 3756 quod

747 3792 918 3847 omnis
968 3790 1058 3859 qui
1102 3789 1344 3843 irascitur
1375 3787 1532 3853 fratri
1572 3802 1668 3839 suo
1708 3786 1821 3839 sine
1874 3802 2053 3848 causa,
2103 3802 2224 3839 reus
2270 3786 2368 3839 erit

741 3886 953 3960 judicio
983 3882 1149 3956 (Ibid.
1174 3882 1305 3953 21);
1332 3894 1389 3936 ut
1423 3879 1541 3935 haec
1564 3880 1680 3935 ﬁeri
1708 3879 2049 3949 imperares?
2090 3881 2141 3934 Si
2198 3879 2371 3934 iratus

750 3976 909 4033 fuero
958 3980 1079 4031 sine
1109 3989 1272 4030 eausa
1316 3972 1470 4028 fratri
1524 3988 1667 4036 meo,
1701 3972 1745 4025 si
1797 3972 1993 4027 dixero
2032 3973 2120 4039 ei,
2176 3971 2366 4039 Fatue,

750 4083 904 4126 reum
936 4084 1022 4125 me
1052 4065 1447 4123 dicitfutnrum
1481 4051 1675 4119 unicus
1718 4062 1813 4118 Dei
1861 4062 2031 4118 Filius
2074 4065 2127 4118 in
2167 4063 2371 4135 gehen-

752 4179 879 4219 nam
907 4178 922 4227 ;
951 4169 1008 4217 et
1036 4157 1087 4229 ιι,
1122 4161 1421 4229 imperator
1449 4158 1760 4223 Constanti,
1789 4157 1837 4213 si
1873 4156 2069 4213 fudere
2111 4173 2366 4214 cruorem

752 4257 1086 4319 innocentis,
1130 4254 1290 4319 dicis,
1343 4252 1586 4323 requiem
1644 4261 1906 4307 :eternam
1940 4269 2366 4323 possessurnm:

752 4365 856 4406 nec
884 4350 1119 4404 retinere
1168 4346 1389 4416 potuisti
1418 4386 1433 4410 ,
1482 4344 1701 4415 quando
1747 4344 2100 4399 mt-ditabaris
2140 4346 2373 4401 interfici

751 4444 1062 4515 Oportuissc
1101 4439 1483 4505 Athanasium,
1514 4438 1777 4507 subqnali
1798 4439 2113 4495 conditione
2146 4455 2369 4495 munera

746 4537 980 4608 jusserit
1011 4535 1201 4591 offerri
1237 4532 1536 4588 Dominus?
1561 4531 1620 4587 Si
1638 4532 1803 4603 igitur
1821 4530 1985 4601 offers
2008 4548 2199 4585 munus
2225 4542 2371 4586 tuum

751 4630 822 4683 ad
846 4628 1039 4691 altare,
1075 4637 1123 4682 et
1154 4626 1225 4681 ibi
1258 4635 1633 4681 rememoratus
1690 4625 1855 4694 fueris
1878 4665 1893 4689 ,
1949 4624 2091 4696 quod
2128 4623 2143 4661 ί
2180 4624 2370 4681 habeas

2472 3427 2595 3467 cum
2632 3414 2747 3465 htcc
2782 3412 3071 3466 ttiandares
3102 3411 3241 3471 fieri,
3277 3410 3532 3481 potueris
3581 3412 3881 3469 reminisci
3911 3431 3924 3467 :
3967 3414 4104 3481 Quid

2473 3514 2645 3558 autem
2667 3504 2810 3558 vides
2838 3508 3091 3575 festucam
3116 3505 3167 3556 in
3190 3504 3341 3557 oculo
3365 3503 3542 3573 fratris
3571 3506 3675 3573 tui,
3706 3506 3907 3560 trabem
3934 3519 4102 3561 autem

2473 3598 2527 3650 in
2552 3598 2704 3651 oculo
2727 3608 2814 3651 tuo
2844 3614 2947 3650 non
2999 3597 3140 3650 vides
3160 3597 3185 3649 ?
3208 3606 3297 3649 aut
3325 3596 3582 3666 quomodo
3609 3598 3749 3651 dicis
3781 3600 3939 3670 fratri
3966 3612 4055 3652 tuo
4088 3614 4106 3651 .'

2478 3692 2605 3746 Sine
2632 3702 2687 3746 ut
2710 3692 2915 3766 ejiciam
2960 3692 3052 3745 tibi
3104 3695 3355 3762 festucam
3411 3691 3474 3744 de
3521 3691 3682 3747 oculo
3729 3702 3842 3756 tuo,
3893 3704 3943 3748 et
3991 3710 4105 3747 ecce

2479 3788 2647 3841 trabes
2674 3794 2702 3821 ιι
2742 3788 2795 3839 in
2842 3786 2991 3841 oculo
3034 3795 3123 3839 tuo
3173 3786 3295 3840 est?
3340 3785 3657 3857 IIypocrita,
3718 3791 3855 3861 ejice
3882 3791 4104 3853 primum

2482 3880 2676 3933 trabem
2703 3881 2767 3933 de
2792 3880 2944 3933 oculo
2972 3891 3083 3941 tuo,
3118 3889 3163 3932 et
3190 3889 3310 3932 tunc
3362 3879 3556 3933 videbis
3609 3881 3805 3951 ejicere
3852 3882 4101 3950 festucam

2484 3973 2549 4026 de
2580 3974 2730 4027 oculo
2753 3974 2934 4044 fratris
2956 3972 3029 4026 tui
3055 3970 3222 4043 (Ibid.
3275 3975 3355 4039 ὅ).
3386 3972 3625 4028 Trabem
3689 3975 3745 4029 in
3802 3976 3967 4031 oculo
4013 3986 4103 4029 tuo

2481 4065 2761 4122 dicitessc
2791 4067 3053 4122 DOntinus
3078 4107 3092 4131 ,
3125 4076 3181 4121 et
3211 4066 3381 4122 audes
3411 4066 3596 4122 dicere
3626 4069 3938 4126 Athanasio
3987 4073 4101 4125 viro

2476 4159 2808 4230 iustissimo,
2843 4158 3122 4214 Festucam
3149 4160 3302 4215 habes
3324 4160 3377 4212 in
3414 4160 3614 4214 oculo?
3646 4161 3752 4217 Ille
3783 4165 3933 4218 enim
3970 4163 4099 4218 nihil

2479 4253 2677 4308 horum
2710 4253 3005 4320 commisit,
3040 4270 3163 4324 quae
3191 4254 3239 4307 ei
3274 4252 3518 4323 dignaris
3564 4254 3819 4323 obiicere
3850 4274 3861 4309 :
3915 4264 4099 4311 eontra

2476 4356 2556 4411 tu,
2613 4362 2974 4417 quascumque
3020 4346 3287 4409 diximus,
3336 4362 3396 4401 cs
3455 4356 3745 4415 oneratus,
3802 4346 4098 4411 Damnate,

2475 4443 2694 4510 quoties
2725 4440 2936 4505 dixisti,
2967 4440 3314 4494 innocentem.
3340 4440 3512 4508 Quam
3544 4456 3649 4495 nos
3680 4442 3849 4497 aliam
3886 4442 4096 4497 voluisti

2474 4534 2946 4603 comprehendere
3002 4533 3181 4599 viam,
3230 4534 3335 4588 nisi
3379 4545 3552 4599 tuam,
3605 4551 3779 4603 quam
3840 4535 4101 4592 describit

2477 4627 2763 4693 Dominus,
2797 4628 3024 4682 dicens:
3058 4626 3227 4694 Quam
3263 4634 3288 4663 °
3320 4626 3427 4681 lata
3458 4637 3504 4680 et
3536 4630 3782 4697 spatiosa
3832 4632 3939 4697 ria,
3988 4646 4100 4701 quc

748 4721 953 4793 aliquid
969 4736 1086 4775 cum
1106 4722 1272 4790 fratre
1296 4728 1560 4788 tuo,pone
1587 4734 1776 4772 munus
1803 4727 1947 4771 tuum
1970 4728 2090 4771 ante
2113 4720 2299 4786 altare,
2326 4730 2372 4775 et
2401 4714 2453 4775 D
2479 4723 2621 4777 ducit
2650 4720 2718 4774 ad
2747 4720 3035 4783 interitum,
3061 4728 3110 4774 et
3135 4720 3287 4774 multi
3316 4731 3436 4774 sunt
3459 4720 3548 4789 qui
3576 4721 3783 4777 intrant
3823 4741 3916 4793 per
3956 4724 4096 4779 illam

827 4856 1016 4912 ‘Cum
1068 4853 1307 4927 (ἕξω-,1.
1359 4853 1394 4908 5
1438 4855 1649 4908 testim.
1708 4849 1869 4906 Vcrs.
1926 4851 2056 4907 Aut.
2104 4853 2365 4920 Quoniam

750 4928 880 4999 ipsis
896 4923 1222 4999 miserebitur
1246 4923 1414 4999 _Deus._

821 4998 847 5037 δ
874 4998 1035 5055 Forte
1067 4998 1142 5051 Tu
1174 5008 1367 5053 tamen.
1396 4994 1632 5052 Galand.
1667 4994 1761 5064 qui
1796 4996 1960 5064 paulo
2012 4994 2238 5052 inferius
2290 4999 2365 5053 Ie-

749 5071 831 5140 git
856 5072 1203 5135 (acup/elatos
1234 5086 1335 5138 pro
1358 5067 1714 5140 locupletatis.

827 5152 849 5180 ο
884 5142 945 5197 Si
968 5158 1128 5208 cum;
1163 5140 1411 5210 intelligi:
1443 5142 1486 5194 si
1514 5139 1747 5210 quando.

822 5212 849 5249 ά
881 5212 1020 5269 Vide
1048 5230 1174 5267 mam
1203 5213 1368 5268 dicta.

826 5293 849 5321 ε
881 5283 989 5338 Pro
1028 5300 1120 5337 nec
1161 5284 1265 5338 Tit.
1315 5293 1371 5336 et
1426 5282 1477 5336 la
1523 5281 1726 5347 Cerda,
1783 5290 1843 5337 et
1896 5280 2131 5338 Galand.
2179 5282 2364 5351 Forte,

746 5372 905 5421 anne,
935 5356 1019 5411 vel
1056 5372 1246 5410 nonne.
1281 5352 1511 5410 Galand.
1544 5355 1770 5408 rectius.
1798 5356 1813 5367 '

825 5425 844 5464 ι
884 5426 1036 5483 Vera.
1075 5431 1201 5482 Ant.
1235 5425 1312 5481 Ab
1342 5425 1661 5492 antiquis....
1693 5426 1783 5494 qui
1805 5434 2001 5479 autem.

821 5507 845 5545 8
882 5497 1036 5553 Vers.
1100 5501 1231 5555 Ant.
1284 5496 1582 5569 utrobique
1638 5497 1693 5549 in
1728 5496 1959 5569 judicio.
2018 5494 2086 5549 In
2135 5495 2294 5553 abest
2330 5512 2360 5553 a

748 5576 966 5635 cra-co,
998 5571 1073 5624 uti
1100 5589 1125 5622 a
1160 5567 1338 5624 Lucif.

817 5645 844 5685 ιι
876 5638 1141 5723 Forte_,_e_t
1163 5654 1215 5723 tu
1240 5642 1547 5723 imperator,
1581 5646 1689 5693 etc.
1721 5638 1960 5723 Galand.

823 5719 838 5755 ὶ
874 5715 1007 5767 an
1039 5709 1472 5765 llilarioPictav.
1505 5709 1817 5765 Comment.
1866 5712 1921 5766 in
1968 5710 2158 5766 Matth.
2191 5710 2350 5768 Vers.

740 5790 873 5845 Ant.
900 5798 915 5838 :
956 5784 1016 5837 Si
1038 5800 1163 5855 ergo
1185 5780 1465 5855 oﬂ'eres....
1496 5783 1620 5851 quia
1648 5784 1808 5849 frater
1834 5794 1950 5855 tuus
1979 5783 2133 5839 habet
2155 5784 2354 5855 aliquid

739 5862 989 5915 adversus
1020 5865 1069 5908 te
1093 5852 1115 5907 Ξ
1140 5855 1373 5919 relinque
1400 5854 1561 5907 ibi...
1588 5855 1797 5907 ueniens
1823 5852 2027 5917 σπίνω.

815 5940 828 5981 t
864 5930 1022 5987 Vera.
1048 5930 1175 5981 Ant.
1199 5925 1429 5980 0dies...
1462 5924 1745 5981 benedicite
1760 5927 1845 5996 qui
1872 5927 2179 5984 maledicent
2192 5928 2349 5985 vobis.

2541 4857 2566 4895 ¹ε
2594 4855 2914 4934 V_ers._Aut.
2947 4854 3064 4934 filis,
3088 4858 3176 4927 qui
3196 4857 3379 4910 odiunt
3408 4874 3542 4934 oos,_
3572 4869 3625 4915 et
3671 4872 3822 4917 orate
3878 4880 3971 4934 pro
4014 4880 4094 4917 ca-

2470 4929 2848 4985 lumniantibus
2874 4929 3038 4995 vobis,
3094 4939 3142 4982 et
3195 4930 3626 4998 persequentibus
3674 4929 3888 4990 vos....;
3936 4935 4094 4989 solem

2470 5017 2626 5075 suum
2650 4999 3037 5075 oririjubet....
3065 4999 3127 5055 Si
3150 5000 3287 5054 enim
3314 5002 3611 5075 diligitis...
3650 5005 3750 5058 hoc
3791 5006 4030 5075 fecittot?
4049 5014 4094 5058 et

2472 5074 2517 5126 si
2544 5070 2804 5131 salutaris
2844 5074 3175 5141 fratres......
3229 5070 3457 5139 amplius
3513 5070 4011 5142 facietisTNonnc
4047 5084 4093 5129 et

2477 5142 2687 5197 Ethnici
2704 5142 2802 5198 hoc
2826 5144 3070 5217 faciunt?
3087 5142 3262 5198 Estote
3284 5160 3405 5214 ergo
3427 5146 3719 5217 ethypr.
3750 5147 3848 5202 lib.
3873 5147 3940 5203 de
3958 5148 4089 5202 bono

2473 5218 2704 5293 patient.
2736 5215 2837 5293 _qui
2869 5232 2957 5269 vos
3012 5226 3409 5293 persequuntur.
3469 5215 3607 5293 Mss.
3659 5220 3850 5293 plures
3901 5221 4085 5293 φίλους,

2476 5285 2693 5340 amicos.
2730 5286 2908 5340 Graec.
2960 5295 3183 5351 ποιεῖτε,
3237 5289 3453 5354 facitis:
3503 5285 3745 5344 Tertull.
3797 5285 3967 5347 libi!
4001 5289 4089 5346 ad-

2476 5372 2667 5414 versus
2699 5358 2865 5412 Marc.
2897 5360 3044 5412 eritis
3074 5374 3091 5412 :
3122 5372 3316 5413 omnes
3350 5358 3403 5412 lti
3433 5372 3558 5414 cum
3612 5359 3791 5417 Lucif.

2554 5427 2570 5467 ι
2609 5427 2721 5482 Ista
2753 5430 2879 5499 legit
2906 5430 3093 5484 Sabat.

2477 5571 2493 5626 Ι
2616 5500 2772 5555 Veis.
2844 5501 2972 5556 Attt.
3040 5501 3376 5566 remetietur;
3427 5501 3499 5555 ita
3550 5506 3845 5577 corrigunt
3886 5507 3987 5564 Til.
4035 5516 4085 5564 et

2496 5581 2650 5626 satin.

2496 5577 2650 5629 sati".

2465 5641 2844 5771 vetsflgtllilLCI
2873 5644 3163 5716 Sangerm.
3186 5643 3347 5699 codd.
3384 5646 3568 5713 trabis,
3606 5650 3755 5719 apud
3817 5651 4005 5707 Sabat.
4035 5661 4086 5706 et

2515 5731 2624 5770 ers.
2652 5720 2777 5771 Ant.

2538 5796 2563 5823 ο
2600 5787 2753 5865 νεεδ.
2805 5789 2932 5865 Ant.
2964 5787 3103 5865 Quia
3145 5786 3489 5865 _lata...:___via
3510 5799 3689 5865 est..._.
3734 5797 3807 5847 ad
3842 5793 4083 5865 perditio-

2462 5876 2599 5933 nem.
2654 5857 2789 5933 Cyn_.
2829 5860 2910 5933 _lih
2968 5860 3000 5912 5
3034 5859 3283 5933 test_im._;
3332 5860 3506 5933 llilar.
3544 5863 3597 5916 in
3627 5857 3869 5933 Mattlt.';
3901 5866 4076 5922 Codex

2460 5928 2726 5997 Clarom.’;
2753 5930 2943 5987 Sabat.
2970 5945 3093 5986 cum
3120 5928 3293 5987 Lucil.
3316 5932 3483 5997 (luant
3509 5935 3641 5991 ldta.
