3854 6430
97 467 187 524 889

1155 464 1293 521 PRO
1332 460 1603 523 SANCTO
1640 459 2037 519 ATHANASIO
2076 462 2204 519 LIB.
2251 464 2316 520 Il.

3283 469 3389 526 890

98 588 247 662 (Ibid.
276 587 423 657 13)?
451 584 588 653 Quia
618 592 643 621 ι
674 582 858 653 itaque
897 582 973 638 sis
1014 582 1069 637 in
1092 581 1194 635 hac
1226 582 1332 636 lata
1361 589 1419 637 et
1443 580 1685 651 spatiosa
1713 584 1764 643 Α
1789 583 2015 655 patietur
2049 599 2067 637 :
2089 583 2447 652 quodcumque
2472 585 2805 642 intimauerit
2829 585 2857 625 ιι
2884 589 2959 643 νίν
3004 587 3263 653 mulieris,
3296 587 3394 640 da—

96 681 416 740 constitutus
448 680 557 745 via,
582 676 888 747 prmcepisti
916 676 1165 733 damnari
1195 676 1563 741 innocentem,
1593 691 1687 730 cu-

95 783 238 848 piens
270 774 517 844 profecto
557 771 773 827 cunctis
830 771 1092 834 revelari,
1124 768 1267 839 quod
1299 779 1388 824 tua
1430 770 1537 824 late
1566 783 1685 839 per-

94 871 218 926 ditio
246 868 576 924 dominetur.
604 864 871 933 Tempore
895 864 921 901 ι)
954 878 1063 929 quo
1106 864 1296 917 venisti
1341 862 1407 915 ad
1453 861 1685 925 Italiam,

95 968 167 1021 sic
196 973 253 1019 te
292 963 477 1031 lupum
500 959 737 1013 finxeras
758 972 938 1022 ovem,
965 965 1240 1025 tamquam
1264 970 1369 1009 non
1399 954 1687 1007 fuissemus

94 1072 154 1112 ex
185 1054 445 1122 operibus
475 1053 581 1106 tuis
612 1061 664 1106 te
696 1051 987 1118 repertori,
1018 1060 1289 1117 tamquam
1333 1045 1560 1115 fugisset
1588 1059 1687 1099 nos

92 1145 304 1201 Domini
336 1143 574 1197 monclla
610 1153 630 1180 ο
660 1140 895 1196 dicentis
925 1160 937 1193 :
989 1141 1246 1193 Alteudite
1294 1139 1433 1191 vobis
1478 1154 1508 1190 a
1539 1137 1687 1207 falsis

89 1238 374 1311 prophetis,
407 1238 498 1307 qui
528 1238 735 1290 veniunt
788 1235 855 1288 ad
908 1249 995 1286 vos
1034 1233 1087 1285 in
1136 1233 1317 1287 vestitu
1364 1230 1551 1294 arium,
1601 1231 1684 1282 in-

88 1333 340 1386 trinsecus
379 1327 406 1368 ἀ
453 1342 629 1384 autem
668 1338 788 1383 sunt
836 1328 948 1395 lupi
999 1344 1211 1392 rapaces
1248 1369 1262 1391 ,
1323 1342 1385 1379 ex
1433 1323 1687 1394 fructibus

86 1440 262 1479 eorum
310 1425 628 1496 cognoscetis
679 1439 766 1476 eos
822 1418 1005 1492 (Ibid.
1066 1419 1189 1487 15).
1262 1417 1529 1488 Numquid
1580 1433 1687 1472 non

87 1518 347 1572 luxerunt
378 1518 522 1571 illico
555 1517 741 1570 tristes
772 1513 998 1567 venenis
1026 1511 1228 1565 diaboli
1268 1515 1317 1564 in
1362 1522 1412 1565 te
1467 1509 1689 1563 insemi—

85 1611 194 1664 nati
220 1609 551 1663 amarissitni
572 1606 793 1660 fructus
828 1607 927 1664 tui,
952 1616 1010 1657 ut
1042 1605 1220 1657 dict-re
1246 1604 1462 1657 tentain
1488 1645 1501 1667 ,
1535 1603 1688 1655 dani-

82 1702 328 1759 nandum
352 1702 519 1756 fuisse
546 1699 893 1755 inauditum?
918 1696 1177 1766 numquid
1208 1712 1329 1749 nam
1365 1711 1471 1750 non
1499 1707 1689 1765 patue-

83 1808 209 1851 runt
237 1795 531 1850 confestim
567 1792 781 1847 insidia:
813 1801 917 1845 tua:
947 1790 1053 1858 lupi
1079 1789 1329 1859 rapacis?
1356 1790 1507 1856 Quod
1541 1788 1688 1842 enim

78 1903 274 1946 contra
306 1889 407 1944 Dei
437 1890 581 1945 ovile
614 1888 919 1942 machinam
952 1885 1352 1938 consmixisses
1374 1884 1686 1947 maximam,

1789 676 1858 729 bit
1891 692 2007 730 cum
2042 677 2057 711 ί
2092 678 2367 747 dignitate.
2404 678 2558 745 Quod
2583 680 2628 733 si
2650 680 2994 747 deformatum
3027 681 3207 751 fuerit,
3249 678 3393 733 dabit

1788 770 2020 822 animant
2062 786 2158 839 pro
2182 770 2383 834 anima,
2421 772 2626 825 oculum
2677 788 2769 842 pro
2817 772 2990 837 oculo,
3042 772 3246 826 dentem
3296 784 3393 840 pro

1790 862 1961 924 dente,
1992 878 2201 915 manum
2235 879 2331 928 pro
2369 878 2547 927 manu,
2575 865 2754 933 pedem
2773 880 2868 935 pro
2892 864 3041 933 pede.
3076 862 3391 918 combustum

1790 970 1885 1023 pro
1914 954 2199 1019 combusto,
2241 956 2428 1010 vulnus
2463 972 2557 1024 pro
2584 956 2796 1010 vulnere
2818 998 2833 1017 ,
2884 958 3092 1010 livorem
3118 972 3213 1025 pro
3237 955 3396 1010 livore

1790 1047 1917 1117 (Ex.
1959 1062 2070 1114 xxi,
2119 1047 2235 1119 22).
2292 1046 2522 1103 Credoi
2585 1048 2721 1103 nihil
2772 1062 3051 1103 sacrarum
3109 1059 3162 1103 te
3210 1049 3396 1119 lugere

1789 1140 2235 1208 scripturarum:
2287 1155 2468 1208 neque
2509 1141 2657 1195 enim
2714 1155 2907 1212 posses
2959 1141 3178 1212 egregia
3234 1140 3395 1196 nobis

1790 1231 1922 1287 dare
1964 1233 2244 1298 mandata,
2303 1233 2407 1287 nisi
2468 1231 2666 1288 fuisses
2710 1233 2844 1305 legis
2901 1233 3133 1303 peritus.
3184 1231 3425 1303 Legisti

1790 1328 1978 1396 utique
2018 1330 2183 1381 etiam
2234 1327 2392 1381 lucc:
2447 1325 2632 1381 Omnis
2669 1329 2757 1397 qui
2800 1329 2948 1382 audit
2997 1327 3092 1382 hos
3135 1343 3396 1382 sermones

1790 1436 1930 1474 meos
1961 1418 1986 1456 κ
2015 1431 2064 1472 et
2090 1421 2213 1489 facit
2236 1421 2637 1485 illos,‘similem
2657 1419 2921 1475 testiinabo
2949 1420 3100 1473 illum
3126 1423 3236 1473 viro
3266 1434 3396 1490 pru-

1792 1514 1933 1569 denti
1962 1512 2005 1580 ¹,
2038 1515 2125 1585 qui
2164 1513 2442 1584 adificarit
2496 1514 2705 1569 domum
2747 1529 2896 1569 suam
2951 1529 3107 1584 super
3155 1525 3396 1581 petram:

1793 1606 2058 1661 descendit
2105 1606 2280 1675 pluria
2303 1648 2317 1672 ,
2369 1618 2419 1661 et
2449 1616 2488 1644 ω
2518 1618 2765 1661 venerunt
2820 1605 3043 1676 ﬂamina
3070 1648 3086 1672 ,
3138 1605 3395 1675 [laverunt

1793 1701 1948 1765 venti,
1978 1701 2300 1769 impegerunt
2325 1708 2353 1735 ιι
2382 1700 2436 1753 in
2468 1700 2679 1753 domum
2714 1700 2883 1765 illam,
2934 1709 2983 1753 et
3021 1715 3124 1753 non
3170 1698 3394 1753 cecidit:

1793 1790 2010 1860 fundata
2057 1792 2191 1844 enim
2226 1802 2340 1846 erat
2372 1807 2528 1864 super
2560 1800 2780 1862 petram.
2810 1788 2880 1844 Et
2907 1791 3074 1845 omnis
3111 1791 3199 1858 qui
3249 1791 3399 1844 audit

1792 1899 2052 1938 sermones
2074 1890 2232 1949 meas,
2266 1901 2357 1938 nec
2386 1886 2509 1940 illos
2554 1888 2710 1955 facit,
2757 1886 2977 1940 similem
3018 1876 3283 1939 testimabo
3332 1882 3401 1937 il-

81 1984 354 2040 l'ructilius
380 2000 514 2054 ergo
547 1983 652 2037 luis
676 1980 952 2051 quomodo
986 1996 1089 2033 non
1119 1982 1235 2032 ovis
1261 1981 1448 2041 fuisse,
1479 1977 1572 2031 sed
1606 1977 1685 2030 lu-
1719 1982 1762 2041 Β
1791 1979 1896 2031 lum
1926 1985 1950 2013 ο
1978 1978 2176 2031 homini
2203 1978 2383 2040 stulto,
2412 1980 2501 2047 qui
2527 1978 2804 2048 aediﬁcavit
2825 1978 3037 2031 domum
3060 1993 3207 2032 suam
3236 1991 3396 2047 super

84 2092 185 2147 pus
217 2080 438 2147 agnitus
470 2093 529 2131 es
555 2117 570 2141 ,
602 2077 684 2130 sic
716 2084 770 2129 et
810 2073 1082 2144 quomodo
1130 2074 1230 2137 sis,
1290 2072 1390 2125 nisi
1434 2072 1527 2122 tibi
1560 2086 1691 2123 cun-

81 2170 352 2231 sulueris,
382 2169 548 2223 arbor
577 2169 685 2238 igni
732 2167 1029 2228 destinata,
1066 2166 1297 2232 probant
1342 2180 1496 2218 sacra
1528 2180 1692 2218 evan-

78 2261 254 2331 gelia.
291 2259 559 2328 Numquid
583 2262 836 2331 colligunt
880 2263 941 2311 tle
982 2260 1144 2329 spinis
1200 2275 1350 2311 uvam
1398 2270 1441 2323 ο,
1494 2266 1582 2310 aut
1609 2257 1692 2310 ede

77 2352 291 2407 tribulis
344 2352 475 2418 ficus
499 2352 524 2404 .’
548 2354 622 2405 sic
643 2353 809 2405 omnis
834 2352 985 2404 arbor
1012 2352 1146 2403 bona
1178 2350 1336 2402 bonos
1382 2352 1580 2419 fructus
1612 2353 1693 2417 fa-

76 2446 172 2507 cit,
212 2446 357 2498 mala
384 2454 557 2498 autem
600 2444 755 2497 arbor
786 2443 947 2497 malos
980 2446 1179 2513 fructus
1205 2444 1347 2511 facit.
1380 2441 1499 2494 Non
1535 2452 1696 2509 potest

77 2539 245 2589 arbor
277 2536 410 2590 bona
458 2538 623 2588 mulos
652 2541 856 2605 fructus
914 2536 1105 2603 facere,
1160 2552 1317 2602 neque
1362 2534 1513 2586 arbor
1555 2536 1695 2586 mula

75 2630 254 2684 bonos
278 2633 483 2699 fructus
512 2632 701 2698 facere.
732 2628 911 2681 Omnis
942 2628 1095 2680 arbor
1121 2644 1235 2695 qua:
1266 2644 1365 2679 non
1401 2627 1526 2695 facit
1553 2626 1695 2693 fruc—

78 2732 197 2775 tum
241 2722 431 2775 bonum
462 2722 750 2786 excidetur,
784 2732 830 2775 et
880 2723 934 2775 in
968 2723 1134 2791 ignem
1163 2724 1387 2774 mittetur
1421 2738 1437 2775 :
1469 2738 1531 2775 ex
1556 2725 1695 2789 fruc-

75 2816 225 2870 tibus
256 2820 394 2868 enim
425 2831 603 2868 eorum
636 2815 957 2885 cognoscetis
990 2831 1093 2867 eos.
1128 2814 1249 2867 Non
1274 2816 1437 2867 omnis
1462 2816 1550 2883 qui
1570 2814 1695 2865 mihi

77 2909 245 2974 dicit,
272 2904 517 2971 Domine,
561 2904 804 2971 Domine,
843 2908 1051 2960 intrabit
1091 2908 1143 2959 in
1180 2924 1392 2979 regnum
1429 2908 1695 2972 calatum,

70 3002 172 3054 sed
199 3001 294 3070 qui
320 3000 447 3069 facit
468 3001 777 3053 voluntatem
829 2997 1003 3052 Patris
1034 3003 1129 3052 mei
1158 3000 1323 3069 (Ibid.
1354 2998 1467 3069 16).
1512 3000 1570 3055 Si
1604 3013 1698 3053 vo-

73 3095 359 3149 luntatem
386 3092 563 3147 Patris
594 3093 740 3147 unici
776 3092 868 3146 Dei
900 3092 1017 3145 Filii
1046 3094 1200 3157 lacis,
1247 3091 1523 3161 quomodo
1554 3092 1613 3145 lit
1641 3102 1696 3145 ιιι

71 3187 207 3255 ejus
250 3184 443 3238 Filium
482 3200 648 3253 neges
678 3186 1037 3251 unigenitum,
1074 3194 1130 3237 ut
1156 3185 1331 3253 ipsum
1364 3183 1579 3237 Putrem
1610 3182 1694 3238 di-

69 3294 175 3332 cas
217 3293 333 3332 non
376 3291 499 3333 esse
546 3293 740 3331 verum
796 3277 1051 3339 Patrem,
1102 3284 1159 3329 ut
1204 3276 1551 3330 fundamenta
1603 3291 1697 3344 per

1791 2088 2001 2124 arenam
2033 2088 2050 2125 :
2101 2072 2363 2125 descendit
2389 2071 2588 2143 pluvia,
2617 2072 2938 2125 advenerunt
2962 2071 3203 2139 flumina,
3233 2070 3397 2139 ﬂaue-

1791 2177 1908 2217 runt
1939 2166 2094 2229 uenti,
2137 2164 2394 2219 illiserunt
2425 2164 2601 2217 domui
2625 2163 2728 2228 illi,
2760 2173 2809 2216 et
2833 2162 3039 2230 cecidit,
3077 2171 3125 2216 et
3164 2165 3306 2233 facta
3326 2173 3401 2217 est

1792 2258 1947 2309 ruina
1975 2262 2089 2329 ejus
2110 2274 2301 2327 magna
2328 2256 2543 2327 (Matth.
2580 2273 2676 2319 νη,
2704 2256 2821 2326 94).
2879 2257 3054 2324 Quem
3103 2266 3155 2312 te
3204 2256 3400 2311 horum

1793 2363 1915 2403 esse
1939 2350 2098 2414 dicis,
2124 2349 2436 2415 Constanti,
2462 2350 2793 2419 sapientem,
2821 2363 2892 2403 an
2925 2347 3281 2417 insipientem
3300 2347 3401 2404 'lSi

1795 2442 2003 2497 dixeris
2034 2444 2360 2511 sapientem,
2395 2459 2493 2497 cur
2520 2458 2687 2514 opera
2724 2452 2813 2497 tua
2846 2450 3156 2498 monstrant
3184 2452 3239 2496 te
3270 2441 3407 2497 insi-

1796 2537 2077 2606 pientem?
2104 2552 2199 2591 cur
2222 2535 2420 2590 domus
2463 2545 2550 2590 tua
2584 2526 2867 2591 invenitur
2914 2535 3178 2590 collocata
3234 2548 3401 2604 supra

1794 2642 2015 2681 arenam
2038 2630 2062 2679 ϊ
2088 2626 2274 2696 Neque
2304 2627 2452 2682 enim
2506 2627 2715 2695 poteris
2736 2642 2903 2698 supra
2933 2635 3142 2696 petram
3178 2634 3230 2680 te
3259 2624 3401 2679 a-di-

1797 2718 1990 2774 licasse
2020 2719 2240 2773 domum
2275 2730 2421 2774 tuam
2454 2719 2664 2787 dicere,
2696 2735 2819 2775 cum
2850 2721 3031 2775 omnis
3071 2720 3290 2790 sapiens
3320 2720 3400 2776 vi-

1795 2813 1923 2868 deat
1951 2813 2211 2869 fabricam
2238 2813 2492 2869 stultitiae
2524 2823 2654 2876 tute.
2681 2830 2806 2869 cum
2836 2816 3018 2869 omnis
3063 2814 3160 2869 Dei
3208 2828 3403 2869 servus

1798 2909 2104 2975 cori5piciat
2135 2923 2388 2979 magnam
2440 2909 2579 2963 hanc
2620 2924 2783 2979 quam
2841 2907 3096 2979 praedixit
3142 2906 3406 2964 Duniinus

1798 3004 2013 3058 ruinam
2042 3004 2237 3058 salutis
2269 3013 2395 3058 tute.
2453 3003 2509 3058 In
2537 3018 2645 3069 quo
2672 3004 2877 3059 etenim
2932 2999 3212 3057 invenitur
3253 3011 3402 3057 stare

1796 3096 2165 3162 Christianus,
2201 3097 2305 3151 nisi
2340 3097 2394 3151 in
2422 3091 2665 3167 eo’quod
2702 3095 2994 3165 praeceptis
3043 3103 3234 3164 pareat.
3285 3093 3396 3147 Do-

1798 3188 2111 3244 mini‘lnisi
2144 3187 2197 3242 in
2227 3204 2292 3244 eo
2323 3189 2501 3255 quod,
2552 3190 2814 3243 omnibus
2865 3188 2913 3243 si
2961 3188 3128 3243 fuerit.
3173 3197 3401 3241 vexatus

1809 3296 1905 3352 pro
1933 3282 2154 3335 nomine
2199 3280 2296 3336 Dei
2328 3280 2454 3334 Filii
2481 3280 2981 3349 persecutionibus,
3033 3288 3217 3333 tamen
3248 3277 3406 3333 duret

66 3369 379 3440 apostolos
404 3371 625 3424 coneris
647 3369 936 3424 destruere
960 3370 1127 3439 jacm,
1157 3379 1213 3423 ιιι
1246 3370 1588 3423 interficeres
1617 3378 1697 3421 εδι-
1725 3372 1771 3435 C
1803 3374 2136 3431 immobilis?
2172 3374 2225 3428 in
2250 3388 2359 3443 quo
2388 3376 2495 3430 erit
2539 3374 2822 3445 perlectus
2877 3371 3241 3438 Christianus,
3294 3372 3400 3426 nisi

65 3480 186 3533 que
216 3464 523 3518 iuterlicias
553 3465 796 3517 cultores
822 3464 974 3533 ejus,
1011 3473 1068 3517 ut
1092 3464 1363 3519 antiSIites
1403 3463 1573 3532 ipsius
1630 3462 1699 3518 de

65 3558 313 3629 pupulis
334 3559 565 3625 pelleres
589 3558 692 3613 sibi
712 3560 1045 3622 commissis,
1075 3570 1131 3611 ut
1153 3560 1438 3613 absentem
1462 3567 1515 3613 et
1540 3559 1696 3611 inau-

62 3652 269 3706 ditum
290 3651 537 3707 damnari
557 3652 803 3720 juberes,
831 3663 887 3705 ut
913 3654 1166 3705 lueresim
1192 3665 1359 3717 tuam,
1391 3669 1511 3719 qua:
1536 3667 1695 3706 unam

62 3745 442 3813 bla~plicmat
489 3744 835 3799 divinitatem
892 3745 1069 3799 Patris
1101 3755 1154 3799 et
1185 3746 1302 3799 Filii
1354 3755 1405 3800 et
1458 3744 1696 3813 Spiritus

57 3838 291 3901 sancti,
324 3839 375 3890 in
406 3836 700 3890 ecclesiam
727 3836 1152 3892 iutroduceres?
1181 3838 1236 3893 Si
1258 3837 1373 3891 limc
1398 3849 1615 3904 cuncta,
1637 3848 1695 3893 ut

56 3928 348 3991 diximus,
385 3926 583 3997 placita
615 3938 743 3982 sunt
778 3930 886 3984 Deo
936 3928 1101 3997 Patri,
1162 3931 1366 4000 poteris
1406 3930 1610 3986 intrare
1641 3932 1695 3986 in

56 4035 320 4091 regnum
361 4021 651 4076 caelorum.
683 4022 853 4077 Audis
899 4024 1043 4078 enim
1098 4024 1281 4079 dicere
1328 4027 1547 4079 unicum
1602 4025 1692 4080 Fi-

53 4117 216 4172 lium
256 4118 379 4182 ejus
411 4133 427 4170 :
468 4113 588 4169 Non
608 4118 775 4169 onmis
815 4118 901 4186 qui
946 4117 1072 4171 dicit
1107 4119 1251 4181 mihi,
1283 4117 1537 4185 Domine,
1587 4118 1694 4174 Do-

50 4213 250 4272 mine,
286 4209 501 4263 intrabit
533 4209 587 4262 in
609 4226 823 4279 regnum
851 4211 1118 4273 calorum,
1149 4210 1240 4263 sed
1260 4212 1347 4279 qui
1370 4212 1493 4277 facit
1519 4212 1699 4265 volun-

45 4311 245 4355 tatem
282 4298 455 4353 Patris
484 4302 581 4353 mei
612 4300 779 4371 (Ibid.
810 4300 926 4369 2|).
970 4301 1221 4354 Dumnari
1243 4301 1402 4370 jubes
1434 4303 1691 4358 innoceo.

47 4406 180 4449 tem
225 4412 241 4446 :
287 4408 395 4447 non
424 4392 628 4448 recolis
659 4394 710 4446 in
744 4392 939 4447 Exodo
968 4394 1171 4448 dixisse
1230 4395 1443 4450 Deum?
1468 4395 1529 4450 Si
1554 4397 1696 4451 rixa-

44 4489 257 4543 rerint
294 4483 313 4522 ί
365 4484 509 4548 duo,
549 4493 596 4538 et
639 4486 985 4552 percusserint
1033 4486 1301 4539 mulierem
1333 4488 1384 4539 in
1416 4498 1558 4542 utero
1602 4487 1697 4541 Ita-

43 4582 313 4647 bentem,
339 4588 387 4632 et
417 4578 713 4633 abortiverit
738 4587 761 4624 8
790 4594 892 4632 non
920 4578 1299 4647 deformatum,
1335 4581 1698 4638 detrimentum

130 4777 162 4805 ⁸
201 4765 328 4821 Ριο
355 4779 495 4818 cum.
526 4761 633 4818 Til.

128 4837 163 4877 δ
205 4837 403 4891 Innuit
442 4832 1016 4889 ConstantiieGalliis
1042 4834 1335 4890 adventum
1391 4836 1442 4889 in
1486 4835 1693 4891 Italiam

33 4929 149 4967 nn.
205 4904 356 4969 554,
390 4904 477 4959 ubi
511 4920 575 4959 ea
607 4905 825 4960 molitus
856 4915 970 4967 est.
1028 4922 1149 4973 qua:
1208 4909 1259 4960 in
1287 4906 1697 4962 Mediolanensi

34 4978 342 5037 Concilio
373 4977 500 5031 anni
548 4978 888 5046 insequentis
936 4976 1149 5032 nefarie
1204 4988 1521 5047 perpetrata
1571 4989 1696 5034 sunt

30 5056 122 5111 ab
162 5048 429 5108 Arianis.

129 5138 157 5164 ι·
205 5124 331 5178 Pro
384 5118 733 5174 admonitione
762 5126 817 5174 et
843 5116 1220 5173 exhortatione.
1259 5119 1361 5174 Til.
1426 5120 1575 5175 Hanc
1601 5138 1692 5176 vo-

28 5214 187 5254 cem
223 5199 392 5249 notat
414 5193 579 5246 etiam
600 5192 672 5247 du
697 5187 933 5260 Cangius
957 5191 1007 5244 in
1032 5189 1215 5246 Gloss.
1258 5191 1363 5246 litt.
1396 5192 1464 5247 M.
1496 5208 1562 5248 ex
1592 5192 1697 5247 Lu-

24 5269 284 5327 cifern.

118 5338 155 5378 ιι
201 5337 379 5393 Vers.
405 5336 533 5392 Ant.
562 5335 789 5389 abintns.

124 5423 155 5450 ε
201 5407 386 5464 Vers.
421 5408 549 5461 Atil.
607 5406 842 5463 Uvas....
894 5405 1073 5459 Omnis
1132 5423 1376 5476 ergo.....
1428 5405 1598 5479 Igitur
1638 5424 1700 5462 ea:

24 5481 447 5559 fru_cl_i_bus..._.
484 5479 645 5559 dicet.

129 5556 152 5593 τ
196 5552 381 5605 Vers.
407 5552 533 5604 Ant.
563 5551 624 5604 Si
652 5548 927 5621 litigabunt
959 5550 1061 5602 duo
1090 5549 1207 5602 viri.

117 5637 152 5675 ς
192 5624 327 5679 Pro
352 5622 776 5696 abortum‘passa
832 5622 1020 5687 fuerit,
1046 5631 1092 5674 et
1115 5623 1367 5690 pepererit
1399 5639 1501 5676 non
1522 5622 1699 5696 defor-

18 5709 313 5757 matum.
343 5694 395 5747 id
439 5701 547 5749 est.
595 5694 851 5763 integrum
880 5702 925 5747 et
956 5696 1280 5818 perfectum,
1324 5709 1415 5746 nec
1466 5694 1704 5747 membris

20 5781 327 5818 cantant.
358 5774 449 5818 aut
480 5765 723 5817 mutilum
752 5780 769 5817 :
801 5775 857 5818 et
881 5764 995 5818 lucc
1069 5763 1208 5817 actin
1241 5768 1463 5818 pronius
1497 5764 1704 5818 accedit

19 5781 327 5842 captant,
358 5765 723 5842 aut_mutilum
752 5780 769 5817 :
801 5775 857 5818 et
881 5764 995 5818 lucc
1048 5763 1208 5818 lectio
1241 5768 1463 5833 propius
1490 5764 1706 5842 accedit

15 5835 119 5904 ad’
144 5844 397 5897 textum
434 5835 784 5895 Ili-liraicum.
815 5850 976 5901 quam
1007 5845 1186 5889 nnstra
1229 5837 1555 5889 cummunis.
1592 5835 1702 5890 'l‘il.

18 5929 95 5975 ει,
130 5916 194 5968 la
229 5906 445 5975 Cerda.
482 5905 636 5959 Vers.
670 5908 800 5960 Ant.
832 5906 895 5959 Et
922 5907 1101 5960 exierit
1136 5908 1307 5975 infans
1336 5910 1449 5975 ejus
1478 5908 1705 5961 nondum

24 5973 375 6063 formatus.
408 5973 709 6035 Galandius
734 5977 1114 6047 legilnnndum
1141 5973 1417 6033 i‘oritiatu‘m
1446 5986 1569 6033 ctlm
1603 5988 1704 6035 An-

1803 3471 1847 3527 si
1880 3470 2043 3523 etiam
2078 3466 2241 3523 fuerit
2270 3466 2592 3522 interfectus
2643 3481 2741 3535 pro
2792 3481 2878 3529 eo,
2913 3469 3074 3537 quem
3107 3474 3160 3518 tu
3202 3478 3404 3535 negare

1803 3562 2045 3632 dignaris
2076 3577 2264 3616 verum
2296 3576 2422 3616 esse
2458 3560 2653 3615 Filium
2688 3558 2829 3612 Dei?
2879 3557 2959 3612 Tu
3009 3564 3225 3619 centra,
3275 3571 3400 3611 cum

1801 3670 1908 3709 non
1942 3656 1993 3708 in
2021 3654 2256 3709 ecclesia
2280 3654 2379 3717 sis,
2414 3650 2510 3706 sed
2546 3650 2688 3720 apud
2718 3648 2956 3703 Arianos
3003 3649 3093 3703 Dei
3124 3646 3397 3714 inimicos,

1797 3762 1921 3801 cum
1951 3745 2047 3801 Dei
2079 3746 2299 3799 unicum
2329 3743 2526 3798 Filium
2560 3757 2767 3813 negans
2782 3742 2877 3806 sis,
2909 3755 3032 3794 cum
3058 3755 3163 3794 non
3194 3740 3270 3795 sis
3291 3739 3399 3793 im-

1800 3840 1955 3909 plens
1984 3839 2105 3908 ejus
2137 3838 2393 3891 mandata
2425 3836 2757 3900 clemenlim,
2792 3834 2889 3889 sed
2916 3834 3088 3904 magis
3109 3832 3401 3888 destruere

1802 3934 2041 3998 coneris,
2070 3947 2193 3987 cum
2221 3932 2298 3986 sis
2332 3931 2721 4001 prmvaricator
2765 3928 2925 3999 legis,
2976 3942 3100 3982 cum
3152 3927 3402 3981 desertor

1800 4024 2127 4079 sacramenti
2158 4023 2365 4077 militia:
2389 4023 2649 4085 caelestis.
2680 4037 2808 4076 cum
2844 4032 3163 4091 persecutor
3192 4018 3291 4073 Dei
3320 4033 3407 4073 re-

1800 4118 2041 4188 ligionis,
2071 4132 2193 4171 cum
2226 4127 2278 4171 te
2300 4118 2447 4171 circa
2472 4116 2590 4184 ejus
2622 4116 2865 4170 cultores
2914 4112 3163 4183 prmbeas
3212 4112 3400 4165 carni-

1802 4211 1983 4275 ficem,
2017 4210 2292 4280 quomodo
2326 4211 2528 4279 poteris
2559 4208 2780 4280 sapiens
2813 4208 2896 4260 vir
2926 4204 3157 4260 inveniri
3208 4202 3404 4257 similis

1796 4303 1904 4368 illi,
1934 4318 2094 4373 quem
2126 4303 2329 4358 dixerit
2359 4302 2627 4358 Dominus
2657 4316 2824 4372 supra
2858 4311 3071 4371 petram
3100 4298 3402 4354 aedificasse

1793 4396 2017 4451 domum
2048 4411 2202 4451 suam
2224 4396 2249 4450 ?
2272 4395 2377 4453 Sed
2408 4396 2591 4463 inquis
2612 4403 2805 4448 contra
2834 4394 2986 4447 haec:
3022 4389 3145 4445 Non
3173 4407 3291 4445 sum
3312 4390 3397 4443 in-

1798 4488 2018 4557 sipiens,
2047 4504 2141 4562 ego
2170 4490 2288 4543 nooi
2317 4504 2397 4542 me
2422 4488 2727 4556 sapientem.
2759 4485 2817 4541 Si
2860 4484 3080 4555 sapiens
3108 4495 3189 4548 es,
3216 4496 3317 4538 cur
3337 4497 3403 4537 ea

1803 4586 1981 4644 fecisti
2006 4599 2170 4660 atque
2200 4602 2261 4644 es
2291 4586 2516 4653 faciens,
2548 4601 2671 4657 qua:
2695 4586 2798 4640 soli
2847 4590 3073 4654 possunt
3110 4578 3293 4637 facere
3320 4581 3406 4635 in-

1722 4785 1777 4847 υ
1798 4767 2013 4837 gustino
2040 4768 2245 4837 Quaast.
2278 4782 2457 4847 Luxu;
2481 4775 2537 4822 et
2557 4764 2736 4836 rcjicit
2760 4763 2887 4819 Tilii
2912 4760 3265 4826 sententiam,
3284 4775 3405 4831 qua:

1801 4850 1984 4911 tamen
2008 4849 2192 4911 potest
2220 4840 2457 4910 prubari.

1872 4908 1899 4946 λι
1935 4904 2083 4965 Veis.
2116 4904 2244 4966 Ant.
2272 4911 2533 4979 Quantum
2560 4908 2867 4979 indixerit...
2897 4916 2944 4959 et
2970 4904 3133 4979 dabit.

1880 4980 1894 5018 ί
1937 4983 2006 5037 Ita
2047 4983 2222 5039 Graec.
2251 4975 2381 5054 μὲτὰ
2410 4984 2712 5052 ἀξιώματος.
2743 4977 2904 5054 vers.
2931 4980 3059 5030 Ant.
3108 4975 3237 5054 Cum
3282 4990 3402 5054 pos-

1800 5055 2074 5119 tulatione,
2100 5066 2175 5117 et,
2202 5046 2435 5107 siautem
2468 5046 2746 5120 formatum
2768 5049 3065 5122 fuerit...
3089 5046 3403 5122 combustio-

1801 5141 1917 5178 ncm
1940 5142 2032 5191 pro
2050 5126 2421 5179 combustione.
2443 5119 2579 5179 Sal).
2606 5123 2752 5193 legit,
2769 5119 2820 5175 si
2842 5128 3010 5174 autem
3033 5119 3402 5189 deformatum,

1841 5214 1900 5250 ro
1920 5197 2058 5251 quod
2084 5200 2148 5251 si.

1801 5210 1900 5265 pro
1920 5210 2057 5267 quod
2084 5214 2148 5251 st.

1882 5268 1895 5317 i
1936 5267 2062 5322 Hmc
2088 5268 2293 5323 irouice
2314 5266 2484 5323 dicta.
2515 5264 2647 5321 Vide
2674 5270 2843 5319 notat.
2874 5260 2927 5316 in
2950 5260 3042 5316 lib.
3072 5257 3404 5315 Moriendum

1804 5354 1900 5407 pro
1933 5337 2072 5393 Filio
2099 5337 2220 5395 Dei.

1877 5408 1905 5446 ¹ι
1929 5409 2086 5465 Vers.
2120 5416 2247 5465 Ant.
2287 5409 2454 5464 Verba
2472 5425 2582 5461 mea
2604 5411 2783 5461 ha'c...
2807 5406 2993 5461 similis
3016 5412 3111 5458 est.

1884 5477 1903 5518 ι
1934 5480 2070 5557 Qum
2103 5481 2336 5557 (ξιξερο-ρ
2367 5483 2609 5557 φρονίμῳ.
2636 5478 2794 5557 Vers.
2821 5476 2955 5557 Ant.
2980 5473 3243 5557 sapienti.

1880 5562 1920 5589 ω
1944 5552 2103 5608 Vers.
2124 5554 2248 5609 Ant.
2275 5545 2734 5615 Flacernnt'venti,
2764 5550 3074 5603 advenerunt
3096 5545 3336 5614 ﬂumina,
3358 5554 3407 5598 et

1805 5625 2222 5697 impegerunt....
2246 5623 2399 5677 verba
2424 5638 2537 5677 mea
2567 5622 2703 5697 lucc,
2731 5630 2778 5674 et
2801 5636 2903 5671 non
2934 5619 3168 5697 facilen,
3219 5616 3403 5697 similis

1809 5688 2111 5750 estri'ra....
2137 5697 2391 5765 flarerunt
2414 5700 2566 5759 renti,
2592 5693 2905 5748 advenerunt
2924 5689 3166 5759 fiumina,
3220 5698 3266 5741 et
3306 5688 3403 5739 im.

1811 5778 2059 5837 pegerunt
2087 5768 2139 5820 in
2157 5765 2371 5819 domum
2400 5768 2562 5820 illam.
3271 5829 3280 5840 ⁸

1884 5847 1911 5874 ιι
1938 5842 2148 5894 Calmet
2177 5840 2301 5901 legit
2328 5853 2395 5893 ex
2429 5837 2593 5891 Lucil.
2618 5837 2951 5904 impugernnt
2991 5833 3130 5888 inter
3172 5836 3402 5885 variant.

1812 5909 2035 5963 lectinn.
2067 5908 2224 5962 Tom.
2260 5920 2335 5962 vn
2377 5902 2857 5966 Coniment.’in'S.
2892 5902 3097 5974 Script.

1887 5986 1910 6011 τ’
1936 5981 2071 6034 Eum
2098 5980 2224 6048 legit
2250 5978 2361 6035 Sub
