3854 6398
101 447 215 500 893

1153 444 1287 499 PRO
1326 442 1595 499 SANCTO
1636 442 2035 499 ATIIANASIO
2074 440 2206 495 LIB.
2251 440 2314 495 ll.

3318 438 3425 495 89-5

105 575 255 619 trum
288 582 316 619 a
346 567 355 617 Ι
391 566 654 619 Ananiam
694 581 706 618 :
746 562 952 634 thuid
978 567 1189 633 repterit
1221 574 1433 617 satanas
1462 580 1551 617 cor
1578 574 1724 616 tuum
1753 564 1802 625 λ
1831 564 2000 617 Deum
2030 563 2203 627 Isaae,
2233 564 2401 617 Deum
2430 564 2617 624 Jacob,
2652 579 2713 617 ac
2744 565 2984 617 omnium
3014 562 3429 633 prophetarum,

107 661 324 713 mentiri
366 658 648 730 Spiritui‘
701 671 905 723 sancto,
962 669 1015 711 ut
1066 659 1393 712 subtralteres
1455 658 1517 710 de
1566 659 1728 728 pretio

107 753 353 815 pra'dii?
394 768 565 805 nonne
613 768 824 803 manens
854 752 941 803 tibi
971 752 1227 815 manebat,
1269 764 1315 805 et
1364 751 1622 803 venditum
1675 751 1728 803 in

104 854 201 900 tua
233 856 343 899 erat
386 854 636 913 potestate
668 845 690 897 ξ)
741 844 878 909 Quid
912 854 983 897 est
1017 842 1042 880 δ
1068 845 1203 912 quod
1245 844 1461 912 posuisti
1495 844 1543 895 in
1574 841 1730 895 corde

105 950 203 994 tuo
233 958 338 994 rem
362 941 515 993 istam
545 940 569 992 Ζ)
615 938 733 992 Non
760 956 811 992 es
854 940 1093 991 mentitus
1124 941 1438 999 horninibus,
1479 938 1565 989 sed
1595 936 1725 990 Deo.

106 1034 349 1086 Audiens
374 1044 544 1084 autem
576 1033 805 1085 Anauias
836 1032 928 1083 hos
970 1048 1228 1083 sermones
1259 1032 1465 1091 cecidit,
1492 1040 1536 1081 et
1559 1029 1729 1097 exspi-

105 1126 291 1177 ravit:
348 1133 394 1176 et
439 1124 607 1186 factus
632 1134 703 1177 est
758 1125 911 1176 tintor
956 1139 1173 1191 magnus
1222 1140 1375 1193 super
1427 1140 1599 1175 omnes
1642 1122 1729 1191 qui

103 1213 419 1269 audiebant.
468 1214 749 1285 Surgentes
794 1228 966 1267 autem
1016 1216 1367 1268 adolescentes
1410 1216 1728 1267 sustulerunt

102 1323 251 1371 eum,
286 1317 329 1360 et
362 1319 540 1361 euntes
590 1310 926 1379 sepelierunt.
978 1306 1195 1360 Factum
1233 1322 1306 1362 est
1348 1321 1520 1360 autent
1564 1309 1723 1359 inter-

101 1400 305 1453 vallum
368 1402 615 1453 horarum
676 1405 780 1471 [ere
825 1402 1035 1466 trium,
1090 1413 1133 1451 et
1162 1418 1287 1452 uxor
1341 1405 1452 1472 ejus
1503 1402 1726 1452 nesciens

102 1492 250 1557 quod
278 1504 385 1544 erat
417 1496 639 1561 factum,
674 1494 882 1545 intravit
912 1509 929 1556 ;
960 1493 1191 1559 dixitque
1219 1494 1285 1543 ad
1315 1494 1458 1544 illuni
1492 1490 1677 1543 Petrus
1706 1509 1723 1545 :

106 1581 212 1634 Dic
250 1582 374 1634 milii
404 1585 445 1634 si
499 1586 627 1637 tanti
669 1586 921 1653 prardium
954 1584 1267 1636 vendidisti?
1320 1582 1416 1636 Illa
1453 1601 1566 1636 t'el‘O
1609 1587 1723 1636 ait:

102 1670 294 1727 Tanti.
326 1674 466 1739 Quid
511 1676 747 1727 convenit
790 1678 921 1728 inter
964 1692 1049 1730 vos
1082 1686 1279 1729 tentare
1333 1676 1569 1743 spiritum
1616 1673 1724 1727 Do-

101 1768 291 1821 mini?
321 1766 455 1821 Ecce
489 1769 641 1836 pedes
674 1785 849 1821 eorum
882 1770 968 1837 qui
1010 1770 1321 1836 :epelierunt
1370 1771 1529 1818 tirunt
1581 1780 1721 1819 tuum

102 1866 165 1915 in
190 1864 323 1917 ostio
375 1874 516 1927 sunt,
552 1873 597 1915 et
641 1862 853 1928 e/Ierent
883 1874 947 1917 te.
994 1860 1061 1914 Et
1093 1865 1323 1932 protinus
1377 1862 1555 1915 cecidit
1607 1872 1723 1915 ante

1836 656 2234 726 apostolorum,
2264 670 2327 709 ac
2358 668 2680 728 martyrum,
2736 666 2789 709 et
2849 656 3214 710 idololatriam
3262 653 3434 709 fueris

1832 750 1945 804 Arii
1976 759 2217 814 secntus,
2252 750 2553 815 existimas,
2584 750 2631 805 si
2664 752 2716 804 in
2747 750 2849 805 hac
2880 749 3221 819 bIaSphetuia
3272 758 3435 818 atque

1831 842 2154 897 crudelitate
2187 842 2491 907 duraveris,
2543 843 2684 911 quod
2721 857 2825 896 non
2860 842 2914 896 iu
2972 852 3021 896 te
3074 840 3317 896 maxima
3363 839 3437 895 sit

1832 936 2065 989 vindicta
2092 935 2311 987 futura?
2345 935 2546 987 Deinde
2590 937 2631 988 si
2686 936 3018 990 adversariis
3048 935 3311 989 Susanna:
3352 932 3433 989 sic

1832 1038 1912 1081 est
1944 1027 2084 1079 Deus
2112 1027 2402 1080 vindictam
2436 1028 2564 1081 dare
2593 1028 2876 1097 dignatus,
2933 1029 2985 1081 in
3045 1037 3095 1081 te
3149 1025 3436 1082 arbitraris

1832 1133 1935 1170 non
1970 1119 2274 1186 graviorem
2310 1123 2734 1186 processuram?
2769 1118 3060 1183 Procedet,
3090 1119 3218 1173 mihi
3244 1118 3431 1186 crede,

1830 1213 1872 1265 si
1903 1228 2006 1263 non
2040 1222 2091 1264 te
2134 1223 2341 1265 mature
2368 1213 2728 1265 converteris.
2783 1211 2837 1264 Si
2868 1213 3010 1265 enim
3042 1210 3139 1275 illi,
3172 1211 3300 1280 quia
3325 1210 3432 1266 Suo

1829 1319 2015 1358 sanna:
2047 1303 2353 1370 pudicitiam
2406 1305 2612 1358 violare
2666 1304 2882 1359 fuerant
2912 1306 3115 1371 conati,
3165 1303 3283 1359 haec
3310 1319 3431 1375 quae

1829 1398 2035 1466 subjeci
2090 1406 2411 1451 meruerunt
2456 1399 2757 1467 consequi,
2803 1408 3003 1468 quanto
3037 1399 3208 1469 magis
3254 1409 3308 1453 tu
3340 1398 3431 1469 qui

1829 1492 2075 1544 ecclesia:
2103 1507 2161 1544 es
2188 1507 2475 1560 aggressus
2507 1494 2712 1546 violare
2744 1491 3087 1545 eastitatem?
3121 1491 3434 1546 Petiverunt

1827 1586 1903 1639 illi
1936 1586 2065 1638 falso
2099 1586 2328 1638 crimine
2370 1585 2699 1650 Susannain,
2735 1597 2785 1639 et
2820 1600 2913 1638 vos
2961 1585 3183 1639 tetidem
3220 1584 3433 1654 petistis

1828 1695 1934 1732 non
1977 1678 2153 1732 solum
2187 1678 2567 1743 Athanasium,
2596 1680 2692 1731 sed
2723 1686 2779 1732 et
2812 1690 3042 1733 cunctos
3070 1678 3223 1732 vobis
3268 1678 3434 1732 resis-

1829 1786 2029 1828 tentes.
2071 1778 2175 1828 Aut
2206 1790 2368 1826 nutuu
2400 1774 2530 1827 dare
2557 1774 2766 1843 poteris
2810 1789 2839 1827 e
2891 1772 3293 1835 resistentibus,
3343 1773 3431 1827 cui

1828 1885 1933 1921 non
1984 1867 2301 1935 applicitum
2326 1866 2496 1921 fuerit
2522 1866 2772 1921 crimen?
2801 1865 2892 1920 Sic
2911 1880 3005 1920 vos
3035 1863 3220 1919 fuistis
3242 1865 3434 1918 armati

103 1955 266 2023 pedes
288 1957 419 2025 ejus,
442 1966 487 2008 et
518 1956 800 2025 exspiravit
833 1956 971 2024 (Act.
1000 1970 1048 2019 v,
1077 1955 1339 2024 3).Credo
1366 1954 1557 2023 legeris
1584 1953 1718 2019 hac,
1752 1976 1799 2035 Β
1830 1962 1894 2013 ad
1925 1961 2175 2015 ecclesia:
2220 1960 2527 2013 violandam
2569 1959 2904 2024 castitatem,
2959 1959 3097 2013 sicut
3129 1958 3204 2011 illi
3237 1955 3304 2011 ad
3330 1957 3429 2011 Stt-

102 2058 166 2099 et
201 2058 382 2101 tamen
418 2064 523 2101 non
567 2051 813 2102 timueris
844 2050 1173 2103 concinnare
1207 2050 1549 2103 mendacium
1592 2061 1718 2103 ante

103 2138 329 2191 Domini
364 2150 738 2208 conspectum.
774 2140 955 2205 Quare
1012 2141 1150 2193 istud
1190 2141 1383 2203 fecisti,
1438 2143 1538 2194 nisi
1595 2142 1720 2210 quia

102 2233 185 2283 sis
211 2230 475 2299 sapiens?
504 2234 643 2299 Quid
677 2243 730 2286 tu
756 2234 850 2287 tibi
887 2236 1124 2287 futurum
1160 2237 1461 2298 existimas,
1497 2235 1589 2303 qui
1645 2238 1719 2291 sis

101 2341 221 2379 non
261 2328 435 2379 Solum
471 2327 727 2391 mendax,
763 2328 858 2380 sed
904 2327 1177 2381 homicida
1210 2370 1223 2393 ,
1258 2346 1362 2381 non
1396 2330 1570 2381 solum
1626 2329 1724 2383 ho—

102 2416 335 2480 micida,
369 2416 465 2471 sed
497 2430 551 2471 et
581 2419 871 2473 haereticus
894 2419 915 2471 ?
942 2419 1135 2473 Credis
1179 2420 1271 2473 libi
1321 2422 1540 2489 impune
1572 2428 1721 2474 tanta

101 2526 329 2564 CCSrllI'J
360 2512 381 2564 ?
412 2511 589 2566 credis
622 2524 671 2567 te
701 2513 929 2567 evadere
966 2530 1123 2583 posse
1154 2524 1355 2568 atterna
1410 2515 1722 2585 supplicia?

102 2606 339 2658 Anania:
370 2605 569 2660 dicitur
601 2624 613 2659 :
652 2606 719 2661 Ut
746 2610 872 2677 quid
906 2611 1116 2678 replevit
1150 2620 1359 2663 satanas
1406 2627 1491 2663 cor
1551 2622 1718 2671 tuum,

102 2711 162 2749 ut
188 2699 379 2767 fuisses
419 2712 659 2754 mentitus
719 2704 944 2772 Spiritui
974 2713 1151 2755 sancto
1182 2702 1419 2773 (Ibid)?
1458 2715 1511 2759 et
1548 2705 1719 2770 dices,

102 2786 402 2843 Constanti
442 2794 779 2860 imperator,
836 2794 961 2859 quia
1018 2809 1124 2847 non
1172 2795 1461 2863 repleverit
1508 2806 1723 2850 satanas

104 2898 209 2937 cor
242 2894 485 2937 vestrum
520 2884 849 2940 Arianormn
881 2897 936 2939 ιιι
968 2888 1181 2941 mentiti
1214 2888 1451 2943 [IllSSeliS
1498 2890 1722 2959 Spiritui

102 2987 304 3029 sancto
336 2980 576 3031 manenti
629 2981 677 3031 itt
725 2980 813 3032 Dei
847 2983 1119 3036 ecclesia?
1168 2983 1467 3037 Ecclesiam
1520 2986 1718 3040 etenim

102 3071 425 3122 convenisti
456 3070 645 3125 dieens
679 3092 689 3126 :
727 3070 953 3140 Deliquit
985 3076 1034 3126 in
1068 3074 1229 3127 Deum
1285 3078 1596 3131 Athanasius
1622 3096 1639 3143 ;
1670 3090 1721 3133 et

107 3161 333 3216 videbat
368 3164 606 3231 Spiritus
666 3178 885 3219 sanctus
915 3170 1209 3221 mendaces
1242 3172 1447 3223 animas
1492 3182 1715 3235 Vestras,

103 3259 251 3311 sicut
284 3258 492 3312 viditet
519 3262 787 3313 Ananiam
841 3276 903 3314 ac
952 3262 1296 3329 δηιριιίιιτιιιιὶ.
1334 3263 1585 3327 Videbat,
1642 3267 1721 3318 iti-

1824 2070 2009 2108 sannre
2051 2054 2302 2119 luerunt,
2339 2054 2426 2122 qui
2461 2054 2756 2108 dixerunt:
2814 2052 2961 2107 Ostia
2987 2052 3227 2105 viridarii
3255 2052 3434 2105 clausa

1822 2160 1961 2212 sunt,
1995 2164 2141 2201 nemo
2170 2165 2261 2200 nos
2293 2148 2450 2212 videt,
2510 2148 2563 2199 in
2614 2147 3031 2216 concupiscentia
3084 2146 3158 2197 tui
3210 2158 3435 2209 sumus;

1824 2252 2028 2310 propter
2058 2243 2151 2293 Itoc
2178 2241 2406 2293 consenti
2431 2240 2595 2303 nobis,
2627 2251 2671 2292 ct
2701 2250 2807 2292 esto
2850 2237 3109 2291 nobiscum
3135 2252 3152 2290 .'
3196 2236 3431 2304 alioquin

1824 2332 2019 2398 {uisum
2048 2332 2397 2384 testimonium
2434 2332 2663 2384 dicemus
2715 2330 2985 2384 adversum
3040 2340 3128 2393 te,
3182 2328 3430 2399 quoniam

1825 2436 1932 2475 erat
1972 2435 2136 2477 tecum
2158 2426 2385 2493 juvenis,
2418 2436 2463 2477 et
2494 2436 2700 2493 prapter
2731 2423 2829 2476 hoc
2880 2423 3122 2475 dimisisti
3169 2423 3369 2491 puellas
3396 2437 3429 2474 a

1825 2527 1873 2570 te
1904 2516 2069 2588 (Dan.
2099 2532 2214 2579 χιιι,
2246 2518 2361 2586 ‘20).
2394 2519 2497 2571 Aut
2530 2518 2763 2571 tentabis
2792 2532 2995 2586 negare
3022 2530 3143 2570 esse
3174 2516 3379 2569 dictum
3411 2515 3433 2568 τ

1823 2605 2186 2663 Desiderantcs
2249 2627 2425 2664 smnus
2500 2627 2593 2664 nos
2642 2611 2846 2676 Ariani,
2902 2620 2945 2662 et
2977 2625 3092 2670 vos,
3124 2607 3427 2673 Christiani,

1826 2718 1980 2754 unum
2007 2702 2135 2772 efﬁci
2164 2720 2352 2771 corpus
2377 2718 2393 2756 :
2418 2702 2757 2771 derelinquitc
2781 2703 2937 2772 ﬁdem
2965 2719 3118 2769 quam
3157 2702 3298 2771 apud
3324 2700 3429 2754 Ni-

1822 2810 1979 2845 caeam
2031 2806 2208 2847 contra
2241 2811 2329 2848 nos
2362 2797 2539 2848 tenetis
2568 2796 2932 2864 conscriptam,
2974 2794 3281 2863 acquiescite
3321 2793 3431 2846 Arii

1825 2886 2114 2952 doctrina;
2144 2888 2373 2957 alioquin
2396 2893 2516 2953 quia
2538 2905 2630 2940 nos
2661 2890 2877 2940 multum
2928 2902 3222 2955 possumus,
3271 2886 3433 2957 impe-

1824 2980 1957 3031 rium
1998 2991 2231 3034 nostrum
2268 2991 2381 3046 est,
2414 2980 2599 3047 quibus
2632 2984 2847 3035 velimus
2880 2998 2966 3035 vos
2994 2980 3161 3033 modis
3189 2980 3429 3051 gravabi-

1824 3089 1952 3133 mus,
1978 3084 2025 3124 et
2054 3089 2228 3125 omnes
2259 3074 2510 3126 tollemini
2532 3091 2559 3127 e
2589 3076 2767 3128 uestris
2813 3075 3036 3128 sedibus.
3068 3073 3184 3127 Non
3222 3073 3428 3142 poteris

1824 3165 1935 3218 haec
1966 3166 2033 3220 ita
2066 3182 2124 3220 se
2154 3166 2354 3221 habere
2382 3183 2603 3237 negare,
2639 3183 2762 3223 cum
2795 3168 2905 3223 Deo
2955 3183 3163 3238 perosa:
3201 3168 3428 3222 medita-

1824 3260 1996 3312 tiones
2030 3270 2135 3312 tua:
2163 3262 2324 3314 rebus
2359 3262 2529 3331 gestis
2558 3261 2761 3316 fuerint
2788 3262 3065 3316 revelatam
3118 3259 3228 3315 Cur
3280 3261 3425 3315 enim

102 3364 294 3417 quam,
361 3350 598 3419 Spiritus
648 3361 892 3413 sanctus,
947 3354 1165 3421 quando
1224 3354 1337 3409 lnec
1388 3356 1671 3424 lingehatis
1703 3398 1715 3421 ,
1748 3364 1791 3425 ρ
1825 3354 2418 3422 Cogebamur,etiam.~i
2461 3371 2567 3408 non
2615 3356 2996 3409 damnaremns
3046 3353 3420 3416 Athanasium.

102 3442 259 3511 quod
287 3444 491 3498 idcirco
524 3446 649 3498 talia
680 3446 923 3501 fuissetis
975 3450 1325 3502 commentati
1377 3452 1517 3503 citca
1555 3450 1721 3503 Atha-

103 3536 348 3597 nasitttn,
379 3554 486 3603 quo
533 3538 770 3606 possetis
804 3551 1037 3593 veSIram
1078 3543 1340 3593 hieresem
1374 3542 1718 3596 introducere

104 3629 162 3682 in
211 3628 528 3696 ecclesiam,
586 3647 691 3698 quo
748 3634 979 3701 p03setis
1027 3634 1386 3702 apestoliean.
1432 3634 1716 3687 destruere

104 3722 485 3776 traditionem.
515 3724 757 3778 Ananias
804 3736 857 3779 et
902 3725 1192 3795 Sapphira,
1251 3740 1536 3795 propterea
1572 3728 1711 3795 quod

102 3832 302 3885 :grum
333 3833 489 3871 suum
513 3819 811 3871 vendentes
838 3819 1224 3873 l'raudavernnt
1249 3821 1315 3873 de
1345 3824 1541 3889 pretio,
1568 3821 1709 3887 quod

102 3909 228 3961 ausi
262 3908 494 3962 fuissent
528 3924 632 3963 neu
669 3911 876 3979 integre
909 3911 1055 3980 loqui
1090 3920 1213 3965 ante
1244 3912 1337 3965 Dei
1382 3915 1709 3982 apostolum,

104 3999 547 4066 taliterjudicari
572 4012 909 4056 meruerunt.
936 4002 1015 4056 Tu
1040 4005 1127 4072 qui
1154 4018 1259 4056 non
1284 4005 1458 4057 solum
1485 4004 1713 4059 crimina

102 4092 244 4145 l’alsa
278 4091 373 4147 Dei
406 4106 569 4148 servo
596 4093 870 4162 obiecisti,
896 4095 989 4149 sed
1021 4106 1073 4150 et
1100 4111 1319 4151 onmem
1364 4096 1585 4151 domum
1622 4099 1715 4153 Dei

102 4185 281 4241 lueris
326 4200 667 4256 persecutus,
710 4192 801 4258 qui
851 4190 1115 4245 effuderis
1162 4208 1411 4247 cruorem
1446 4193 1712 4246 cultorum

100 4284 250 4347 ejus,
295 4280 385 4349 qui
425 4282 736 4336 sacerdotes
776 4282 897 4352 ejus
947 4286 1162 4338 miseris
1193 4285 1257 4337 ad
1291 4285 1509 4339 metalla
1540 4296 1592 4339 et
1620 4300 1713 4339 ex-

98 4375 330 4439 silia,et
350 4374 639 4429 haereticos
669 4376 802 4431 locis
830 4377 1170 4433 ordinaveris
1198 4394 1407 4443 eorum,
1435 4380 1525 4449 qui
1546 4393 1715 4433 evan-

98 4464 340 4535 gelieam
367 4464 527 4520 iidem
552 4466 757 4521 dixeris
790 4468 1123 4533 ha-reticam,
1158 4479 1214 4524 et
1261 4470 1656 4539 blasphemiam
1690 4481 1712 4510 ε

98 4568 352 4613 vestram
377 4559 584 4614 dixeris
612 4561 963 4624 catholicam,
996 4563 1087 4632 qui
1121 4562 1493 4618 introduxeris
1542 4564 1714 4619 idolo-

103 4652 327 4707 latriam
353 4655 404 4708 in
430 4654 742 4722 ecclesiam,
777 4656 866 4727 qui
890 4654 1203 4712 deserueris
1246 4657 1413 4713 Deum
1456 4657 1709 4723 Abrahae,

1829 3456 2005 3499 tamen
2029 3448 2396 3501 communioni
2420 3448 2779 3502 lltiSCt'l'ellHtr
2798 3450 3151 3513 Arianorum,
3180 3449 3281 3501 nisi
3303 3448 3425 3517 quia

1828 3550 1881 3591 tu
1911 3540 2032 3593 leno
2062 3538 2282 3593 lucri-sis
2316 3540 2529 3593 Arianm
2552 3549 2780 3594 cunctos
2813 3556 2909 3593 nos
2957 3554 3185 3607 cuperes
3233 3538 3425 3608 quovis

1824 3632 1982 3685 modo
2008 3633 2122 3685 lieri
2155 3633 2554 3701 coiisacrilegos
2585 3640 2703 3686 ttIOs
2726 3632 2873 3687 ?Sed
2905 3632 3071 3686 credo
3097 3631 3274 3686 adhuc
3311 3643 3429 3685 ten-

1822 3733 1901 3776 t.:s
1933 3740 2150 3792 negare,
2184 3740 2287 3776 non
2315 3736 2364 3777 te
2392 3724 2597 3778 idcirco
2647 3727 2893 3793 persequi
2926 3739 3045 3789 nos,
3078 3724 3201 3791 quia
3235 3724 3427 3777 nolue-

1820 3819 1989 3872 riuins
2018 3816 2311 3871 Christiani
2342 3818 2457 3871 iieii
2493 3818 2701 3871 Ariani.
2734 3816 3015 3884 Quomodo
3046 3831 3245 3885 negare
3275 3826 3426 3884 pete-

1820 3910 1919 3972 ris,
1948 3926 2070 3963 cum
2101 3909 2501 3963 sanctissimum
2534 3909 2850 3979 Dionysium
2877 3905 2901 3943 ἀ
2938 3907 3421 3961 Mediolanensium

1820 4003 2142 4072 Episcoiiutn
2176 4045 2190 4067 ,
2237 4005 2324 4072 qui
2370 4002 2479 4071 jam
2528 4002 2623 4057 tibi
2676 4002 2809 4056 falsa
2867 3999 3135 4055 asseremi
3191 4000 3424 4054 credens

1819 4096 2176 4150 damnaverat
2200 4094 2554 4150 Athanasium
2592 4136 2604 4159 ,
2660 4094 2804 4165 quod
2855 4094 3090 4148 Arianns
3142 4106 3264 4147 esse
3326 4106 3421 4145 no-

1820 4189 1982 4243 luerit
2014 4229 2027 4252 ,
2064 4187 2277 4242 miseris
2320 4188 2384 4242 ad
2413 4189 2708 4242 exsilium?
2740 4197 2831 4241 aut
2872 4186 2917 4240 si
2961 4203 3066 4241 non
3097 4196 3179 4240 est
3204 4189 3421 4240 Auxen-

1822 4286 1949 4348 tins,
1996 4298 2155 4354 quem
2213 4284 2335 4338 loco
2378 4284 2520 4337 illius
2572 4293 2625 4337 ttt
2678 4282 3002 4338 temerarius
3047 4296 3109 4335 ac
3156 4280 3418 4350 pestilens

1816 4378 2077 4434 ordinasti
2105 4419 2122 4446 ,
2166 4377 2433 4432 Arianus?
2483 4378 2541 4431 Si
2585 4377 2890 4433 Auxentius
2928 4374 3091 4429 [idem
3119 4383 3141 4410 °
3172 4383 3416 4428 sanctam

1816 4470 1959 4541 apud
1986 4470 2220 4526 Nicaam
2250 4469 2578 4539 descriptam
2622 4478 2790 4537 tenet,
2821 4468 3032 4538 poteris
3064 4482 3164 4522 nec
3196 4476 3253 4521 tu
3298 4480 3422 4521 esse

1819 4566 2075 4632 Aristius,
2107 4580 2205 4621 nec
2238 4564 2353 4620 haec
2379 4565 2559 4619 omnia
2588 4566 2727 4619 sicut
2768 4577 2956 4618 assero
2980 4560 3156 4632 egisse
3192 4560 3419 4630 poteris,

1817 4668 1871 4715 et
1903 4673 2008 4713 non
2037 4658 2252 4714 misisse
2284 4655 2302 4696 τ
2330 4658 2535 4713 crimen
2567 4657 2864 4713 Athanasio
2890 4654 3108 4710 falsum.
3146 4651 3419 4707 Fortassis

180 4825 205 4852 η
242 4814 331 4871 Uti
357 4814 517 4887 Cypr.
579 4820 672 4875 lib.
700 4821 733 4877 3
765 4822 965 4877 testim.
1004 4822 1153 4877 \‘ers.
1192 4822 1374 4892 Antiq.
1415 4821 1585 4889 Quare
1615 4821 1712 4873 im-
1740 4825 1794 4887 Ι)
1822 4820 2041 4876 Eusebii
2074 4821 2272 4889 Episco
2316 4820 2328 4875 i
2378 4819 2744 4875 Vercellensis
2785 4819 3004 4879 callido,
3062 4816 3422 4887 prudentique

180 4888 269 4940 avi.
301 4923 343 4939 ..
376 4892 583 4943 mentiri
605 4902 651 4946 te
674 4894 727 4945 in
762 4893 1020 4947 Spiritum
1072 4893 1345 4947 Sanctum.
1377 4905 1425 4946 et
1462 4900 1713 4947 usurpare
1818 4894 2050 4947 consilio
2071 4894 2188 4947 eius
2216 4836 2542 4947 suiiscriotio
2570 4893 2747 4945 deleta
2780 4891 2916 4944 fuit:
2950 4904 3071 4944 nam
3102 4888 3166 4941 ad
3189 4891 3422 4942 Arianos

99 4887 269 4955 plevi.
301 4923 343 4939 ..
376 4892 583 4943 mentiri
605 4902 651 4946 te
674 4894 727 4945 in
762 4893 1020 4959 Spiritum
1072 4887 1352 4953 Sanctum:
1377 4887 1713 4958 et'usurpare

99 4960 167 5012 de
200 4959 368 5038 pretio
389 4964 766 5038 possessionis?
789 4966 1004 5019 aniter
1033 4969 1147 5033 ipse
1172 4968 1333 5033 paulo
1378 4976 1497 5035 post
1523 4964 1709 5031 habet,

99 5039 157 5082 ut
176 5033 381 5102 fuisses
412 5034 653 5102 mentitus
688 5049 783 5102 pro
807 5038 1034 5089 mentiri.

176 5098 205 5137 ι’
232 5100 381 5154 Vers.
410 5101 536 5157 Ant.
562 5098 887 5173 Quidutique
904 5108 1192 5173 posuisti...
1212 5106 1717 5171 lianc...Slatitnque

98 5172 340 5225 audiens.
354 5211 365 5223 .
378 5176 549 5229 .verba
564 5179 690 5230 litec.
703 5218 715 5232 .
728 5217 739 5228 .
762 5172 934 5230 omnes
949 5181 1214 5231 audientes
1228 5177 1355 5232 licec.
1368 5219 1379 5230 .
1393 5188 1581 5231 .autem
1596 5194 1713 5247 pro-

100 5246 272 5323 tinus.
286 5247 789 5323 .._collexerunteam
805 5261 849 5302 et
864 5252 1207 5323 traducentes.
1222 5290 1232 5302 .
1246 5291 1257 5301 .
1284 5252 1447 5323 quasi.
1464 5290 1499 5323 ..
1522 5263 1567 5323 et
1587 5246 1715 5302 ua‘or

98 5315 294 5439 ipsius,
322 5315 571 5384 ignorans
595 5323 735 5389 quod
761 5325 955 5391 factum
980 5334 1128 5383 esset,
1174 5315 1425 5374 introirit.
1461 5321 1539 5373 Ad
1561 5337 1712 5390 quam

132 5391 302 5437 ‘etrus
320 5392 395 5439 ait
427 5428 461 5439 ..
477 5433 486 5439 .
506 5408 687 5439 aurum
702 5394 1001 5439 vendidislis
1022 5391 1343 5439 ?Illauutem
1372 5394 1521 5439 dixit:
1543 5393 1711 5439 ltitiam

132 5391 395 5460 ‘etrus‘ait
506 5394 1001 5460 agruntvendidistis
1022 5391 1343 5445 ?Illaautem
1372 5394 1521 5447 dixit:
1543 5393 1711 5445 It'tiam

102 5457 257 5539 tanti.
281 5454 424 5511 Dixit
438 5454 606 5515 autin:
636 5462 823 5539 Petrus
837 5466 904 5517 ad
917 5482 1027 5518 eam
1045 5481 1059 5518 :
1079 5465 1218 5539 Quid
1238 5466 1475 5533 utique...
1496 5466 1706 5539 vobis...

98 5537 580 5605 mari_tum...4stant
602 5538 670 5587 ad
693 5538 953 5589 ostium...
990 5537 1178 5590 Cecidit
1219 5546 1390 5589 autem
1419 5539 1547 5605 conf
1568 5538 1704 5588 stim.

177 5599 306 5676 σιω
339 5602 587 5676 legimus,
646 5608 736 5659 ubi
781 5607 985 5661 editum
1035 5617 1153 5662 erat
1193 5599 1582 5676 blaspltemaiit;
1629 5608 1709 5661 sic

97 5672 499 5749 paulo‘postjn
525 5672 621 5749 {iac
650 5678 974 5749 blasphemia
1003 5678 1189 5735 scribit
1232 5672 1347 5746 ipse
1366 5677 1618 5742 Lucifer;
1641 5679 1707 5733 de

97 5760 205 5814 qua
237 5744 361 5796 vide
400 5744 560 5798 Prtel‘.

172 5812 199 5851 ἀ
232 5814 291 5869 S.
320 5814 614 5889 Dionysius
637 5818 933 5889 Episcopus
965 5821 1385 5879 Mediolanensis
1434 5834 1601 5889 usque
1636 5820 1705 5875 ad

95 5902 306 5961 annum
338 5887 468 5961 διδ,
504 5889 697 5961 qui-in
746 5887 1134 5949 Mediolanensi
1181 5892 1427 5947 Concilio
1479 5887 1704 5961 hujusce

99 5960 231 6015 anni
262 5960 329 6014 ab
355 5959 573 6013 Ariauis
595 5958 853 6032 deceptus
881 5967 1236 6021 Athanasium
1271 5958 1564 6020 damnavit.
1594 5963 1699 6019 Sed

1818 4894 2050 4947 consilio
2071 4888 2188 4962 ejus
2216 4888 2542 4962 subscriptio
2570 4893 2747 4945 deleta
2780 4891 2916 4944 fuit:
2950 4904 3071 4944 nam
3102 4888 3166 4941 ad
3189 4891 3422 4962 Arianos

1820 4961 2125 5034 Episcopos
2155 4979 2484 5027 conversus,
2537 4964 2925 5031 simulansque,
2981 4977 3040 5015 se
3085 4974 3308 5034 quoque
3350 4961 3416 5034 in

1819 5031 2104 5089 Athanasii
2154 5037 2555 5089 damnationem
2608 5036 2956 5095 Consentire,
3014 5032 3254 5098 priorem
3316 5031 3419 5085 sibi

1818 5106 2199 5161 sub~cribendi
2234 5108 2408 5160 locum
2450 5122 2560 5177 pra'.
2593 5106 2848 5176 Dionysio
2878 5101 3039 5177 tribui
3098 5102 3414 5177 pestnlavit,

1817 5178 2017 5247 quippe
2066 5180 2249 5232 senior
2288 5174 2465 5233 esset'
2496 5188 2675 5232 a-tate.
2736 5174 2877 5231 illac.
2912 5174 3125 5247 ratione
3184 5174 3416 5247 peritioti

1819 5244 2004 5321 Ariani
2039 5263 2236 5302 nomen
2266 5249 2513 5321 Dionysii
2554 5251 2758 5310 delent,
2789 5251 2987 5321 primas
3039 5244 3274 5321 ltgttSehio
3321 5244 3415 5321 dc-

1817 5320 2039 5391 itirttnt;
2074 5335 2210 5388 quos
2245 5320 2335 5375 ille
2386 5315 2695 5391 increpatis,
2750 5315 2920 5385 iisque
2979 5315 3238 5380 irridens,
3264 5317 3368 5391 Διιὶι
3403 5334 3413 5369 :

1821 5390 2003 5461 Neque
2030 5387 2122 5461 ego
2155 5408 2231 5443 me
2274 5395 2452 5447 vestris
2479 5387 2757 5447 sceleribus
2784 5392 2959 5459 polluo
2985 5433 2998 5455 ,
3032 5405 3190 5458 neque
3244 5387 3412 5455 ﬁlium

1815 5478 1983 5516 meum
2008 5462 2322 5535 Dionysium
2345 5466 2599 5518 vobiscum
2626 5462 3413 5535 participarepermitto.ett-tus

1813 5543 1901 5587 est
1931 5536 1981 5587 iii
2005 5530 2254 5589 exsilium
2279 5534 2587 5606 Dionysius.
2615 5530 2844 5600 eittsiiue
2871 5537 2923 5587 in
2950 5534 3124 5587 locmu
3152 5530 3411 5606 stillet-tus

1812 5606 2119 5661 Auventius
2149 5602 2532 5671 Artatiusfsed
2562 5608 2900 5661 Catholicum
2932 5602 3219 5671 aliquando
3251 5617 3308 5653 se
3341 5602 3413 5653 si-

1814 5678 2063 5740 tiinlans-,
2106 5679 2193 5745 qui
2248 5675 2610 5732 Valentiniani
2669 5677 3017 5747 Imperatoris
3074 5672 3407 5747 indulgentia

1808 5743 2267 5819 Mediolanensem
2322 5759 2610 5819 occuptht
2637 5743 2920 5805 ecclesiam
2964 5760 3137 5801 annos
3181 5745 3275 5811 20,
3305 5743 3407 5798 vita

1806 5818 2025 5875 functus
2051 5836 2137 5874 an.
2163 5817 2288 5873 574.

1884 5902 1905 5928 ο
1935 5892 2089 5947 Cum.
2111 5890 2212 5944 Til.
2245 5889 2421 5948 Latin.
2453 5905 2507 5949 ct
2535 5893 2762 5949 Galand.
2792 5903 2938 5947 recte
2958 5910 2970 5958 ;
2994 5900 3153 5948 antea
3179 5890 3400 5960 quidem.

1885 5960 1903 6000 ί
1939 5962 2044 6019 Pro
2073 5963 2349 6018 immisisse
2375 5980 2395 6028 ;
2430 5967 2480 6021 id
2512 5976 2620 6033 est,
2652 5968 2694 6021 si
2724 5964 2858 6034 hac,
2885 5981 2998 6036 qute
3025 5964 3087 6019 de
3117 5976 3164 6018 te
3210 5977 3405 6028 assero,
