3854 6384
417 403 523 462 895

1489 401 1810 460 LUCIFERI
1849 398 2161 458 EPISCOPI
2200 398 2624 456 CALARITANI

3595 401 3682 457 89F»

415 516 566 572 dicas
621 515 749 572 hinc
816 531 925 572 non
983 530 1108 572 esse
1161 513 1464 571 catholicos
1495 558 1511 582 ,
1569 515 1714 585 quod
1769 514 2019 570 Susanna
2048 518 2241 576 Ασιυη
2267 514 2474 581 puellis;
2497 513 2754 567 etdimisil
2778 513 2997 581 puellas,
3023 521 3068 567 et
3089 513 3272 567 clausit
3295 514 3683 570 ostiavirldarii:

414 609 580 666 fuerit
623 610 900 675 exaudita,
953 626 1054 666 nos
1105 625 1236 666 vero
1287 610 1536 665 minime.
1570 609 1846 677 Quantum
1883 609 2025 677 apud

413 715 660 760 nostram
723 707 1118 761 conscientiam
1194 715 1334 772 est,
1396 716 1523 761 tunc
1572 722 1672 762 nos
1719 704 2026 760 vindicatos

413 800 709 866 novimus,
772 800 995 871 quando
1063 811 1118 854 tu
1181 814 1414 869 serpens
1472 800 1782 870 publicatus
1835 808 1861 834 ἰ
1917 814 2022 863 es,

409 891 626 961 quando
661 901 954 961 patuerunt
979 901 1172 946 cuncta
1202 907 1412 947 venena
1445 902 1557 957 tua,
1590 890 1810 962 quando
1842 891 2027 945 omnis

412 984 664 1037 machina
693 994 786 1040 tua
815 984 1084 1056 patefacta
1110 994 1228 1040 est:
1257 985 1334 1040 sic
1365 987 1570 1039 ctenim
1597 999 1697 1039 nos
1719 984 2020 1038 vindictam

411 1075 864 1132 desiderabamus
908 1077 978 1132 de
1021 1079 1178 1133 vobis
1226 1079 1463 1133 inimicis
1497 1078 1614 1138 Dei.
1645 1089 1704 1132 ut
1741 1094 1841 1134 vos
1881 1079 2023 1132 Deus

410 1183 535 1223 esse
579 1169 873 1224 hereticos
928 1172 1200 1225 revelaret
1248 1170 1449 1240 populo
1487 1185 1608 1225 suo.
1650 1171 1842 1225 Omnis
1885 1187 2023 1241 pene

412 1263 670 1330 cognovit
697 1262 810 1332 jam
846 1265 1084 1318 mundus
1117 1263 1249 1318 false
1273 1264 1631 1319 Athanasium
1665 1267 1894 1334 petitum
1929 1281 2023 1333 per

412 1369 531 1419 vos,
568 1356 733 1426 hujus
767 1369 819 1412 te
849 1372 971 1413 esse
1001 1358 1312 1428 iniquitatis
1340 1369 1623 1414 auctorem
1651 1377 1664 1426 ;
1695 1369 2024 1428 consiiectus

409 1450 614 1503 etenim
645 1464 725 1515 es,
758 1452 904 1504 aliud
942 1462 992 1506 te
1022 1455 1323 1520 cupienten
1368 1453 1616 1522 implore,
1651 1453 1798 1507 aliud
1833 1462 2021 1520 protu-

409 1543 563 1597 lisse.
591 1544 673 1599 Ad
699 1560 862 1600 senos
892 1547 1258 1614 ingemiscens
1288 1549 1419 1603 dicit
1442 1549 1688 1604 Susanna
1714 1569 1726 1604 :
1756 1551 2022 1619 Angustia:

407 1635 536 1688 mihi
579 1638 828 1706 undique,
867 1639 912 1691 si
955 1641 1089 1693 enim
1127 1641 1223 1694 hoc
1267 1658 1434 1710 egero.
1465 1657 1606 1695 mors
1641 1642 1768 1695 mihi
1807 1645 1922 1696 erit.
1959 1644 2022 1698 Si

408 1741 583 1785 autem
616 1748 717 1784 non
746 1732 936 1800 fecero,
964 1751 1065 1787 non
1095 1733 1348 1806 e/I'ugiam
1376 1750 1560 1789 manus
1583 1746 1798 1790 vestras.
1829 1735 2021 1790 Melius

408 1835 480 1877 est
511 1823 638 1877 mihi
669 1841 772 1878 non
803 1828 1012 1896 facienti
1051 1828 1282 1881 incidere
1306 1830 1360 1879 in
1393 1844 1579 1881 manus
1611 1840 1830 1894 vestras,
1862 1847 2019 1899 quant

2131 618 2175 659 et
2204 608 2336 660 venit
2361 607 2428 659 ad
2459 623 2570 659 eam
2594 608 2800 676 juvenis
2826 609 2913 675 qui
2951 619 3055 660 erat
3081 607 3423 664 absconditus.
3449 618 3492 661 et
3517 624 3687 662 concu-

2130 698 2236 751 buit
2260 716 2375 752 cum
2397 717 2477 754 ea.
2507 699 2621 752 Nos
2643 712 2815 754 autem
2839 685 2954 752 cuin
2977 717 3198 754 essemus
3221 701 3271 752 in
3301 703 3483 772 angulo
3513 703 3686 754 virida-

2127 793 2214 855 rii,
2243 793 2467 847 videntes
2495 793 2817 861 iniquitatem
2849 795 3166 846 accurrimus
3195 793 3262 846 ad
3290 809 3392 858 eos,
3417 803 3459 846 et
3485 794 3686 849 vidimus

2129 903 2494 946 concurrentes
2523 903 2545 929 ι’
2569 908 2678 947 eos.
2712 893 2872 947 Illunt
2891 894 3094 960 quidem
3123 911 3220 948 non
3251 898 3500 962 potuimus
3521 911 3686 960 appre-

2129 985 2351 1039 hendere
2378 987 2514 1054 quod
2538 987 2722 1053 fortior
2747 986 2890 1040 nobis
2913 997 3062 1050 esset,
3093 996 3138 1039 et
3163 989 3298 1056 quod
3323 990 3545 1055 aperiens
3571 989 3686 1041 ostia

2128 1080 2411 1150 prosilierit
2442 1096 2458 1132 :
2492 1079 2626 1132 hanc
2656 1092 2828 1133 autem
2863 1085 3238 1146 apprehensam
3268 1083 3685 1154 interrogavimus,

2127 1173 2242 1239 quis
2269 1183 2397 1224 esset
2413 1173 2637 1241 juvenis,
2666 1184 2713 1225 et
2739 1174 2906 1226 noluit
2931 1173 3074 1227 nobis
3098 1174 3282 1226 dicere.
3313 1172 3436 1228 IIa'c
3461 1184 3688 1228 contesta-

2128 1280 2257 1317 mur.
2282 1263 2344 1316 Et
2361 1265 2580 1318 credidit
2601 1266 2672 1319 eis
2691 1267 2856 1320 omnis
2883 1283 3143 1337 synagoga
3167 1278 3220 1319 ut
3241 1268 3532 1338 presbyteris
3546 1265 3687 1334 plebis

2127 1368 2172 1410 et
2193 1358 2480 1428 judicibus,
2515 1369 2560 1411 et
2595 1359 2972 1412 damnaverunt
3007 1370 3059 1413 ut
3095 1370 3371 1413 moreretur
3401 1358 3556 1430 (Ibid.
3583 1359 3683 1426 '27).

2126 1449 2426 1505 Considera
2454 1452 2692 1519 penitus,
2720 1454 3028 1516 Constanti,
3056 1453 3364 1507 tualetlictas
3380 1452 3686 1506 adinventio-

2128 1558 2224 1596 nes
2239 1554 2451 1597 vestras
2470 1546 2821 1608 Arianorum,
2855 1547 2899 1598 si
2927 1561 3031 1598 non
3057 1546 3179 1599 talia
3205 1554 3463 1614 suntquae
3489 1543 3687 1614 egeritis

2127 1650 2222 1689 vos
2259 1637 2472 1690 interim
2506 1639 2652 1692 circa
2683 1639 3061 1699 Athanasium.
3111 1640 3286 1708 qualia
3316 1649 3368 1692 et
3396 1637 3467 1691 illi
3500 1637 3687 1704 egerint

2125 1728 2271 1782 circa
2290 1730 2618 1783 Susannam.
2645 1730 2777 1797 Quis
2795 1732 2994 1784 ctenim
3012 1748 3114 1783 nun
3138 1729 3450 1784 credidisset
3477 1731 3563 1782 tibi
3593 1728 3687 1781 into

2127 1824 2366 1891 ιιι-ταιοιί
2393 1823 2639 1879 dicent?
2663 1825 3008 1896 Sacrilegiuin
3037 1825 3154 1893 fecit
3177 1824 3492 1876 Athanasius.
3517 1821 3615 1876 Sed
3644 1821 3688 1874 in

407 1931 618 1984 peccare
633 1917 684 1969 in
702 1927 974 1987 conspectu
999 1918 1206 1972 Domini
1224 1918 1522 1990 (Midea).
1543 1921 1608 1975 Ει
1625 1920 1649 1957 b
1676 1936 1774 1974 nus
1792 1922 2017 1976 crimina
2054 1923 2097 1982 Β
2126 1915 2329 1983 eoquia
2352 1905 2960 1970 tudetestabiliurluisti
2985 1917 3174 1970 abillis
3191 1914 3526 1979 enini-erditis
3551 1927 3691 1982 pseu-

412 2023 536 2062 mox
553 2018 608 2062 ut
625 2009 945 2064 vidissemus
965 2011 1216 2080 imposita
1233 2031 1258 2063 ει
1280 2013 1450 2076 vobis,
1468 2015 1739 2067 exstincto
1750 2016 1790 2067 ri
1808 2029 2024 2068 eramus

411 2098 612 2154 fratres
642 2111 883 2166 nostros,
913 2104 1172 2172 quoniam
1200 2117 1448 2158 essemus
1482 2113 1538 2158 ut
1571 2106 1702 2158 estis
1733 2120 1830 2158 vos
1863 2117 2020 2160 tene-

412 2191 544 2246 hrte.
588 2193 722 2259 Quis
764 2192 1109 2250 Christianus
1151 2211 1258 2249 non
1301 2196 1472 2261 dicat,
1512 2198 1705 2251 melius
1746 2213 1871 2252 esse
1917 2198 2022 2252 sibi

412 2285 644 2342 interllci
665 2301 694 2340 a
723 2298 774 2341 te
805 2302 1148 2356 praecursore
1174 2289 1509 2354 antichristi,
1540 2307 1700 2359 quam
1728 2293 1781 2345 in
1811 2300 2024 2346 vestras

411 2381 490 2435 ire
523 2383 850 2436 Arianorum
885 2383 970 2438 vel
1002 2383 1379 2453 quorumlibet
1425 2385 1812 2440 licerelicurum
1869 2395 2025 2441 leuc-

415 2472 581 2528 bras?
609 2473 834 2546 Ittlpittgi
867 2476 1042 2533 fecisti
1073 2478 1307 2532 crimina
1351 2495 1458 2532 non
1489 2478 1666 2532 Solum
1697 2480 2022 2545 Athanasio,

416 2568 516 2622 sed
571 2578 627 2623 ct
685 2569 866 2636 nobis,
926 2571 1070 2639 quod
1137 2573 1479 2626 uoluerimus
1530 2572 1824 2628 Christiani
1881 2573 2024 2627 ellici

417 2662 629 2716 Ariani.
676 2661 795 2716 Non
847 2663 1135 2720 defuerunt
1177 2665 1394 2735 singula
1422 2679 1544 2736 qua
1588 2677 1814 2733 possunt
1858 2665 2023 2735 obiici

416 2755 648 2809 crimina
673 2755 928 2825 singulis,
956 2771 1064 2826 quo
1097 2758 1275 2812 nullus
1308 2758 1593 2813 videretur
1618 2775 1649 2815 e
1678 2759 1835 2815 nobis
1866 2774 2026 2828 prop-

420 2857 503 2901 ter
525 2844 696 2901 Deum
728 2850 929 2903 missus
961 2850 1025 2904 ad
1058 2851 1276 2918 exsilia,
1305 2851 1400 2906 sed
1432 2851 1578 2922 quod
1611 2853 1763 2922 quasi
1795 2867 1894 2921 pro
1921 2853 2028 2907 cri—

422 2943 663 2996 minibus
696 2943 922 2997 nostris.
957 2942 1093 2998 Cum
1137 2945 1258 2998 sitis
1295 2946 1461 3014 igitur
1498 2960 1595 2999 vos
1629 2946 1708 2999 rei
1751 2955 2022 3000 tantorum

416 3035 711 3089 criminum
750 3036 876 3105 quia
921 3052 1029 3090 non
1072 3037 1356 3092 vobiscum
1391 3037 1592 3092 habere
1625 3036 1794 3092 Deum
1829 3039 2023 3093 iratum

419 3128 1036 3196 volueritAthanasius,
1067 3129 1287 3186 dixistis
1317 3146 1440 3185 eum
1471 3146 1626 3185 reum
1652 3146 1776 3186 esse
1797 3131 2024 3186 mortis:

422 3222 528 3277 hoc
555 3222 805 3278 fecerunt
835 3223 995 3278 etilli
1022 3224 1220 3294 quibus
1251 3225 1303 3277 in
1335 3223 1439 3278 hoc
1467 3223 1681 3279 scelere
1711 3239 1871 3294 pares
1893 3226 2027 3279 estis

2130 2007 2564 2079 dopresbyteris,
2588 2010 2684 2063 tibi
2709 2025 2815 2064 non
2842 2019 2926 2063 est
2956 2010 3088 2064 lides
3108 2009 3284 2064 habita
3308 2024 3335 2063 a
3364 2009 3539 2071 nobis;
3563 2008 3691 2062 dlce.

2130 2102 2291 2155 batur
2313 2103 2521 2156 etenim
2552 2102 2671 2162 tibi.
2705 2104 2829 2170 quia
2853 2104 3055 2157 absens
3096 2102 3336 2156 damnari
3368 2117 3468 2155 non
3497 2111 3687 2171 posset:

2131 2193 2210 2246 illi
2234 2195 2437 2247 etenim
2471 2195 2773 2264 presbyteri
2808 2197 2859 2247 in
2896 2203 3213 2262 prznsentcm
3245 2192 3487 2248 dixerunt
3513 2192 3694 2260 alliga-

2132 2289 2314 2341 tioues
2342 2288 2688 2352 criminosas,
2719 2298 2773 2342 et
2802 2289 2980 2342 omnis
3009 2302 3273 2359 synagoga
3307 2287 3357 2340 in
3387 2297 3692 2354 prtc~eutem

2133 2381 2281 2434 dedit
2311 2385 2660 2446 sententiam;
2693 2391 2746 2435 ιιι
2770 2393 2957 2436 eontra
2989 2382 3054 2434 ad
3080 2380 3470 2434 accusationem
3500 2379 3695 2432 hatreti-

2132 2492 2319 2528 corum
2351 2478 2567 2544 quando
2592 2476 2891 2529 inauditum
2917 2475 3262 2530 ctubsentcm
3285 2474 3519 2528 damnari
3556 2487 3699 2542 coge-

2131 2566 2227 2620 bas
2251 2568 2607 2632 catholicum,
2633 2571 2818 2638 utique
2835 2569 2937 2636 iam
2959 2569 3128 2623 vidi-ri
3153 2580 3389 2637 coeperat
3417 2582 3584 2622 scena!
3607 2577 3701 2619 tote

2133 2662 2406 2716 machina.
2431 2662 2536 2716 Sed
2557 2663 2668 2731 jam
2692 2663 2881 2731 accipe
2903 2662 3031 2732 quid
3059 2663 3350 2731 prtestitum
3370 2662 3432 2716 sit
3456 2659 3700 2716 Susanna‘

2133 2754 2343 2824 pudica:
2388 2755 2456 2807 ab
2499 2755 2870 2809 innocentium
2903 2751 3213 2816 defensore,
3241 2753 3308 2807 ab
3337 2766 3700 2821 oppressorum

2132 2845 2370 2899 vindice.
2405 2845 2606 2913 Accipe
2638 2862 2758 2912 uiue
2787 2844 2993 2899 referat
3024 2845 3207 2899 Daniel
3237 2844 3369 2900 liber
3392 2845 3457 2899 de
3483 2842 3701 2897 vindicta

2132 2937 2418 2994 Susannm.
2458 2939 2780 2993 Exclamavit
2821 2950 2992 2993 autem
3030 2938 3270 2994 Susanna
3300 2953 3416 2992 voce
3442 2953 3618 3009 magna
3660 2947 3704 2990 et

2132 3033 2305 3086 dixit:
2335 3030 2477 3088 Deus
2519 3045 2764 3098 teternus,
2802 3034 2891 3103 qui
2921 3033 3240 3086 occultorum
3280 3032 3502 3102 cognitor
3527 3047 3597 3091 es.
3624 3032 3704 3099 qui

2131 3126 2231 3179 scis
2259 3127 2434 3180 omnia
2470 3135 2592 3179 ante
2623 3126 3001 3198 generationem
3033 3140 3228 3190 eorum,
3259 3133 3314 3177 tu
3351 3125 3446 3176 scis
3479 3123 3705 3194 quoniam

2133 3222 2326 3293 falsum
2370 3221 2723 3275 testimonium
2770 3220 3039 3274 adversum
3086 3234 3164 3271 me
3208 3217 3475 3282 dixerunt;
3514 3225 3563 3270 et
3599 3231 3706 3270 ecce

420 3318 748 3387 presbyteri.
785 3316 1052 3384 Loquitur
1081 3318 1227 3372 enim
1256 3318 1527 3388 scriptura
1555 3317 1782 3373 dicens:
1814 3315 1884 3372 Et
1915 3320 2027 3388 [ac-
2053 3325 2099 3388 ρ
2130 3315 2327 3368 morior
2356 3331 2471 3380 qua:
2501 3314 2632 3367 nihil
2667 3315 2766 3384 feci
2806 3314 2989 3367 horum
3011 3354 3025 3377 ,
3064 3326 3178 3380 qua:
3215 3309 3269 3362 lii
3311 3309 3515 3380 maligni
3552 3309 3705 3375 ﬁnxe—

417 3423 528 3466 tum
559 3423 633 3466 est
663 3413 715 3466 in
747 3412 833 3466 die
860 3412 1050 3478 altero,
1085 3422 1139 3466 ut
1180 3412 1415 3466 convenit
1444 3412 1585 3482 plebs
1614 3412 1683 3465 ad
1713 3413 1878 3465 virum
1918 3416 2030 3485 ejus

417 3505 680 3571 Joachim,
711 3516 962 3559 venerunt
1001 3505 1103 3558 duo
1135 3504 1418 3575 presbyteri
1450 3506 1592 3574 pleni
1619 3506 1814 3575 iniqua:
1844 3507 2030 3560 mentis

417 3598 663 3652 adversus
706 3596 1027 3661 Susannam,
1061 3607 1117 3651 ut
1151 3607 1173 3636 ο
1207 3597 1580 3667 utortiﬁcarent
1620 3615 1734 3652 eam
1761 3615 1777 3653 :
1806 3609 1853 3653 et
1883 3589 2032 3653 dice?

419 3703 542 3745 runt
569 3707 744 3745 coram
777 3689 924 3761 plebe
947 3707 967 3746 :
999 3689 1196 3745 Mittite
1224 3691 1291 3744 ad
1325 3690 1631 3746 Susannam
1663 3692 1830 3763 ﬁliam
1877 3692 2033 3746 Chel-

419 3782 614 3848 citium,
645 3799 763 3850 qute
793 3794 867 3836 est
917 3799 1050 3838 uxor
1086 3782 1352 3838 Joacltim.
1385 3782 1454 3838 Et
1502 3785 1779 3850 miserunt,
1813 3795 1858 3840 ct
1901 3786 2034 3839 venit

414 3877 550 3946 ipsa,
585 3886 632 3930 et
661 3886 898 3947 parentes
918 3879 1069 3950 fejus,
1105 3887 1151 3930 et
1184 3893 1358 3931 omnes
1389 3879 1598 3950 cognati
1622 3881 1757 3949 ejus.
1786 3880 2030 3933 Susanna

417 3979 590 4023 autem
613 3979 722 4022 erat
747 3981 919 4023 tenera
941 3970 1160 4024 nimium
1179 3980 1226 4023 et
1243 3972 1390 4024 bona:
1410 3974 1594 4041 fornice
1614 3987 1632 4024 :
1653 3971 1836 4036 iniusti
1858 3983 2030 4025 autem

407 4068 680 4137 jusserunt
711 4065 933 4118 revelari
960 4081 1073 4118 eam
1101 4066 1235 4135 (erat
1263 4067 1399 4118 enim
1431 4064 1622 4134 relata)
1653 4075 1706 4119 ut
1736 4075 2032 4119 saturaren-

416 4169 498 4212 tur
529 4163 700 4227 forma
729 4161 862 4228 ejus.
892 4156 1110 4213 Flebant
1141 4170 1311 4212 autem
1340 4175 1516 4213 omnes
1554 4161 1666 4230 ejus
1699 4157 1749 4225 α,
1778 4169 1826 4212 et
1857 4160 2029 4213 atteri

418 4255 506 4323 qui
539 4252 776 4306 videbant
808 4267 942 4307 eam.
989 4254 1329 4324 Assurgeules
1380 4254 1541 4322 igitur
1585 4253 1691 4306 duo
1740 4252 2029 4323 presbyteri

417 4348 470 4401 in
519 4347 688 4400 media
735 4345 882 4416 plebe
930 4356 1213 4417 posuerunt
1255 4363 1436 4401 manus
1478 4363 1638 4416 super
1681 4357 1834 4416 caput
1876 4349 2028 4414 eius:

418 4442 532 4512 ipsa
559 4450 730 4495 autem
761 4442 1058 4512 lacrymans
1095 4444 1300 4505 aspexit
1326 4442 1378 4493 in
1410 4440 1615 4506 calum,
1647 4441 1891 4510 quoniam
1922 4450 2033 4494 erat

418 4548 506 4586 cor
536 4534 649 4602 ejus
678 4533 941 4602 conﬁdens
970 4533 1024 4586 in
1054 4532 1303 4587 Domino.
1333 4530 1593 4587 Dixerunt
1621 4542 1790 4586 autem
1819 4531 2034 4603 presby-

421 4627 513 4680 teri
536 4644 553 4680 :
577 4625 973 4680 Ambulantibus
997 4627 1142 4680 nobis
1172 4626 1225 4680 in
1252 4626 1506 4681 viridario
1544 4625 1667 4680 solis
1694 4627 1902 4680 intravit
1925 4629 2033 4680 lucc

422 4779 527 4816 non
556 4763 723 4832 egeris
751 4803 765 4832 .

422 4781 527 4816 non
556 4781 723 4832 egeris
751 4803 765 4824 η
819 4781 906 4814 am
929 4781 1032 4815 non
1052 4781 1106 4814 εδ
1129 4781 1376 4827 Μἰαηιιδ,
1402 4781 1489 4814 ηις

421 4835 700 4888 accusasti.
725 4781 831 4886 Tii.
865 4833 914 4887 la
945 4830 1144 4894 Cerda,
1173 4843 1229 4888 et
1254 4831 1489 4889 Galand.

498 4914 522 4941 τι
556 4905 690 4960 Tota
752 4905 1172 4960 Mediolaiiensis
1235 4903 1598 4960 Cuticiliabttli
1654 4903 1906 4958 machina
1965 4919 2032 4959 eo

424 4992 687 5033 conversa
718 4985 858 5043 erat,
891 4986 950 5031 ut
989 4977 1320 5032 Athanasius
1351 4977 1420 5031 ah
1463 4975 1752 5046 Episc0pis
1801 4976 2037 5031 catholi-

418 5053 517 5114 cis,
568 5051 879 5119 przcsertim
923 5047 1361 5103 occidentalibm
1414 5049 1815 5113 damnaretur,
1871 5050 2036 5102 veluti

411 5124 709 5189 criminum
745 5135 891 5179 reus.
916 5135 1036 5190 qua:
1079 5121 1130 5175 in
1159 5120 1308 5174 illum
1335 5119 1577 5175 hmretici
1612 5120 1774 5174 taties
1804 5119 2037 5174 cllinxc-

423 5207 540 5249 rant
575 5203 669 5258 °,ut
699 5193 822 5247 inde
857 5193 1061 5246 Ariona:
1096 5194 1373 5263 impietati,
1433 5195 1586 5264 cujus
1620 5201 1740 5264 erat
1789 5201 2043 5264 patronus

423 5264 820 5328 Coostantius,
866 5269 1090 5333 speciem
1158 5264 1388 5334 aliquam
1456 5263 1808 5328 conciliaret;
1868 5263 2044 5332 inquit

423 5337 756 5392 Athanasius
781 5337 965 5402 ipsein
988 5338 1150 5404 epist.
1175 5336 1241 5389 ad
1272 5335 1499 5391 Solitar.
1528 5335 1830 5404 Episc0pus
1860 5335 2043 5403 itaque

423 5408 727 5479 Imperator
754 5408 1003 5472 urgebat.
1028 5420 1085 5460 ut
1115 5410 1165 5462 in
1195 5407 1556 5462 Athanasium
1581 5407 2000 5479 subscriberent
2027 5424 2040 5459 :

424 5476 913 5535 Comminabundus
957 5479 1243 5549 stringebat
1295 5479 1769 5549 gladiumicontra
1812 5476 1958 5549 illos,
1997 5487 2046 5530 et

424 5551 678 5616 quosdam
699 5552 868 5620 abripi
893 5567 921 5605 e
963 5548 1240 5620 conspectu
1263 5548 1500 5623 jubebat.
1533 5548 1725 5603 Videas
1741 5561 1911 5602 autem
1937 5548 2044 5602 Lu-

424 5626 598 5696 ciferi,
660 5623 897 5686 Eusebii.
959 5633 1007 5678 et
1069 5623 1305 5691 Dionysii
1370 5624 1751 5696 I‘Zpiscoporum
1801 5634 2046 5674 constan-

426 5694 647 5750 tiam...
683 5711 965 5765 exsurgens
985 5697 1077 5750 ille
1098 5698 1370 5765 confestim
1398 5694 1528 5749 dixit
1561 5709 1580 5749 :
1626 5694 1740 5765 ligo
1781 5710 1914 5746 nunc
1957 5711 2047 5747 ac-

424 5777 632 5822 cusator
668 5784 783 5820 sum
823 5768 1098 5822 Athanasii
1126 5810 1140 5830 ,
1198 5780 1410 5837 propter
1444 5784 1524 5820 me
1551 5769 1746 5820 credite
1789 5765 1855 5818 iis
1879 5807 1894 5827 ,
1929 5781 2047 5835 quae

425 5841 605 5893 dicunt
653 5840 855 5893 Ariani.
894 5837 1013 5894 Illis
1055 5848 1230 5892 autem
1263 5839 1732 5907 respondentibus:
1776 5837 2046 5902 Quomodo

430 5922 713 5979 accusator
752 5927 860 5965 esse
901 5923 1045 5980 potes
1088 5910 1314 5980 absentis
1351 5909 1471 5980 rei?
1511 5911 1554 5962 si
1577 5912 1724 5980 fni-IN
1771 5918 2048 5962 accusator

433 5982 592 6034 adest.
620 5971 760 6033 abest
795 5971 966 6035 nutcnt
1013 5996 1154 6037 rcus.
1208 5971 1460 6042 indit-iuni
1495 5972 1696 6032 nullum
1744 5989 2043 6032 exercetur!

2135 3420 2259 3462 runt
2290 3407 2563 3461 adversum
2605 3422 2701 3460 me.
2736 3404 2804 3458 Et
2837 3405 3100 3460 exaudiuit
3131 3400 3266 3456 Deus
3291 3416 3457 3455 vocem
3481 3403 3612 3472 ejus.
3645 3397 3705 3452 Et

2137 3516 2255 3553 cum
2284 3504 2557 3552 duceretur
2584 3511 2639 3552 ut
2667 3499 2877 3568 periret,
2905 3493 3291 3550 excitavitDeus
3320 3494 3546 3563 spiritum
3571 3508 3705 3545 sanc-

2137 3601 2248 3645 tum
2281 3593 2428 3660 pueri
2464 3591 2828 3654 adolescentis,
2861 3590 2945 3643 cui
2974 3605 3154 3642 nomen
3187 3598 3292 3641 erat
3331 3587 3527 3650 Daniel,
3557 3597 3599 3638 et
3627 3601 3707 3638 ex-

2138 3687 2374 3738 clamavit
2410 3701 2527 3738 rure
2573 3700 2760 3756 magna
2791 3701 2808 3736 :
2844 3680 3076 3736 Mundus
3104 3697 3195 3753 ego
3217 3693 3247 3732 a
3273 3679 3513 3748 sanguine
3541 3678 3705 3739 huius.

2140 3778 2205 3830 Et
2238 3793 2482 3831 conversa
2501 3790 2573 3831 est
2597 3777 2763 3830 omnis
2790 3775 2932 3847 plebs
2959 3775 3027 3828 ad
3054 3790 3188 3839 eum,
3215 3784 3260 3826 et
3284 3773 3513 3825 dixerunt
3536 3787 3556 3823 :
3588 3769 3706 3835 Quis

2134 3881 2206 3924 est
2231 3874 2322 3924 iste
2351 3887 2519 3924 sermo
2540 3886 2689 3936 quem
2713 3879 2765 3922 tu
2785 3869 2984 3921 locutus
3011 3866 3100 3920 es?
3124 3867 3188 3918 At
3215 3865 3300 3918 ille
3323 3873 3456 3917 stans
3478 3863 3527 3915 in
3551 3863 3706 3914 medio

2136 3978 2310 4015 eorum
2349 3978 2366 4016 :
2394 3962 2506 4028 Sic,
2542 3963 2685 4013 stulti
2714 3958 2903 4024 Israel,
2933 3975 3034 4011 non
3060 3959 3420 4028 interrogantes
3451 3968 3602 4021 neque
3627 3968 3707 4004 ve-

2135 4075 2249 4111 rum
2282 4066 2644 4128 cognoscentes
2690 4055 2974 4108 damnastis
3015 4053 3179 4120 ﬁliam
3221 4048 3419 4102 Israel?
3453 4046 3626 4100 Redite
3657 4047 3705 4097 in

2125 4152 2422 4224 judicium,
2482 4151 2677 4218 falsum
2730 4151 2861 4200 enim
2910 4144 3252 4198 testimonium
3297 4141 3552 4194 adversum
3603 4151 3706 4190 eam

2134 4245 2377 4299 dixerunt
2403 4242 2566 4314 (Ibid.
2595 4241 2712 4311 42).
2739 4241 2829 4295 Sic
2851 4241 3012 4294 etiam
3039 4251 3179 4290 nunc
3205 4234 3530 4289 exclatnaute
3550 4229 3705 4282 Atha-

2137 4345 2290 4398 nasio
2342 4341 2408 4395 ad
2445 4342 2650 4406 Deum,
2705 4353 2898 4392 omnes
2948 4333 3178 4390 famulos
3234 4343 3357 4384 suos
3411 4327 3542 4381 Deus
3591 4321 3706 4377 iecit

2137 4452 2239 4506 pro
2267 4437 2500 4491 veritate
2535 4447 2827 4503 exsurgere
2857 4439 3045 4484 contra
3076 4440 3172 4481 vos
3210 4419 3536 4479 adversarios
3563 4429 3702 4469 suos.

2137 4530 2264 4584 Ilzec
2294 4527 2602 4583 cultoribus
2636 4527 2752 4582 suis
2786 4523 3058 4596 praestitit,
3089 4534 3206 4590 qua:
3243 4529 3363 4571 tunc
3392 4509 3586 4567 Danieli
3621 4506 3706 4561 de-

2137 4624 2426 4680 vmissimo
2451 4636 2572 4685 suo,
2602 4635 2712 4690 quo
2741 4629 3028 4689 possemus
3057 4623 3110 4668 te
3147 4609 3335 4664 falsum
3373 4619 3489 4660 esse
3528 4611 3702 4656 testem

819 4777 906 4814 am
929 4777 1032 4832 non
1052 4777 1106 4832 eis
1129 4760 1376 4827 Arianus,
1402 4776 1494 4832 nec
1522 4760 1658 4832 falso
1683 4761 2029 4817 Athanasium
2059 4767 2108 4830 υ
2133 4759 2321 4814 adesse
2342 4767 2514 4832 autem
2546 4763 2754 4832 propter
2777 4744 3443 4832 itineris.longinquitatem
3484 4754 3701 4832 non

2138 4833 2307 4886 luit...
2347 4829 2498 4895 Quod
2525 4814 2568 4881 si
2589 4814 2654 4879 de
2681 4824 2892 4896 auditis.
2927 4814 3167 4896 objicieus
3198 4814 3436 4896 _loqueris
3461 4855 3473 4876 ,
3504 4824 3702 4896 aquam

2140 4914 2215 4956 est
2247 4913 2294 4956 te
2322 4890 2524 4971 quoque
2552 4897 2646 4971 illa
2671 4895 2895 4971 credere,
2919 4907 3032 4964 qua:
3049 4890 3173 4971 dicit
3191 4891 3300 4971 ipse
3322 4903 3339 4939 :
3355 4890 3402 4971 si
3429 4894 3702 4971 autemnon

2143 4974 2312 5028 crtdis
2334 4958 2446 5032 illi:
2467 4970 2632 5024 credis
2657 4983 2774 5021 vero
2804 4958 2941 5023 istis.
2984 4964 3152 5036 patius
3172 5032 3182 5036 _
3201 4958 3427 5013 uidentur
3451 4958 3526 5006 isti
3555 4958 3605 5004 in
3635 4960 3703 5000 tut

2146 5048 2366 5118 gratiam
2389 5042 2731 5118 taliadtcere,
2770 5050 2817 5090 et
2844 5032 3044 5118 obeam
3099 5032 3433 5118 Athanasium
3444 5036 3698 5118 lacerare:

2151 5095 2566 5172 haesitatum
2598 5095 2783 5166 cora'm
2830 5109 2973 5162 dicta
3022 5106 3338 5181 Imperator.
3369 5095 3629 5181 audissent.
3653 5100 3704 5181 et

2152 5165 2594 5255 sittant—repularet
2623 5165 2984 5236 contumeliam
3015 5218 3029 5240 ,
3058 5165 3180 5230 illos
3210 5169 3438 5255 eleciuin

2552 5235 2750 5311 ethoc
2775 5235 3045 5323 spectant,
3077 5260 3199 5323 qua:
3232 5235 3344 5296 'hoc
3372 5241 3419 5293 in
3444 5239 3575 5323 loco
3599 5235 3700 5323 rLuo

2149 5331 2289 5388 ciler
2316 5331 2493 5384 innuit
2526 5370 2540 5391 ,
2571 5341 2623 5383 et
2649 5342 2770 5392 tunc
2805 5320 2966 5394 paulo
2991 5320 3272 5394 superius,
3298 5326 3414 5394 qua:
3436 5321 3481 5364 te
3509 5322 3701 5394 catapli-

2398 5381 2540 5470 ﬁeri'
2563 5381 2740 5454 testem
2770 5381 3008 5467 fdlsum?
3054 5381 3223 5458 usque
3249 5381 3322 5440 ad
3345 5382 3478 5436 hunc
3516 5381 3698 5433 locum.

2223 5472 2251 5511 δ
2275 5474 2376 5528 Per
2407 5474 2635 5526 ironiam
2665 5470 2831 5524 dicta.
2883 5538 2893 5540 _
3027 5534 3036 5540 _
3276 5528 3286 5540 .

2228 5555 2248 5582 ε
2275 5517 2894 5606 ᾞιᾞνιὶ
2921 5534 3222 5606 traderent:_
3245 5528 3323 5583 sic
3348 5531 3526 5606 antea;
3570 5517 3702 5606 unde

2151 5618 2316 5673 etiam
2350 5601 2718 5685 participium,
2748 5625 2854 5682 quo
2871 5601 3294 5685 Διιιιιιιι--ιιιΐιθιίίιιδ
3315 5617 3329 5652 :
3352 5601 3512 5685 itif?"
3531 5602 3702 5685 ξεξτξίίσ

2156 5704 2328 5745 vestra
2351 5676 2670 5742 'virtute'Det'
2698 5676 3026 5752 mortiﬁcata,
3053 5676 3108 5732 Id
3136 5683 3216 5729 est
3248 5713 3262 5738 ,
3291 5676 3479 5723 mortua
3501 5707 3515 5732 ,
3543 5676 3661 5716 sana
3688 5696 3699 5715 .

2157 5773 2202 5816 et
2235 5763 2435 5815 inania.
2460 5759 2568 5814 Til.
2600 5767 2653 5810 ct
2689 5757 2738 5808 la
2761 5754 2953 5810 Corda.

2227 5832 2253 5870 ἀ
2283 5833 2471 5888 Sabat.
2509 5829 2636 5898 legit
2665 5829 2767 5880 sui.

2233 5916 2255 5942 ο
2283 5874 2858 5970 ῐὶὶὶὶἒῖἱηὶὀὲιὶῐεξῖτιίι.
2906 5908 2975 5951 ex
3005 5889 3192 5948 Graeco
3215 5893 3268 5942 et
3315 5881 3464 5951 Vulg.
3515 5874 3591 5933 cui
3622 5881 3702 5924 aa-

2158 5978 2393 6029 Fenlitur
2418 5962 2733 6026 “Munditia-
