  <div class='ocr_page' id='page_1' title='image "/cluster/home/n/w/nwhite01/storage/ocr_20150623/12-13/uc1.31175013632818/1112.png"; bbox 0 0 3854 6468; ppageno 0'>
   <div class='ocr_carea' id='block_1_1' title="bbox 133 464 226 520">
    <p class='ocr_par' dir='ltr' id='par_1_1' title="bbox 133 464 226 520">
     <span class='ocr_line' id='line_1_1' title="bbox 133 464 226 520; baseline -0.054 0"><span class='ocrx_word' id='word_1_1' title='bbox 133 464 226 520; x_wconf 85' lang='grc'><strong>897</strong></span> 
     </span>
    </p>
   </div>
   <div class='ocr_carea' id='block_1_2' title="bbox 1196 454 2352 516">
    <p class='ocr_par' dir='ltr' id='par_1_2' title="bbox 1196 454 2352 516">
     <span class='ocr_line' id='line_1_2' title="bbox 1196 454 2352 516; baseline -0.003 -3"><span class='ocrx_word' id='word_1_2' title='bbox 1196 456 1331 514; x_wconf 79' lang='lat' dir='ltr'><strong>PRO</strong></span> <span class='ocrx_word' id='word_1_3' title='bbox 1371 457 1644 514; x_wconf 69' lang='grc' dir='ltr'><strong>ΞΛΜ]Το</strong></span> <span class='ocrx_word' id='word_1_4' title='bbox 1685 454 2079 516; x_wconf 77' lang='lat' dir='ltr'><strong>ATHANASIO</strong></span> <span class='ocrx_word' id='word_1_5' title='bbox 2117 455 2246 512; x_wconf 84' lang='lat' dir='ltr'><strong>LIB.</strong></span> <span class='ocrx_word' id='word_1_6' title='bbox 2289 459 2352 514; x_wconf 91' lang='grc'><strong>11.</strong></span> 
     </span>
    </p>
   </div>
   <div class='ocr_carea' id='block_1_3' title="bbox 3316 455 3422 512">
    <p class='ocr_par' dir='ltr' id='par_1_3' title="bbox 3316 455 3422 512">
     <span class='ocr_line' id='line_1_3' title="bbox 3316 455 3422 512; baseline 0.009 -1"><span class='ocrx_word' id='word_1_7' title='bbox 3316 455 3422 512; x_wconf 80' lang='lat'><strong>898</strong></span> 
     </span>
    </p>
   </div>
   <div class='ocr_carea' id='block_1_4' title="bbox 136 570 3428 646">
    <p class='ocr_par' dir='ltr' id='par_1_4' title="bbox 136 570 3428 646">
     <span class='ocr_line' id='line_1_4' title="bbox 136 570 3428 646; baseline -0.002 -17"><span class='ocrx_word' id='word_1_8' title='bbox 136 574 453 646; x_wconf 75' lang='lat' dir='ltr'><strong>intelligere,</strong></span> <span class='ocrx_word' id='word_1_9' title='bbox 488 582 537 628; x_wconf 90' lang='lat' dir='ltr'><strong>te</strong></span> <span class='ocrx_word' id='word_1_10' title='bbox 571 587 735 628; x_wconf 89' lang='lat' dir='ltr'><strong>unum</strong></span> <span class='ocrx_word' id='word_1_11' title='bbox 765 585 890 627; x_wconf 89' lang='lat' dir='ltr'><strong>esse</strong></span> <span class='ocrx_word' id='word_1_12' title='bbox 922 571 990 628; x_wconf 93' lang='lat' dir='ltr'><strong>de</strong></span> <span class='ocrx_word' id='word_1_13' title='bbox 1020 573 1328 642; x_wconf 74' lang='lat' dir='ltr'><strong>viperarum</strong></span> <span class='ocrx_word' id='word_1_14' title='bbox 1365 575 1642 644; x_wconf 76' lang='lat' dir='ltr'><strong>progenie,</strong></span> <span class='ocrx_word' id='word_1_15' title='bbox 1673 583 1724 628; x_wconf 89' lang='lat' dir='ltr'><strong>te</strong></span> <span class='ocrx_word' id='word_1_16' title='bbox 1753 583 1806 643; x_wconf 75' lang='grc' dir='ltr'><strong>Α</strong></span> <span class='ocrx_word' id='word_1_17' title='bbox 1831 577 1934 627; x_wconf 79' lang='lat' dir='ltr'><strong>reri</strong></span> <span class='ocrx_word' id='word_1_18' title='bbox 1959 575 2201 635; x_wconf 85' lang='lat' dir='ltr'><strong>alterum,</strong></span> <span class='ocrx_word' id='word_1_19' title='bbox 2229 581 2275 626; x_wconf 91' lang='lat' dir='ltr'><strong>et</strong></span> <span class='ocrx_word' id='word_1_20' title='bbox 2307 572 2436 624; x_wconf 76' lang='lat' dir='ltr'><strong>dixit</strong></span> <span class='ocrx_word' id='word_1_21' title='bbox 2466 572 2532 624; x_wconf 90' lang='lat' dir='ltr'><strong>ad</strong></span> <span class='ocrx_word' id='word_1_22' title='bbox 2561 586 2680 625; x_wconf 88' lang='lat' dir='ltr'><strong>eum</strong></span> <span class='ocrx_word' id='word_1_23' title='bbox 2706 589 2723 624; x_wconf 87' lang='lat'><strong><em>:</em></strong></span> <span class='ocrx_word' id='word_1_24' title='bbox 2752 570 2942 626; x_wconf 82' lang='lat' dir='ltr'><strong>Semen</strong></span> <span class='ocrx_word' id='word_1_25' title='bbox 2969 570 3218 625; x_wconf 81' lang='lat' dir='ltr'><strong>Chanaan</strong></span> <span class='ocrx_word' id='word_1_26' title='bbox 3248 580 3295 623; x_wconf 93' lang='lat' dir='ltr'><strong>et</strong></span> <span class='ocrx_word' id='word_1_27' title='bbox 3325 585 3428 622; x_wconf 93' lang='lat' dir='ltr'><strong>non</strong></span> 
     </span>
    </p>
   </div>
   <div class='ocr_carea' id='block_1_5' title="bbox 135 665 1725 736">
    <p class='ocr_par' dir='ltr' id='par_1_5' title="bbox 135 665 1725 736">
     <span class='ocr_line' id='line_1_5' title="bbox 135 665 1725 736; baseline -0.003 -14"><span class='ocrx_word' id='word_1_28' title='bbox 135 667 258 724; x_wconf 85' lang='lat' dir='ltr'><strong>falsa</strong></span> <span class='ocrx_word' id='word_1_29' title='bbox 285 668 401 721; x_wconf 78' lang='lat' dir='ltr'><strong>ha-c</strong></span> <span class='ocrx_word' id='word_1_30' title='bbox 427 682 548 720; x_wconf 81' lang='lat' dir='ltr'><strong>cum</strong></span> <span class='ocrx_word' id='word_1_31' title='bbox 583 665 969 736; x_wconf 83' lang='lat' dir='ltr'><strong>consarrilrgis</strong></span> <span class='ocrx_word' id='word_1_32' title='bbox 997 668 1102 719; x_wconf 90' lang='lat' dir='ltr'><strong>tuis</strong></span> <span class='ocrx_word' id='word_1_33' title='bbox 1133 677 1382 734; x_wconf 88' lang='lat' dir='ltr'><strong>poetasse</strong></span> <span class='ocrx_word' id='word_1_34' title='bbox 1405 674 1452 718; x_wconf 77' lang='grc'><strong>⁸.</strong></span> <span class='ocrx_word' id='word_1_35' title='bbox 1480 665 1725 720; x_wconf 81' lang='lat' dir='ltr'><strong>Redeunt</strong></span> 
     </span>
    </p>
   </div>
   <div class='ocr_carea' id='block_1_6' title="bbox 134 756 1724 830">
    <p class='ocr_par' dir='ltr' id='par_1_6' title="bbox 134 756 1724 830">
     <span class='ocr_line' id='line_1_6' title="bbox 134 756 1724 830; baseline -0.002 -15"><span class='ocrx_word' id='word_1_36' title='bbox 134 762 194 815; x_wconf 88' lang='lat' dir='ltr'><strong>ad</strong></span> <span class='ocrx_word' id='word_1_37' title='bbox 225 761 430 830; x_wconf 88' lang='lat' dir='ltr'><strong>justum</strong></span> <span class='ocrx_word' id='word_1_38' title='bbox 466 757 821 829; x_wconf 74' lang='lat' dir='ltr'><strong>indicandum</strong></span> <span class='ocrx_word' id='word_1_39' title='bbox 856 757 1120 827; x_wconf 80' lang='lat' dir='ltr'><strong>judicium</strong></span> <span class='ocrx_word' id='word_1_40' title='bbox 1161 759 1271 825; x_wconf 89' lang='lat' dir='ltr'><strong>jam</strong></span> <span class='ocrx_word' id='word_1_41' title='bbox 1311 759 1490 813; x_wconf 96' lang='lat' dir='ltr'><strong>cuncti</strong></span> <span class='ocrx_word' id='word_1_42' title='bbox 1522 756 1549 795; x_wconf 71' lang='grc' dir='ltr'>δ</span> <span class='ocrx_word' id='word_1_43' title='bbox 1582 759 1724 812; x_wconf 88' lang='lat' dir='ltr'><strong>inter</strong></span> 
     </span>
    </p>
   </div>
   <div class='ocr_carea' id='block_1_7' title="bbox 136 851 1727 921">
    <p class='ocr_par' dir='ltr' id='par_1_7' title="bbox 136 851 1727 921">
     <span class='ocr_line' id='line_1_7' title="bbox 136 851 1727 921; baseline -0.002 -12"><span class='ocrx_word' id='word_1_44' title='bbox 136 854 246 910; x_wconf 60' lang='lat' dir='ltr'><strong>hinc</strong></span> <span class='ocrx_word' id='word_1_45' title='bbox 291 854 566 921; x_wconf 90' lang='lat' dir='ltr'><strong>torquenti</strong></span> <span class='ocrx_word' id='word_1_46' title='bbox 614 852 807 906; x_wconf 89' lang='lat' dir='ltr'><strong>mortis</strong></span> <span class='ocrx_word' id='word_1_47' title='bbox 851 853 1202 918; x_wconf 88' lang='lat' dir='ltr'><strong>sententiam,</strong></span> <span class='ocrx_word' id='word_1_48' title='bbox 1242 853 1403 906; x_wconf 89' lang='lat' dir='ltr'><strong>etiam</strong></span> <span class='ocrx_word' id='word_1_49' title='bbox 1451 851 1550 917; x_wconf 86' lang='lat' dir='ltr'><strong>illi,</strong></span> <span class='ocrx_word' id='word_1_50' title='bbox 1591 865 1727 921; x_wconf 89' lang='lat' dir='ltr'><strong>quos</strong></span> 
     </span>
    </p>
   </div>
   <div class='ocr_carea' id='block_1_8' title="bbox 135 943 1729 1015">
    <p class='ocr_par' dir='ltr' id='par_1_8' title="bbox 135 943 1729 1015">
     <span class='ocr_line' id='line_1_8' title="bbox 135 943 1729 1015; baseline -0.004 -12"><span class='ocrx_word' id='word_1_51' title='bbox 135 946 332 1003; x_wconf 85' lang='lat' dir='ltr'><strong>inscius</strong></span> <span class='ocrx_word' id='word_1_52' title='bbox 368 961 463 1000; x_wconf 84' lang='lat' dir='ltr'><strong>sua</strong></span> <span class='ocrx_word' id='word_1_53' title='bbox 496 943 798 998; x_wconf 78' lang='lat' dir='ltr'><strong>calliditate</strong></span> <span class='ocrx_word' id='word_1_54' title='bbox 826 959 920 1015; x_wconf 89' lang='lat' dir='ltr'><strong>per</strong></span> <span class='ocrx_word' id='word_1_55' title='bbox 950 956 1000 998; x_wconf 92' lang='lat' dir='ltr'><strong>te</strong></span> <span class='ocrx_word' id='word_1_56' title='bbox 1039 943 1352 998; x_wconf 75' lang='lat' dir='ltr'><strong>dominator</strong></span> <span class='ocrx_word' id='word_1_57' title='bbox 1389 944 1586 998; x_wconf 66' lang='lat' dir='ltr'><strong>anima:</strong></span> <span class='ocrx_word' id='word_1_58' title='bbox 1621 952 1729 997; x_wconf 78' lang='lat' dir='ltr'><strong>tua:</strong></span> 
     </span>
    </p>
   </div>
   <div class='ocr_carea' id='block_1_9' title="bbox 135 1036 1729 1108">
    <p class='ocr_par' dir='ltr' id='par_1_9' title="bbox 135 1036 1729 1108">
     <span class='ocr_line' id='line_1_9' title="bbox 135 1036 1729 1108; baseline -0.004 -13"><span class='ocrx_word' id='word_1_59' title='bbox 135 1039 385 1095; x_wconf 81' lang='lat' dir='ltr'><strong>diabolus</strong></span> <span class='ocrx_word' id='word_1_60' title='bbox 432 1037 962 1108; x_wconf 75' lang='lat' dir='ltr'><strong>circumscripSerat.</strong></span> <span class='ocrx_word' id='word_1_61' title='bbox 1013 1036 1130 1090; x_wconf 75' lang='lat' dir='ltr'><strong>Non</strong></span> <span class='ocrx_word' id='word_1_62' title='bbox 1183 1038 1324 1091; x_wconf 89' lang='lat' dir='ltr'><strong>enim</strong></span> <span class='ocrx_word' id='word_1_63' title='bbox 1379 1051 1500 1090; x_wconf 88' lang='lat' dir='ltr'><strong>esse</strong></span> <span class='ocrx_word' id='word_1_64' title='bbox 1547 1043 1729 1103; x_wconf 91' lang='lat' dir='ltr'><strong>potest</strong></span> 
     </span>
    </p>
   </div>
   <div class='ocr_carea' id='block_1_10' title="bbox 135 1129 1724 1202">
    <p class='ocr_par' dir='ltr' id='par_1_10' title="bbox 135 1129 1724 1202">
     <span class='ocr_line' id='line_1_10' title="bbox 135 1129 1724 1202; baseline -0.004 -15"><span class='ocrx_word' id='word_1_65' title='bbox 135 1145 327 1202; x_wconf 71' lang='lat' dir='ltr'><strong>prmter</strong></span> <span class='ocrx_word' id='word_1_66' title='bbox 357 1129 648 1185; x_wconf 81' lang='lat' dir='ltr'><strong>coarianos</strong></span> <span class='ocrx_word' id='word_1_67' title='bbox 682 1139 824 1193; x_wconf 90' lang='lat' dir='ltr'><strong>tuos,</strong></span> <span class='ocrx_word' id='word_1_68' title='bbox 860 1131 950 1200; x_wconf 87' lang='lat' dir='ltr'><strong>qui</strong></span> <span class='ocrx_word' id='word_1_69' title='bbox 982 1145 1088 1183; x_wconf 89' lang='lat' dir='ltr'><strong>non</strong></span> <span class='ocrx_word' id='word_1_70' title='bbox 1124 1130 1256 1183; x_wconf 91' lang='lat' dir='ltr'><strong>velit</strong></span> <span class='ocrx_word' id='word_1_71' title='bbox 1287 1129 1571 1183; x_wconf 68' lang='lat' dir='ltr'><strong>Athanasii</strong></span> <span class='ocrx_word' id='word_1_72' title='bbox 1603 1129 1724 1181; x_wconf 90' lang='lat' dir='ltr'><strong>vin-</strong></span> 
     </span>
    </p>
   </div>
   <div class='ocr_carea' id='block_1_11' title="bbox 131 1221 1728 1292">
    <p class='ocr_par' dir='ltr' id='par_1_11' title="bbox 131 1221 1728 1292">
     <span class='ocr_line' id='line_1_11' title="bbox 131 1221 1728 1292; baseline -0.001 -14"><span class='ocrx_word' id='word_1_73' title='bbox 131 1225 297 1280; x_wconf 79' lang='lat' dir='ltr'><strong>dicari</strong></span> <span class='ocrx_word' id='word_1_74' title='bbox 331 1223 728 1287; x_wconf 90' lang='lat' dir='ltr'><strong>innocentiam,</strong></span> <span class='ocrx_word' id='word_1_75' title='bbox 759 1225 897 1277; x_wconf 83' lang='lat' dir='ltr'><strong>adeo</strong></span> <span class='ocrx_word' id='word_1_76' title='bbox 930 1223 1020 1292; x_wconf 89' lang='lat' dir='ltr'><strong>qni</strong></span> <span class='ocrx_word' id='word_1_77' title='bbox 1056 1238 1159 1275; x_wconf 92' lang='lat' dir='ltr'><strong>non</strong></span> <span class='ocrx_word' id='word_1_78' title='bbox 1196 1223 1375 1276; x_wconf 74' lang='lat' dir='ltr'><strong>faveat</strong></span> <span class='ocrx_word' id='word_1_79' title='bbox 1403 1221 1728 1276; x_wconf 73' lang='lat' dir='ltr'><strong>innocentia:</strong></span> 
     </span>
    </p>
   </div>
   <div class='ocr_carea' id='block_1_12' title="bbox 131 1313 1730 1384">
    <p class='ocr_par' dir='ltr' id='par_1_12' title="bbox 131 1313 1730 1384">
     <span class='ocr_line' id='line_1_12' title="bbox 131 1313 1730 1384; baseline -0.003 -12"><span class='ocrx_word' id='word_1_80' title='bbox 131 1316 432 1380; x_wconf 81' lang='lat' dir='ltr'><strong>Athanasii,</strong></span> <span class='ocrx_word' id='word_1_81' title='bbox 449 1317 589 1370; x_wconf 90' lang='lat' dir='ltr'><strong>sicut</strong></span> <span class='ocrx_word' id='word_1_82' title='bbox 611 1327 662 1370; x_wconf 93' lang='lat' dir='ltr'><strong>et</strong></span> <span class='ocrx_word' id='word_1_83' title='bbox 683 1331 826 1369; x_wconf 91' lang='lat' dir='ltr'><strong>nunc</strong></span> <span class='ocrx_word' id='word_1_84' title='bbox 850 1315 1136 1379; x_wconf 71' lang='lat' dir='ltr'><strong>Susannm,</strong></span> <span class='ocrx_word' id='word_1_85' title='bbox 1155 1324 1504 1384; x_wconf 79' lang='lat' dir='ltr'><strong>posteaquam</strong></span> <span class='ocrx_word' id='word_1_86' title='bbox 1528 1313 1730 1368; x_wconf 82' lang='lat' dir='ltr'><strong>consti-</strong></span> 
     </span>
    </p>
   </div>
   <div class='ocr_carea' id='block_1_13' title="bbox 131 1405 1728 1478">
    <p class='ocr_par' dir='ltr' id='par_1_13' title="bbox 131 1405 1728 1478">
     <span class='ocr_line' id='line_1_13' title="bbox 131 1405 1728 1478; baseline -0.002 -16"><span class='ocrx_word' id='word_1_87' title='bbox 131 1410 190 1462; x_wconf 87' lang='lat' dir='ltr'><strong>tit</strong></span> <span class='ocrx_word' id='word_1_88' title='bbox 226 1408 370 1461; x_wconf 83' lang='lat' dir='ltr'><strong>illam</strong></span> <span class='ocrx_word' id='word_1_89' title='bbox 402 1407 540 1462; x_wconf 63' lang='lat' dir='ltr'><strong>falso</strong></span> <span class='ocrx_word' id='word_1_90' title='bbox 567 1409 796 1462; x_wconf 90' lang='lat' dir='ltr'><strong>crimine</strong></span> <span class='ocrx_word' id='word_1_91' title='bbox 831 1411 1077 1478; x_wconf 83' lang='lat' dir='ltr'><strong>petitam,</strong></span> <span class='ocrx_word' id='word_1_92' title='bbox 1107 1408 1356 1476; x_wconf 87' lang='lat' dir='ltr'><strong>pudicam</strong></span> <span class='ocrx_word' id='word_1_93' title='bbox 1390 1408 1460 1461; x_wconf 86' lang='lat' dir='ltr'><strong>ab</strong></span> <span class='ocrx_word' id='word_1_94' title='bbox 1492 1405 1728 1474; x_wconf 89' lang='lat' dir='ltr'><strong>impudi-</strong></span> 
     </span>
    </p>
   </div>
   <div class='ocr_carea' id='block_1_14' title="bbox 129 1500 1729 1567">
    <p class='ocr_par' dir='ltr' id='par_1_14' title="bbox 129 1500 1729 1567">
     <span class='ocr_line' id='line_1_14' title="bbox 129 1500 1729 1567; baseline -0.001 -11"><span class='ocrx_word' id='word_1_95' title='bbox 129 1501 227 1567; x_wconf 74' lang='lat' dir='ltr'><strong>cis,</strong></span> <span class='ocrx_word' id='word_1_96' title='bbox 256 1510 458 1556; x_wconf 85' lang='lat' dir='ltr'><strong>castam</strong></span> <span class='ocrx_word' id='word_1_97' title='bbox 491 1501 560 1555; x_wconf 88' lang='lat' dir='ltr'><strong>ab</strong></span> <span class='ocrx_word' id='word_1_98' title='bbox 596 1501 890 1563; x_wconf 85' lang='lat' dir='ltr'><strong>adulteris,</strong></span> <span class='ocrx_word' id='word_1_99' title='bbox 929 1501 1023 1555; x_wconf 92' lang='lat' dir='ltr'><strong>Dei</strong></span> <span class='ocrx_word' id='word_1_100' title='bbox 1061 1502 1312 1556; x_wconf 81' lang='lat' dir='ltr'><strong>ancillam</strong></span> <span class='ocrx_word' id='word_1_101' title='bbox 1345 1517 1373 1555; x_wconf 91' lang='lat' dir='ltr'><strong>a</strong></span> <span class='ocrx_word' id='word_1_102' title='bbox 1405 1502 1584 1556; x_wconf 83' lang='lat' dir='ltr'><strong>servis</strong></span> <span class='ocrx_word' id='word_1_103' title='bbox 1613 1500 1729 1555; x_wconf 90' lang='lat' dir='ltr'><strong>dia-</strong></span> 
     </span>
    </p>
   </div>
   <div class='ocr_carea' id='block_1_15' title="bbox 129 1593 1730 1664">
    <p class='ocr_par' dir='ltr' id='par_1_15' title="bbox 129 1593 1730 1664">
     <span class='ocr_line' id='line_1_15' title="bbox 129 1593 1730 1664; baseline 0 -16"><span class='ocrx_word' id='word_1_104' title='bbox 129 1593 235 1648; x_wconf 86' lang='lat' dir='ltr'><strong>boli</strong></span> <span class='ocrx_word' id='word_1_105' title='bbox 270 1610 281 1644; x_wconf 91' lang='lat'>:</span> <span class='ocrx_word' id='word_1_106' title='bbox 319 1593 391 1646; x_wconf 83' lang='lat' dir='ltr'><strong>ita</strong></span> <span class='ocrx_word' id='word_1_107' title='bbox 421 1608 450 1646; x_wconf 89' lang='lat' dir='ltr'><strong>a</strong></span> <span class='ocrx_word' id='word_1_108' title='bbox 488 1593 644 1648; x_wconf 85' lang='lat' dir='ltr'><strong>vobis</strong></span> <span class='ocrx_word' id='word_1_109' title='bbox 689 1593 1025 1663; x_wconf 89' lang='lat' dir='ltr'><strong>serpentinis</strong></span> <span class='ocrx_word' id='word_1_110' title='bbox 1073 1594 1198 1647; x_wconf 86' lang='lat' dir='ltr'><strong>filiis</strong></span> <span class='ocrx_word' id='word_1_111' title='bbox 1241 1604 1442 1648; x_wconf 75' lang='lat' dir='ltr'><strong>satana)</strong></span> <span class='ocrx_word' id='word_1_112' title='bbox 1487 1595 1730 1664; x_wconf 78' lang='lat' dir='ltr'><strong>pulsatus</strong></span> 
     </span>
    </p>
   </div>
   <div class='ocr_carea' id='block_1_16' title="bbox 130 1687 1729 1752">
    <p class='ocr_par' dir='ltr' id='par_1_16' title="bbox 130 1687 1729 1752">
     <span class='ocr_line' id='line_1_16' title="bbox 130 1687 1729 1752; baseline 0.002 -12"><span class='ocrx_word' id='word_1_113' title='bbox 130 1697 212 1741; x_wconf 91' lang='lat' dir='ltr'><strong>est</strong></span> <span class='ocrx_word' id='word_1_114' title='bbox 256 1696 431 1741; x_wconf 86' lang='lat' dir='ltr'><strong>status</strong></span> <span class='ocrx_word' id='word_1_115' title='bbox 471 1687 780 1740; x_wconf 89' lang='lat' dir='ltr'><strong>innocentis</strong></span> <span class='ocrx_word' id='word_1_116' title='bbox 831 1687 946 1741; x_wconf 89' lang='lat' dir='ltr'><strong>Deo</strong></span> <span class='ocrx_word' id='word_1_117' title='bbox 993 1687 1226 1740; x_wconf 84' lang='lat' dir='ltr'><strong>fideliler</strong></span> <span class='ocrx_word' id='word_1_118' title='bbox 1270 1689 1592 1752; x_wconf 88' lang='lat' dir='ltr'><strong>servientis;</strong></span> <span class='ocrx_word' id='word_1_119' title='bbox 1633 1687 1729 1743; x_wconf 90' lang='lat' dir='ltr'><strong>sed</strong></span> 
     </span>
    </p>
   </div>
   <div class='ocr_carea' id='block_1_17' title="bbox 129 1777 1730 1849">
    <p class='ocr_par' dir='ltr' id='par_1_17' title="bbox 129 1777 1730 1849">
     <span class='ocr_line' id='line_1_17' title="bbox 129 1777 1730 1849; baseline -0.001 -15"><span class='ocrx_word' id='word_1_120' title='bbox 129 1779 264 1834; x_wconf 75' lang='lat' dir='ltr'><strong>estis</strong></span> <span class='ocrx_word' id='word_1_121' title='bbox 316 1779 595 1849; x_wconf 81' lang='lat' dir='ltr'><strong>pr03trati.</strong></span> <span class='ocrx_word' id='word_1_122' title='bbox 649 1777 839 1833; x_wconf 71' lang='lat' dir='ltr'><strong>lacent</strong></span> <span class='ocrx_word' id='word_1_123' title='bbox 871 1779 1019 1832; x_wconf 90' lang='lat' dir='ltr'><strong>enim</strong></span> <span class='ocrx_word' id='word_1_124' title='bbox 1073 1780 1252 1831; x_wconf 84' lang='lat' dir='ltr'><strong>omnia</strong></span> <span class='ocrx_word' id='word_1_125' title='bbox 1303 1795 1508 1833; x_wconf 88' lang='lat' dir='ltr'><strong>venena</strong></span> <span class='ocrx_word' id='word_1_126' title='bbox 1546 1792 1730 1832; x_wconf 87' lang='lat' dir='ltr'><strong>vestra</strong></span> 
     </span>
    </p>
   </div>
   <div class='ocr_carea' id='block_1_18' title="bbox 131 1871 1730 1940">
    <p class='ocr_par' dir='ltr' id='par_1_18' title="bbox 131 1871 1730 1940">
     <span class='ocr_line' id='line_1_18' title="bbox 131 1871 1730 1940; baseline -0.001 -14"><span class='ocrx_word' id='word_1_127' title='bbox 131 1876 332 1928; x_wconf 90' lang='lat' dir='ltr'><strong>virtute</strong></span> <span class='ocrx_word' id='word_1_128' title='bbox 398 1871 492 1927; x_wconf 88' lang='lat' dir='ltr'><strong>Dei</strong></span> <span class='ocrx_word' id='word_1_129' title='bbox 551 1873 894 1926; x_wconf 81' lang='lat' dir='ltr'><strong>mortificata.</strong></span> <span class='ocrx_word' id='word_1_130' title='bbox 961 1871 1239 1940; x_wconf 74' lang='lat' dir='ltr'><strong>Siquidem</strong></span> <span class='ocrx_word' id='word_1_131' title='bbox 1307 1873 1484 1927; x_wconf 91' lang='lat' dir='ltr'><strong>omnis</strong></span> <span class='ocrx_word' id='word_1_132' title='bbox 1553 1873 1730 1925; x_wconf 88' lang='lat' dir='ltr'><strong>anima</strong></span> 
     </span>
    </p>
   </div>
   <div class='ocr_carea' id='block_1_19' title="bbox 1826 663 3428 735">
    <p class='ocr_par' dir='ltr' id='par_1_19' title="bbox 1826 663 3428 735">
     <span class='ocr_line' id='line_1_19' title="bbox 1826 663 3428 735; baseline -0.002 -18"><span class='ocrx_word' id='word_1_133' title='bbox 1826 663 1988 732; x_wconf 71' lang='lat' dir='ltr'><strong>Iuda,</strong></span> <span class='ocrx_word' id='word_1_134' title='bbox 2023 665 2218 735; x_wconf 78' lang='lat' dir='ltr'><strong>species</strong></span> <span class='ocrx_word' id='word_1_135' title='bbox 2248 665 2450 718; x_wconf 77' lang='lat' dir='ltr'><strong>seduxit</strong></span> <span class='ocrx_word' id='word_1_136' title='bbox 2482 675 2545 730; x_wconf 91' lang='lat' dir='ltr'><strong>te,</strong></span> <span class='ocrx_word' id='word_1_137' title='bbox 2583 675 2630 717; x_wconf 90' lang='lat' dir='ltr'><strong>et</strong></span> <span class='ocrx_word' id='word_1_138' title='bbox 2661 664 3084 733; x_wconf 84' lang='lat' dir='ltr'><strong>concupiscentia</strong></span> <span class='ocrx_word' id='word_1_139' title='bbox 3123 665 3298 718; x_wconf 56' lang='lat' dir='ltr'><strong>evertit</strong></span> <span class='ocrx_word' id='word_1_140' title='bbox 3337 678 3428 715; x_wconf 90' lang='lat' dir='ltr'><strong>cor</strong></span> 
     </span>
    </p>
   </div>
   <div class='ocr_carea' id='block_1_20' title="bbox 1828 753 3425 828">
    <p class='ocr_par' dir='ltr' id='par_1_20' title="bbox 1828 753 3425 828">
     <span class='ocr_line' id='line_1_20' title="bbox 1828 753 3425 828; baseline -0.003 -17"><span class='ocrx_word' id='word_1_141' title='bbox 1828 768 1971 811; x_wconf 87' lang='lat' dir='ltr'><strong>tuum</strong></span> <span class='ocrx_word' id='word_1_142' title='bbox 1994 774 2011 811; x_wconf 89' lang='lat'><em>:</em></span> <span class='ocrx_word' id='word_1_143' title='bbox 2035 759 2110 811; x_wconf 85' lang='lat' dir='ltr'><strong>sic</strong></span> <span class='ocrx_word' id='word_1_144' title='bbox 2141 757 2410 828; x_wconf 76' lang='lat' dir='ltr'><strong>faciebatis</strong></span> <span class='ocrx_word' id='word_1_145' title='bbox 2441 756 2647 824; x_wconf 81' lang='lat' dir='ltr'><strong>filiabus</strong></span> <span class='ocrx_word' id='word_1_146' title='bbox 2678 753 2870 819; x_wconf 88' lang='lat' dir='ltr'><strong>Israel,</strong></span> <span class='ocrx_word' id='word_1_147' title='bbox 2897 765 2947 810; x_wconf 90' lang='lat' dir='ltr'><strong>et</strong></span> <span class='ocrx_word' id='word_1_148' title='bbox 2979 756 3088 808; x_wconf 80' lang='lat' dir='ltr'><strong>illa:</strong></span> <span class='ocrx_word' id='word_1_149' title='bbox 3119 754 3326 824; x_wconf 82' lang='lat' dir='ltr'><strong>quidem</strong></span> <span class='ocrx_word' id='word_1_150' title='bbox 3359 755 3425 806; x_wconf 88' lang='lat' dir='ltr'><strong>ti-</strong></span> 
     </span>
    </p>
   </div>
   <div class='ocr_carea' id='block_1_21' title="bbox 1829 847 3426 916">
    <p class='ocr_par' dir='ltr' id='par_1_21' title="bbox 1829 847 3426 916">
     <span class='ocr_line' id='line_1_21' title="bbox 1829 847 3426 916; baseline -0.004 -11"><span class='ocrx_word' id='word_1_151' title='bbox 1829 864 2019 906; x_wconf 87' lang='lat' dir='ltr'><strong>mentes</strong></span> <span class='ocrx_word' id='word_1_152' title='bbox 2046 853 2442 905; x_wconf 84' lang='lat' dir='ltr'><strong>concumbebant</strong></span> <span class='ocrx_word' id='word_1_153' title='bbox 2473 850 2752 905; x_wconf 79' lang='lat' dir='ltr'><strong>vobiscum.</strong></span> <span class='ocrx_word' id='word_1_154' title='bbox 2780 849 2886 904; x_wconf 85' lang='lat' dir='ltr'><strong>Sed</strong></span> <span class='ocrx_word' id='word_1_155' title='bbox 2912 866 3016 903; x_wconf 90' lang='lat' dir='ltr'><strong>non</strong></span> <span class='ocrx_word' id='word_1_156' title='bbox 3039 849 3284 903; x_wconf 73' lang='lat' dir='ltr'><strong>sustinuit</strong></span> <span class='ocrx_word' id='word_1_157' title='bbox 3310 847 3426 916; x_wconf 78' lang='lat' dir='ltr'><strong>ﬁlia</strong></span> 
     </span>
    </p>
   </div>
   <div class='ocr_carea' id='block_1_22' title="bbox 1827 936 3426 1015">
    <p class='ocr_par' dir='ltr' id='par_1_22' title="bbox 1827 936 3426 1015">
     <span class='ocr_line' id='line_1_22' title="bbox 1827 936 3426 1015; baseline -0.005 -17"><span class='ocrx_word' id='word_1_158' title='bbox 1827 944 1970 998; x_wconf 84' lang='lat' dir='ltr'><strong>Juda</strong></span> <span class='ocrx_word' id='word_1_159' title='bbox 2002 944 2312 1015; x_wconf 83' lang='lat' dir='ltr'><strong>injustitiam</strong></span> <span class='ocrx_word' id='word_1_160' title='bbox 2345 950 2584 996; x_wconf 76' lang='lat' dir='ltr'><strong>vestram.</strong></span> <span class='ocrx_word' id='word_1_161' title='bbox 2629 940 2787 996; x_wconf 81' lang='lat' dir='ltr'><strong>Nunc</strong></span> <span class='ocrx_word' id='word_1_162' title='bbox 2821 951 2992 994; x_wconf 91' lang='lat' dir='ltr'><strong>autem</strong></span> <span class='ocrx_word' id='word_1_163' title='bbox 3031 940 3114 993; x_wconf 88' lang='lat' dir='ltr'><strong>dic</strong></span> <span class='ocrx_word' id='word_1_164' title='bbox 3145 936 3298 1003; x_wconf 88' lang='lat' dir='ltr'><strong>mihi,</strong></span> <span class='ocrx_word' id='word_1_165' title='bbox 3331 937 3426 990; x_wconf 85' lang='lat' dir='ltr'><strong>sub</strong></span> 
     </span>
    </p>
   </div>
   <div class='ocr_carea' id='block_1_23' title="bbox 1828 1028 3432 1106">
    <p class='ocr_par' dir='ltr' id='par_1_23' title="bbox 1828 1028 3432 1106">
     <span class='ocr_line' id='line_1_23' title="bbox 1828 1028 3432 1106; baseline -0.006 -16"><span class='ocrx_word' id='word_1_166' title='bbox 1828 1055 1930 1104; x_wconf 87' lang='lat' dir='ltr'><strong>qua</strong></span> <span class='ocrx_word' id='word_1_167' title='bbox 1979 1037 2159 1090; x_wconf 89' lang='lat' dir='ltr'><strong>arbore</strong></span> <span class='ocrx_word' id='word_1_168' title='bbox 2202 1035 2631 1100; x_wconf 84' lang='lat' dir='ltr'><strong>comprehendisti</strong></span> <span class='ocrx_word' id='word_1_169' title='bbox 2683 1050 2778 1106; x_wconf 85' lang='lat' dir='ltr'><strong>eos</strong></span> <span class='ocrx_word' id='word_1_170' title='bbox 2827 1033 3042 1087; x_wconf 87' lang='lat' dir='ltr'><strong>invicem</strong></span> <span class='ocrx_word' id='word_1_171' title='bbox 3093 1039 3376 1084; x_wconf 86' lang='lat' dir='ltr'><strong>tractantes</strong></span> <span class='ocrx_word' id='word_1_172' title='bbox 3406 1028 3432 1080; x_wconf 81' lang='lat'><strong>?</strong></span> 
     </span>
    </p>
   </div>
   <div class='ocr_carea' id='block_1_24' title="bbox 1831 1120 3434 1194">
    <p class='ocr_par' dir='ltr' id='par_1_24' title="bbox 1831 1120 3434 1194">
     <span class='ocr_line' id='line_1_24' title="bbox 1831 1120 3434 1194; baseline -0.007 -11"><span class='ocrx_word' id='word_1_173' title='bbox 1831 1128 2119 1194; x_wconf 84' lang='lat' dir='ltr'><strong>Respondit</strong></span> <span class='ocrx_word' id='word_1_174' title='bbox 2150 1145 2168 1182; x_wconf 92' lang='lat'><em>:</em></span> <span class='ocrx_word' id='word_1_175' title='bbox 2197 1129 2304 1184; x_wconf 85' lang='lat' dir='ltr'><strong>Sub</strong></span> <span class='ocrx_word' id='word_1_176' title='bbox 2338 1129 2479 1182; x_wconf 81' lang='lat' dir='ltr'><strong>ilice.</strong></span> <span class='ocrx_word' id='word_1_177' title='bbox 2515 1124 2664 1180; x_wconf 79' lang='lat' dir='ltr'><strong>Dixit</strong></span> <span class='ocrx_word' id='word_1_178' title='bbox 2693 1135 2869 1180; x_wconf 89' lang='lat' dir='ltr'><strong>autem</strong></span> <span class='ocrx_word' id='word_1_179' title='bbox 2900 1125 2978 1177; x_wconf 82' lang='lat' dir='ltr'><strong>illi</strong></span> <span class='ocrx_word' id='word_1_180' title='bbox 3006 1123 3194 1176; x_wconf 88' lang='lat' dir='ltr'><strong>Daniel</strong></span> <span class='ocrx_word' id='word_1_181' title='bbox 3222 1141 3239 1175; x_wconf 87' lang='lat'><em>:</em></span> <span class='ocrx_word' id='word_1_182' title='bbox 3274 1120 3434 1175; x_wconf 80' lang='lat' dir='ltr'><strong>Recte</strong></span> 
     </span>
    </p>
   </div>
   <div class='ocr_carea' id='block_1_25' title="bbox 1829 1214 3435 1291">
    <p class='ocr_par' dir='ltr' id='par_1_25' title="bbox 1829 1214 3435 1291">
     <span class='ocr_line' id='line_1_25' title="bbox 1829 1214 3435 1291; baseline -0.005 -16"><span class='ocrx_word' id='word_1_183' title='bbox 1829 1223 2070 1276; x_wconf 90' lang='lat' dir='ltr'><strong>mentitus</strong></span> <span class='ocrx_word' id='word_1_184' title='bbox 2091 1238 2143 1275; x_wconf 88' lang='lat' dir='ltr'><strong>es</strong></span> <span class='ocrx_word' id='word_1_185' title='bbox 2173 1232 2220 1274; x_wconf 94' lang='lat' dir='ltr'><strong>et</strong></span> <span class='ocrx_word' id='word_1_186' title='bbox 2247 1231 2299 1274; x_wconf 91' lang='lat' dir='ltr'><strong>tu</strong></span> <span class='ocrx_word' id='word_1_187' title='bbox 2325 1222 2377 1274; x_wconf 90' lang='lat' dir='ltr'><strong>in</strong></span> <span class='ocrx_word' id='word_1_188' title='bbox 2409 1230 2565 1291; x_wconf 85' lang='lat' dir='ltr'><strong>caput</strong></span> <span class='ocrx_word' id='word_1_189' title='bbox 2593 1229 2758 1272; x_wconf 89' lang='lat' dir='ltr'><strong>tuum.</strong></span> <span class='ocrx_word' id='word_1_190' title='bbox 2792 1217 2973 1272; x_wconf 74' lang='lat' dir='ltr'><strong>Manet</strong></span> <span class='ocrx_word' id='word_1_191' title='bbox 2999 1216 3188 1271; x_wconf 88' lang='lat' dir='ltr'><strong>etenim</strong></span> <span class='ocrx_word' id='word_1_192' title='bbox 3217 1214 3435 1284; x_wconf 80' lang='lat' dir='ltr'><strong>angelus</strong></span> 
     </span>
    </p>
   </div>
   <div class='ocr_carea' id='block_1_26' title="bbox 1831 1310 3433 1388">
    <p class='ocr_par' dir='ltr' id='par_1_26' title="bbox 1831 1310 3433 1388">
     <span class='ocr_line' id='line_1_26' title="bbox 1831 1310 3433 1388; baseline -0.007 -17"><span class='ocrx_word' id='word_1_193' title='bbox 1831 1316 1929 1371; x_wconf 88' lang='lat' dir='ltr'><strong>Dei</strong></span> <span class='ocrx_word' id='word_1_194' title='bbox 1962 1314 2197 1388; x_wconf 86' lang='lat' dir='ltr'><strong>gladium</strong></span> <span class='ocrx_word' id='word_1_195' title='bbox 2228 1314 2423 1369; x_wconf 84' lang='lat' dir='ltr'><strong>habens</strong></span> <span class='ocrx_word' id='word_1_196' title='bbox 2458 1313 2527 1368; x_wconf 91' lang='lat' dir='ltr'><strong>ad</strong></span> <span class='ocrx_word' id='word_1_197' title='bbox 2563 1313 2843 1367; x_wconf 85' lang='lat' dir='ltr'><strong>secandum</strong></span> <span class='ocrx_word' id='word_1_198' title='bbox 2883 1322 2930 1367; x_wconf 92' lang='lat' dir='ltr'><strong>te</strong></span> <span class='ocrx_word' id='word_1_199' title='bbox 2971 1310 3220 1373; x_wconf 84' lang='lat' dir='ltr'><strong>medium,</strong></span> <span class='ocrx_word' id='word_1_200' title='bbox 3254 1317 3310 1360; x_wconf 88' lang='lat' dir='ltr'><strong>ut</strong></span> <span class='ocrx_word' id='word_1_201' title='bbox 3347 1321 3433 1361; x_wconf 86' lang='lat' dir='ltr'><strong>vos</strong></span> 
     </span>
    </p>
   </div>
   <div class='ocr_carea' id='block_1_27' title="bbox 1829 1407 3430 1481">
    <p class='ocr_par' dir='ltr' id='par_1_27' title="bbox 1829 1407 3430 1481">
     <span class='ocr_line' id='line_1_27' title="bbox 1829 1407 3430 1481; baseline -0.006 -18"><span class='ocrx_word' id='word_1_202' title='bbox 1829 1409 2030 1481; x_wconf 83' lang='lat' dir='ltr'><strong>perdat.</strong></span> <span class='ocrx_word' id='word_1_203' title='bbox 2070 1407 2134 1460; x_wconf 80' lang='lat' dir='ltr'><strong>Et</strong></span> <span class='ocrx_word' id='word_1_204' title='bbox 2169 1409 2470 1462; x_wconf 70' lang='lat' dir='ltr'><strong>exclamavit</strong></span> <span class='ocrx_word' id='word_1_205' title='bbox 2499 1407 2665 1460; x_wconf 86' lang='lat' dir='ltr'><strong>omnis</strong></span> <span class='ocrx_word' id='word_1_206' title='bbox 2708 1422 2971 1478; x_wconf 80' lang='lat' dir='ltr'><strong>synagoga</strong></span> <span class='ocrx_word' id='word_1_207' title='bbox 3011 1421 3131 1458; x_wconf 79' lang='lat' dir='ltr'><strong>voce</strong></span> <span class='ocrx_word' id='word_1_208' title='bbox 3162 1419 3348 1475; x_wconf 85' lang='lat' dir='ltr'><strong>magna</strong></span> <span class='ocrx_word' id='word_1_209' title='bbox 3382 1410 3430 1455; x_wconf 90' lang='lat' dir='ltr'><strong>et</strong></span> 
     </span>
    </p>
   </div>
   <div class='ocr_carea' id='block_1_28' title="bbox 1832 1499 3434 1570">
    <p class='ocr_par' dir='ltr' id='par_1_28' title="bbox 1832 1499 3434 1570">
     <span class='ocr_line' id='line_1_28' title="bbox 1832 1499 3434 1570; baseline -0.005 -15"><span class='ocrx_word' id='word_1_210' title='bbox 1832 1501 2088 1555; x_wconf 73' lang='lat' dir='ltr'><strong>benedixit</strong></span> <span class='ocrx_word' id='word_1_211' title='bbox 2121 1499 2305 1567; x_wconf 86' lang='lat' dir='ltr'><strong>Deum,</strong></span> <span class='ocrx_word' id='word_1_212' title='bbox 2337 1501 2427 1569; x_wconf 88' lang='lat' dir='ltr'><strong>qui</strong></span> <span class='ocrx_word' id='word_1_213' title='bbox 2455 1501 2623 1556; x_wconf 88' lang='lat' dir='ltr'><strong>salvos</strong></span> <span class='ocrx_word' id='word_1_214' title='bbox 2658 1500 2784 1570; x_wconf 80' lang='lat' dir='ltr'><strong>facit</strong></span> <span class='ocrx_word' id='word_1_215' title='bbox 2811 1509 3074 1566; x_wconf 83' lang='lat' dir='ltr'><strong>sperantes</strong></span> <span class='ocrx_word' id='word_1_216' title='bbox 3105 1500 3158 1550; x_wconf 90' lang='lat' dir='ltr'><strong>in</strong></span> <span class='ocrx_word' id='word_1_217' title='bbox 3190 1513 3308 1550; x_wconf 87' lang='lat' dir='ltr'><strong>eum</strong></span> <span class='ocrx_word' id='word_1_218' title='bbox 3337 1512 3353 1548; x_wconf 91' lang='lat'><strong><em>:</em></strong></span> <span class='ocrx_word' id='word_1_219' title='bbox 3381 1502 3434 1548; x_wconf 90' lang='lat' dir='ltr'><strong>et</strong></span> 
     </span>
    </p>
   </div>
   <div class='ocr_carea' id='block_1_29' title="bbox 1830 1590 3425 1663">
    <p class='ocr_par' dir='ltr' id='par_1_29' title="bbox 1830 1590 3425 1663">
     <span class='ocr_line' id='line_1_29' title="bbox 1830 1590 3425 1663; baseline -0.005 -15"><span class='ocrx_word' id='word_1_220' title='bbox 1830 1603 2158 1648; x_wconf 72' lang='lat' dir='ltr'><strong>surrexerunt</strong></span> <span class='ocrx_word' id='word_1_221' title='bbox 2186 1593 2428 1646; x_wconf 89' lang='lat' dir='ltr'><strong>adversus</strong></span> <span class='ocrx_word' id='word_1_222' title='bbox 2458 1593 2588 1646; x_wconf 86' lang='lat' dir='ltr'><strong>duos</strong></span> <span class='ocrx_word' id='word_1_223' title='bbox 2620 1591 2943 1663; x_wconf 81' lang='lat' dir='ltr'><strong>presbyteros</strong></span> <span class='ocrx_word' id='word_1_224' title='bbox 2963 1632 2978 1655; x_wconf 96' lang='lat'><strong>,</strong></span> <span class='ocrx_word' id='word_1_225' title='bbox 3012 1590 3254 1659; x_wconf 90' lang='lat' dir='ltr'><strong>quoniam</strong></span> <span class='ocrx_word' id='word_1_226' title='bbox 3283 1604 3425 1642; x_wconf 84' lang='lat' dir='ltr'><strong>cont-</strong></span> 
     </span>
    </p>
   </div>
   <div class='ocr_carea' id='block_1_30' title="bbox 1833 1684 3432 1756">
    <p class='ocr_par' dir='ltr' id='par_1_30' title="bbox 1833 1684 3432 1756">
     <span class='ocr_line' id='line_1_30' title="bbox 1833 1684 3432 1756; baseline -0.004 -16"><span class='ocrx_word' id='word_1_227' title='bbox 1833 1686 2132 1756; x_wconf 82' lang='lat' dir='ltr'><strong>probaverat</strong></span> <span class='ocrx_word' id='word_1_228' title='bbox 2171 1701 2257 1739; x_wconf 90' lang='lat' dir='ltr'><strong>eos</strong></span> <span class='ocrx_word' id='word_1_229' title='bbox 2300 1684 2488 1739; x_wconf 89' lang='lat' dir='ltr'><strong>Daniel</strong></span> <span class='ocrx_word' id='word_1_230' title='bbox 2514 1701 2576 1738; x_wconf 77' lang='lat' dir='ltr'><strong>ea:</strong></span> <span class='ocrx_word' id='word_1_231' title='bbox 2605 1701 2690 1738; x_wconf 87' lang='lat' dir='ltr'><strong>ore</strong></span> <span class='ocrx_word' id='word_1_232' title='bbox 2721 1686 2952 1753; x_wconf 87' lang='lat' dir='ltr'><strong>ipsorum</strong></span> <span class='ocrx_word' id='word_1_233' title='bbox 2986 1686 3148 1754; x_wconf 85' lang='lat' dir='ltr'><strong>falsos</strong></span> <span class='ocrx_word' id='word_1_234' title='bbox 3176 1691 3350 1743; x_wconf 89' lang='lat' dir='ltr'><strong>testes,</strong></span> <span class='ocrx_word' id='word_1_235' title='bbox 3382 1689 3432 1734; x_wconf 87' lang='lat' dir='ltr'><strong>et</strong></span> 
     </span>
    </p>
   </div>
   <div class='ocr_carea' id='block_1_31' title="bbox 1835 1778 3436 1850">
    <p class='ocr_par' dir='ltr' id='par_1_31' title="bbox 1835 1778 3436 1850">
     <span class='ocr_line' id='line_1_31' title="bbox 1835 1778 3436 1850; baseline -0.004 -17"><span class='ocrx_word' id='word_1_236' title='bbox 1835 1784 2063 1850; x_wconf 82' lang='lat' dir='ltr'><strong>fecerunt</strong></span> <span class='ocrx_word' id='word_1_237' title='bbox 2093 1778 2200 1832; x_wconf 87' lang='lat' dir='ltr'><strong>illis</strong></span> <span class='ocrx_word' id='word_1_238' title='bbox 2227 1779 2656 1848; x_wconf 87' lang='lat' dir='ltr'><strong>quemadmodum</strong></span> <span class='ocrx_word' id='word_1_239' title='bbox 2687 1779 2788 1846; x_wconf 87' lang='lat' dir='ltr'><strong>ipsi</strong></span> <span class='ocrx_word' id='word_1_240' title='bbox 2830 1779 2964 1830; x_wconf 87' lang='lat' dir='ltr'><strong>male</strong></span> <span class='ocrx_word' id='word_1_241' title='bbox 2995 1778 3235 1846; x_wconf 74' lang='lat' dir='ltr'><strong>proximo</strong></span> <span class='ocrx_word' id='word_1_242' title='bbox 3266 1779 3436 1843; x_wconf 83' lang='lat' dir='ltr'><strong>facere</strong></span> 
     </span>
    </p>
   </div>
   <div class='ocr_carea' id='block_1_32' title="bbox 1834 1867 3434 1942">
    <p class='ocr_par' dir='ltr' id='par_1_32' title="bbox 1834 1867 3434 1942">
     <span class='ocr_line' id='line_1_32' title="bbox 1834 1867 3434 1942; baseline -0.003 -20"><span class='ocrx_word' id='word_1_243' title='bbox 1834 1872 2104 1924; x_wconf 74' lang='lat' dir='ltr'><strong>voluerunt</strong></span> <span class='ocrx_word' id='word_1_244' title='bbox 2153 1869 2434 1923; x_wconf 87' lang='lat' dir='ltr'><strong>secundum</strong></span> <span class='ocrx_word' id='word_1_245' title='bbox 2476 1870 2635 1942; x_wconf 82' lang='lat' dir='ltr'><strong>legent</strong></span> <span class='ocrx_word' id='word_1_246' title='bbox 2687 1867 2880 1939; x_wconf 78' lang='lat' dir='ltr'><strong>Moysi,</strong></span> <span class='ocrx_word' id='word_1_247' title='bbox 2922 1877 2968 1920; x_wconf 90' lang='lat' dir='ltr'><strong>et</strong></span> <span class='ocrx_word' id='word_1_248' title='bbox 3017 1867 3339 1930; x_wconf 89' lang='lat' dir='ltr'><strong>occiderunt,</strong></span> <span class='ocrx_word' id='word_1_249' title='bbox 3386 1873 3434 1918; x_wconf 84' lang='lat' dir='ltr'><strong>et</strong></span> 
     </span>
    </p>
   </div>
   <div class='ocr_carea' id='block_1_33' title="bbox 128 1955 3438 2031">
    <p class='ocr_par' dir='ltr' id='par_1_33' title="bbox 128 1955 3438 2031">
     <span class='ocr_line' id='line_1_33' title="bbox 128 1955 3438 2031; baseline -0.003 -11"><span class='ocrx_word' id='word_1_250' title='bbox 128 1965 426 2020; x_wconf 85' lang='lat' dir='ltr'><strong>christiana</strong></span> <span class='ocrx_word' id='word_1_251' title='bbox 475 1965 545 2019; x_wconf 85' lang='lat' dir='ltr'><strong>sit</strong></span> <span class='ocrx_word' id='word_1_252' title='bbox 593 1980 828 2020; x_wconf 72' lang='lat' dir='ltr'><strong>exorans</strong></span> <span class='ocrx_word' id='word_1_253' title='bbox 880 1964 1067 2029; x_wconf 87' lang='lat' dir='ltr'><strong>Deum,</strong></span> <span class='ocrx_word' id='word_1_254' title='bbox 1120 1974 1172 2018; x_wconf 92' lang='lat' dir='ltr'><strong>ut</strong></span> <span class='ocrx_word' id='word_1_255' title='bbox 1224 1965 1364 2018; x_wconf 82' lang='lat' dir='ltr'><strong>sicut</strong></span> <span class='ocrx_word' id='word_1_256' title='bbox 1407 1965 1732 2030; x_wconf 86' lang='lat' dir='ltr'><strong>Susannatn,</strong></span> <span class='ocrx_word' id='word_1_257' title='bbox 1768 1963 2013 2030; x_wconf 84' lang='lat' dir='ltr'><strong>Bsalvus</strong></span> <span class='ocrx_word' id='word_1_258' title='bbox 2037 1960 3009 2031; x_wconf 86' lang='lat' dir='ltr'><strong>factusestsanguisinnocentisinillo</strong></span> <span class='ocrx_word' id='word_1_259' title='bbox 3028 1955 3438 2027; x_wconf 66' lang='lat' dir='ltr'><strong>dic(lbid.51).</strong></span> 
     </span>
    </p>
   </div>
   <div class='ocr_carea' id='block_1_34' title="bbox 128 2057 1728 2128">
    <p class='ocr_par' dir='ltr' id='par_1_34' title="bbox 128 2057 1728 2128">
     <span class='ocr_line' id='line_1_34' title="bbox 128 2057 1728 2128; baseline -0.001 -16"><span class='ocrx_word' id='word_1_260' title='bbox 128 2058 381 2128; x_wconf 75' lang='lat' dir='ltr'><strong>dignetur</strong></span> <span class='ocrx_word' id='word_1_261' title='bbox 398 2057 759 2112; x_wconf 74' lang='lat' dir='ltr'><strong>Athana~inm</strong></span> <span class='ocrx_word' id='word_1_262' title='bbox 779 2058 914 2112; x_wconf 85' lang='lat' dir='ltr'><strong>falso</strong></span> <span class='ocrx_word' id='word_1_263' title='bbox 945 2058 1160 2128; x_wconf 89' lang='lat' dir='ltr'><strong>eripere</strong></span> <span class='ocrx_word' id='word_1_264' title='bbox 1179 2059 1427 2119; x_wconf 86' lang='lat' dir='ltr'><strong>crimine,</strong></span> <span class='ocrx_word' id='word_1_265' title='bbox 1459 2058 1669 2127; x_wconf 88' lang='lat' dir='ltr'><strong>eripere</strong></span> <span class='ocrx_word' id='word_1_266' title='bbox 1698 2073 1728 2111; x_wconf 88' lang='lat' dir='ltr'><strong>a</strong></span> 
     </span>
    </p>
   </div>
   <div class='ocr_carea' id='block_1_35' title="bbox 127 2149 1734 2219">
    <p class='ocr_par' dir='ltr' id='par_1_35' title="bbox 127 2149 1734 2219">
     <span class='ocr_line' id='line_1_35' title="bbox 127 2149 1734 2219; baseline 0 -17"><span class='ocrx_word' id='word_1_267' title='bbox 127 2149 311 2219; x_wconf 83' lang='lat' dir='ltr'><strong>gladio</strong></span> <span class='ocrx_word' id='word_1_268' title='bbox 344 2158 434 2203; x_wconf 90' lang='lat' dir='ltr'><strong>tuo</strong></span> <span class='ocrx_word' id='word_1_269' title='bbox 461 2149 756 2216; x_wconf 79' lang='lat' dir='ltr'><strong>carnificis,</strong></span> <span class='ocrx_word' id='word_1_270' title='bbox 782 2166 810 2202; x_wconf 90' lang='lat' dir='ltr'><strong>a</strong></span> <span class='ocrx_word' id='word_1_271' title='bbox 838 2159 926 2204; x_wconf 89' lang='lat' dir='ltr'><strong>tua</strong></span> <span class='ocrx_word' id='word_1_272' title='bbox 957 2150 1162 2204; x_wconf 69' lang='lat' dir='ltr'><strong>ssctitia</strong></span> <span class='ocrx_word' id='word_1_273' title='bbox 1190 2149 1491 2203; x_wconf 76' lang='lat' dir='ltr'><strong>homicidae.</strong></span> <span class='ocrx_word' id='word_1_274' title='bbox 1527 2149 1734 2203; x_wconf 85' lang='lat' dir='ltr'><strong>interea</strong></span> 
     </span>
    </p>
   </div>
   <div class='ocr_carea' id='block_1_36' title="bbox 129 2241 1737 2316">
    <p class='ocr_par' dir='ltr' id='par_1_36' title="bbox 129 2241 1737 2316">
     <span class='ocr_line' id='line_1_36' title="bbox 129 2241 1737 2316; baseline -0.001 -22"><span class='ocrx_word' id='word_1_275' title='bbox 129 2241 328 2296; x_wconf 85' lang='lat' dir='ltr'><strong>iterum</strong></span> <span class='ocrx_word' id='word_1_276' title='bbox 354 2252 519 2310; x_wconf 87' lang='lat' dir='ltr'><strong>atque</strong></span> <span class='ocrx_word' id='word_1_277' title='bbox 547 2243 740 2295; x_wconf 91' lang='lat' dir='ltr'><strong>iterum</strong></span> <span class='ocrx_word' id='word_1_278' title='bbox 771 2257 962 2312; x_wconf 89' lang='lat' dir='ltr'><strong>urgeo,</strong></span> <span class='ocrx_word' id='word_1_279' title='bbox 989 2251 1047 2294; x_wconf 94' lang='lat' dir='ltr'><strong>nt</strong></span> <span class='ocrx_word' id='word_1_280' title='bbox 1079 2242 1267 2294; x_wconf 87' lang='lat' dir='ltr'><strong>videas</strong></span> <span class='ocrx_word' id='word_1_281' title='bbox 1297 2257 1418 2310; x_wconf 77' lang='lat' dir='ltr'><strong>qua:</strong></span> <span class='ocrx_word' id='word_1_282' title='bbox 1454 2255 1550 2295; x_wconf 90' lang='lat' dir='ltr'><strong>vos</strong></span> <span class='ocrx_word' id='word_1_283' title='bbox 1583 2245 1737 2316; x_wconf 64' lang='lat' dir='ltr'><strong>Aria-</strong></span> 
     </span>
    </p>
   </div>
   <div class='ocr_carea' id='block_1_37' title="bbox 129 2334 1735 2405">
    <p class='ocr_par' dir='ltr' id='par_1_37' title="bbox 129 2334 1735 2405">
     <span class='ocr_line' id='line_1_37' title="bbox 129 2334 1735 2405; baseline -0.001 -16"><span class='ocrx_word' id='word_1_284' title='bbox 129 2351 230 2390; x_wconf 87' lang='lat' dir='ltr'><strong>nos</strong></span> <span class='ocrx_word' id='word_1_285' title='bbox 259 2339 469 2405; x_wconf 87' lang='lat' dir='ltr'><strong>ceperit</strong></span> <span class='ocrx_word' id='word_1_286' title='bbox 500 2335 800 2399; x_wconf 87' lang='lat' dir='ltr'><strong>dementia,</strong></span> <span class='ocrx_word' id='word_1_287' title='bbox 831 2351 952 2403; x_wconf 66' lang='lat' dir='ltr'><strong>quia</strong></span> <span class='ocrx_word' id='word_1_288' title='bbox 994 2334 1471 2404; x_wconf 86' lang='lat' dir='ltr'><strong>comprehenderit</strong></span> <span class='ocrx_word' id='word_1_289' title='bbox 1503 2336 1735 2399; x_wconf 89' lang='lat' dir='ltr'><strong>insania,</strong></span> 
     </span>
    </p>
   </div>
   <div class='ocr_carea' id='block_1_38' title="bbox 125 2428 1736 2493">
    <p class='ocr_par' dir='ltr' id='par_1_38' title="bbox 125 2428 1736 2493">
     <span class='ocr_line' id='line_1_38' title="bbox 125 2428 1736 2493; baseline -0.004 -9"><span class='ocrx_word' id='word_1_290' title='bbox 125 2439 184 2484; x_wconf 92' lang='lat' dir='ltr'><strong>ut</strong></span> <span class='ocrx_word' id='word_1_291' title='bbox 233 2429 514 2484; x_wconf 88' lang='lat' dir='ltr'><strong>auderetis</strong></span> <span class='ocrx_word' id='word_1_292' title='bbox 567 2428 682 2483; x_wconf 63' lang='lat' dir='ltr'><strong>hsec</strong></span> <span class='ocrx_word' id='word_1_293' title='bbox 717 2429 1018 2482; x_wconf 88' lang='lat' dir='ltr'><strong>machinari</strong></span> <span class='ocrx_word' id='word_1_294' title='bbox 1077 2428 1128 2480; x_wconf 94' lang='lat' dir='ltr'><strong>in</strong></span> <span class='ocrx_word' id='word_1_295' title='bbox 1165 2428 1474 2481; x_wconf 86' lang='lat' dir='ltr'><strong>innocentis</strong></span> <span class='ocrx_word' id='word_1_296' title='bbox 1521 2441 1736 2493; x_wconf 89' lang='lat' dir='ltr'><strong>necem,</strong></span> 
     </span>
    </p>
   </div>
   <div class='ocr_carea' id='block_1_39' title="bbox 127 2518 1735 2592">
    <p class='ocr_par' dir='ltr' id='par_1_39' title="bbox 127 2518 1735 2592">
     <span class='ocr_line' id='line_1_39' title="bbox 127 2518 1735 2592; baseline -0.001 -18"><span class='ocrx_word' id='word_1_297' title='bbox 127 2522 351 2592; x_wconf 85' lang='lat' dir='ltr'><strong>quando</strong></span> <span class='ocrx_word' id='word_1_298' title='bbox 392 2521 610 2577; x_wconf 89' lang='lat' dir='ltr'><strong>sciretis</strong></span> <span class='ocrx_word' id='word_1_299' title='bbox 643 2521 812 2576; x_wconf 90' lang='lat' dir='ltr'><strong>Deum</strong></span> <span class='ocrx_word' id='word_1_300' title='bbox 853 2521 995 2575; x_wconf 85' lang='lat' dir='ltr'><strong>seire</strong></span> <span class='ocrx_word' id='word_1_301' title='bbox 1024 2521 1207 2573; x_wconf 90' lang='lat' dir='ltr'><strong>omnia</strong></span> <span class='ocrx_word' id='word_1_302' title='bbox 1238 2521 1552 2588; x_wconf 87' lang='lat' dir='ltr'><strong>priusquam</strong></span> <span class='ocrx_word' id='word_1_303' title='bbox 1584 2518 1735 2573; x_wconf 85' lang='lat' dir='ltr'><strong>fiant.</strong></span> 
     </span>
    </p>
   </div>
   <div class='ocr_carea' id='block_1_40' title="bbox 126 2611 1737 2678">
    <p class='ocr_par' dir='ltr' id='par_1_40' title="bbox 126 2611 1737 2678">
     <span class='ocr_line' id='line_1_40' title="bbox 126 2611 1737 2678; baseline -0.002 -10"><span class='ocrx_word' id='word_1_304' title='bbox 126 2611 237 2668; x_wconf 88' lang='lat' dir='ltr'><strong>Sed</strong></span> <span class='ocrx_word' id='word_1_305' title='bbox 293 2630 398 2669; x_wconf 92' lang='lat' dir='ltr'><strong>non</strong></span> <span class='ocrx_word' id='word_1_306' title='bbox 445 2613 755 2668; x_wconf 84' lang='lat' dir='ltr'><strong>mirandum</strong></span> <span class='ocrx_word' id='word_1_307' title='bbox 802 2615 895 2678; x_wconf 88' lang='lat' dir='ltr'><strong>sit,</strong></span> <span class='ocrx_word' id='word_1_308' title='bbox 937 2614 982 2666; x_wconf 88' lang='lat' dir='ltr'><strong>si</strong></span> <span class='ocrx_word' id='word_1_309' title='bbox 1032 2613 1146 2666; x_wconf 76' lang='lat' dir='ltr'><strong>luec</strong></span> <span class='ocrx_word' id='word_1_310' title='bbox 1195 2613 1338 2666; x_wconf 84' lang='lat' dir='ltr'><strong>circa</strong></span> <span class='ocrx_word' id='word_1_311' title='bbox 1382 2612 1737 2666; x_wconf 84' lang='lat' dir='ltr'><strong>Athanasium</strong></span> 
     </span>
    </p>
   </div>
   <div class='ocr_carea' id='block_1_41' title="bbox 127 2704 1741 2776">
    <p class='ocr_par' dir='ltr' id='par_1_41' title="bbox 127 2704 1741 2776">
     <span class='ocr_line' id='line_1_41' title="bbox 127 2704 1741 2776; baseline -0.002 -15"><span class='ocrx_word' id='word_1_312' title='bbox 127 2705 303 2762; x_wconf 88' lang='lat' dir='ltr'><strong>fuerit</strong></span> <span class='ocrx_word' id='word_1_313' title='bbox 333 2723 430 2776; x_wconf 84' lang='lat' dir='ltr'><strong>per</strong></span> <span class='ocrx_word' id='word_1_314' title='bbox 460 2719 512 2761; x_wconf 90' lang='lat' dir='ltr'><strong>te</strong></span> <span class='ocrx_word' id='word_1_315' title='bbox 538 2721 602 2761; x_wconf 88' lang='lat' dir='ltr'><strong>ac</strong></span> <span class='ocrx_word' id='word_1_316' title='bbox 632 2717 752 2760; x_wconf 90' lang='lat' dir='ltr'><strong>tuos</strong></span> <span class='ocrx_word' id='word_1_317' title='bbox 776 2714 1086 2761; x_wconf 83' lang='lat' dir='ltr'><strong>c0ustructa</strong></span> <span class='ocrx_word' id='word_1_318' title='bbox 1116 2705 1370 2759; x_wconf 79' lang='lat' dir='ltr'><strong>machina</strong></span> <span class='ocrx_word' id='word_1_319' title='bbox 1400 2704 1741 2774; x_wconf 84' lang='lat' dir='ltr'><strong>quandoqui-</strong></span> 
     </span>
    </p>
   </div>
   <div class='ocr_carea' id='block_1_42' title="bbox 126 2784 1741 2855">
    <p class='ocr_par' dir='ltr' id='par_1_42' title="bbox 126 2784 1741 2855">
     <span class='ocr_line' id='line_1_42' title="bbox 126 2784 1741 2855; baseline -0.002 -2"><span class='ocrx_word' id='word_1_320' title='bbox 126 2799 257 2855; x_wconf 91' lang='lat' dir='ltr'><strong>dem</strong></span> <span class='ocrx_word' id='word_1_321' title='bbox 293 2816 402 2854; x_wconf 88' lang='lat' dir='ltr'><strong>non</strong></span> <span class='ocrx_word' id='word_1_322' title='bbox 437 2784 778 2854; x_wconf 82' lang='lat' dir='ltr'><strong>dubitaveris</strong></span> <span class='ocrx_word' id='word_1_323' title='bbox 808 2799 992 2852; x_wconf 87' lang='lat' dir='ltr'><strong>dicere</strong></span> <span class='ocrx_word' id='word_1_324' title='bbox 1035 2798 1101 2850; x_wconf 93' lang='lat' dir='ltr'><strong>de</strong></span> <span class='ocrx_word' id='word_1_325' title='bbox 1136 2799 1245 2851; x_wconf 89' lang='lat' dir='ltr'><strong>Deo</strong></span> <span class='ocrx_word' id='word_1_326' title='bbox 1279 2797 1435 2850; x_wconf 82' lang='lat' dir='ltr'><strong>Patre</strong></span> <span class='ocrx_word' id='word_1_327' title='bbox 1465 2816 1478 2851; x_wconf 92' lang='lat'>:</span> <span class='ocrx_word' id='word_1_328' title='bbox 1515 2795 1637 2849; x_wconf 81' lang='lat' dir='ltr'><strong>Non</strong></span> <span class='ocrx_word' id='word_1_329' title='bbox 1669 2805 1741 2850; x_wconf 89' lang='lat' dir='ltr'><strong>est</strong></span> 
     </span>
    </p>
   </div>
   <div class='ocr_carea' id='block_1_43' title="bbox 127 2889 1740 2957">
    <p class='ocr_par' dir='ltr' id='par_1_43' title="bbox 127 2889 1740 2957">
     <span class='ocr_line' id='line_1_43' title="bbox 127 2889 1740 2957; baseline 0 -14"><span class='ocrx_word' id='word_1_330' title='bbox 127 2908 283 2946; x_wconf 79' lang='lat' dir='ltr'><strong>verus</strong></span> <span class='ocrx_word' id='word_1_331' title='bbox 313 2890 474 2945; x_wconf 85' lang='lat' dir='ltr'><strong>Pater</strong></span> <span class='ocrx_word' id='word_1_332' title='bbox 505 2907 523 2944; x_wconf 90' lang='lat'><strong><em>:</em></strong></span> <span class='ocrx_word' id='word_1_333' title='bbox 553 2907 655 2944; x_wconf 92' lang='lat' dir='ltr'><strong>non</strong></span> <span class='ocrx_word' id='word_1_334' title='bbox 687 2891 822 2944; x_wconf 86' lang='lat' dir='ltr'><strong>enim</strong></span> <span class='ocrx_word' id='word_1_335' title='bbox 856 2891 1002 2944; x_wconf 79' lang='lat' dir='ltr'><strong>habet</strong></span> <span class='ocrx_word' id='word_1_336' title='bbox 1034 2907 1207 2943; x_wconf 80' lang='lat' dir='ltr'><strong>verum</strong></span> <span class='ocrx_word' id='word_1_337' title='bbox 1239 2891 1428 2957; x_wconf 81' lang='lat' dir='ltr'><strong>filium.</strong></span> <span class='ocrx_word' id='word_1_338' title='bbox 1462 2890 1562 2954; x_wconf 89' lang='lat' dir='ltr'><strong>Qui</strong></span> <span class='ocrx_word' id='word_1_339' title='bbox 1595 2889 1740 2944; x_wconf 88' lang='lat' dir='ltr'><strong>enim</strong></span> 
     </span>
    </p>
   </div>
   <div class='ocr_carea' id='block_1_44' title="bbox 126 2978 1742 3051">
    <p class='ocr_par' dir='ltr' id='par_1_44' title="bbox 126 2978 1742 3051">
     <span class='ocr_line' id='line_1_44' title="bbox 126 2978 1742 3051; baseline -0.002 -14"><span class='ocrx_word' id='word_1_340' title='bbox 126 2983 276 3038; x_wconf 87' lang='lat' dir='ltr'><strong>dicis</strong></span> <span class='ocrx_word' id='word_1_341' title='bbox 300 2999 363 3038; x_wconf 83' lang='lat' dir='ltr'><strong>es</strong></span> <span class='ocrx_word' id='word_1_342' title='bbox 396 2982 569 3037; x_wconf 84' lang='lat' dir='ltr'><strong>nihilo</strong></span> <span class='ocrx_word' id='word_1_343' title='bbox 600 2998 723 3038; x_wconf 88' lang='lat' dir='ltr'><strong>esse</strong></span> <span class='ocrx_word' id='word_1_344' title='bbox 752 2982 945 3037; x_wconf 88' lang='lat' dir='ltr'><strong>Filium</strong></span> <span class='ocrx_word' id='word_1_345' title='bbox 983 2983 1098 3045; x_wconf 85' lang='lat' dir='ltr'><strong>Dei,</strong></span> <span class='ocrx_word' id='word_1_346' title='bbox 1123 2982 1248 3051; x_wconf 92' lang='lat' dir='ltr'><strong>quid</strong></span> <span class='ocrx_word' id='word_1_347' title='bbox 1282 2980 1424 3034; x_wconf 72' lang='lat' dir='ltr'><strong>aliud</strong></span> <span class='ocrx_word' id='word_1_348' title='bbox 1449 2980 1611 3046; x_wconf 90' lang='lat' dir='ltr'><strong>dicis,</strong></span> <span class='ocrx_word' id='word_1_349' title='bbox 1638 2978 1742 3034; x_wconf 89' lang='lat' dir='ltr'><strong>nisi</strong></span> 
     </span>
    </p>
   </div>
   <div class='ocr_carea' id='block_1_45' title="bbox 127 3072 1741 3145">
    <p class='ocr_par' dir='ltr' id='par_1_45' title="bbox 127 3072 1741 3145">
     <span class='ocr_line' id='line_1_45' title="bbox 127 3072 1741 3145; baseline 0.001 -19"><span class='ocrx_word' id='word_1_350' title='bbox 127 3075 260 3145; x_wconf 66' lang='lat' dir='ltr'><strong>quis</strong></span> <span class='ocrx_word' id='word_1_351' title='bbox 305 3091 410 3128; x_wconf 87' lang='lat' dir='ltr'><strong>non</strong></span> <span class='ocrx_word' id='word_1_352' title='bbox 455 3075 527 3129; x_wconf 81' lang='lat' dir='ltr'><strong>sit</strong></span> <span class='ocrx_word' id='word_1_353' title='bbox 566 3091 726 3128; x_wconf 89' lang='lat' dir='ltr'><strong>verus</strong></span> <span class='ocrx_word' id='word_1_354' title='bbox 768 3075 966 3128; x_wconf 77' lang='lat' dir='ltr'><strong>l‘alcr?</strong></span> <span class='ocrx_word' id='word_1_355' title='bbox 995 3075 1132 3138; x_wconf 85' lang='lat' dir='ltr'><strong>Non,</strong></span> <span class='ocrx_word' id='word_1_356' title='bbox 1168 3076 1405 3143; x_wconf 87' lang='lat' dir='ltr'><strong>inquam,</strong></span> <span class='ocrx_word' id='word_1_357' title='bbox 1444 3073 1663 3137; x_wconf 88' lang='lat' dir='ltr'><strong>mirunt,</strong></span> <span class='ocrx_word' id='word_1_358' title='bbox 1695 3072 1741 3127; x_wconf 90' lang='lat' dir='ltr'><strong>si</strong></span> 
     </span>
    </p>
   </div>
   <div class='ocr_carea' id='block_1_46' title="bbox 128 3163 1740 3233">
    <p class='ocr_par' dir='ltr' id='par_1_46' title="bbox 128 3163 1740 3233">
     <span class='ocr_line' id='line_1_46' title="bbox 128 3163 1740 3233; baseline -0.001 -13"><span class='ocrx_word' id='word_1_359' title='bbox 128 3168 186 3222; x_wconf 92' lang='lat' dir='ltr'><strong>in</strong></span> <span class='ocrx_word' id='word_1_360' title='bbox 221 3167 320 3220; x_wconf 85' lang='lat' dir='ltr'><strong>Dei</strong></span> <span class='ocrx_word' id='word_1_361' title='bbox 349 3183 567 3221; x_wconf 87' lang='lat' dir='ltr'><strong>servum</strong></span> <span class='ocrx_word' id='word_1_362' title='bbox 597 3166 953 3220; x_wconf 77' lang='lat' dir='ltr'><strong>Athanasium</strong></span> <span class='ocrx_word' id='word_1_363' title='bbox 978 3168 1058 3219; x_wconf 92' lang='lat' dir='ltr'><strong>sic</strong></span> <span class='ocrx_word' id='word_1_364' title='bbox 1089 3165 1495 3228; x_wconf 73' lang='lat' dir='ltr'><strong>exsurrexeris,</strong></span> <span class='ocrx_word' id='word_1_365' title='bbox 1524 3163 1740 3233; x_wconf 90' lang='lat' dir='ltr'><strong>quando</strong></span> 
     </span>
    </p>
   </div>
   <div class='ocr_carea' id='block_1_47' title="bbox 129 3261 1738 3330">
    <p class='ocr_par' dir='ltr' id='par_1_47' title="bbox 129 3261 1738 3330">
     <span class='ocr_line' id='line_1_47' title="bbox 129 3261 1738 3330; baseline -0.001 -15"><span class='ocrx_word' id='word_1_366' title='bbox 129 3261 186 3315; x_wconf 91' lang='lat' dir='ltr'><strong>in</strong></span> <span class='ocrx_word' id='word_1_367' title='bbox 231 3277 384 3327; x_wconf 89' lang='lat' dir='ltr'><strong>eum,</strong></span> <span class='ocrx_word' id='word_1_368' title='bbox 426 3262 584 3330; x_wconf 84' lang='lat' dir='ltr'><strong>cujus</strong></span> <span class='ocrx_word' id='word_1_369' title='bbox 621 3270 704 3316; x_wconf 90' lang='lat' dir='ltr'><strong>est</strong></span> <span class='ocrx_word' id='word_1_370' title='bbox 744 3276 934 3316; x_wconf 88' lang='lat' dir='ltr'><strong>servus</strong></span> <span class='ocrx_word' id='word_1_371' title='bbox 973 3261 1327 3320; x_wconf 81' lang='lat' dir='ltr'><strong>Athanasius,</strong></span> <span class='ocrx_word' id='word_1_372' title='bbox 1369 3261 1585 3314; x_wconf 86' lang='lat' dir='ltr'><strong>mittere</strong></span> <span class='ocrx_word' id='word_1_373' title='bbox 1632 3275 1738 3313; x_wconf 92' lang='lat' dir='ltr'><strong>non</strong></span> 
     </span>
    </p>
   </div>
   <div class='ocr_carea' id='block_1_48' title="bbox 1841 2053 3443 2125">
    <p class='ocr_par' dir='ltr' id='par_1_48' title="bbox 1841 2053 3443 2125">
     <span class='ocr_line' id='line_1_48' title="bbox 1841 2053 3443 2125; baseline -0.001 -16"><span class='ocrx_word' id='word_1_374' title='bbox 1841 2055 1982 2122; x_wconf 91' lang='lat' dir='ltr'><strong>Quid</strong></span> <span class='ocrx_word' id='word_1_375' title='bbox 2012 2056 2371 2125; x_wconf 89' lang='lat' dir='ltr'><strong>respondere,</strong></span> <span class='ocrx_word' id='word_1_376' title='bbox 2400 2053 2704 2120; x_wconf 86' lang='lat' dir='ltr'><strong>Constanti,</strong></span> <span class='ocrx_word' id='word_1_377' title='bbox 2735 2054 3106 2122; x_wconf 87' lang='lat' dir='ltr'><strong>imprudentia</strong></span> <span class='ocrx_word' id='word_1_378' title='bbox 3138 2065 3223 2107; x_wconf 87' lang='lat' dir='ltr'><strong>tua</strong></span> <span class='ocrx_word' id='word_1_379' title='bbox 3259 2059 3443 2123; x_wconf 86' lang='lat' dir='ltr'><strong>potest</strong></span> 
     </span>
    </p>
   </div>
   <div class='ocr_carea' id='block_1_49' title="bbox 1841 2145 3444 2219">
    <p class='ocr_par' dir='ltr' id='par_1_49' title="bbox 1841 2145 3444 2219">
     <span class='ocr_line' id='line_1_49' title="bbox 1841 2145 3444 2219; baseline -0.002 -16"><span class='ocrx_word' id='word_1_380' title='bbox 1841 2151 1906 2204; x_wconf 85' lang='lat' dir='ltr'><strong>ad</strong></span> <span class='ocrx_word' id='word_1_381' title='bbox 1936 2151 2086 2205; x_wconf 75' lang='lat' dir='ltr'><strong>lucc?</strong></span> <span class='ocrx_word' id='word_1_382' title='bbox 2125 2150 2471 2219; x_wconf 87' lang='lat' dir='ltr'><strong>conspicisne</strong></span> <span class='ocrx_word' id='word_1_383' title='bbox 2501 2165 2623 2205; x_wconf 90' lang='lat' dir='ltr'><strong>reos</strong></span> <span class='ocrx_word' id='word_1_384' title='bbox 2647 2149 2780 2204; x_wconf 90' lang='lat' dir='ltr'><strong>tanti</strong></span> <span class='ocrx_word' id='word_1_385' title='bbox 2807 2147 3035 2204; x_wconf 87' lang='lat' dir='ltr'><strong>sceleris</strong></span> <span class='ocrx_word' id='word_1_386' title='bbox 3059 2148 3262 2216; x_wconf 77' lang='lat' dir='ltr'><strong>pa5sim</strong></span> <span class='ocrx_word' id='word_1_387' title='bbox 3288 2145 3444 2202; x_wconf 86' lang='lat' dir='ltr'><strong>dam-</strong></span> 
     </span>
    </p>
   </div>
   <div class='ocr_carea' id='block_1_50' title="bbox 1841 2238 3443 2312">
    <p class='ocr_par' dir='ltr' id='par_1_50' title="bbox 1841 2238 3443 2312">
     <span class='ocr_line' id='line_1_50' title="bbox 1841 2238 3443 2312; baseline -0.001 -16"><span class='ocrx_word' id='word_1_388' title='bbox 1841 2253 2019 2307; x_wconf 86' lang='lat' dir='ltr'><strong>natos,</strong></span> <span class='ocrx_word' id='word_1_389' title='bbox 2051 2242 2154 2297; x_wconf 84' lang='lat' dir='ltr'><strong>nisi</strong></span> <span class='ocrx_word' id='word_1_390' title='bbox 2186 2243 2436 2297; x_wconf 89' lang='lat' dir='ltr'><strong>omnibus</strong></span> <span class='ocrx_word' id='word_1_391' title='bbox 2461 2241 2882 2312; x_wconf 81' lang='lat' dir='ltr'><strong>diligentissime</strong></span> <span class='ocrx_word' id='word_1_392' title='bbox 2903 2238 3192 2294; x_wconf 89' lang='lat' dir='ltr'><strong>discussis?</strong></span> <span class='ocrx_word' id='word_1_393' title='bbox 3213 2247 3268 2294; x_wconf 89' lang='lat' dir='ltr'><strong>et</strong></span> <span class='ocrx_word' id='word_1_394' title='bbox 3303 2248 3356 2292; x_wconf 90' lang='lat' dir='ltr'><strong>tu</strong></span> <span class='ocrx_word' id='word_1_395' title='bbox 3388 2238 3443 2294; x_wconf 92' lang='lat' dir='ltr'><strong>in</strong></span> 
     </span>
    </p>
   </div>
   <div class='ocr_carea' id='block_1_51' title="bbox 1839 2333 3443 2405">
    <p class='ocr_par' dir='ltr' id='par_1_51' title="bbox 1839 2333 3443 2405">
     <span class='ocr_line' id='line_1_51' title="bbox 1839 2333 3443 2405; baseline 0 -15"><span class='ocrx_word' id='word_1_396' title='bbox 1839 2351 1962 2390; x_wconf 91' lang='lat' dir='ltr'><strong>eum</strong></span> <span class='ocrx_word' id='word_1_397' title='bbox 2004 2351 2164 2404; x_wconf 87' lang='lat' dir='ltr'><strong>quem</strong></span> <span class='ocrx_word' id='word_1_398' title='bbox 2213 2336 2560 2392; x_wconf 88' lang='lat' dir='ltr'><strong>innocentem</strong></span> <span class='ocrx_word' id='word_1_399' title='bbox 2606 2335 2840 2396; x_wconf 88' lang='lat' dir='ltr'><strong>sciebas.</strong></span> <span class='ocrx_word' id='word_1_400' title='bbox 2879 2335 3076 2405; x_wconf 89' lang='lat' dir='ltr'><strong>jubere</strong></span> <span class='ocrx_word' id='word_1_401' title='bbox 3119 2349 3231 2389; x_wconf 91' lang='lat' dir='ltr'><strong>non</strong></span> <span class='ocrx_word' id='word_1_402' title='bbox 3280 2333 3443 2390; x_wconf 86' lang='lat' dir='ltr'><strong>dubi-</strong></span> 
     </span>
    </p>
   </div>
   <div class='ocr_carea' id='block_1_52' title="bbox 1843 2425 3446 2491">
    <p class='ocr_par' dir='ltr' id='par_1_52' title="bbox 1843 2425 3446 2491">
     <span class='ocr_line' id='line_1_52' title="bbox 1843 2425 3446 2491; baseline -0.001 -11"><span class='ocrx_word' id='word_1_403' title='bbox 1843 2426 1992 2491; x_wconf 86' lang='lat' dir='ltr'><strong>tasti,</strong></span> <span class='ocrx_word' id='word_1_404' title='bbox 2041 2427 2238 2481; x_wconf 87' lang='lat' dir='ltr'><strong>darent</strong></span> <span class='ocrx_word' id='word_1_405' title='bbox 2288 2427 2384 2482; x_wconf 88' lang='lat' dir='ltr'><strong>Dei</strong></span> <span class='ocrx_word' id='word_1_406' title='bbox 2443 2427 2762 2482; x_wconf 87' lang='lat' dir='ltr'><strong>sacerdotes</strong></span> <span class='ocrx_word' id='word_1_407' title='bbox 2819 2428 3015 2482; x_wconf 89' lang='lat' dir='ltr'><strong>mortis</strong></span> <span class='ocrx_word' id='word_1_408' title='bbox 3073 2425 3446 2481; x_wconf 87' lang='lat' dir='ltr'><strong>sententiam?</strong></span> 
     </span>
    </p>
   </div>
   <div class='ocr_carea' id='block_1_53' title="bbox 1843 2517 3447 2588">
    <p class='ocr_par' dir='ltr' id='par_1_53' title="bbox 1843 2517 3447 2588">
     <span class='ocr_line' id='line_1_53' title="bbox 1843 2517 3447 2588; baseline 0.004 -20"><span class='ocrx_word' id='word_1_409' title='bbox 1843 2517 1981 2586; x_wconf 88' lang='lat' dir='ltr'><strong>Quid</strong></span> <span class='ocrx_word' id='word_1_410' title='bbox 2023 2517 2264 2572; x_wconf 87' lang='lat' dir='ltr'><strong>audituri</strong></span> <span class='ocrx_word' id='word_1_411' title='bbox 2314 2519 2359 2572; x_wconf 92' lang='lat' dir='ltr'><strong>si</strong></span> <span class='ocrx_word' id='word_1_412' title='bbox 2410 2517 2769 2574; x_wconf 86' lang='lat' dir='ltr'><strong>fecissemus?</strong></span> <span class='ocrx_word' id='word_1_413' title='bbox 2813 2533 3009 2588; x_wconf 86' lang='lat' dir='ltr'><strong>nempe</strong></span> <span class='ocrx_word' id='word_1_414' title='bbox 3049 2517 3166 2574; x_wconf 65' lang='lat' dir='ltr'><strong>ha&#39;c</strong></span> <span class='ocrx_word' id='word_1_415' title='bbox 3205 2534 3324 2588; x_wconf 74' lang='lat' dir='ltr'><strong>qua:</strong></span> <span class='ocrx_word' id='word_1_416' title='bbox 3366 2517 3447 2574; x_wconf 90' lang='lat' dir='ltr'><strong>illi</strong></span> 
     </span>
    </p>
   </div>
   <div class='ocr_carea' id='block_1_54' title="bbox 1842 2611 3448 2683">
    <p class='ocr_par' dir='ltr' id='par_1_54' title="bbox 1842 2611 3448 2683">
     <span class='ocr_line' id='line_1_54' title="bbox 1842 2611 3448 2683; baseline 0 -17"><span class='ocrx_word' id='word_1_417' title='bbox 1842 2611 2084 2666; x_wconf 89' lang='lat' dir='ltr'><strong>libidinis</strong></span> <span class='ocrx_word' id='word_1_418' title='bbox 2127 2613 2341 2681; x_wconf 86' lang='lat' dir='ltr'><strong>scopuli</strong></span> <span class='ocrx_word' id='word_1_419' title='bbox 2399 2611 2918 2683; x_wconf 85' lang='lat' dir='ltr'><strong>pseudopresbyteri</strong></span> <span class='ocrx_word' id='word_1_420' title='bbox 2967 2611 3090 2666; x_wconf 84' lang='lat' dir='ltr'><strong>falsi</strong></span> <span class='ocrx_word' id='word_1_421' title='bbox 3139 2620 3305 2666; x_wconf 89' lang='lat' dir='ltr'><strong>testes</strong></span> <span class='ocrx_word' id='word_1_422' title='bbox 3351 2626 3448 2666; x_wconf 90' lang='lat' dir='ltr'><strong>au-</strong></span> 
     </span>
    </p>
   </div>
   <div class='ocr_carea' id='block_1_55' title="bbox 1841 2703 3447 2769">
    <p class='ocr_par' dir='ltr' id='par_1_55' title="bbox 1841 2703 3447 2769">
     <span class='ocr_line' id='line_1_55' title="bbox 1841 2703 3447 2769; baseline 0.001 -10"><span class='ocrx_word' id='word_1_423' title='bbox 1841 2704 1999 2759; x_wconf 91' lang='lat' dir='ltr'><strong>diunt</strong></span> <span class='ocrx_word' id='word_1_424' title='bbox 2040 2721 2053 2758; x_wconf 93' lang='lat'><strong>:</strong></span> <span class='ocrx_word' id='word_1_425' title='bbox 2105 2703 2400 2760; x_wconf 83' lang='lat' dir='ltr'><strong>Inveterate</strong></span> <span class='ocrx_word' id='word_1_426' title='bbox 2447 2707 2648 2760; x_wconf 87' lang='lat' dir='ltr'><strong>dierum</strong></span> <span class='ocrx_word' id='word_1_427' title='bbox 2671 2706 2947 2769; x_wconf 88' lang='lat' dir='ltr'><strong>malorum,</strong></span> <span class='ocrx_word' id='word_1_428' title='bbox 2972 2722 3106 2760; x_wconf 90' lang='lat' dir='ltr'><strong>nunc</strong></span> <span class='ocrx_word' id='word_1_429' title='bbox 3132 2706 3447 2761; x_wconf 81' lang='lat' dir='ltr'><strong>advenerunt</strong></span> 
     </span>
    </p>
   </div>
   <div class='ocr_carea' id='block_1_56' title="bbox 1842 2797 3445 2870">
    <p class='ocr_par' dir='ltr' id='par_1_56' title="bbox 1842 2797 3445 2870">
     <span class='ocr_line' id='line_1_56' title="bbox 1842 2797 3445 2870; baseline 0.001 -20"><span class='ocrx_word' id='word_1_430' title='bbox 1842 2807 2046 2868; x_wconf 84' lang='lat' dir='ltr'><strong>peccata</strong></span> <span class='ocrx_word' id='word_1_431' title='bbox 2073 2808 2184 2863; x_wconf 89' lang='lat' dir='ltr'><strong>tua,</strong></span> <span class='ocrx_word' id='word_1_432' title='bbox 2213 2814 2329 2866; x_wconf 74' lang='lat' dir='ltr'><strong>quae</strong></span> <span class='ocrx_word' id='word_1_433' title='bbox 2355 2809 2475 2853; x_wconf 87' lang='lat' dir='ltr'><strong>ante</strong></span> <span class='ocrx_word' id='word_1_434' title='bbox 2507 2798 2754 2870; x_wconf 76' lang='lat' dir='ltr'><strong>faciebas,</strong></span> <span class='ocrx_word' id='word_1_435' title='bbox 2772 2797 3020 2867; x_wconf 87' lang='lat' dir='ltr'><strong>judicans</strong></span> <span class='ocrx_word' id='word_1_436' title='bbox 3039 2797 3248 2868; x_wconf 84' lang='lat' dir='ltr'><strong>judicia</strong></span> <span class='ocrx_word' id='word_1_437' title='bbox 3275 2798 3445 2867; x_wconf 83' lang='lat' dir='ltr'><strong>injus-</strong></span> 
     </span>
    </p>
   </div>
   <div class='ocr_carea' id='block_1_57' title="bbox 1844 2886 3443 2958">
    <p class='ocr_par' dir='ltr' id='par_1_57' title="bbox 1844 2886 3443 2958">
     <span class='ocr_line' id='line_1_57' title="bbox 1844 2886 3443 2958; baseline -0.001 -17"><span class='ocrx_word' id='word_1_438' title='bbox 1844 2897 1916 2950; x_wconf 80' lang='grc' dir='ltr'><strong>ω,</strong></span> <span class='ocrx_word' id='word_1_439' title='bbox 1936 2897 1983 2940; x_wconf 89' lang='lat' dir='ltr'><strong>et</strong></span> <span class='ocrx_word' id='word_1_440' title='bbox 2012 2889 2303 2942; x_wconf 87' lang='lat' dir='ltr'><strong>innocentes</strong></span> <span class='ocrx_word' id='word_1_441' title='bbox 2332 2889 2537 2958; x_wconf 86' lang='lat' dir='ltr'><strong>quidem</strong></span> <span class='ocrx_word' id='word_1_442' title='bbox 2555 2887 2858 2951; x_wconf 87' lang='lat' dir='ltr'><strong>damnabas,</strong></span> <span class='ocrx_word' id='word_1_443' title='bbox 2891 2897 3127 2940; x_wconf 84' lang='lat' dir='ltr'><strong>nocentes</strong></span> <span class='ocrx_word' id='word_1_444' title='bbox 3157 2897 3328 2940; x_wconf 87' lang='lat' dir='ltr'><strong>autem</strong></span> <span class='ocrx_word' id='word_1_445' title='bbox 3356 2886 3443 2940; x_wconf 83' lang='lat' dir='ltr'><strong>di-</strong></span> 
     </span>
    </p>
   </div>
   <div class='ocr_carea' id='block_1_58' title="bbox 1845 2977 3448 3048">
    <p class='ocr_par' dir='ltr' id='par_1_58' title="bbox 1845 2977 3448 3048">
     <span class='ocr_line' id='line_1_58' title="bbox 1845 2977 3448 3048; baseline 0 -16"><span class='ocrx_word' id='word_1_446' title='bbox 1845 2980 2097 3046; x_wconf 84' lang='lat' dir='ltr'><strong>mittebas,</strong></span> <span class='ocrx_word' id='word_1_447' title='bbox 2130 2980 2331 3034; x_wconf 86' lang='lat' dir='ltr'><strong>dicente</strong></span> <span class='ocrx_word' id='word_1_448' title='bbox 2358 2978 2583 3035; x_wconf 87' lang='lat' dir='ltr'><strong>Domino</strong></span> <span class='ocrx_word' id='word_1_449' title='bbox 2611 2996 2630 3034; x_wconf 88' lang='lat'><strong><em>:</em></strong></span> <span class='ocrx_word' id='word_1_450' title='bbox 2667 2977 3001 3034; x_wconf 82' lang='lat' dir='ltr'><strong>Innocentem</strong></span> <span class='ocrx_word' id='word_1_451' title='bbox 3033 2989 3080 3033; x_wconf 87' lang='lat' dir='ltr'><strong>et</strong></span> <span class='ocrx_word' id='word_1_452' title='bbox 3111 2981 3315 3048; x_wconf 83' lang='lat' dir='ltr'><strong>justum</strong></span> <span class='ocrx_word' id='word_1_453' title='bbox 3344 2994 3448 3032; x_wconf 85' lang='lat' dir='ltr'><strong>non</strong></span> 
     </span>
    </p>
   </div>
   <div class='ocr_carea' id='block_1_59' title="bbox 1843 3070 3448 3143">
    <p class='ocr_par' dir='ltr' id='par_1_59' title="bbox 1843 3070 3448 3143">
     <span class='ocr_line' id='line_1_59' title="bbox 1843 3070 3448 3143; baseline 0.001 -17"><span class='ocrx_word' id='word_1_454' title='bbox 1843 3073 2040 3126; x_wconf 79' lang='lat' dir='ltr'><strong>occides</strong></span> <span class='ocrx_word' id='word_1_455' title='bbox 2065 3071 2230 3140; x_wconf 85' lang='lat' dir='ltr'><strong>(Ibid.</strong></span> <span class='ocrx_word' id='word_1_456' title='bbox 2258 3071 2376 3140; x_wconf 72' lang='lat'><strong>52).</strong></span> <span class='ocrx_word' id='word_1_457' title='bbox 2407 3072 2533 3128; x_wconf 84' lang='lat' dir='ltr'><strong>Haec</strong></span> <span class='ocrx_word' id='word_1_458' title='bbox 2563 3089 2746 3128; x_wconf 89' lang='lat' dir='ltr'><strong>nonne</strong></span> <span class='ocrx_word' id='word_1_459' title='bbox 2766 3072 2892 3143; x_wconf 86' lang='lat' dir='ltr'><strong>jure</strong></span> <span class='ocrx_word' id='word_1_460' title='bbox 2917 3072 3225 3140; x_wconf 87' lang='lat' dir='ltr'><strong>meritoque</strong></span> <span class='ocrx_word' id='word_1_461' title='bbox 3254 3070 3448 3128; x_wconf 87' lang='lat' dir='ltr'><strong>audire</strong></span> 
     </span>
    </p>
   </div>
   <div class='ocr_carea' id='block_1_60' title="bbox 1842 3163 3447 3238">
    <p class='ocr_par' dir='ltr' id='par_1_60' title="bbox 1842 3163 3447 3238">
     <span class='ocr_line' id='line_1_60' title="bbox 1842 3163 3447 3238; baseline 0 -19"><span class='ocrx_word' id='word_1_462' title='bbox 1842 3181 2200 3233; x_wconf 90' lang='lat' dir='ltr'><strong>mererenmr,</strong></span> <span class='ocrx_word' id='word_1_463' title='bbox 2229 3167 2320 3238; x_wconf 92' lang='lat' dir='ltr'><strong>qui</strong></span> <span class='ocrx_word' id='word_1_464' title='bbox 2364 3181 2393 3220; x_wconf 87' lang='lat' dir='ltr'><strong>a</strong></span> <span class='ocrx_word' id='word_1_465' title='bbox 2440 3176 2491 3221; x_wconf 89' lang='lat' dir='ltr'><strong>te</strong></span> <span class='ocrx_word' id='word_1_466' title='bbox 2536 3167 2749 3220; x_wconf 85' lang='lat' dir='ltr'><strong>sentina</strong></span> <span class='ocrx_word' id='word_1_467' title='bbox 2796 3164 2985 3220; x_wconf 76' lang='lat' dir='ltr'><strong>Ariani</strong></span> <span class='ocrx_word' id='word_1_468' title='bbox 3035 3163 3303 3236; x_wconf 88' lang='lat' dir='ltr'><strong>dogmatis</strong></span> <span class='ocrx_word' id='word_1_469' title='bbox 3352 3171 3447 3219; x_wconf 88' lang='lat' dir='ltr'><strong>aut</strong></span> 
     </span>
    </p>
   </div>
   <div class='ocr_carea' id='block_1_61' title="bbox 1843 3254 3445 3314">
    <p class='ocr_par' dir='ltr' id='par_1_61' title="bbox 1843 3254 3445 3314">
     <span class='ocr_line' id='line_1_61' title="bbox 1843 3254 3445 3314; baseline 0 -4"><span class='ocrx_word' id='word_1_470' title='bbox 1843 3258 2130 3312; x_wconf 87' lang='lat' dir='ltr'><strong>fuissemus</strong></span> <span class='ocrx_word' id='word_1_471' title='bbox 2165 3259 2330 3314; x_wconf 88' lang='lat' dir='ltr'><strong>illecti</strong></span> <span class='ocrx_word' id='word_1_472' title='bbox 2354 3267 2450 3314; x_wconf 87' lang='lat' dir='ltr'><strong>aut</strong></span> <span class='ocrx_word' id='word_1_473' title='bbox 2475 3259 2651 3314; x_wconf 88' lang='lat' dir='ltr'><strong>territi</strong></span> <span class='ocrx_word' id='word_1_474' title='bbox 2681 3258 2747 3312; x_wconf 91' lang='lat' dir='ltr'><strong>ad</strong></span> <span class='ocrx_word' id='word_1_475' title='bbox 2791 3257 3108 3312; x_wconf 89' lang='lat' dir='ltr'><strong>innocentis</strong></span> <span class='ocrx_word' id='word_1_476' title='bbox 3137 3254 3445 3310; x_wconf 81' lang='lat' dir='ltr'><strong>damnatio-</strong></span> 
     </span>
    </p>
   </div>
   <div class='ocr_carea' id='block_1_62' title="bbox 126 3349 3448 3420">
    <p class='ocr_par' dir='ltr' id='par_1_62' title="bbox 126 3349 3448 3420">
     <span class='ocr_line' id='line_1_62' title="bbox 126 3349 3448 3420; baseline -0.001 -13"><span class='ocrx_word' id='word_1_477' title='bbox 126 3352 404 3408; x_wconf 86' lang='lat' dir='ltr'><strong>dubitaris</strong></span> <span class='ocrx_word' id='word_1_478' title='bbox 445 3355 689 3407; x_wconf 68' lang='lat' dir='ltr'><strong>funestas</strong></span> <span class='ocrx_word' id='word_1_479' title='bbox 723 3365 844 3407; x_wconf 85' lang='lat' dir='ltr'><strong>tuas</strong></span> <span class='ocrx_word' id='word_1_480' title='bbox 885 3369 1100 3406; x_wconf 61' lang='lat' dir='ltr'><strong>manus.</strong></span> <span class='ocrx_word' id='word_1_481' title='bbox 1135 3351 1243 3405; x_wconf 86' lang='lat' dir='ltr'><strong>Nec</strong></span> <span class='ocrx_word' id='word_1_482' title='bbox 1275 3352 1419 3406; x_wconf 89' lang='lat' dir='ltr'><strong>enim</strong></span> <span class='ocrx_word' id='word_1_483' title='bbox 1455 3351 1616 3415; x_wconf 79' lang='lat' dir='ltr'><strong>latro,</strong></span> <span class='ocrx_word' id='word_1_484' title='bbox 1647 3350 1738 3420; x_wconf 89' lang='lat' dir='ltr'><strong>qui</strong></span> <span class='ocrx_word' id='word_1_485' title='bbox 1766 3350 1812 3413; x_wconf 91' lang='lat' dir='ltr'><strong>C</strong></span> <span class='ocrx_word' id='word_1_486' title='bbox 1848 3353 2010 3407; x_wconf 83' lang='lat' dir='ltr'><strong>nem?</strong></span> <span class='ocrx_word' id='word_1_487' title='bbox 2039 3363 2093 3407; x_wconf 90' lang='lat' dir='ltr'><strong>et</strong></span> <span class='ocrx_word' id='word_1_488' title='bbox 2120 3353 2329 3408; x_wconf 89' lang='lat' dir='ltr'><strong>idcirco</strong></span> <span class='ocrx_word' id='word_1_489' title='bbox 2359 3354 2412 3408; x_wconf 92' lang='lat' dir='ltr'><strong>in</strong></span> <span class='ocrx_word' id='word_1_490' title='bbox 2437 3362 2489 3407; x_wconf 89' lang='lat' dir='ltr'><strong>te</strong></span> <span class='ocrx_word' id='word_1_491' title='bbox 2516 3351 2634 3408; x_wconf 83' lang='lat' dir='ltr'><strong>ba-c</strong></span> <span class='ocrx_word' id='word_1_492' title='bbox 2664 3351 2846 3406; x_wconf 89' lang='lat' dir='ltr'><strong>omnia</strong></span> <span class='ocrx_word' id='word_1_493' title='bbox 2874 3351 3017 3406; x_wconf 89' lang='lat' dir='ltr'><strong>mala</strong></span> <span class='ocrx_word' id='word_1_494' title='bbox 3047 3357 3338 3406; x_wconf 88' lang='lat' dir='ltr'><strong>venerunt.</strong></span> <span class='ocrx_word' id='word_1_495' title='bbox 3366 3349 3448 3406; x_wconf 89' lang='lat' dir='ltr'><strong>Tu</strong></span> 
     </span>
    </p>
   </div>
   <div class='ocr_carea' id='block_1_63' title="bbox 127 3442 1741 3512">
    <p class='ocr_par' dir='ltr' id='par_1_63' title="bbox 127 3442 1741 3512">
     <span class='ocr_line' id='line_1_63' title="bbox 127 3442 1741 3512; baseline -0.001 -14"><span class='ocrx_word' id='word_1_496' title='bbox 127 3442 362 3498; x_wconf 87' lang='lat' dir='ltr'><strong>domino</strong></span> <span class='ocrx_word' id='word_1_497' title='bbox 399 3443 597 3498; x_wconf 84' lang='lat' dir='ltr'><strong>domus</strong></span> <span class='ocrx_word' id='word_1_498' title='bbox 629 3455 736 3498; x_wconf 91' lang='lat' dir='ltr'><strong>non</strong></span> <span class='ocrx_word' id='word_1_499' title='bbox 780 3445 1108 3512; x_wconf 73' lang='lat' dir='ltr'><strong>pepercerit.</strong></span> <span class='ocrx_word' id='word_1_500' title='bbox 1145 3443 1342 3512; x_wconf 76' lang='lat' dir='ltr'><strong>pomit</strong></span> <span class='ocrx_word' id='word_1_501' title='bbox 1371 3444 1490 3510; x_wconf 88' lang='lat' dir='ltr'><strong>ejus</strong></span> <span class='ocrx_word' id='word_1_502' title='bbox 1520 3456 1741 3511; x_wconf 84' lang='lat' dir='ltr'><strong>parcere</strong></span> 
     </span>
    </p>
   </div>
   <div class='ocr_carea' id='block_1_64' title="bbox 127 3534 1741 3604">
    <p class='ocr_par' dir='ltr' id='par_1_64' title="bbox 127 3534 1741 3604">
     <span class='ocr_line' id='line_1_64' title="bbox 127 3534 1741 3604; baseline -0.001 -15"><span class='ocrx_word' id='word_1_503' title='bbox 127 3536 417 3590; x_wconf 81' lang='lat' dir='ltr'><strong>resistenti</strong></span> <span class='ocrx_word' id='word_1_504' title='bbox 447 3536 550 3590; x_wconf 88' lang='lat' dir='ltr'><strong>sibi</strong></span> <span class='ocrx_word' id='word_1_505' title='bbox 590 3535 826 3589; x_wconf 64' lang='lat' dir='ltr'><strong>familiae.</strong></span> <span class='ocrx_word' id='word_1_506' title='bbox 874 3535 979 3590; x_wconf 90' lang='lat' dir='ltr'><strong>Sed</strong></span> <span class='ocrx_word' id='word_1_507' title='bbox 1016 3536 1128 3604; x_wconf 89' lang='lat' dir='ltr'><strong>jam</strong></span> <span class='ocrx_word' id='word_1_508' title='bbox 1180 3536 1468 3589; x_wconf 83' lang='lat' dir='ltr'><strong>redeamus</strong></span> <span class='ocrx_word' id='word_1_509' title='bbox 1505 3534 1571 3588; x_wconf 82' lang='lat' dir='ltr'><strong>ad</strong></span> <span class='ocrx_word' id='word_1_510' title='bbox 1609 3534 1741 3589; x_wconf 91' lang='lat' dir='ltr'><strong>illud</strong></span> 
     </span>
    </p>
   </div>
   <div class='ocr_carea' id='block_1_65' title="bbox 126 3625 1744 3698">
    <p class='ocr_par' dir='ltr' id='par_1_65' title="bbox 126 3625 1744 3698">
     <span class='ocr_line' id='line_1_65' title="bbox 126 3625 1744 3698; baseline -0.001 -16"><span class='ocrx_word' id='word_1_511' title='bbox 126 3630 281 3698; x_wconf 84' lang='lat' dir='ltr'><strong>quod</strong></span> <span class='ocrx_word' id='word_1_512' title='bbox 315 3642 413 3682; x_wconf 87' lang='lat' dir='ltr'><strong>nos</strong></span> <span class='ocrx_word' id='word_1_513' title='bbox 440 3626 618 3682; x_wconf 81' lang='lat' dir='ltr'><strong>facere</strong></span> <span class='ocrx_word' id='word_1_514' title='bbox 646 3629 1015 3697; x_wconf 75' lang='lat' dir='ltr'><strong>przecipiebas.</strong></span> <span class='ocrx_word' id='word_1_515' title='bbox 1047 3626 1275 3681; x_wconf 79' lang='lat' dir='ltr'><strong>Dixisti:</strong></span> <span class='ocrx_word' id='word_1_516' title='bbox 1305 3625 1561 3680; x_wconf 86' lang='lat' dir='ltr'><strong>Dantnate</strong></span> <span class='ocrx_word' id='word_1_517' title='bbox 1583 3627 1744 3680; x_wconf 82' lang='lat' dir='ltr'><strong>Atha-</strong></span> 
     </span>
    </p>
   </div>
   <div class='ocr_carea' id='block_1_66' title="bbox 125 3721 1740 3788">
    <p class='ocr_par' dir='ltr' id='par_1_66' title="bbox 125 3721 1740 3788">
     <span class='ocr_line' id='line_1_66' title="bbox 125 3721 1740 3788; baseline 0.002 -16"><span class='ocrx_word' id='word_1_518' title='bbox 125 3722 366 3774; x_wconf 86' lang='lat' dir='ltr'><strong>nasium.</strong></span> <span class='ocrx_word' id='word_1_519' title='bbox 400 3722 540 3788; x_wconf 89' lang='lat' dir='ltr'><strong>Quid</strong></span> <span class='ocrx_word' id='word_1_520' title='bbox 587 3723 960 3775; x_wconf 85' lang='lat' dir='ltr'><strong>intervenerat</strong></span> <span class='ocrx_word' id='word_1_521' title='bbox 1001 3731 1054 3774; x_wconf 95' lang='lat' dir='ltr'><strong>ttt</strong></span> <span class='ocrx_word' id='word_1_522' title='bbox 1104 3738 1208 3774; x_wconf 92' lang='lat' dir='ltr'><strong>non</strong></span> <span class='ocrx_word' id='word_1_523' title='bbox 1258 3721 1502 3775; x_wconf 74' lang='lat' dir='ltr'><strong>facie-ad</strong></span> <span class='ocrx_word' id='word_1_524' title='bbox 1551 3721 1740 3776; x_wconf 64' lang='lat' dir='ltr'><strong>faciem</strong></span> 
     </span>
    </p>
   </div>
   <div class='ocr_carea' id='block_1_67' title="bbox 124 3811 1740 3879">
    <p class='ocr_par' dir='ltr' id='par_1_67' title="bbox 124 3811 1740 3879">
     <span class='ocr_line' id='line_1_67' title="bbox 124 3811 1740 3879; baseline 0.001 -12"><span class='ocrx_word' id='word_1_525' title='bbox 124 3813 293 3868; x_wconf 82' lang='lat' dir='ltr'><strong>illum</strong></span> <span class='ocrx_word' id='word_1_526' title='bbox 315 3813 677 3868; x_wconf 75' lang='lat' dir='ltr'><strong>vidissemus?</strong></span> <span class='ocrx_word' id='word_1_527' title='bbox 697 3813 835 3879; x_wconf 92' lang='lat' dir='ltr'><strong>Quid</strong></span> <span class='ocrx_word' id='word_1_528' title='bbox 867 3813 1065 3866; x_wconf 90' lang='lat' dir='ltr'><strong>factum</strong></span> <span class='ocrx_word' id='word_1_529' title='bbox 1093 3811 1292 3877; x_wconf 89' lang='lat' dir='ltr'><strong>fuerat,</strong></span> <span class='ocrx_word' id='word_1_530' title='bbox 1311 3824 1499 3866; x_wconf 91' lang='lat' dir='ltr'><strong>utnon</strong></span> <span class='ocrx_word' id='word_1_531' title='bbox 1524 3829 1740 3868; x_wconf 90' lang='lat' dir='ltr'><strong>omnem</strong></span> 
     </span>
    </p>
   </div>
   <div class='ocr_carea' id='block_1_68' title="bbox 125 3905 1743 3974">
    <p class='ocr_par' dir='ltr' id='par_1_68' title="bbox 125 3905 1743 3974">
     <span class='ocr_line' id='line_1_68' title="bbox 125 3905 1743 3974; baseline 0.002 -14"><span class='ocrx_word' id='word_1_532' title='bbox 125 3907 420 3960; x_wconf 84' lang='lat' dir='ltr'><strong>cardinem</strong></span> <span class='ocrx_word' id='word_1_533' title='bbox 454 3908 530 3959; x_wconf 91' lang='lat' dir='ltr'><strong>rei</strong></span> <span class='ocrx_word' id='word_1_534' title='bbox 562 3905 784 3960; x_wconf 80' lang='lat' dir='ltr'><strong>luissem</strong></span> <span class='ocrx_word' id='word_1_535' title='bbox 817 3906 1229 3974; x_wconf 85' lang='lat' dir='ltr'><strong>perscrutatus?</strong></span> <span class='ocrx_word' id='word_1_536' title='bbox 1258 3906 1367 3959; x_wconf 72' lang='lat' dir='ltr'><strong>(Zur</strong></span> <span class='ocrx_word' id='word_1_537' title='bbox 1396 3905 1606 3962; x_wconf 90' lang='lat' dir='ltr'><strong>idoneis</strong></span> <span class='ocrx_word' id='word_1_538' title='bbox 1636 3917 1743 3963; x_wconf 85' lang='lat' dir='ltr'><strong>tes-</strong></span> 
     </span>
    </p>
   </div>
   <div class='ocr_carea' id='block_1_69' title="bbox 127 3997 1744 4069">
    <p class='ocr_par' dir='ltr' id='par_1_69' title="bbox 127 3997 1744 4069">
     <span class='ocr_line' id='line_1_69' title="bbox 127 3997 1744 4069; baseline 0.001 -17"><span class='ocrx_word' id='word_1_539' title='bbox 127 3998 290 4052; x_wconf 86' lang='lat' dir='ltr'><strong>tibus</strong></span> <span class='ocrx_word' id='word_1_540' title='bbox 321 4012 427 4052; x_wconf 81' lang='lat' dir='ltr'><strong>non</strong></span> <span class='ocrx_word' id='word_1_541' title='bbox 454 4013 516 4052; x_wconf 85' lang='lat' dir='ltr'><strong>es</strong></span> <span class='ocrx_word' id='word_1_542' title='bbox 542 4012 734 4066; x_wconf 69' lang='lat' dir='ltr'><strong>passus</strong></span> <span class='ocrx_word' id='word_1_543' title='bbox 762 3999 1014 4052; x_wconf 85' lang='lat' dir='ltr'><strong>eumdem</strong></span> <span class='ocrx_word' id='word_1_544' title='bbox 1043 3997 1324 4065; x_wconf 85' lang='lat' dir='ltr'><strong>superari?</strong></span> <span class='ocrx_word' id='word_1_545' title='bbox 1353 3998 1626 4069; x_wconf 83' lang='lat' dir='ltr'><strong>Numquid</strong></span> <span class='ocrx_word' id='word_1_546' title='bbox 1657 4001 1744 4056; x_wconf 85' lang='lat' dir='ltr'><strong>vel</strong></span> 
     </span>
    </p>
   </div>
   <div class='ocr_carea' id='block_1_70' title="bbox 126 4090 1743 4160">
    <p class='ocr_par' dir='ltr' id='par_1_70' title="bbox 126 4090 1743 4160">
     <span class='ocr_line' id='line_1_70' title="bbox 126 4090 1743 4160; baseline 0.002 -15"><span class='ocrx_word' id='word_1_547' title='bbox 126 4090 240 4145; x_wconf 80' lang='lat' dir='ltr'><strong>hos</strong></span> <span class='ocrx_word' id='word_1_548' title='bbox 282 4091 661 4145; x_wconf 77' lang='lat' dir='ltr'><strong>sanctiSsimus</strong></span> <span class='ocrx_word' id='word_1_549' title='bbox 706 4090 919 4156; x_wconf 90' lang='lat' dir='ltr'><strong>Daniel,</strong></span> <span class='ocrx_word' id='word_1_550' title='bbox 952 4092 1086 4160; x_wconf 90' lang='lat' dir='ltr'><strong>quin</strong></span> <span class='ocrx_word' id='word_1_551' title='bbox 1128 4092 1293 4148; x_wconf 93' lang='lat' dir='ltr'><strong>immo</strong></span> <span class='ocrx_word' id='word_1_552' title='bbox 1330 4107 1428 4152; x_wconf 85' lang='lat' dir='ltr'><strong>uer</strong></span> <span class='ocrx_word' id='word_1_553' title='bbox 1463 4093 1743 4149; x_wconf 88' lang='lat' dir='ltr'><strong>Danielem</strong></span> 
     </span>
    </p>
   </div>
   <div class='ocr_carea' id='block_1_71' title="bbox 124 4182 1746 4256">
    <p class='ocr_par' dir='ltr' id='par_1_71' title="bbox 124 4182 1746 4256">
     <span class='ocr_line' id='line_1_71' title="bbox 124 4182 1746 4256; baseline 0.001 -17"><span class='ocrx_word' id='word_1_554' title='bbox 124 4182 381 4254; x_wconf 85' lang='lat' dir='ltr'><strong>Spiritus</strong></span> <span class='ocrx_word' id='word_1_555' title='bbox 409 4192 632 4237; x_wconf 89' lang='lat' dir='ltr'><strong>sanctus</strong></span> <span class='ocrx_word' id='word_1_556' title='bbox 670 4182 948 4239; x_wconf 85' lang='lat' dir='ltr'><strong>inauditos</strong></span> <span class='ocrx_word' id='word_1_557' title='bbox 985 4184 1302 4238; x_wconf 82' lang='lat' dir='ltr'><strong>damnavit?</strong></span> <span class='ocrx_word' id='word_1_558' title='bbox 1336 4184 1591 4256; x_wconf 73' lang='lat' dir='ltr'><strong>Legimus</strong></span> <span class='ocrx_word' id='word_1_559' title='bbox 1629 4195 1746 4241; x_wconf 88' lang='lat' dir='ltr'><strong>ete-</strong></span> 
     </span>
    </p>
   </div>
   <div class='ocr_carea' id='block_1_72' title="bbox 127 4273 1747 4349">
    <p class='ocr_par' dir='ltr' id='par_1_72' title="bbox 127 4273 1747 4349">
     <span class='ocr_line' id='line_1_72' title="bbox 127 4273 1747 4349; baseline 0 -17"><span class='ocrx_word' id='word_1_560' title='bbox 127 4277 254 4332; x_wconf 86' lang='lat' dir='ltr'><strong>nim</strong></span> <span class='ocrx_word' id='word_1_561' title='bbox 285 4273 592 4345; x_wconf 84' lang='lat' dir='ltr'><strong>gloriosum</strong></span> <span class='ocrx_word' id='word_1_562' title='bbox 621 4274 806 4329; x_wconf 84' lang='lat' dir='ltr'><strong>Daniel</strong></span> <span class='ocrx_word' id='word_1_563' title='bbox 837 4276 1047 4332; x_wconf 81' lang='lat' dir='ltr'><strong>dixisse</strong></span> <span class='ocrx_word' id='word_1_564' title='bbox 1069 4276 1134 4330; x_wconf 89' lang='lat' dir='ltr'><strong>ad</strong></span> <span class='ocrx_word' id='word_1_565' title='bbox 1170 4278 1423 4347; x_wconf 90' lang='lat' dir='ltr'><strong>populum</strong></span> <span class='ocrx_word' id='word_1_566' title='bbox 1453 4296 1463 4330; x_wconf 93' lang='lat'>:</span> <span class='ocrx_word' id='word_1_567' title='bbox 1497 4278 1747 4349; x_wconf 78' lang='lat' dir='ltr'><strong>Srparate</strong></span> 
     </span>
    </p>
   </div>
   <div class='ocr_carea' id='block_1_73' title="bbox 124 4367 1745 4433">
    <p class='ocr_par' dir='ltr' id='par_1_73' title="bbox 124 4367 1745 4433">
     <span class='ocr_line' id='line_1_73' title="bbox 124 4367 1745 4433; baseline -0.002 -7"><span class='ocrx_word' id='word_1_568' title='bbox 124 4386 224 4426; x_wconf 88' lang='lat' dir='ltr'><strong>eos</strong></span> <span class='ocrx_word' id='word_1_569' title='bbox 262 4369 329 4422; x_wconf 87' lang='lat' dir='ltr'><strong>ab</strong></span> <span class='ocrx_word' id='word_1_570' title='bbox 356 4367 608 4422; x_wconf 86' lang='lat' dir='ltr'><strong>alterutro</strong></span> <span class='ocrx_word' id='word_1_571' title='bbox 628 4385 647 4422; x_wconf 86' lang='lat'><strong><em>:</em></strong></span> <span class='ocrx_word' id='word_1_572' title='bbox 683 4379 729 4422; x_wconf 89' lang='lat' dir='ltr'><strong>et</strong></span> <span class='ocrx_word' id='word_1_573' title='bbox 773 4370 968 4422; x_wconf 79' lang='lat' dir='ltr'><strong>vocavit</strong></span> <span class='ocrx_word' id='word_1_574' title='bbox 1007 4386 1167 4422; x_wconf 90' lang='lat' dir='ltr'><strong>unum</strong></span> <span class='ocrx_word' id='word_1_575' title='bbox 1194 4387 1256 4423; x_wconf 79' lang='lat' dir='ltr'><strong>ea:</strong></span> <span class='ocrx_word' id='word_1_576' title='bbox 1285 4370 1408 4433; x_wconf 86' lang='lat' dir='ltr'><strong>illis,</strong></span> <span class='ocrx_word' id='word_1_577' title='bbox 1440 4382 1484 4425; x_wconf 91' lang='lat' dir='ltr'><strong>et</strong></span> <span class='ocrx_word' id='word_1_578' title='bbox 1516 4371 1646 4424; x_wconf 72' lang='lat' dir='ltr'><strong>dixit</strong></span> <span class='ocrx_word' id='word_1_579' title='bbox 1675 4371 1745 4424; x_wconf 88' lang='lat' dir='ltr'><strong>ad</strong></span> 
     </span>
    </p>
   </div>
   <div class='ocr_carea' id='block_1_74' title="bbox 123 4459 1748 4530">
    <p class='ocr_par' dir='ltr' id='par_1_74' title="bbox 123 4459 1748 4530">
     <span class='ocr_line' id='line_1_74' title="bbox 123 4459 1748 4530; baseline 0.001 -11"><span class='ocrx_word' id='word_1_580' title='bbox 123 4464 294 4518; x_wconf 84' lang='lat' dir='ltr'><strong>illum</strong></span> <span class='ocrx_word' id='word_1_581' title='bbox 333 4478 352 4515; x_wconf 92' lang='lat'><strong><em>:</em></strong></span> <span class='ocrx_word' id='word_1_582' title='bbox 403 4459 690 4516; x_wconf 86' lang='lat' dir='ltr'><strong>Inveterate</strong></span> <span class='ocrx_word' id='word_1_583' title='bbox 741 4461 944 4516; x_wconf 88' lang='lat' dir='ltr'><strong>dierum</strong></span> <span class='ocrx_word' id='word_1_584' title='bbox 989 4465 1266 4530; x_wconf 89' lang='lat' dir='ltr'><strong>malorum,</strong></span> <span class='ocrx_word' id='word_1_585' title='bbox 1309 4482 1444 4519; x_wconf 90' lang='lat' dir='ltr'><strong>nunc</strong></span> <span class='ocrx_word' id='word_1_586' title='bbox 1497 4466 1748 4521; x_wconf 87' lang='lat' dir='ltr'><strong>advenere</strong></span> 
     </span>
    </p>
   </div>
   <div class='ocr_carea' id='block_1_75' title="bbox 123 4558 1745 4633">
    <p class='ocr_par' dir='ltr' id='par_1_75' title="bbox 123 4558 1745 4633">
     <span class='ocr_line' id='line_1_75' title="bbox 123 4558 1745 4633; baseline 0.001 -21"><span class='ocrx_word' id='word_1_587' title='bbox 123 4565 357 4630; x_wconf 80' lang='lat' dir='ltr'><strong>peccatu</strong></span> <span class='ocrx_word' id='word_1_588' title='bbox 378 4567 618 4626; x_wconf 70' lang='lat' dir='ltr'><strong>tua,qua:</strong></span> <span class='ocrx_word' id='word_1_589' title='bbox 637 4566 756 4610; x_wconf 86' lang='lat' dir='ltr'><strong>ante</strong></span> <span class='ocrx_word' id='word_1_590' title='bbox 778 4558 1027 4628; x_wconf 85' lang='lat' dir='ltr'><strong>faciebas,</strong></span> <span class='ocrx_word' id='word_1_591' title='bbox 1041 4559 1290 4627; x_wconf 85' lang='lat' dir='ltr'><strong>judicans</strong></span> <span class='ocrx_word' id='word_1_592' title='bbox 1303 4558 1506 4629; x_wconf 85' lang='lat' dir='ltr'><strong>judicia</strong></span> <span class='ocrx_word' id='word_1_593' title='bbox 1529 4561 1745 4633; x_wconf 87' lang='lat' dir='ltr'><strong>injusta,</strong></span> 
     </span>
    </p>
   </div>
   <div class='ocr_carea' id='block_1_76' title="bbox 123 4648 1750 4718">
    <p class='ocr_par' dir='ltr' id='par_1_76' title="bbox 123 4648 1750 4718">
     <span class='ocr_line' id='line_1_76' title="bbox 123 4648 1750 4718; baseline 0.001 -13"><span class='ocrx_word' id='word_1_594' title='bbox 123 4660 178 4705; x_wconf 88' lang='lat' dir='ltr'><strong>et</strong></span> <span class='ocrx_word' id='word_1_595' title='bbox 208 4651 513 4706; x_wconf 83' lang='lat' dir='ltr'><strong>innocentes</strong></span> <span class='ocrx_word' id='word_1_596' title='bbox 542 4648 748 4718; x_wconf 71' lang='lat' dir='ltr'><strong>quidm:</strong></span> <span class='ocrx_word' id='word_1_597' title='bbox 775 4649 1081 4716; x_wconf 87' lang='lat' dir='ltr'><strong>damnabas,</strong></span> <span class='ocrx_word' id='word_1_598' title='bbox 1107 4663 1345 4706; x_wconf 87' lang='lat' dir='ltr'><strong>nocentes</strong></span> <span class='ocrx_word' id='word_1_599' title='bbox 1372 4662 1544 4706; x_wconf 79' lang='lat' dir='ltr'><strong>autem</strong></span> <span class='ocrx_word' id='word_1_600' title='bbox 1573 4653 1750 4708; x_wconf 89' lang='lat' dir='ltr'><strong>dimit-</strong></span> 
     </span>
    </p>
   </div>
   <div class='ocr_carea' id='block_1_77' title="bbox 1845 3440 3445 3513">
    <p class='ocr_par' dir='ltr' id='par_1_77' title="bbox 1845 3440 3445 3513">
     <span class='ocr_line' id='line_1_77' title="bbox 1845 3440 3445 3513; baseline -0.001 -15"><span class='ocrx_word' id='word_1_601' title='bbox 1845 3459 1968 3498; x_wconf 90' lang='lat' dir='ltr'><strong>cum</strong></span> <span class='ocrx_word' id='word_1_602' title='bbox 2012 3445 2120 3499; x_wconf 90' lang='lat' dir='ltr'><strong>tuis</strong></span> <span class='ocrx_word' id='word_1_603' title='bbox 2153 3444 2465 3510; x_wconf 89' lang='lat' dir='ltr'><strong>auditurus,</strong></span> <span class='ocrx_word' id='word_1_604' title='bbox 2497 3458 2618 3513; x_wconf 78' lang='lat' dir='ltr'><strong>qua:</strong></span> <span class='ocrx_word' id='word_1_605' title='bbox 2654 3443 2733 3497; x_wconf 92' lang='lat' dir='ltr'><strong>illi</strong></span> <span class='ocrx_word' id='word_1_606' title='bbox 2776 3457 2872 3512; x_wconf 88' lang='lat' dir='ltr'><strong>per</strong></span> <span class='ocrx_word' id='word_1_607' title='bbox 2912 3442 3102 3498; x_wconf 87' lang='lat' dir='ltr'><strong>Daniel</strong></span> <span class='ocrx_word' id='word_1_608' title='bbox 3134 3440 3445 3509; x_wconf 89' lang='lat' dir='ltr'><strong>audierunt,</strong></span> 
     </span>
    </p>
   </div>
   <div class='ocr_carea' id='block_1_78' title="bbox 1846 3532 3446 3606">
    <p class='ocr_par' dir='ltr' id='par_1_78' title="bbox 1846 3532 3446 3606">
     <span class='ocr_line' id='line_1_78' title="bbox 1846 3532 3446 3606; baseline -0.001 -16"><span class='ocrx_word' id='word_1_609' title='bbox 1846 3535 1959 3590; x_wconf 86' lang='lat' dir='ltr'><strong>sive</strong></span> <span class='ocrx_word' id='word_1_610' title='bbox 1989 3537 2115 3606; x_wconf 87' lang='lat' dir='ltr'><strong>quia</strong></span> <span class='ocrx_word' id='word_1_611' title='bbox 2144 3534 2261 3590; x_wconf 89' lang='lat' dir='ltr'><strong>falsi</strong></span> <span class='ocrx_word' id='word_1_612' title='bbox 2289 3536 2534 3590; x_wconf 81' lang='lat' dir='ltr'><strong>criminis</strong></span> <span class='ocrx_word' id='word_1_613' title='bbox 2561 3534 2762 3606; x_wconf 88' lang='lat' dir='ltr'><strong>objecti</strong></span> <span class='ocrx_word' id='word_1_614' title='bbox 2795 3549 2922 3590; x_wconf 88' lang='lat' dir='ltr'><strong>reus</strong></span> <span class='ocrx_word' id='word_1_615' title='bbox 2951 3534 3048 3601; x_wconf 89' lang='lat' dir='ltr'><strong>sis,</strong></span> <span class='ocrx_word' id='word_1_616' title='bbox 3081 3536 3198 3590; x_wconf 89' lang='lat' dir='ltr'><strong>sive</strong></span> <span class='ocrx_word' id='word_1_617' title='bbox 3225 3533 3350 3606; x_wconf 88' lang='lat' dir='ltr'><strong>quia</strong></span> <span class='ocrx_word' id='word_1_618' title='bbox 3377 3532 3446 3589; x_wconf 85' lang='lat' dir='ltr'><strong>ad</strong></span> 
     </span>
    </p>
   </div>
   <div class='ocr_carea' id='block_1_79' title="bbox 1846 3627 3449 3698">
    <p class='ocr_par' dir='ltr' id='par_1_79' title="bbox 1846 3627 3449 3698">
     <span class='ocr_line' id='line_1_79' title="bbox 1846 3627 3449 3698; baseline 0.001 -16"><span class='ocrx_word' id='word_1_619' title='bbox 1846 3629 2148 3683; x_wconf 89' lang='lat' dir='ltr'><strong>innocentis</strong></span> <span class='ocrx_word' id='word_1_620' title='bbox 2179 3642 2367 3684; x_wconf 90' lang='lat' dir='ltr'><strong>necem</strong></span> <span class='ocrx_word' id='word_1_621' title='bbox 2399 3642 2618 3682; x_wconf 88' lang='lat' dir='ltr'><strong>onmem</strong></span> <span class='ocrx_word' id='word_1_622' title='bbox 2648 3628 2876 3682; x_wconf 90' lang='lat' dir='ltr'><strong>chorum</strong></span> <span class='ocrx_word' id='word_1_623' title='bbox 2908 3637 2930 3665; x_wconf 74' lang='grc' dir='ltr'><strong><em>ο</em></strong></span> <span class='ocrx_word' id='word_1_624' title='bbox 2960 3627 3210 3683; x_wconf 83' lang='lat' dir='ltr'><strong>invitaris</strong></span> <span class='ocrx_word' id='word_1_625' title='bbox 3236 3627 3449 3698; x_wconf 88' lang='lat' dir='ltr'><strong>episco-</strong></span> 
     </span>
    </p>
   </div>
   <div class='ocr_carea' id='block_1_80' title="bbox 1847 3719 3450 3792">
    <p class='ocr_par' dir='ltr' id='par_1_80' title="bbox 1847 3719 3450 3792">
     <span class='ocr_line' id='line_1_80' title="bbox 1847 3719 3450 3792; baseline 0 -16"><span class='ocrx_word' id='word_1_626' title='bbox 1847 3736 2059 3791; x_wconf 91' lang='lat' dir='ltr'><strong>porum,</strong></span> <span class='ocrx_word' id='word_1_627' title='bbox 2090 3731 2145 3776; x_wconf 91' lang='lat' dir='ltr'><strong>et</strong></span> <span class='ocrx_word' id='word_1_628' title='bbox 2173 3722 2295 3792; x_wconf 89' lang='lat' dir='ltr'><strong>quia</strong></span> <span class='ocrx_word' id='word_1_629' title='bbox 2340 3720 2578 3776; x_wconf 88' lang='lat' dir='ltr'><strong>volucris</strong></span> <span class='ocrx_word' id='word_1_630' title='bbox 2609 3735 2830 3776; x_wconf 89' lang='lat' dir='ltr'><strong>onmem</strong></span> <span class='ocrx_word' id='word_1_631' title='bbox 2863 3720 2955 3776; x_wconf 86' lang='lat' dir='ltr'><strong>Dei</strong></span> <span class='ocrx_word' id='word_1_632' title='bbox 2987 3721 3243 3792; x_wconf 89' lang='lat' dir='ltr'><strong>populum</strong></span> <span class='ocrx_word' id='word_1_633' title='bbox 3273 3719 3450 3776; x_wconf 65' lang='lat' dir='ltr'><strong>hare-</strong></span> 
     </span>
    </p>
   </div>
   <div class='ocr_carea' id='block_1_81' title="bbox 1845 3814 3449 3887">
    <p class='ocr_par' dir='ltr' id='par_1_81' title="bbox 1845 3814 3449 3887">
     <span class='ocr_line' id='line_1_81' title="bbox 1845 3814 3449 3887; baseline 0.002 -19"><span class='ocrx_word' id='word_1_634' title='bbox 1845 3816 1947 3870; x_wconf 87' lang='lat' dir='ltr'><strong>sim</strong></span> <span class='ocrx_word' id='word_1_635' title='bbox 1988 3816 2269 3885; x_wconf 88' lang='lat' dir='ltr'><strong>suscipere</strong></span> <span class='ocrx_word' id='word_1_636' title='bbox 2301 3825 2472 3881; x_wconf 84' lang='lat' dir='ltr'><strong>tuam,</strong></span> <span class='ocrx_word' id='word_1_637' title='bbox 2499 3815 2687 3871; x_wconf 89' lang='lat' dir='ltr'><strong>audies</strong></span> <span class='ocrx_word' id='word_1_638' title='bbox 2713 3825 2770 3871; x_wconf 90' lang='lat' dir='ltr'><strong>et</strong></span> <span class='ocrx_word' id='word_1_639' title='bbox 2799 3815 3020 3887; x_wconf 88' lang='lat' dir='ltr'><strong>quidem</strong></span> <span class='ocrx_word' id='word_1_640' title='bbox 3051 3814 3293 3887; x_wconf 86' lang='lat' dir='ltr'><strong>gravius,</strong></span> <span class='ocrx_word' id='word_1_641' title='bbox 3321 3814 3449 3886; x_wconf 86' lang='lat' dir='ltr'><strong>quia</strong></span> 
     </span>
    </p>
   </div>
   <div class='ocr_carea' id='block_1_82' title="bbox 1846 3906 3448 3979">
    <p class='ocr_par' dir='ltr' id='par_1_82' title="bbox 1846 3906 3448 3979">
     <span class='ocr_line' id='line_1_82' title="bbox 1846 3906 3448 3979; baseline 0 -18"><span class='ocrx_word' id='word_1_642' title='bbox 1846 3916 1936 3962; x_wconf 86' lang='lat' dir='ltr'><strong>tua</strong></span> <span class='ocrx_word' id='word_1_643' title='bbox 1966 3906 2076 3963; x_wconf 90' lang='lat' dir='ltr'><strong>sint</strong></span> <span class='ocrx_word' id='word_1_644' title='bbox 2110 3909 2359 3978; x_wconf 79' lang='lat' dir='ltr'><strong>graviora</strong></span> <span class='ocrx_word' id='word_1_645' title='bbox 2395 3906 2662 3972; x_wconf 85' lang='lat' dir='ltr'><strong>facinora,</strong></span> <span class='ocrx_word' id='word_1_646' title='bbox 2691 3908 2893 3979; x_wconf 87' lang='lat' dir='ltr'><strong>quippe</strong></span> <span class='ocrx_word' id='word_1_647' title='bbox 2920 3909 3012 3979; x_wconf 89' lang='lat' dir='ltr'><strong>qui</strong></span> <span class='ocrx_word' id='word_1_648' title='bbox 3043 3907 3141 3962; x_wconf 85' lang='lat' dir='ltr'><strong>Dei</strong></span> <span class='ocrx_word' id='word_1_649' title='bbox 3170 3906 3448 3978; x_wconf 77' lang='lat' dir='ltr'><strong>religionis</strong></span> 
     </span>
    </p>
   </div>
   <div class='ocr_carea' id='block_1_83' title="bbox 1845 4001 3449 4073">
    <p class='ocr_par' dir='ltr' id='par_1_83' title="bbox 1845 4001 3449 4073">
     <span class='ocr_line' id='line_1_83' title="bbox 1845 4001 3449 4073; baseline 0.002 -19"><span class='ocrx_word' id='word_1_650' title='bbox 1845 4001 2155 4057; x_wconf 87' lang='lat' dir='ltr'><strong>destructor</strong></span> <span class='ocrx_word' id='word_1_651' title='bbox 2199 4002 2517 4068; x_wconf 81' lang='lat' dir='ltr'><strong>exstiteris,</strong></span> <span class='ocrx_word' id='word_1_652' title='bbox 2567 4003 2659 4072; x_wconf 89' lang='lat' dir='ltr'><strong>qui</strong></span> <span class='ocrx_word' id='word_1_653' title='bbox 2712 4003 2987 4073; x_wconf 79' lang='lat' dir='ltr'><strong>ingentem</strong></span> <span class='ocrx_word' id='word_1_654' title='bbox 3041 4001 3449 4058; x_wconf 87' lang='lat' dir='ltr'><strong>multitudinem</strong></span> 
     </span>
    </p>
   </div>
   <div class='ocr_carea' id='block_1_84' title="bbox 1847 4094 3454 4165">
    <p class='ocr_par' dir='ltr' id='par_1_84' title="bbox 1847 4094 3454 4165">
     <span class='ocr_line' id='line_1_84' title="bbox 1847 4094 3454 4165; baseline 0.001 -15"><span class='ocrx_word' id='word_1_655' title='bbox 1847 4095 2284 4152; x_wconf 87' lang='lat' dir='ltr'><strong>Christianorum</strong></span> <span class='ocrx_word' id='word_1_656' title='bbox 2315 4110 2375 4152; x_wconf 88' lang='lat' dir='ltr'><strong>se</strong></span> <span class='ocrx_word' id='word_1_657' title='bbox 2418 4095 2717 4151; x_wconf 89' lang='lat' dir='ltr'><strong>dicentium</strong></span> <span class='ocrx_word' id='word_1_658' title='bbox 2749 4095 3112 4162; x_wconf 86' lang='lat' dir='ltr'><strong>interemeris,</strong></span> <span class='ocrx_word' id='word_1_659' title='bbox 3149 4094 3242 4165; x_wconf 86' lang='lat' dir='ltr'><strong>qui</strong></span> <span class='ocrx_word' id='word_1_660' title='bbox 3280 4097 3454 4151; x_wconf 74' lang='lat' dir='ltr'><strong>luere-</strong></span> 
     </span>
    </p>
   </div>
   <div class='ocr_carea' id='block_1_85' title="bbox 1847 4189 3450 4260">
    <p class='ocr_par' dir='ltr' id='par_1_85' title="bbox 1847 4189 3450 4260">
     <span class='ocr_line' id='line_1_85' title="bbox 1847 4189 3450 4260; baseline 0.001 -17"><span class='ocrx_word' id='word_1_661' title='bbox 1847 4189 1949 4244; x_wconf 89' lang='lat' dir='ltr'><strong>sim</strong></span> <span class='ocrx_word' id='word_1_662' title='bbox 1978 4201 2213 4245; x_wconf 88' lang='lat' dir='ltr'><strong>vestram</strong></span> <span class='ocrx_word' id='word_1_663' title='bbox 2244 4190 2500 4247; x_wconf 80' lang='lat' dir='ltr'><strong>Arianam</strong></span> <span class='ocrx_word' id='word_1_664' title='bbox 2532 4190 2904 4247; x_wconf 65' lang='lat' dir='ltr'><strong>introduxeris</strong></span> <span class='ocrx_word' id='word_1_665' title='bbox 2934 4191 2987 4245; x_wconf 92' lang='lat' dir='ltr'><strong>in</strong></span> <span class='ocrx_word' id='word_1_666' title='bbox 3017 4190 3330 4256; x_wconf 86' lang='lat' dir='ltr'><strong>ecclesiam,</strong></span> <span class='ocrx_word' id='word_1_667' title='bbox 3360 4189 3450 4260; x_wconf 91' lang='lat' dir='ltr'><strong>qui</strong></span> 
     </span>
    </p>
   </div>
   <div class='ocr_carea' id='block_1_86' title="bbox 1847 4282 3452 4355">
    <p class='ocr_par' dir='ltr' id='par_1_86' title="bbox 1847 4282 3452 4355">
     <span class='ocr_line' id='line_1_86' title="bbox 1847 4282 3452 4355; baseline -0.001 -17"><span class='ocrx_word' id='word_1_668' title='bbox 1847 4282 2170 4338; x_wconf 85' lang='lat' dir='ltr'><strong>catholicam</strong></span> <span class='ocrx_word' id='word_1_669' title='bbox 2231 4283 2582 4338; x_wconf 84' lang='lat' dir='ltr'><strong>damnaveris</strong></span> <span class='ocrx_word' id='word_1_670' title='bbox 2633 4283 2818 4349; x_wconf 84' lang='lat' dir='ltr'><strong>fidem,</strong></span> <span class='ocrx_word' id='word_1_671' title='bbox 2867 4283 2962 4355; x_wconf 90' lang='lat' dir='ltr'><strong>qui</strong></span> <span class='ocrx_word' id='word_1_672' title='bbox 3015 4283 3186 4339; x_wconf 89' lang='lat' dir='ltr'><strong>Deum</strong></span> <span class='ocrx_word' id='word_1_673' title='bbox 3232 4282 3452 4338; x_wconf 82' lang='lat' dir='ltr'><strong>Patrem</strong></span> 
     </span>
    </p>
   </div>
   <div class='ocr_carea' id='block_1_87' title="bbox 1849 4374 3453 4446">
    <p class='ocr_par' dir='ltr' id='par_1_87' title="bbox 1849 4374 3453 4446">
     <span class='ocr_line' id='line_1_87' title="bbox 1849 4374 3453 4446; baseline 0.001 -18"><span class='ocrx_word' id='word_1_674' title='bbox 1849 4375 2132 4446; x_wconf 87' lang='lat' dir='ltr'><strong>negaveris</strong></span> <span class='ocrx_word' id='word_1_675' title='bbox 2178 4391 2367 4431; x_wconf 90' lang='lat' dir='ltr'><strong>verum</strong></span> <span class='ocrx_word' id='word_1_676' title='bbox 2422 4376 2662 4440; x_wconf 88' lang='lat' dir='ltr'><strong>Patrem,</strong></span> <span class='ocrx_word' id='word_1_677' title='bbox 2694 4376 2785 4446; x_wconf 91' lang='lat' dir='ltr'><strong>qui</strong></span> <span class='ocrx_word' id='word_1_678' title='bbox 2823 4377 3046 4432; x_wconf 91' lang='lat' dir='ltr'><strong>unicum</strong></span> <span class='ocrx_word' id='word_1_679' title='bbox 3087 4377 3206 4446; x_wconf 85' lang='lat' dir='ltr'><strong>ejus</strong></span> <span class='ocrx_word' id='word_1_680' title='bbox 3251 4374 3453 4430; x_wconf 86' lang='lat' dir='ltr'><strong>Filium</strong></span> 
     </span>
    </p>
   </div>
   <div class='ocr_carea' id='block_1_88' title="bbox 1848 4467 3456 4539">
    <p class='ocr_par' dir='ltr' id='par_1_88' title="bbox 1848 4467 3456 4539">
     <span class='ocr_line' id='line_1_88' title="bbox 1848 4467 3456 4539; baseline -0.001 -14"><span class='ocrx_word' id='word_1_681' title='bbox 1848 4468 2053 4525; x_wconf 78' lang='lat' dir='ltr'><strong>dixeris</strong></span> <span class='ocrx_word' id='word_1_682' title='bbox 2096 4484 2202 4526; x_wconf 91' lang='lat' dir='ltr'><strong>non</strong></span> <span class='ocrx_word' id='word_1_683' title='bbox 2245 4484 2368 4525; x_wconf 83' lang='lat' dir='ltr'><strong>esse</strong></span> <span class='ocrx_word' id='word_1_684' title='bbox 2413 4484 2605 4525; x_wconf 84' lang='lat' dir='ltr'><strong>verum</strong></span> <span class='ocrx_word' id='word_1_685' title='bbox 2649 4467 2874 4534; x_wconf 80' lang='lat' dir='ltr'><strong>Filium,</strong></span> <span class='ocrx_word' id='word_1_686' title='bbox 2925 4467 3187 4539; x_wconf 91' lang='lat' dir='ltr'><strong>Spiritum</strong></span> <span class='ocrx_word' id='word_1_687' title='bbox 3237 4481 3456 4537; x_wconf 85' lang='lat' dir='ltr'><strong>quoque</strong></span> 
     </span>
    </p>
   </div>
   <div class='ocr_carea' id='block_1_89' title="bbox 1851 4554 3453 4634">
    <p class='ocr_par' dir='ltr' id='par_1_89' title="bbox 1851 4554 3453 4634">
     <span class='ocr_line' id='line_1_89' title="bbox 1851 4554 3453 4634; baseline -0.001 -16"><span class='ocrx_word' id='word_1_688' title='bbox 1851 4575 2096 4620; x_wconf 88' lang='lat' dir='ltr'><strong>sanctum</strong></span> <span class='ocrx_word' id='word_1_689' title='bbox 2141 4554 2475 4634; x_wconf 83' lang='lat' dir='ltr'><strong>paracletum</strong></span> <span class='ocrx_word' id='word_1_690' title='bbox 2517 4562 2921 4618; x_wconf 87' lang='lat' dir='ltr'><strong>asseveraveris</strong></span> <span class='ocrx_word' id='word_1_691' title='bbox 2965 4576 3074 4616; x_wconf 91' lang='lat' dir='ltr'><strong>non</strong></span> <span class='ocrx_word' id='word_1_692' title='bbox 3106 4574 3228 4617; x_wconf 89' lang='lat' dir='ltr'><strong>esse</strong></span> <span class='ocrx_word' id='word_1_693' title='bbox 3259 4575 3453 4617; x_wconf 86' lang='lat' dir='ltr'><strong>verum</strong></span> 
     </span>
    </p>
   </div>
   <div class='ocr_carea' id='block_1_90' title="bbox 1854 4654 3458 4726">
    <p class='ocr_par' dir='ltr' id='par_1_90' title="bbox 1854 4654 3458 4726">
     <span class='ocr_line' id='line_1_90' title="bbox 1854 4654 3458 4726; baseline 0.001 -15"><span class='ocrx_word' id='word_1_694' title='bbox 1854 4657 1948 4711; x_wconf 89' lang='lat' dir='ltr'><strong>Dei</strong></span> <span class='ocrx_word' id='word_1_695' title='bbox 1987 4656 2269 4726; x_wconf 90' lang='lat' dir='ltr'><strong>Spiritum.</strong></span> <span class='ocrx_word' id='word_1_696' title='bbox 2311 4656 2447 4713; x_wconf 91' lang='lat' dir='ltr'><strong>Cum</strong></span> <span class='ocrx_word' id='word_1_697' title='bbox 2487 4665 2541 4713; x_wconf 90' lang='lat' dir='ltr'><strong>te</strong></span> <span class='ocrx_word' id='word_1_698' title='bbox 2576 4665 2762 4713; x_wconf 86' lang='lat' dir='ltr'><strong>contra</strong></span> <span class='ocrx_word' id='word_1_699' title='bbox 2809 4666 2866 4713; x_wconf 89' lang='lat' dir='ltr'><strong>et</strong></span> <span class='ocrx_word' id='word_1_700' title='bbox 2903 4665 3092 4714; x_wconf 87' lang='lat' dir='ltr'><strong>contra</strong></span> <span class='ocrx_word' id='word_1_701' title='bbox 3129 4671 3322 4710; x_wconf 90' lang='lat' dir='ltr'><strong>omnes</strong></span> <span class='ocrx_word' id='word_1_702' title='bbox 3355 4654 3458 4712; x_wconf 90' lang='lat' dir='ltr'><strong>Dei</strong></span> 
     </span>
    </p>
   </div>
   <div class='ocr_carea' id='block_1_91' title="bbox 124 4734 3454 4820">
    <p class='ocr_par' dir='ltr' id='par_1_91' title="bbox 124 4734 3454 4820">
     <span class='ocr_line' id='line_1_91' title="bbox 124 4734 3454 4820; baseline 0.001 -20"><span class='ocrx_word' id='word_1_703' title='bbox 124 4745 308 4811; x_wconf 80' lang='lat' dir='ltr'><strong>tebas,</strong></span> <span class='ocrx_word' id='word_1_704' title='bbox 354 4743 556 4799; x_wconf 82' lang='lat' dir='ltr'><strong>dicente</strong></span> <span class='ocrx_word' id='word_1_705' title='bbox 611 4743 882 4799; x_wconf 88' lang='lat' dir='ltr'><strong>Domino:</strong></span> <span class='ocrx_word' id='word_1_706' title='bbox 923 4744 1256 4801; x_wconf 88' lang='lat' dir='ltr'><strong>lnnocentem</strong></span> <span class='ocrx_word' id='word_1_707' title='bbox 1305 4757 1354 4801; x_wconf 90' lang='lat' dir='ltr'><strong>et</strong></span> <span class='ocrx_word' id='word_1_708' title='bbox 1390 4751 1596 4820; x_wconf 87' lang='lat' dir='ltr'><strong>justum</strong></span> <span class='ocrx_word' id='word_1_709' title='bbox 1645 4766 1745 4803; x_wconf 90' lang='lat' dir='ltr'><strong>non</strong></span> <span class='ocrx_word' id='word_1_710' title='bbox 1773 4734 1824 4795; x_wconf 81' lang='grc' dir='ltr'><strong>Ῐ)</strong></span> <span class='ocrx_word' id='word_1_711' title='bbox 1851 4750 2103 4805; x_wconf 91' lang='lat' dir='ltr'><strong>inimicos</strong></span> <span class='ocrx_word' id='word_1_712' title='bbox 2145 4749 2345 4806; x_wconf 81' lang='lat' dir='ltr'><strong>clamet</strong></span> <span class='ocrx_word' id='word_1_713' title='bbox 2387 4759 2592 4806; x_wconf 65' lang='lat' dir='ltr'><strong>sancta:</strong></span> <span class='ocrx_word' id='word_1_714' title='bbox 2631 4749 2884 4806; x_wconf 77' lang='lat' dir='ltr'><strong>ecclesia:</strong></span> <span class='ocrx_word' id='word_1_715' title='bbox 2928 4749 3085 4814; x_wconf 83' lang='lat' dir='ltr'><strong>fides,</strong></span> <span class='ocrx_word' id='word_1_716' title='bbox 3126 4748 3352 4803; x_wconf 87' lang='lat' dir='ltr'><strong>credere</strong></span> <span class='ocrx_word' id='word_1_717' title='bbox 3392 4761 3454 4803; x_wconf 83' lang='lat' dir='ltr'><strong>se</strong></span> 
     </span>
    </p>
   </div>
   <div class='ocr_carea' id='block_1_92' title="bbox 124 4836 1748 4913">
    <p class='ocr_par' dir='ltr' id='par_1_92' title="bbox 124 4836 1748 4913">
     <span class='ocr_line' id='line_1_92' title="bbox 124 4836 1748 4913; baseline 0.005 -22"><span class='ocrx_word' id='word_1_718' title='bbox 124 4836 372 4892; x_wconf 86' lang='lat' dir='ltr'><strong>occides.</strong></span> <span class='ocrx_word' id='word_1_719' title='bbox 403 4836 563 4892; x_wconf 80' lang='lat' dir='ltr'><strong>Nunc</strong></span> <span class='ocrx_word' id='word_1_720' title='bbox 584 4848 752 4894; x_wconf 89' lang='lat' dir='ltr'><strong>tamen</strong></span> <span class='ocrx_word' id='word_1_721' title='bbox 777 4839 913 4894; x_wconf 87' lang='lat' dir='ltr'><strong>hunc</strong></span> <span class='ocrx_word' id='word_1_722' title='bbox 938 4842 984 4894; x_wconf 91' lang='lat' dir='ltr'><strong>si</strong></span> <span class='ocrx_word' id='word_1_723' title='bbox 1006 4841 1200 4906; x_wconf 86' lang='lat' dir='ltr'><strong>tidisti,</strong></span> <span class='ocrx_word' id='word_1_724' title='bbox 1218 4841 1303 4895; x_wconf 90' lang='lat' dir='ltr'><strong>dic</strong></span> <span class='ocrx_word' id='word_1_725' title='bbox 1325 4842 1416 4896; x_wconf 87' lang='lat' dir='ltr'><strong>sub</strong></span> <span class='ocrx_word' id='word_1_726' title='bbox 1437 4845 1748 4913; x_wconf 78' lang='lat' dir='ltr'><strong>qua~arbore</strong></span> 
     </span>
    </p>
   </div>
   <div class='ocr_carea' id='block_1_93' title="bbox 122 4929 1749 4992">
    <p class='ocr_par' dir='ltr' id='par_1_93' title="bbox 122 4929 1749 4992">
     <span class='ocr_line' id='line_1_93' title="bbox 122 4929 1749 4992; baseline 0.004 -6"><span class='ocrx_word' id='word_1_727' title='bbox 122 4929 322 4986; x_wconf 77' lang='lat' dir='ltr'><strong>vidisti</strong></span> <span class='ocrx_word' id='word_1_728' title='bbox 359 4945 444 4984; x_wconf 90' lang='lat' dir='ltr'><strong>eos</strong></span> <span class='ocrx_word' id='word_1_729' title='bbox 484 4932 812 4988; x_wconf 78' lang='lat' dir='ltr'><strong>tractantes?</strong></span> <span class='ocrx_word' id='word_1_730' title='bbox 850 4932 915 4987; x_wconf 83' lang='lat' dir='ltr'><strong>Et</strong></span> <span class='ocrx_word' id='word_1_731' title='bbox 956 4933 1088 4988; x_wconf 69' lang='lat' dir='ltr'><strong>dixit</strong></span> <span class='ocrx_word' id='word_1_732' title='bbox 1118 4951 1136 4988; x_wconf 90' lang='lat'><em>:</em></span> <span class='ocrx_word' id='word_1_733' title='bbox 1176 4933 1285 4990; x_wconf 88' lang='lat' dir='ltr'><strong>Sub</strong></span> <span class='ocrx_word' id='word_1_734' title='bbox 1324 4936 1559 4992; x_wconf 88' lang='lat' dir='ltr'><strong>lentisco.</strong></span> <span class='ocrx_word' id='word_1_735' title='bbox 1601 4934 1749 4992; x_wconf 75' lang='lat' dir='ltr'><strong>Dixit</strong></span> 
     </span>
    </p>
   </div>
   <div class='ocr_carea' id='block_1_94' title="bbox 123 5020 1747 5097">
    <p class='ocr_par' dir='ltr' id='par_1_94' title="bbox 123 5020 1747 5097">
     <span class='ocr_line' id='line_1_94' title="bbox 123 5020 1747 5097; baseline 0.004 -19"><span class='ocrx_word' id='word_1_736' title='bbox 123 5034 318 5078; x_wconf 81' lang='lat' dir='ltr'><strong>autem</strong></span> <span class='ocrx_word' id='word_1_737' title='bbox 345 5020 538 5078; x_wconf 88' lang='lat' dir='ltr'><strong>Daniel</strong></span> <span class='ocrx_word' id='word_1_738' title='bbox 564 5042 582 5077; x_wconf 86' lang='lat'><strong><em>:</em></strong></span> <span class='ocrx_word' id='word_1_739' title='bbox 613 5023 769 5078; x_wconf 86' lang='lat' dir='ltr'><strong>Recte</strong></span> <span class='ocrx_word' id='word_1_740' title='bbox 800 5027 1043 5081; x_wconf 87' lang='lat' dir='ltr'><strong>mentitus</strong></span> <span class='ocrx_word' id='word_1_741' title='bbox 1073 5044 1124 5081; x_wconf 87' lang='lat' dir='ltr'><strong>es</strong></span> <span class='ocrx_word' id='word_1_742' title='bbox 1156 5028 1208 5080; x_wconf 87' lang='lat' dir='ltr'><strong>in</strong></span> <span class='ocrx_word' id='word_1_743' title='bbox 1243 5037 1400 5097; x_wconf 85' lang='lat' dir='ltr'><strong>caput</strong></span> <span class='ocrx_word' id='word_1_744' title='bbox 1431 5039 1592 5083; x_wconf 89' lang='lat' dir='ltr'><strong>tuum.</strong></span> <span class='ocrx_word' id='word_1_745' title='bbox 1624 5027 1747 5084; x_wconf 80' lang='lat' dir='ltr'><strong>lam</strong></span> 
     </span>
    </p>
   </div>
   <div class='ocr_carea' id='block_1_95' title="bbox 125 5114 1752 5191">
    <p class='ocr_par' dir='ltr' id='par_1_95' title="bbox 125 5114 1752 5191">
     <span class='ocr_line' id='line_1_95' title="bbox 125 5114 1752 5191; baseline 0.005 -21"><span class='ocrx_word' id='word_1_746' title='bbox 125 5117 287 5174; x_wconf 79' lang='lat' dir='ltr'><strong>enim</strong></span> <span class='ocrx_word' id='word_1_747' title='bbox 315 5119 533 5191; x_wconf 74' lang='lat' dir='ltr'><strong>angelus</strong></span> <span class='ocrx_word' id='word_1_748' title='bbox 565 5114 778 5170; x_wconf 88' lang='lat' dir='ltr'><strong>Domini</strong></span> <span class='ocrx_word' id='word_1_749' title='bbox 797 5118 1052 5189; x_wconf 87' lang='lat' dir='ltr'><strong>accipiens</strong></span> <span class='ocrx_word' id='word_1_750' title='bbox 1078 5129 1392 5190; x_wconf 63' lang='lat' dir='ltr'><strong>praceptum</strong></span> <span class='ocrx_word' id='word_1_751' title='bbox 1410 5138 1440 5174; x_wconf 90' lang='lat' dir='ltr'><strong><em>a</em></strong></span> <span class='ocrx_word' id='word_1_752' title='bbox 1467 5119 1580 5177; x_wconf 88' lang='lat' dir='ltr'><strong>Deo</strong></span> <span class='ocrx_word' id='word_1_753' title='bbox 1609 5139 1752 5177; x_wconf 88' lang='lat' dir='ltr'><strong>seca-</strong></span> 
     </span>
    </p>
   </div>
   <div class='ocr_carea' id='block_1_96' title="bbox 123 5207 1757 5285">
    <p class='ocr_par' dir='ltr' id='par_1_96' title="bbox 123 5207 1757 5285">
     <span class='ocr_line' id='line_1_96' title="bbox 123 5207 1757 5285; baseline 0.003 -20"><span class='ocrx_word' id='word_1_754' title='bbox 123 5211 210 5265; x_wconf 80' lang='lat' dir='ltr'><strong>bit</strong></span> <span class='ocrx_word' id='word_1_755' title='bbox 244 5219 298 5265; x_wconf 84' lang='lat' dir='ltr'><strong>te</strong></span> <span class='ocrx_word' id='word_1_756' title='bbox 327 5207 574 5266; x_wconf 83' lang='lat' dir='ltr'><strong>medium.</strong></span> <span class='ocrx_word' id='word_1_757' title='bbox 617 5207 684 5264; x_wconf 84' lang='lat' dir='ltr'><strong>Et</strong></span> <span class='ocrx_word' id='word_1_758' title='bbox 714 5226 828 5264; x_wconf 87' lang='lat' dir='ltr'><strong>cum</strong></span> <span class='ocrx_word' id='word_1_759' title='bbox 860 5212 1161 5266; x_wconf 81' lang='lat' dir='ltr'><strong>removisset</strong></span> <span class='ocrx_word' id='word_1_760' title='bbox 1190 5211 1362 5279; x_wconf 89' lang='lat' dir='ltr'><strong>illum,</strong></span> <span class='ocrx_word' id='word_1_761' title='bbox 1381 5214 1547 5285; x_wconf 80' lang='lat' dir='ltr'><strong>jussit</strong></span> <span class='ocrx_word' id='word_1_762' title='bbox 1573 5215 1757 5270; x_wconf 79' lang='lat' dir='ltr'><strong>admo-</strong></span> 
     </span>
    </p>
   </div>
   <div class='ocr_carea' id='block_1_97' title="bbox 213 5394 1756 5467">
    <p class='ocr_par' dir='ltr' id='par_1_97' title="bbox 213 5394 1756 5467">
     <span class='ocr_line' id='line_1_97' title="bbox 213 5394 1756 5467; baseline 0.002 -16"><span class='ocrx_word' id='word_1_763' title='bbox 213 5404 247 5434; x_wconf 78' lang='grc'><strong>⁸</strong></span> <span class='ocrx_word' id='word_1_764' title='bbox 270 5394 334 5451; x_wconf 84' lang='lat' dir='ltr'><strong>Id</strong></span> <span class='ocrx_word' id='word_1_765' title='bbox 358 5403 467 5460; x_wconf 86' lang='lat' dir='ltr'><strong>est,</strong></span> <span class='ocrx_word' id='word_1_766' title='bbox 500 5395 750 5464; x_wconf 70' lang='lat' dir='ltr'><strong>ﬁnxisse,</strong></span> <span class='ocrx_word' id='word_1_767' title='bbox 781 5404 831 5450; x_wconf 92' lang='lat' dir='ltr'><strong>et</strong></span> <span class='ocrx_word' id='word_1_768' title='bbox 878 5397 1016 5464; x_wconf 89' lang='lat' dir='ltr'><strong>falso</strong></span> <span class='ocrx_word' id='word_1_769' title='bbox 1056 5397 1331 5462; x_wconf 83' lang='lat' dir='ltr'><strong>attulisse;</strong></span> <span class='ocrx_word' id='word_1_770' title='bbox 1377 5397 1522 5467; x_wconf 91' lang='lat' dir='ltr'><strong>quod</strong></span> <span class='ocrx_word' id='word_1_771' title='bbox 1577 5406 1756 5466; x_wconf 69' lang='lat' dir='ltr'><strong>poeta:</strong></span> 
     </span>
    </p>
   </div>
   <div class='ocr_carea' id='block_1_98' title="bbox 125 5467 1756 5594">
    <p class='ocr_par' dir='ltr' id='par_1_98' title="bbox 125 5467 1756 5594">
     <span class='ocr_line' id='line_1_98' title="bbox 125 5467 1756 5594; baseline 0.003 -76"><span class='ocrx_word' id='word_1_772' title='bbox 125 5468 356 5594; x_wconf 61' lang='lat' dir='ltr'><strong>Esuldta,</strong></span> <span class='ocrx_word' id='word_1_773' title='bbox 388 5481 508 5537; x_wconf 74' lang='lat' dir='ltr'><strong>qua:</strong></span> <span class='ocrx_word' id='word_1_774' title='bbox 545 5483 840 5538; x_wconf 86' lang='lat' dir='ltr'><strong>numquam</strong></span> <span class='ocrx_word' id='word_1_775' title='bbox 872 5467 1124 5535; x_wconf 88' lang='lat' dir='ltr'><strong>fuerunt,</strong></span> <span class='ocrx_word' id='word_1_776' title='bbox 1179 5471 1404 5542; x_wconf 85' lang='lat' dir='ltr'><strong>fingant.</strong></span> <span class='ocrx_word' id='word_1_777' title='bbox 1458 5469 1561 5524; x_wconf 82' lang='lat' dir='ltr'><strong>Til.</strong></span> <span class='ocrx_word' id='word_1_778' title='bbox 1612 5481 1658 5524; x_wconf 92' lang='lat' dir='ltr'><strong>et</strong></span> <span class='ocrx_word' id='word_1_779' title='bbox 1704 5471 1756 5525; x_wconf 91' lang='lat' dir='ltr'><strong>la</strong></span> 
     </span>
     <span class='ocr_line' id='line_1_99' title="bbox 177 5555 346 5594; baseline -0.024 0"><span class='ocrx_word' id='word_1_780' title='bbox 177 5555 251 5594; x_wconf 83' lang='lat' dir='ltr'><strong>er</strong></span> <span class='ocrx_word' id='word_1_781' title='bbox 290 5555 346 5591; x_wconf 89' lang='lat' dir='ltr'><strong>a.</strong></span> 
     </span>
    </p>
   </div>
   <div class='ocr_carea' id='block_1_99' title="bbox 214 5577 1757 5678">
    <p class='ocr_par' dir='ltr' id='par_1_99' title="bbox 214 5577 1757 5678">
     <span class='ocr_line' id='line_1_100' title="bbox 214 5577 1757 5678; baseline 0.003 -15"><span class='ocrx_word' id='word_1_782' title='bbox 214 5577 466 5664; x_wconf 32' lang='lat' dir='ltr'><strong>isiin-us</strong></span> <span class='ocrx_word' id='word_1_783' title='bbox 496 5618 815 5674; x_wconf 80' lang='lat' dir='ltr'><strong>corruptus,</strong></span> <span class='ocrx_word' id='word_1_784' title='bbox 849 5611 1029 5678; x_wconf 89' lang='lat' dir='ltr'><strong>inquit</strong></span> <span class='ocrx_word' id='word_1_785' title='bbox 1058 5612 1261 5674; x_wconf 87' lang='lat' dir='ltr'><strong>Tilius,</strong></span> <span class='ocrx_word' id='word_1_786' title='bbox 1298 5627 1460 5677; x_wconf 88' lang='lat' dir='ltr'><strong>quem</strong></span> <span class='ocrx_word' id='word_1_787' title='bbox 1503 5613 1757 5668; x_wconf 87' lang='lat' dir='ltr'><strong>Latinius</strong></span> 
     </span>
    </p>
   </div>
   <div class='ocr_carea' id='block_1_100' title="bbox 129 5680 1757 5752">
    <p class='ocr_par' dir='ltr' id='par_1_100' title="bbox 129 5680 1757 5752">
     <span class='ocr_line' id='line_1_101' title="bbox 129 5680 1757 5752; baseline -0.002 -10"><span class='ocrx_word' id='word_1_788' title='bbox 129 5686 221 5742; x_wconf 80' lang='lat' dir='ltr'><strong>ita</strong></span> <span class='ocrx_word' id='word_1_789' title='bbox 261 5680 609 5736; x_wconf 86' lang='lat' dir='ltr'><strong>ememlavit:</strong></span> <span class='ocrx_word' id='word_1_790' title='bbox 645 5683 750 5744; x_wconf 86' lang='lat' dir='ltr'><strong>iant</strong></span> <span class='ocrx_word' id='word_1_791' title='bbox 777 5685 950 5736; x_wconf 86' lang='lat' dir='ltr'><strong>cuncti</strong></span> <span class='ocrx_word' id='word_1_792' title='bbox 990 5685 1042 5737; x_wconf 89' lang='lat' dir='ltr'><strong>in</strong></span> <span class='ocrx_word' id='word_1_793' title='bbox 1067 5695 1114 5738; x_wconf 91' lang='lat' dir='ltr'><strong>te</strong></span> <span class='ocrx_word' id='word_1_794' title='bbox 1149 5694 1475 5752; x_wconf 87' lang='lat' dir='ltr'><strong>retorquent,</strong></span> <span class='ocrx_word' id='word_1_795' title='bbox 1510 5695 1618 5739; x_wconf 83' lang='lat' dir='ltr'><strong>etc.</strong></span> <span class='ocrx_word' id='word_1_796' title='bbox 1660 5683 1757 5738; x_wconf 89' lang='lat' dir='ltr'><strong>sed</strong></span> 
     </span>
    </p>
   </div>
   <div class='ocr_carea' id='block_1_101' title="bbox 127 5752 1757 5824">
    <p class='ocr_par' dir='ltr' id='par_1_101' title="bbox 127 5752 1757 5824">
     <span class='ocr_line' id='line_1_102' title="bbox 127 5752 1757 5824; baseline 0.002 -20"><span class='ocrx_word' id='word_1_797' title='bbox 127 5766 373 5824; x_wconf 74' lang='lat' dir='ltr'><strong>scissus,</strong></span> <span class='ocrx_word' id='word_1_798' title='bbox 402 5752 534 5824; x_wconf 81' lang='lat' dir='ltr'><strong>licet</strong></span> <span class='ocrx_word' id='word_1_799' title='bbox 583 5756 853 5824; x_wconf 71' lang='lat' dir='ltr'><strong>obscurus</strong></span> <span class='ocrx_word' id='word_1_800' title='bbox 884 5796 898 5815; x_wconf 88' lang='lat'><strong>,</strong></span> <span class='ocrx_word' id='word_1_801' title='bbox 931 5757 1018 5808; x_wconf 91' lang='lat' dir='ltr'><strong>hic</strong></span> <span class='ocrx_word' id='word_1_802' title='bbox 1044 5767 1155 5811; x_wconf 60' lang='lat' dir='ltr'><strong>est:</strong></span> <span class='ocrx_word' id='word_1_803' title='bbox 1194 5755 1437 5824; x_wconf 80' lang='lat' dir='ltr'><strong>Episcopi</strong></span> <span class='ocrx_word' id='word_1_804' title='bbox 1465 5756 1639 5809; x_wconf 88' lang='lat' dir='ltr'><strong>cuncti</strong></span> <span class='ocrx_word' id='word_1_805' title='bbox 1667 5773 1757 5808; x_wconf 88' lang='lat' dir='ltr'><strong>ca-</strong></span> 
     </span>
    </p>
   </div>
   <div class='ocr_carea' id='block_1_102' title="bbox 128 5823 1764 5896">
    <p class='ocr_par' dir='ltr' id='par_1_102' title="bbox 128 5823 1764 5896">
     <span class='ocr_line' id='line_1_103' title="bbox 128 5823 1764 5896; baseline 0 -18"><span class='ocrx_word' id='word_1_806' title='bbox 128 5823 362 5886; x_wconf 76' lang='lat' dir='ltr'><strong>tholici,</strong></span> <span class='ocrx_word' id='word_1_807' title='bbox 389 5823 547 5877; x_wconf 88' lang='lat' dir='ltr'><strong>etiam</strong></span> <span class='ocrx_word' id='word_1_808' title='bbox 575 5823 678 5886; x_wconf 84' lang='lat' dir='ltr'><strong>illi,</strong></span> <span class='ocrx_word' id='word_1_809' title='bbox 698 5840 836 5896; x_wconf 75' lang='lat' dir='ltr'><strong>quos</strong></span> <span class='ocrx_word' id='word_1_810' title='bbox 869 5836 922 5880; x_wconf 87' lang='lat' dir='ltr'><strong>tu</strong></span> <span class='ocrx_word' id='word_1_811' title='bbox 949 5827 1252 5893; x_wconf 72' lang='lat' dir='ltr'><strong>scduxeras,</strong></span> <span class='ocrx_word' id='word_1_812' title='bbox 1279 5823 1492 5880; x_wconf 84' lang='lat' dir='ltr'><strong>redeunt</strong></span> <span class='ocrx_word' id='word_1_813' title='bbox 1521 5828 1590 5878; x_wconf 88' lang='lat' dir='ltr'><strong>ad</strong></span> <span class='ocrx_word' id='word_1_814' title='bbox 1609 5826 1764 5896; x_wconf 86' lang='lat' dir='ltr'><strong>judi-</strong></span> 
     </span>
    </p>
   </div>
   <div class='ocr_carea' id='block_1_103' title="bbox 129 5895 1766 5967">
    <p class='ocr_par' dir='ltr' id='par_1_103' title="bbox 129 5895 1766 5967">
     <span class='ocr_line' id='line_1_104' title="bbox 129 5895 1766 5967; baseline -0.002 -14"><span class='ocrx_word' id='word_1_815' title='bbox 129 5901 297 5958; x_wconf 84' lang='lat' dir='ltr'><strong>cium</strong></span> <span class='ocrx_word' id='word_1_816' title='bbox 311 5897 527 5967; x_wconf 84' lang='lat' dir='ltr'><strong>justum</strong></span> <span class='ocrx_word' id='word_1_817' title='bbox 547 5910 644 5965; x_wconf 88' lang='lat' dir='ltr'><strong>pro</strong></span> <span class='ocrx_word' id='word_1_818' title='bbox 671 5895 958 5952; x_wconf 79' lang='lat' dir='ltr'><strong>Athanasio</strong></span> <span class='ocrx_word' id='word_1_819' title='bbox 982 5911 1162 5954; x_wconf 86' lang='lat' dir='ltr'><strong>contra</strong></span> <span class='ocrx_word' id='word_1_820' title='bbox 1193 5910 1241 5953; x_wconf 90' lang='lat' dir='ltr'><strong>te</strong></span> <span class='ocrx_word' id='word_1_821' title='bbox 1281 5895 1766 5967; x_wconf 36' lang='lat' dir='ltr'><strong>torquentem&#39;inter</strong></span> 
     </span>
    </p>
   </div>
   <div class='ocr_carea' id='block_1_104' title="bbox 131 5967 1028 6029">
    <p class='ocr_par' dir='ltr' id='par_1_104' title="bbox 131 5967 1028 6029">
     <span class='ocr_line' id='line_1_105' title="bbox 131 5967 1028 6029; baseline 0.002 -5"><span class='ocrx_word' id='word_1_822' title='bbox 131 5974 270 6029; x_wconf 65' lang='lat' dir='ltr'><strong>hac</strong></span> <span class='ocrx_word' id='word_1_823' title='bbox 293 5967 608 6024; x_wconf 67' lang='lat' dir='ltr'><strong>sententiam</strong></span> <span class='ocrx_word' id='word_1_824' title='bbox 635 5967 814 6020; x_wconf 86' lang='lat' dir='ltr'><strong>mortis</strong></span> <span class='ocrx_word' id='word_1_825' title='bbox 842 5967 895 6020; x_wconf 90' lang='lat' dir='ltr'><strong>in</strong></span> <span class='ocrx_word' id='word_1_826' title='bbox 913 5985 1028 6026; x_wconf 88' lang='lat' dir='ltr'><strong>nos.</strong></span> 
     </span>
    </p>
   </div>
   <div class='ocr_carea' id='block_1_105' title="bbox 1849 4841 3453 4908">
    <p class='ocr_par' dir='ltr' id='par_1_105' title="bbox 1849 4841 3453 4908">
     <span class='ocr_line' id='line_1_106' title="bbox 1849 4841 3453 4908; baseline -0.001 -12"><span class='ocrx_word' id='word_1_827' title='bbox 1849 4843 1904 4897; x_wconf 89' lang='lat' dir='ltr'><strong>in</strong></span> <span class='ocrx_word' id='word_1_828' title='bbox 1933 4841 2101 4897; x_wconf 88' lang='lat' dir='ltr'><strong>Deum</strong></span> <span class='ocrx_word' id='word_1_829' title='bbox 2122 4859 2299 4898; x_wconf 88' lang='lat' dir='ltr'><strong>verum</strong></span> <span class='ocrx_word' id='word_1_830' title='bbox 2328 4842 2541 4899; x_wconf 83' lang='lat' dir='ltr'><strong>Patrem</strong></span> <span class='ocrx_word' id='word_1_831' title='bbox 2570 4843 2830 4908; x_wconf 86' lang='lat' dir='ltr'><strong>innatum,</strong></span> <span class='ocrx_word' id='word_1_832' title='bbox 2858 4853 2905 4898; x_wconf 91' lang='lat' dir='ltr'><strong>et</strong></span> <span class='ocrx_word' id='word_1_833' title='bbox 2930 4844 2984 4897; x_wconf 90' lang='lat' dir='ltr'><strong>in</strong></span> <span class='ocrx_word' id='word_1_834' title='bbox 3015 4843 3227 4898; x_wconf 88' lang='lat' dir='ltr'><strong>unicum</strong></span> <span class='ocrx_word' id='word_1_835' title='bbox 3255 4841 3453 4896; x_wconf 77' lang='lat' dir='ltr'><strong>Filium</strong></span> 
     </span>
    </p>
   </div>
   <div class='ocr_carea' id='block_1_106' title="bbox 1852 4933 3462 5008">
    <p class='ocr_par' dir='ltr' id='par_1_106' title="bbox 1852 4933 3462 5008">
     <span class='ocr_line' id='line_1_107' title="bbox 1852 4933 3462 5008; baseline -0.001 -19"><span class='ocrx_word' id='word_1_836' title='bbox 1852 4939 1964 5008; x_wconf 86' lang='lat' dir='ltr'><strong>ejus</strong></span> <span class='ocrx_word' id='word_1_837' title='bbox 1989 4945 2168 4990; x_wconf 89' lang='lat' dir='ltr'><strong>natum</strong></span> <span class='ocrx_word' id='word_1_838' title='bbox 2190 4952 2252 4991; x_wconf 79' lang='lat' dir='ltr'><strong>ea:</strong></span> <span class='ocrx_word' id='word_1_839' title='bbox 2278 4938 2458 4990; x_wconf 87' lang='lat' dir='ltr'><strong>innato</strong></span> <span class='ocrx_word' id='word_1_840' title='bbox 2486 4945 2532 4991; x_wconf 88' lang='lat' dir='ltr'><strong>et</strong></span> <span class='ocrx_word' id='word_1_841' title='bbox 2556 4951 2675 4990; x_wconf 92' lang='lat' dir='ltr'><strong>vero</strong></span> <span class='ocrx_word' id='word_1_842' title='bbox 2701 4933 2882 5001; x_wconf 83' lang='lat' dir='ltr'><strong>Patre,</strong></span> <span class='ocrx_word' id='word_1_843' title='bbox 2910 4935 3006 4989; x_wconf 92' lang='lat' dir='ltr'><strong>hoc</strong></span> <span class='ocrx_word' id='word_1_844' title='bbox 3031 4946 3106 4990; x_wconf 88' lang='lat' dir='ltr'><strong>est</strong></span> <span class='ocrx_word' id='word_1_845' title='bbox 3127 4934 3192 4991; x_wconf 90' lang='lat' dir='ltr'><strong>de</strong></span> <span class='ocrx_word' id='word_1_846' title='bbox 3217 4935 3462 4989; x_wconf 87' lang='lat' dir='ltr'><strong>substan-</strong></span> 
     </span>
    </p>
   </div>
   <div class='ocr_carea' id='block_1_107' title="bbox 1856 5026 3458 5096">
    <p class='ocr_par' dir='ltr' id='par_1_107' title="bbox 1856 5026 3458 5096">
     <span class='ocr_line' id='line_1_108' title="bbox 1856 5026 3458 5096; baseline 0.001 -15"><span class='ocrx_word' id='word_1_847' title='bbox 1856 5029 1928 5081; x_wconf 89' lang='lat' dir='ltr'><strong>tia</strong></span> <span class='ocrx_word' id='word_1_848' title='bbox 1958 5027 2158 5096; x_wconf 78' lang='lat' dir='ltr'><strong>Patris,</strong></span> <span class='ocrx_word' id='word_1_849' title='bbox 2194 5029 2356 5085; x_wconf 87' lang='lat' dir='ltr'><strong>Deum</strong></span> <span class='ocrx_word' id='word_1_850' title='bbox 2382 5026 2409 5066; x_wconf 74' lang='grc' dir='ltr'><strong><em>ἀ</em></strong></span> <span class='ocrx_word' id='word_1_851' title='bbox 2440 5029 2505 5084; x_wconf 86' lang='lat' dir='ltr'><strong>de</strong></span> <span class='ocrx_word' id='word_1_852' title='bbox 2541 5027 2675 5095; x_wconf 89' lang='lat' dir='ltr'><strong>Deo,</strong></span> <span class='ocrx_word' id='word_1_853' title='bbox 2713 5028 2890 5084; x_wconf 88' lang='lat' dir='ltr'><strong>lumen</strong></span> <span class='ocrx_word' id='word_1_854' title='bbox 2929 5029 2994 5083; x_wconf 84' lang='lat' dir='ltr'><strong>de</strong></span> <span class='ocrx_word' id='word_1_855' title='bbox 3035 5029 3248 5094; x_wconf 82' lang='lat' dir='ltr'><strong>lumine,</strong></span> <span class='ocrx_word' id='word_1_856' title='bbox 3292 5027 3458 5083; x_wconf 87' lang='lat' dir='ltr'><strong>Deunt</strong></span> 
     </span>
    </p>
   </div>
   <div class='ocr_carea' id='block_1_108' title="bbox 1855 5122 3462 5194">
    <p class='ocr_par' dir='ltr' id='par_1_108' title="bbox 1855 5122 3462 5194">
     <span class='ocr_line' id='line_1_109' title="bbox 1855 5122 3462 5194; baseline -0.001 -18"><span class='ocrx_word' id='word_1_857' title='bbox 1855 5139 2030 5177; x_wconf 86' lang='lat' dir='ltr'><strong>verum</strong></span> <span class='ocrx_word' id='word_1_858' title='bbox 2067 5123 2132 5178; x_wconf 90' lang='lat' dir='ltr'><strong>de</strong></span> <span class='ocrx_word' id='word_1_859' title='bbox 2171 5123 2283 5178; x_wconf 87' lang='lat' dir='ltr'><strong>Deo</strong></span> <span class='ocrx_word' id='word_1_860' title='bbox 2311 5139 2450 5190; x_wconf 90' lang='lat' dir='ltr'><strong>vero,</strong></span> <span class='ocrx_word' id='word_1_861' title='bbox 2482 5133 2661 5178; x_wconf 89' lang='lat' dir='ltr'><strong>natum</strong></span> <span class='ocrx_word' id='word_1_862' title='bbox 2700 5140 2802 5178; x_wconf 89' lang='lat' dir='ltr'><strong>non</strong></span> <span class='ocrx_word' id='word_1_863' title='bbox 2846 5126 3066 5194; x_wconf 87' lang='lat' dir='ltr'><strong>factum,</strong></span> <span class='ocrx_word' id='word_1_864' title='bbox 3096 5123 3252 5177; x_wconf 89' lang='lat' dir='ltr'><strong>unius</strong></span> <span class='ocrx_word' id='word_1_865' title='bbox 3284 5132 3306 5159; x_wconf 71' lang='grc' dir='ltr'>ε</span> <span class='ocrx_word' id='word_1_866' title='bbox 3338 5122 3462 5176; x_wconf 89' lang='lat' dir='ltr'><strong>sub-</strong></span> 
     </span>
    </p>
   </div>
   <div class='ocr_carea' id='block_1_109' title="bbox 1860 5214 3461 5285">
    <p class='ocr_par' dir='ltr' id='par_1_109' title="bbox 1860 5214 3461 5285">
     <span class='ocr_line' id='line_1_110' title="bbox 1860 5214 3461 5285; baseline 0.001 -17"><span class='ocrx_word' id='word_1_867' title='bbox 1860 5215 2066 5271; x_wconf 67' lang='lat' dir='ltr'><strong>stantiae</strong></span> <span class='ocrx_word' id='word_1_868' title='bbox 2104 5232 2222 5270; x_wconf 86' lang='lat' dir='ltr'><strong>cum</strong></span> <span class='ocrx_word' id='word_1_869' title='bbox 2258 5215 2438 5282; x_wconf 85' lang='lat' dir='ltr'><strong>Patre,</strong></span> <span class='ocrx_word' id='word_1_870' title='bbox 2471 5215 2611 5285; x_wconf 86' lang='lat' dir='ltr'><strong>quod</strong></span> <span class='ocrx_word' id='word_1_871' title='bbox 2640 5214 2810 5272; x_wconf 74' lang='grc' dir='ltr'><strong>σι’ωοί</strong></span> <span class='ocrx_word' id='word_1_872' title='bbox 2836 5215 3013 5271; x_wconf 82' lang='lat' dir='ltr'><strong>dicunt</strong></span> <span class='ocrx_word' id='word_1_873' title='bbox 3051 5214 3340 5281; x_wconf 88' lang='lat' dir='ltr'><strong>omousion,</strong></span> <span class='ocrx_word' id='word_1_874' title='bbox 3369 5230 3461 5284; x_wconf 82' lang='lat' dir='ltr'><strong>per</strong></span> 
     </span>
    </p>
   </div>
   <div class='ocr_carea' id='block_1_110' title="bbox 1939 5395 3466 5471">
    <p class='ocr_par' dir='ltr' id='par_1_110' title="bbox 1939 5395 3466 5471">
     <span class='ocr_line' id='line_1_111' title="bbox 1939 5395 3466 5471; baseline 0.001 -19"><span class='ocrx_word' id='word_1_875' title='bbox 1939 5407 1961 5436; x_wconf 72' lang='grc' dir='ltr'><strong>ε</strong></span> <span class='ocrx_word' id='word_1_876' title='bbox 1996 5397 2074 5471; x_wconf 80' lang='lat' dir='ltr'><strong>De</strong></span> <span class='ocrx_word' id='word_1_877' title='bbox 2100 5412 2328 5471; x_wconf 84' lang='lat' dir='ltr'><strong>numero</strong></span> <span class='ocrx_word' id='word_1_878' title='bbox 2351 5399 2768 5471; x_wconf 83' lang='lat' dir='ltr'><strong>Episcoporum,</strong></span> <span class='ocrx_word' id='word_1_879' title='bbox 2824 5395 2918 5471; x_wconf 90' lang='lat' dir='ltr'><strong>qui</strong></span> <span class='ocrx_word' id='word_1_880' title='bbox 2966 5397 3217 5456; x_wconf 85' lang='lat' dir='ltr'><strong>Concilio</strong></span> <span class='ocrx_word' id='word_1_881' title='bbox 3265 5398 3466 5471; x_wconf 68' lang='lat' dir='ltr'><strong>Medio-</strong></span> 
     </span>
    </p>
   </div>
   <div class='ocr_carea' id='block_1_111' title="bbox 1861 5468 3460 5594">
    <p class='ocr_par' dir='ltr' id='par_1_111' title="bbox 1861 5468 3460 5594">
     <span class='ocr_line' id='line_1_112' title="bbox 1861 5468 3460 5594; baseline 0.003 -72"><span class='ocrx_word' id='word_1_882' title='bbox 1861 5468 2077 5594; x_wconf 68' lang='lat' dir='ltr'><strong>lapensi</strong></span> <span class='ocrx_word' id='word_1_883' title='bbox 2105 5468 2491 5538; x_wconf 83' lang='lat' dir='ltr'><strong>interfuerunt,</strong></span> <span class='ocrx_word' id='word_1_884' title='bbox 2545 5468 2668 5526; x_wconf 75' lang='lat' dir='ltr'><strong>vide</strong></span> <span class='ocrx_word' id='word_1_885' title='bbox 2708 5470 2821 5541; x_wconf 81' lang='lat' dir='ltr'><strong>jam</strong></span> <span class='ocrx_word' id='word_1_886' title='bbox 2845 5468 3016 5527; x_wconf 82' lang='lat' dir='ltr'><strong>dicta</strong></span> <span class='ocrx_word' id='word_1_887' title='bbox 3045 5471 3099 5526; x_wconf 92' lang='lat' dir='ltr'><strong>in</strong></span> <span class='ocrx_word' id='word_1_888' title='bbox 3127 5472 3234 5526; x_wconf 81' lang='lat' dir='ltr'><strong>vita</strong></span> <span class='ocrx_word' id='word_1_889' title='bbox 3263 5470 3323 5526; x_wconf 90' lang='lat' dir='ltr'><strong>S.</strong></span> <span class='ocrx_word' id='word_1_890' title='bbox 3354 5470 3460 5526; x_wconf 84' lang='lat' dir='ltr'><strong>Lu-</strong></span> 
     </span>
     <span class='ocr_line' id='line_1_113' title="bbox 1862 5556 2037 5594; baseline -0.006 0"><span class='ocrx_word' id='word_1_891' title='bbox 1862 5556 1908 5594; x_wconf 83' lang='lat' dir='ltr'><strong>Cl</strong></span> <span class='ocrx_word' id='word_1_892' title='bbox 1934 5557 2037 5594; x_wconf 69' lang='lat' dir='ltr'><strong>BH.</strong></span> 
     </span>
    </p>
   </div>
   <div class='ocr_carea' id='block_1_112' title="bbox 1862 5556 2037 5595">
    <p class='ocr_par' dir='ltr' id='par_1_112' title="bbox 1862 5556 2037 5595">
     <span class='ocr_line' id='line_1_114' title="bbox 1862 5556 2037 5595; baseline 0 0"><span class='ocrx_word' id='word_1_893' title='bbox 1862 5556 2037 5595; x_wconf 70' lang='lat' dir='ltr'><strong>Cllel&#39;l.</strong></span> 
     </span>
    </p>
   </div>
   <div class='ocr_carea' id='block_1_113' title="bbox 1934 5609 3464 5685">
    <p class='ocr_par' dir='ltr' id='par_1_113' title="bbox 1934 5609 3464 5685">
     <span class='ocr_line' id='line_1_115' title="bbox 1934 5609 3464 5685; baseline 0.001 -19"><span class='ocrx_word' id='word_1_894' title='bbox 1934 5609 1960 5648; x_wconf 75' lang='grc' dir='ltr'><em>ά</em></span> <span class='ocrx_word' id='word_1_895' title='bbox 1995 5612 2088 5667; x_wconf 68' lang='lat' dir='ltr'><strong>lite</strong></span> <span class='ocrx_word' id='word_1_896' title='bbox 2117 5612 2360 5669; x_wconf 70' lang='lat' dir='ltr'><strong>formula:</strong></span> <span class='ocrx_word' id='word_1_897' title='bbox 2388 5611 2673 5667; x_wconf 81' lang='lat' dir='ltr'><strong>catholica:</strong></span> <span class='ocrx_word' id='word_1_898' title='bbox 2702 5609 2825 5668; x_wconf 85' lang='lat' dir='ltr'><strong>lldei</strong></span> <span class='ocrx_word' id='word_1_899' title='bbox 2857 5629 2925 5669; x_wconf 81' lang='lat' dir='ltr'><strong>ex</strong></span> <span class='ocrx_word' id='word_1_900' title='bbox 2956 5612 3206 5685; x_wconf 88' lang='lat' dir='ltr'><strong>symbolo</strong></span> <span class='ocrx_word' id='word_1_901' title='bbox 3237 5610 3464 5668; x_wconf 59' lang='lat' dir='ltr'><strong>Nicano</strong></span> 
     </span>
    </p>
   </div>
   <div class='ocr_carea' id='block_1_114' title="bbox 1863 5683 2881 5756">
    <p class='ocr_par' dir='ltr' id='par_1_114' title="bbox 1863 5683 2881 5756">
     <span class='ocr_line' id='line_1_116' title="bbox 1863 5683 2881 5756; baseline 0 -17"><span class='ocrx_word' id='word_1_902' title='bbox 1863 5683 2166 5756; x_wconf 78' lang='lat' dir='ltr'><strong>deSnmpta:</strong></span> <span class='ocrx_word' id='word_1_903' title='bbox 2189 5697 2356 5746; x_wconf 84' lang='lat' dir='ltr'><strong>usque</strong></span> <span class='ocrx_word' id='word_1_904' title='bbox 2384 5685 2577 5756; x_wconf 68' lang='lat' dir='ltr'><strong>omnia</strong></span> <span class='ocrx_word' id='word_1_905' title='bbox 2588 5686 2725 5750; x_wconf 88' lang='lat' dir='ltr'><strong>facta</strong></span> <span class='ocrx_word' id='word_1_906' title='bbox 2745 5696 2881 5739; x_wconf 86' lang='lat' dir='ltr'><strong>sunt.</strong></span> 
     </span>
    </p>
   </div>
   <div class='ocr_carea' id='block_1_115' title="bbox 1940 5754 3466 5830">
    <p class='ocr_par' dir='ltr' id='par_1_115' title="bbox 1940 5754 3466 5830">
     <span class='ocr_line' id='line_1_117' title="bbox 1940 5754 3466 5830; baseline 0.001 -20"><span class='ocrx_word' id='word_1_907' title='bbox 1940 5763 1964 5792; x_wconf 86' lang='lat'><strong><em>°</em></strong></span> <span class='ocrx_word' id='word_1_908' title='bbox 1997 5754 2125 5830; x_wconf 57' lang='lat' dir='ltr'><strong>Sive</strong></span> <span class='ocrx_word' id='word_1_909' title='bbox 2147 5757 2374 5830; x_wconf 79' lang='lat' dir='ltr'><strong>ejusdem</strong></span> <span class='ocrx_word' id='word_1_910' title='bbox 2395 5771 2517 5830; x_wconf 85' lang='lat' dir='ltr'><strong>cum</strong></span> <span class='ocrx_word' id='word_1_911' title='bbox 2541 5754 2711 5830; x_wconf 71' lang='lat' dir='ltr'><strong>f’atre</strong></span> <span class='ocrx_word' id='word_1_912' title='bbox 2725 5754 3226 5830; x_wconf 77' lang='lat' dir='ltr'><strong>substantice_,_quo_d</strong></span> <span class='ocrx_word' id='word_1_913' title='bbox 3248 5755 3466 5827; x_wconf 84' lang='lat' dir='ltr'><strong>proprie</strong></span> 
     </span>
    </p>
   </div>
   <div class='ocr_carea' id='block_1_116' title="bbox 1866 5827 3466 5899">
    <p class='ocr_par' dir='ltr' id='par_1_116' title="bbox 1866 5827 3466 5899">
     <span class='ocr_line' id='line_1_118' title="bbox 1866 5827 3466 5899; baseline 0.001 -17"><span class='ocrx_word' id='word_1_914' title='bbox 1866 5837 2026 5899; x_wconf 84' lang='lat' dir='ltr'><strong>sonat</strong></span> <span class='ocrx_word' id='word_1_915' title='bbox 2052 5827 2301 5899; x_wconf 66' lang='lat' dir='ltr'><strong>Graecum</strong></span> <span class='ocrx_word' id='word_1_916' title='bbox 2340 5827 2665 5884; x_wconf 85' lang='lat' dir='ltr'><strong>vocabulum</strong></span> <span class='ocrx_word' id='word_1_917' title='bbox 2693 5828 2987 5899; x_wconf 80' lang='grc' dir='ltr'><strong>ὁμοούσιος.</strong></span> <span class='ocrx_word' id='word_1_918' title='bbox 3025 5827 3146 5884; x_wconf 84' lang='lat' dir='ltr'><strong>Vid.</strong></span> <span class='ocrx_word' id='word_1_919' title='bbox 3183 5828 3466 5884; x_wconf 85' lang='lat' dir='ltr'><strong>Petavtum</strong></span> 
     </span>
    </p>
   </div>
   <div class='ocr_carea' id='block_1_117' title="bbox 1866 5898 2572 5969">
    <p class='ocr_par' dir='ltr' id='par_1_117' title="bbox 1866 5898 2572 5969">
     <span class='ocr_line' id='line_1_119' title="bbox 1866 5898 2572 5969; baseline -0.003 -15"><span class='ocrx_word' id='word_1_920' title='bbox 1866 5899 1961 5955; x_wconf 92' lang='lat' dir='ltr'><strong>lib.</strong></span> <span class='ocrx_word' id='word_1_921' title='bbox 1992 5898 2027 5952; x_wconf 76' lang='grc'><strong>4</strong></span> <span class='ocrx_word' id='word_1_922' title='bbox 2049 5901 2119 5956; x_wconf 87' lang='lat' dir='ltr'><strong>de</strong></span> <span class='ocrx_word' id='word_1_923' title='bbox 2140 5898 2335 5955; x_wconf 86' lang='lat' dir='ltr'><strong>Trinit.</strong></span> <span class='ocrx_word' id='word_1_924' title='bbox 2363 5912 2485 5969; x_wconf 81' lang='lat' dir='ltr'><strong>cap.</strong></span> <span class='ocrx_word' id='word_1_925' title='bbox 2518 5900 2572 5956; x_wconf 84' lang='lat'><strong>5.</strong></span> 
     </span>
    </p>
   </div>
  </div>
