4582 6400
786 377 891 430 899

1891 372 2215 431 LUCIFERI
2262 372 2564 432 EPISCOPI
2610 373 3037 434 CALAlllTANl

4014 385 4115 441 (Ott

776 516 926 571 queui
959 498 1132 552 omnia
1164 503 1304 568 facta
1335 506 1473 561 sunt,
1504 506 1548 548 et
1580 497 1688 550 sine
1711 511 1809 562 quo
1839 499 2033 565 factum
2065 506 2139 550 est
2164 494 2316 558 nihil,
2344 506 2387 548 et
2419 505 2465 568 Α
2496 493 2634 548 tione
2666 493 2830 562 (Ibid.
2866 495 2977 567 tl'l).
3012 494 3090 550 Tu
3119 507 3302 551 autem
3335 513 3456 554 esse
3494 513 3558 554 ex
3600 499 3707 554 illis
3745 501 3873 555 hinc
3912 500 4116 556 intelli-

779 593 831 646 in
863 593 1121 661 Spiritum
1150 591 1466 662 pararletum
1495 607 1669 643 verum
1701 589 1791 643 Dei
1817 588 2096 659 Spiritum.
2123 589 2242 644 Tibi
2270 605 2400 659 ergo

779 685 915 738 lalsu
950 686 1100 749 testi,
1131 682 1363 754 spiritali
1392 681 1666 746 adultero,
1699 681 1989 736 homicida:
2023 683 2292 751 sacrilego
2323 682 2403 734 di-

777 793 882 848 gne
929 779 1179 844 graviora
1235 777 1512 838 dicentur,
1551 776 1713 845 digne
1756 775 1848 846 qtti
1895 776 2056 829 lautis
2097 791 2159 830 ac
2200 775 2402 830 talibus

776 870 1105 926 criminibus
1135 869 1308 940 maior
1335 871 1408 922 sis
1434 870 1538 922 illis
1566 867 2401 940 pseudopresbyterieSusanna:

776 960 1033 1021 inimicis.
1070 964 1127 1021 Si
1171 965 1318 1020 enim
1370 965 1474 1018 illis
1508 963 1714 1019 dicitur
1755 963 2148 1018 mentientibus
2194 980 2205 1016 :
2247 961 2402 1016 Recte

776 1063 1016 1115 mentitus
1045 1078 1097 1115 es
1125 1062 1179 1115 in
1207 1072 1359 1130 caput
1391 1073 1558 1112 tuum.
1607 1057 1730 1112 .Iam
1767 1058 1955 1112 etenim
1987 1064 2012 1093 ⁸
2045 1058 2260 1130 angelus
2293 1055 2401 1135 Do—

775 1155 902 1208 mini
946 1155 1204 1223 accipiens
1255 1163 1571 1226 prtvceptum
1603 1171 1632 1205 a
1678 1152 1783 1207 Deo
1825 1151 2019 1206 secabit
2052 1163 2100 1206 te
2131 1151 2399 1218 medium;

774 1245 940 1320 (Ibid.
1141 1246 1244 1312 Et,
1286 1246 1444 1301 Recte
1491 1247 1737 1298 mentitus
1769 1262 1821 1299 es
1853 1243 1878 1282 δ
1928 1245 1980 1298 in
2027 1255 2183 1311 caput
2231 1254 2394 1298 tuum.

774 1340 997 1396 Muneris
1035 1350 1109 1394 est
1151 1343 1368 1413 angelus
1402 1338 1494 1394 Dei
1531 1339 1768 1409 gladium
1797 1340 1988 1393 habens
2021 1339 2088 1392 ad
2118 1337 2398 1393 secandum

772 1443 818 1488 te
850 1433 1077 1486 medium
1106 1476 1118 1498 ,
1153 1443 1206 1485 ut
1238 1451 1323 1486 vos
1357 1431 1544 1502 perdat
1589 1429 1758 1504 (Ibid.
1804 1431 1920 1504 59).
1957 1432 2174 1500 Quanto
2205 1431 2396 1500 magis,

771 1529 874 1582 nisi
928 1529 1024 1583 tibi
1074 1529 1449 1598 proSpexeris,
1499 1529 1565 1583 ad
1618 1540 1668 1584 te
1718 1529 1844 1583 talia
1879 1529 2167 1582 dicentur!
2200 1526 2336 1582 Num
2376 1537 2395 1564 ε

769 1622 879 1675 scis
911 1636 1035 1676 esse
1068 1621 1337 1690 scriptum
1373 1637 1385 1672 :
1420 1621 1568 1674 Beati
1615 1622 1702 1689 qui
1734 1622 1956 1673 audiunt
1989 1620 2196 1673 verbum
2229 1618 2321 1672 Dei
2353 1629 2399 1672 et

769 1719 1065 1771 custodiunt
1101 1717 1234 1770 illud
1265 1712 1290 1752 ἀ
1313 1715 1466 1786 (Luc.
1488 1732 1560 1782 ιι,
1582 1715 1702 1786 '28)?
1731 1717 2008 1770 exciderat
2035 1713 2191 1768 cordi
2215 1714 2289 1767 illi
2309 1725 2400 1767 tuo

769 1827 1022 1869 errorum
1055 1812 1235 1868 \‘iucm
1270 1811 1516 1868 tenebris
1539 1853 1553 1877 ,
1595 1825 1650 1864 ιιι
1679 1811 1906 1880 iuberes
1950 1810 2202 1865 damnari
2246 1811 2403 1864 inno-

2503 589 2672 660 geris,
2705 589 2850 659 quod
2893 606 3015 644 cum
3048 590 3126 646 sis
3160 595 3456 648 memorias
3481 605 3780 665 martyrum
3831 596 4117 652 beatorum

2506 682 2842 747 instaurans,
2877 695 3056 738 tamen
3089 699 3373 740 servorum
3408 687 3554 742 unici
3587 685 3712 742 Filii
3742 687 3838 743 Dei
3868 703 4124 745 cruorem

2507 772 2727 828 fundas.
2766 775 2922 838 Redi,
2956 776 3274 846 Constanti,
3305 778 3372 833 ad
3407 779 3628 835 domum
3663 779 3780 846 Dei,
3813 793 3936 836 esro
3958 780 4124 836 Chri-

2503 867 2747 934 stianus,
2784 883 2848 923 ne
2883 868 3138 926 inventus
3183 871 3312 925 loris
3354 871 3669 938 ecclesiam,
3698 875 3774 928 sis
3813 889 4037 944 semper
4069 882 4129 929 ut

2506 977 2565 1016 es
2599 962 2761 1020 hodie
2794 966 2935 1019 inter
2967 965 3116 1030 illos,
3142 983 3284 1037 quos
3313 969 3630 1036 percutiens
3657 968 3787 1024 dicit
3817 969 4123 1025 Dominus:

2507 1056 2820 1112 Couteudite
2867 1059 3064 1112 intrare
3113 1077 3204 1131 per
3253 1070 3531 1133 angustum
3576 1065 3798 1129 ostium,
3843 1065 3963 1132 quia
4010 1065 4128 1118 dico

2506 1152 2667 1214 vobis,
2704 1153 2856 1206 multi
2897 1164 3139 1221 quierunt
3173 1152 3192 1190 ιε
3231 1166 3280 1210 et
3319 1172 3419 1208 non
3464 1167 3728 1224 poterunt.
3773 1157 3904 1212 Cum
3937 1175 4126 1213 exsur-

2505 1246 2695 1299 rexerit
2725 1256 2871 1316 pater
2899 1249 3131 1317 familias
3171 1259 3216 1302 et
3255 1249 3467 1303 cluserit
3502 1248 3516 1286 ι
3553 1253 3762 1316 Ostium,
3791 1265 3836 1306 et
3867 1254 4128 1324 inripietis

2507 1340 2633 1411 foris
2672 1350 2810 1394 stare
2852 1351 2898 1394 et
2943 1341 3155 1412 pulsare
3191 1352 3228 1378 '"
3262 1343 3488 1398 dicentes
3530 1361 3548 1398 .'
3588 1342 3832 1410 Domine,
3881 1346 4126 1410 Domine,

2505 1434 2652 1502 aperi
2693 1434 2860 1488 nobis.
2911 1431 2978 1486 Et
3023 1435 3338 1505 respondens
3384 1437 3516 1490 dicet
3557 1453 3574 1491 :
3618 1437 3815 1493 Nescio
3856 1455 3944 1492 eos
3992 1438 4131 1492 unde

2504 1531 2636 1582 sitis.
2673 1529 2819 1583 Tunc
2851 1531 3107 1603 incipiatis
3137 1533 3308 1588 dicere
3333 1549 3350 1586 :
3389 1532 3830 1588 Mauducat'imus
3874 1552 4049 1590 coram
4084 1549 4131 1592 te

2506 1635 2552 1678 et
2597 1626 2840 1688 bibimus,
2882 1638 2929 1680 et
2976 1627 3028 1680 in
3068 1627 3254 1698 plateis
3299 1628 3492 1682 nostris
3539 1627 3762 1684 docuisti
3800 1639 3849 1681 η.
3884 1627 3950 1682 Et
3996 1630 4134 1682 dicet

2508 1718 2646 1772 rubis
2674 1735 2690 1771 :
2725 1717 2916 1771 Nescio
2948 1728 2970 1749 ιτ
3006 1719 3145 1774 unde
3174 1721 3316 1786 estis,
3347 1719 3598 1775 discedite
3622 1738 3769 1783 ante,
3801 1737 3976 1776 omnes
4005 1735 4131 1788 ope-

2507 1813 2636 1865 rarii
2663 1813 2970 1880 iniquitatis.
2999 1810 3082 1866 Ibi
3109 1815 3206 1867 erit
3233 1814 3386 1882 ﬂetus
3425 1823 3469 1867 et
3497 1812 3691 1866 stridor
3716 1813 3971 1867 dentium.
3997 1810 4132 1865 Cum

768 1918 983 1961 centeni
1016 1925 1028 1960 :
1057 1907 1156 1960 nisi
1191 1906 1350 1961 fallor
1382 1908 1589 1960 etenim
1612 1907 1759 1960 ottttti
1794 1907 1844 1958 in
1879 1905 1999 1960 loco
2020 1906 2109 1960 lex
2142 1919 2295 1958 sacra
2319 1906 2398 1957 in-
2433 1901 2474 1958 Β
2506 1905 2742 1958 videbitis
2773 1916 2798 1953 ι)
2822 1906 3106 1972 Abraham,
3138 1904 3315 1967 Isaac,
3341 1918 3387 1959 et
3409 1903 3598 1968 Iacob,
3627 1918 3670 1960 et
3699 1923 3873 1960 omnes
3903 1903 4133 1977 prophe-

771 2012 1060 2056 noccntcut
1088 2013 1140 2055 ct
1163 2001 1368 2072 justum
1400 2017 1505 2054 non
1532 1999 2019 2056 eundemuandum
2051 2000 2395 2069 loquitur;ct

772 2094 979 2150 idcirco
1008 2096 1130 2165 quit
1183 2097 1298 2150 ll'l‘C
1330 2097 1448 2148 tieri
1484 2105 1676 2148 contra
1725 2093 1820 2147 Dei
1850 2093 2119 2146 mandasti
2152 2107 2394 2160 pracep-

773 2196 908 2250 tum,
948 2204 1114 2243 uuttm
1155 2199 1205 2242 te
1247 2189 1514 2243 habemus
1544 2203 1608 2242 ex
1652 2187 1782 2248 illis,
1811 2201 1950 2254 quos
1979 2186 2238 2239 Dominus
2273 2199 2393 2253 pcr-

768 2286 898 2339 cutit
942 2284 994 2338 in
1024 2285 1314 2352 evangelio
1354 2301 1365 2335 ε
1407 2282 1498 2336 Vte
1540 2282 1702 2344 vobis,
1738 2279 1938 2335 Scriba:
1967 2289 2014 2334 et
2054 2277 2307 2332 Pharisa'i
2344 2287 2390 2344 ο,

769 2379 892 2448 quia
925 2391 1254 2431 monumenta
1286 2377 1404 2429 estis
1438 2391 1552 2443 qua:
1582 2391 1684 2428 non
1716 2383 1922 2442 parent,
1973 2384 2016 2426 et
2046 2371 2278 2426 homines
2307 2388 2392 2424 nec

770 2470 936 2521 sciuit!
961 2468 1286 2521 ambulantes
1313 2485 1468 2538 super
1490 2483 1550 2520 ea
1575 2463 1742 2537 (Ibid.
1768 2467 1885 2535 lib).
1913 2465 2242 2520 Nesciebant
2274 2465 2393 2533 qni-

769 2561 894 2617 dem
938 2561 1038 2624 illi,
1067 2578 1204 2630 «plus
1237 2561 1304 2614 ad
1340 2571 1387 2614 te
1432 2559 1766 2627 sacrilegum
1807 2557 2027 2612 illexisti
2072 2558 2386 2622 amandum,

769 2656 862 2725 qui
911 2669 1009 2723 per
1054 2663 1287 2707 conatus
1330 2663 1454 2706 tttos
1498 2669 1605 2705 non
1651 2652 2136 2706 considet-averant
2177 2660 2229 2706 te
2271 2665 2392 2706 esse

771 2759 1192 2804 monumentum
1239 2747 1494 2801 omnibus
1538 2744 1901 2800 immunditiis
1947 2745 2198 2814 plenum;
2246 2746 2391 2798 arbi-

771 2841 1059 2896 trahantur
1091 2841 1396 2894 hominem.
1431 2839 1703 2894 CJEICI'UIN
1738 2840 2059 2903 nusstatim,
2093 2850 2148 2893 ut
2178 2840 2391 2907 mansti

770 2935 1046 3003 episcopis
1095 2935 1377 3005 imponere
1424 2935 1814 2988 necessitatem
1859 2930 2150 2985 damnandi
2196 2931 2394 2985 absen-

769 3033 899 3082 tem.
939 3027 1083 3078 illicn
1126 3025 1367 3079 diximus
1411 3034 1463 3080 te
1509 3025 1792 3094 iniustitia:
1832 3025 2121 3088 cultorem,
2163 3023 2390 3092 juSIitite

771 3134 902 3176 vero
929 3135 1052 3174 esse
1081 3131 1525 3187 persecutorem.
1560 3119 1690 3172 ltetn
1717 3134 1840 3173 cum
1877 3130 1928 3173 te
1962 3131 2285 3187 ttrgcrcntus
2318 3117 2392 3168 le-

769 3212 881 3283 gati
916 3211 933 3249 ί
970 3227 1068 3266 nos
1103 3213 1276 3266 beata:
1309 3213 1582 3277 ecclesia},
1613 3223 1819 3266 sectam
1855 3208 2223 3264 damnandam
2252 3207 2388 3272 Arii,

2501 2009 2579 2052 tas
2609 2000 2928 2054 introeuntes
2953 2000 3006 2053 in
3033 2017 3251 2070 riguum
3290 1997 3411 2064 Dei,
3454 2015 3540 2053 vos
3563 2010 3735 2053 autem
3766 2001 3960 2071 expelli
3987 1999 4131 2069 {oras

2499 2090 2665 2163 (Ibid.
2697 2107 2817 2158 xm,
2843 2092 2957 2160 2i).
2993 2091 3116 2146 Noli
3150 2092 3221 2147 ita
3266 2100 3318 2146 te
3363 2108 3618 2162 pensum
3659 2093 3863 2148 habere
3897 2132 3912 2158 ,
3970 2104 4028 2147 ut
4082 2104 4131 2146 Ic

2497 2185 2649 2238 sinas
2686 2185 2799 2239 lucc
2833 2185 3023 2239 audire
3059 2186 3201 2240 inter
3231 2185 3379 2249 illos,
3429 2189 3666 2241 maxime
3697 2202 3818 2240 cunt
3853 2186 4044 2242 videas
4079 2197 4129 2239 te

2497 2279 2817 2347 nequiorem
2850 2278 3016 2333 luisse
3045 2296 3209 2348 quant
3238 2280 3322 2333 cui
3358 2278 3521 2348 digne
3553 2279 3803 2335 dicatur:
3833 2279 3972 2332 Disc.
3993 2279 4058 2332 de
4100 2299 4130 2330 u

2498 2385 2598 2436 me,
2636 2372 2905 2439 operarius
2954 2372 3266 2440 iniquitatis.
3324 2369 3473 2434 Eris,
3501 2371 3815 2436 Cuttsmnti,
3861 2372 3906 2425 si
3939 2370 3994 2426 in
4029 2374 4130 2424 hac

2500 2462 2888 2517 malevolentia
2941 2473 3027 2516 tua
3067 2480 3293 2518 manere
3351 2464 3615 2526 Volueris,
3669 2464 3813 2519 inter
3847 2465 4000 2518 illurn
4038 2479 4134 2534 po-

2498 2560 2683 2630 pulunt
2704 2559 3010 2623 carnalem,
3046 2559 3132 2614 cui
3161 2558 3361 2614 dicitur
3395 2577 3406 2612 :
3441 2557 3774 2624 Jerusalem,
3805 2558 4130 2624 Jerusalem,

2496 2668 2611 2722 qua:
2639 2652 2832 2706 occidis
2862 2652 3166 2722 prophetas,
3191 2662 3238 2705 et
3263 2652 3472 2720 lepidas
3497 2669 3580 2706 cos
3614 2653 3698 2722 qui
3731 2653 4013 2707 mittuntur
4057 2655 4127 2706 ad

2500 2754 2548 2797 te
2578 2742 2746 2815 (Ibid.
2779 2743 2914 2814 5t);
2949 2758 3082 2810 eris,
3117 2745 3364 2812 inquam,
3389 2744 3532 2799 inter
3560 2743 3708 2809 illos,
3742 2745 3870 2814 quia
3919 2746 3997 2798 sic
4053 2746 4131 2800 sis

2500 2847 2824 2906 persecutor
2903 2850 3095 2890 eorum
3135 2881 3148 2900 ,
3203 2838 3293 2906 qui
3355 2846 3408 2889 te
3478 2836 3770 2891 hortentur
3817 2838 4127 2906 promereri

2501 2931 2692 2993 Deum,
2738 2933 2879 2985 sicut
2909 2930 2982 2984 illi
3029 2930 3232 2984 fuerint
3286 2931 3559 3000 persecuti
3616 2930 3916 3000 prophetas
3963 2940 4128 3001 atque

2496 3025 2798 3094 aposmlos.
2837 3024 3035 3079 lterum
3078 3035 3232 3093 urget
3277 3023 3526 3079 defensio
3582 3025 3836 3079 veritatis
3870 3024 4048 3094 qumri
4098 3042 4130 3079 a

2501 3128 2576 3184 te,
2608 3135 2706 3174 cur
2736 3120 3025 3174 absentem
3059 3118 3311 3172 damnari
3360 3119 3715 3189 przcceperis.
3757 3119 3870 3184 Dic,
3914 3134 4128 3189 qltISo,

2499 3211 2641 3268 bene
2681 3227 2748 3266 an
2791 3213 2932 3266 male
2974 3212 3024 3266 id
3059 3213 3170 3267 licri
3203 3212 3548 3283 imperaris?
3578 3211 3638 3268 Si
3688 3212 3898 3267 dixeris
3957 3213 4125 3279 bene,

769 3313 825 3360 et
855 3305 1004 3359 illam
1038 3306 1209 3372 magis
1241 3303 1427 3357 dixisti
1459 3318 1582 3357 esse
1611 3302 1962 3366 Catholicam,
1998 3300 2388 3370 prgennntiavi-
2417 3301 2462 3363 C
2497 3308 2663 3360 credo
2698 3319 2748 3360 lc
2799 3305 2868 3359 ad
2900 3306 3042 3359 beati
3107 3305 3258 3359 Pauli
3314 3305 3612 3375 confugere
3673 3306 3873 3360 factum
3903 3347 3918 3371 ,
3975 3307 4128 3376 quod

769 3415 891 3455 ntus
917 3409 966 3452 te
994 3399 1317 3453 Antichristi
1344 3397 1512 3452 fttisse
1536 3412 1957 3470 praecursorem.
1978 3396 2110 3450 Cum
2137 3395 2386 3466 persequi

769 3491 1113 3547 Chriszianos
1135 3491 1399 3561 dignaris,
1424 3506 1548 3544 cum
1578 3488 1862 3552 interﬁcis,
1888 3487 2122 3542 similem
2150 3497 2222 3550 te,
2247 3484 2391 3539 Cun-

773 3590 965 3652 stanti,
1005 3588 1222 3640 illorum
1262 3588 1428 3651 lacis,
1472 3585 1538 3638 ad
1583 3601 1721 3654 quos
1766 3583 2025 3638 Dominus
2063 3583 2195 3636 dicit
2238 3598 2250 3633 :
2304 3577 2391 3632 Va:

772 3679 914 3734 t'obis
957 3681 1043 3749 qui
1091 3679 1366 3748 a'diﬁcatis
1410 3692 1745 3732 monumento
1783 3676 2176 3745 prophetarum,
2219 3683 2391 3744 patres

771 3783 946 3826 autem
983 3773 1134 3825 restri
1164 3771 1466 3825 occiderunt
1496 3770 1634 3823 illos.
1671 3769 1810 3842 Ergo
1838 3779 1860 3816 8
1895 3769 2245 3822 testimonium
2273 3783 2392 3836 per-

773 3865 977 3929 hibetis,
1012 3882 1116 3918 non
1145 3863 1167 3899 ιι
1192 3865 1567 3918 consentientes
1602 3864 2388 3933 operibuspatrumrestrorum,

776 3957 1025 4028 quoniam
1065 3957 1145 4009 illi
1177 3956 1190 3994 ί
1231 3956 1442 4026 quidem
1475 3957 1778 4010 occiderunt
1804 3971 1915 4020 eos,
1944 3972 2031 4008 ros
2058 3964 2231 4007 autem
2261 3954 2383 4008 (ιἰιὶ-

772 4049 969 4118 Iicastis
998 4051 1237 4121 sepulcra
1259 4066 1434 4103 eorum
1460 4067 1476 4103 :
1509 4049 1626 4103 ideo
1661 4050 1673 4098 ἱ
1715 4050 1862 4103 mitto
1893 4047 2172 4118 prophetas
2198 4057 2244 4102 et
2267 4063 2393 4118 apo-

771 4146 956 4207 stolos,
980 4154 1026 4196 et
1054 4159 1118 4197 ex
1141 4145 1248 4196 illis
1274 4143 1513 4196 occident
1537 4154 1582 4195 et
1606 4150 1998 4213 persequentur,
2028 4153 2080 4194 ut
2101 4141 2396 4210 inquiratur

771 4238 988 4309 sanguis
1021 4235 1186 4289 omnis
1213 4235 1607 4307 prophetarum,
1639 4234 1938 4303 quie/Tu-sus
1967 4246 2039 4288 cst
2072 4252 2101 4288 a
2132 4237 2389 4288 constitu-

775 4330 914 4386 tione
943 4330 1124 4384 nmudi
1154 4348 1314 4399 usque
1342 4329 1409 4382 ad
1440 4331 1828 4402 generationem
1859 4336 2009 4383 istaut
2033 4347 2050 4384 :
2078 4347 2110 4383 a
2139 4330 2391 4399 sanguine

776 4423 903 4480 Abel
931 4441 1088 4494 usque
1113 4425 1183 4478 ad
1209 4426 1513 4497 sanguinem
1543 4423 1833 4490 Zacharite,
1861 4425 1949 4490 qui
1979 4424 2130 4494 periit
2159 4426 2291 4478 inter
2313 4423 2394 4477 al—

775 4529 884 4574 tare
911 4529 957 4572 et
982 4521 1145 4573 cedent
1170 4536 1187 4572 :
1211 4520 1283 4572 ita
1304 4518 1425 4572 dico
1459 4519 1617 4583 vobis,
1645 4520 1938 4589 requiretttr
1968 4519 2031 4573 ab
2054 4517 2152 4573 hac
2176 4536 2392 4592 genera-

851 4672 872 4696 "
903 4662 1077 4729 Supra
1111 4659 1255 4715 idem
1285 4658 1502 4714 Lucifer
1532 4659 1688 4711 enim.

849 4731 874 4769 δ
908 4728 1059 4786 Ettu
1091 4733 1420 4799 additsnpra
1455 4730 1596 4785 idem
1630 4728 1865 4794 Lucifer,
1895 4730 1983 4784 ubi
2007 4740 2175 4785 manet
2198 4730 2386 4784 etenim

775 4803 938 4861 etiam
975 4805 1157 4866 habet,
1186 4817 1281 4871 pro
1305 4819 1516 4858 manens
1539 4813 1634 4856 est.

854 4889 871 4912 ε’
907 4874 1051 4932 Non.
1087 4874 1267 4929 Latin.
1305 4875 1506 4928 Locum
1538 4873 1912 4928 relormarunt
1973 4873 2382 4944 Lugdunenses,

778 4946 909 5002 Cum
939 4954 1040 5004 seis
1061 4961 1196 5011 etc.,
1225 4947 1398 5017 inquit
1421 4945 1750 5011 Galandius;
1779 4947 1874 5002 sed
1909 4958 2056 5000 reete
2087 4955 2193 5000 stat
2221 4948 2389 5002 inter-

778 5024 990 5072 rogatio
1024 5018 1187 5072 Num.

845 5036 925 5074 ea!
939 5037 990 5072 I0
1024 5035 1068 5074 Π
1082 5038 1187 5072 um.

777 5035 990 5088 rogatio
1024 5035 1187 5074 Huni.

853 5092 876 5128 ιλ
904 5090 1050 5145 Illud
1081 5090 1283 5145 Otltillll
1315 5090 1469 5144 Vers.
1504 5089 1629 5146 Ant.

851 5175 874 5199 ο
908 5163 1062 5218 Vers.
1100 5167 1224 5218 Aut.
1263 5161 1355 5216 Va:
1385 5161 1521 5215 robis
1547 5163 1862 5232 quoniam...
1897 5163 2167 5218 incerta...
2199 5163 2383 5216 auibu-

774 5237 938 5290 lautes
966 5253 1143 5300 supra.

855 5306 1130 5361 ‘l’ra'luit
1187 5307 1405 5360 Lucifer
1457 5305 1849 5378 Mediulauensi
1905 5305 2126 5378 Synodo
2179 5305 2385 5374 legatus

774 5379 975 5434 Liberii
1010 5395 1132 5433 cum
1167 5378 1464 5433 Pancratio
1492 5388 1544 5432 et
1576 5379 1785 5432 Hilario
1822 5377 2080 5432 Romana:
2125 5378 2384 5433 Ecclesia:

773 5452 1020 5506 ClcttCtS.

849 5535 870 5570 ε
907 5525 1062 5577 V'c-rs.
1096 5525 1222 5577 Ant.
1260 5521 1513 5587 Profecto
1538 5523 1886 5591 testi/icamiui
1911 5521 2221 5575 consentire.

847 5594 868 5629 ιλ
911 5595 1010 5648 ῑός
1047 5614 1142 5664 pro
1174 5613 1298 5652 non.
1330 5593 1509 5647 Latin.
1546 5606 1716 5653 recte.
1759 5607 1814 5647 et
1841 5612 1906 5649 ex
1939 5609 2006 5648 eo
2060 5593 2380 5651 Galandius.

856 5666 866 5701 ί
914 5670 1064 5721 \ers.
1124 5669 1246 5720 Ant.
1306 5664 1516 5735 lpsi....
1550 5668 1838 5735 cedi/iratis.
1880 5667 2186 5733 Ediﬁcutis
2225 5663 2385 5720 habet

775 5738 938 5794 etiam
973 5740 1157 5792 Sabat.

850 5811 862 5858 i
910 5810 1063 5862 Vcrs.
1101 5812 1225 5862 Aut.
1255 5808 1474 5880 Propter
1522 5809 1616 5861 hOt~
1657 5821 1700 5862 et
1752 5812 2006 5877 sapientia
2068 5808 2163 5862 Dei
2216 5808 2386 5862 dixit:

777 5879 983 5934 Mittam
1013 5887 1076 5932 ad
1112 5898 1267 5932 t'os...
1305 5879 1524 5949 et'ipsos
1553 5884 1798 5936 accidetis
1825 5893 1870 5935 et
1903 5881 2263 5951 perscqaimini
2288 5921 2301 5938 ,
2336 5890 2389 5931 ut

774 5954 1077 6021 exquiratur
1132 5951 1342 6021 sanguis
1397 5953 1747 6008 omniunt.....
1812 5954 2202 6023 progeniem...
2261 5951 2389 6006 Abel

2497 3401 2798 3456 Corinthiis
2826 3399 3134 3469 scripserit,
3166 3400 3277 3468 jam
3309 3414 3368 3454 se
3407 3400 3558 3455 illum
3588 3400 3808 3467 punisse
3861 3413 4128 3470 peccato-

2499 3509 2638 3558 rem,
2670 3509 2830 3562 quem
2859 3494 3220 3560 comperisset
3253 3493 3496 3562 graviter
3544 3492 3867 3563 deliquisse.
3916 3491 4130 3548 Videa-

2505 3602 2624 3640 ntus
2654 3601 2796 3640 nunc
2819 3626 2833 3649 ,
2862 3586 2910 3639 si
2953 3597 3030 3650 tu,
3064 3585 3269 3651 bellua,
3301 3585 3547 3640 membra
3589 3595 3644 3640 et
3682 3599 3881 3658 corpus
3913 3595 4129 3641 tantum

2504 3681 2710 3736 habens
2746 3679 3007 3746 hominis,
3038 3680 3278 3734 animum
3305 3694 3437 3735 vero
3464 3678 3722 3746 ferinum,
3757 3681 3800 3735 si
3833 3681 3904 3734 ita
3949 3685 4134 3752 egeris

2503 3783 2562 3828 ut
2594 3775 2705 3842 egit
2743 3773 3050 3840 apostolus,
3103 3773 3148 3826 si
3201 3773 3290 3826 tali
3341 3773 3536 3827 ordine
3569 3789 3682 3827 rem
3727 3772 4132 3842 celebraveris,

2497 3883 2604 3937 quo
2632 3867 2723 3922 ille
2751 3868 2840 3937 qui
2875 3865 3014 3920 dixit
3045 3882 3059 3920 :
3088 3865 3178 3920 Sic
3203 3877 3229 3916 τι
3262 3867 3477 3920 omnino
3501 3866 3716 3920 auditur
3743 3868 3872 3920 inter
3898 3885 3990 3922 vos
4019 3872 4136 3941 [or-

2503 3961 2715 4023 nicatio,
2744 3959 2914 4027 qualis
2946 3976 3038 4013 nec
3078 3961 3215 4015 inter
3246 3970 3448 4030 gentes,
3483 3962 3560 4016 ita
3613 3971 3667 4014 ut
3711 3978 3929 4017 uxorem
3964 3967 4134 4027 patris

2499 4055 2581 4108 sui
2608 4054 2796 4121 aliquis
2826 4053 3057 4106 habeat:
3096 4062 3142 4106 et
3169 4069 3258 4106 eos
3285 4054 3453 4122 inflati
3502 4055 3621 4108 estis
3647 4096 3661 4122 ,
3724 4065 3769 4108 et
3814 4072 3916 4109 non
3954 4059 4132 4124 patius

2499 4149 2696 4202 luctum
2729 4147 3006 4211 habuistis,
3033 4157 3088 4201 ut
3111 4147 3381 4202 tolleretur
3410 4164 3436 4202 e
3464 4150 3634 4203 medio
3661 4159 3883 4204 vestrum
3909 4152 4005 4221 qui
4034 4155 4133 4207 hoc

2499 4258 2631 4312 Opus
2660 4241 2806 4309 fecit.
2843 4240 2953 4312 Ego
2978 4240 3185 4312 quidem
3217 4241 3352 4296 sicut
3383 4240 3566 4297 absens
3595 4259 3844 4313 corpore,
3891 4262 4134 4314 pra'sens

2496 4346 2668 4390 autem
2700 4336 2891 4404 spiritu
2913 4337 3029 4407 jam
3058 4334 3291 4402 iudicaui
3334 4345 3389 4390 ut
3426 4351 3655 4404 praesens
3706 4353 3856 4404 eum,
3907 4340 4000 4406 qui
4055 4344 4131 4394 sic

2499 4441 2744 4500 operatus
2767 4440 2860 4493 est,
2893 4431 2944 4484 in
2972 4431 3180 4484 nomine
3203 4431 3416 4484 Domini
3441 4430 3472 4486 .l
3480 4449 3594 4498 esu,
3621 4435 3949 4505 congregatis
3982 4438 4127 4491 vobis

2497 4531 2545 4577 et
2574 4523 2762 4593 spiritu
2793 4538 2904 4576 utea
2928 4539 3045 4576 cum
3071 4523 3257 4577 virtute
3288 4521 3504 4579 Domini
3537 4527 3702 4581 nostri
3729 4524 3858 4582 Iesu
3900 4525 4126 4596 Christi,

2418 4661 2690 4734 Djusti...
2723 4659 3015 4734 inquitetur
3040 4676 3075 4734 pa
3109 4663 3356 4730 progenie
3388 4663 3504 4715 hac.

2571 4729 2593 4767 ιε
2631 4731 2877 4796 ριιαιιοεηι
2933 4731 3115 4786 Latin.
3164 4743 3221 4786 et
3273 4734 3462 4787 Sabat.
3517 4748 3585 4788 ex
3633 4749 3732 4788 sua
3782 4735 3915 4790 edit.
3963 4737 4124 4793 Vers.

2499 4806 2628 4858 Ant.
2667 4802 2767 4855 Per
2792 4814 3067 4872 angustam
3101 4815 3380 4871 portant...
3409 4816 3647 4874 quaerunt
3689 4807 3909 4874 intrare,
3944 4820 3992 4862 et
4018 4828 4124 4864 non

2499 4884 2798 4944 potuerunt.
2833 4875 3011 4929 Editio
3045 4887 3231 4930 nostra
3293 4879 3553 4933 convenit
3608 4893 3730 4934 cmn
3789 4895 3894 4935 ms.
3951 4881 4121 4937 Corb.

2497 4947 2642 5016 apud
2676 4949 2849 5016 ipsum
2879 4946 3070 5001 Sabat.

2577 5015 2592 5054 ι
2627 5015 2731 5090 Pro
2757 5021 3021 5090 clauserit.
3056 5017 3164 5073 Til.
3215 5017 3388 5074 Cludo.
3437 5037 3537 5090 pro
3588 5022 3777 5076 claudo
3806 5023 4031 5077 obs-ium
4069 5023 4124 5078 ir.

2497 5089 2641 5144 aliis.
2680 5089 2753 5144 La
2778 5089 2969 5144 Cerda.
3007 5090 3164 5146 Vers.
3199 5095 3323 5146 Ant.
3360 5089 3451 5148 hic
3474 5135 3490 5158 ,
3527 5094 3656 5147 Cum
3685 5106 3852 5146 autent
3895 5094 4126 5148 inti-aee~

2489 5162 2690 5216 rit...et
2714 5162 3030 5242 clauserit...
3057 5180 3227 5242 suum.
3257 5164 3438 5242 Gneo.
3460 5181 3583 5242 cum
3611 5164 3881 5242 Lucifero,
3913 5167 4120 5242 ἐγερθῇ,

2490 5235 2867 5287 exsurrexerit.
2902 5234 3161 5288 (Ilauserit
3194 5251 3291 5303 pro
3320 5237 3531 5290 cluserit
3565 5237 3693 5305 legit
3727 5237 3914 5292 Sabat.
3946 5231 3958 5238 ’
4000 5231 4010 5242 ’
4073 5231 4080 5243 ’

2563 5315 2604 5342 ιη
2639 5305 2796 5359 Vers.
2831 5307 2959 5360 Ant.
2993 5305 3214 5361 Pulsare
3244 5310 3506 5363 ostium...
3538 5307 3672 5361 dicet
3698 5309 3842 5363 vobis
3871 5324 3890 5362 :
3925 5307 4125 5364 Nescio

2493 5377 2657 5438 unde.
2691 5386 2800 5430 etc.

2493 5520 2537 5574 ϐ
2560 5458 2584 5483 ἰ
2616 5449 2850 5503 Additur
2874 5459 2918 5501 et
2945 5451 2997 5504 in
3025 5451 3307 5522 synagogis
3329 5450 3382 5505 iu
3407 5449 3570 5506 Vers.
3604 5453 3758 5516 Λιιι..
3783 5452 3878 5508 sed
3900 5453 4058 5508 abest
4089 5469 4118 5507 a

2547 5536 2708 5574 ramo.

2547 5536 2708 5574 Γωοίὶ.

2569 5603 2591 5626 υ
2627 5591 2784 5646 Vers.
2820 5592 2950 5646 Ant.
2989 5593 3184 5647 Nescio
3205 5609 3362 5648 vos...
3396 5594 3639 5649 recedite.

2570 5674 2594 5712 ιτ
2626 5663 2894 5720 Videritis.
2927 5665 3106 5720 Vatic.
3133 5675 3190 5722 et
3215 5665 3372 5722 Vcrs.
3401 5667 3532 5722 Ant.

2569 5748 2595 5812 (ι
2627 5737 2782 5792 Veis.
2819 5740 2946 5812 Aut.
2983 5736 3279 5812 Omnino...
3304 5739 3631 5812 (fat-uicatio,
3681 5751 3727 5812 et
3783 5742 3899 5795 talis
3953 5743 4122 5812 [orni-

2497 5811 2725 5883 cutio....
2764 5811 2928 5883 patris
2957 5811 3241 5883 aliquis....
3277 5809 3341 5864 de
3365 5809 3559 5863 medio.
3669 5809 3783 5883 Ego
3810 5809 4117 5865 enimut”.

2498 5882 2802 5946 spiritus....
2833 5882 2886 5933 in
2925 5885 3130 5936 nomine
3166 5882 3373 5938 Domini
3431 5881 3594 5934 nostri
3644 5881 3778 5938 Jesu
3825 5883 4115 5938 Cltrtsti....

2499 5950 2799 6018 huiusmodi
2848 5963 3112 6009 satana...
3177 5955 3228 6008 in
3275 5954 3410 6010 diem
3470 5948 3682 6008 Domini
3732 5954 3862 6012 Jesu
3903 5952 4119 6008 Christi.
