3854 6478
132 467 210 522 901

133 583 307 638 tradere
330 584 630 658 hujusmodi
646 581 904 634 hominem
937 578 1489 634 satanteininteritum
1523 578 1715 646 carnis,
1747 581 1795 640 Α

133 688 177 732 ιιι
203 679 406 748 spiritus
427 677 601 731 salvus
633 676 698 728 sit
727 674 780 728 in
813 674 895 728 die
927 673 1137 726 Domini
1170 673 1330 725 nostri
1361 669 1490 726 Jesu
1521 669 1717 724 Christi

134 771 166 838 (I
187 768 293 824 Cor.
328 787 380 834 ι’,
410 771 482 839 1).
521 768 688 831 Dicis,
720 766 916 821 credo:
954 766 1018 820 Et
1049 783 1139 836 ego
1185 765 1377 818 idcirco
1408 764 1545 817 vobis
1572 780 1720 817 man-

130 863 347 918 daveram
366 863 613 917 dantnare
627 862 909 926 absentem,
933 862 1052 931 quia
1075 861 1409 913 damnaverat
1437 868 1481 911 et
1511 868 1717 926 apostoo

132 957 218 1011 lus.
242 957 421 1011 Primo
453 955 696 1009 omnium
751 953 911 1008 beato
938 952 1188 1024 apostolo
1211 950 1470 1005 catholici
1502 949 1722 1003 nuntia-

127 1057 301 1104 verant
333 1048 409 1110 bi,
444 1061 582 1118 quos
617 1057 774 1099 norat
823 1046 1036 1107 lidcles,
1068 1059 1206 1111 quos
1231 1043 1342 1097 Deo
1392 1041 1721 1110 probaverat

127 1141 335 1196 devotos
369 1182 384 1204 ,
433 1148 489 1194 et
541 1147 735 1194 testem
791 1138 1001 1192 sciebat
1061 1152 1185 1190 esse
1232 1150 1450 1190 onmem
1524 1131 1715 1186 Corin-

126 1233 347 1289 thiorum
377 1243 622 1288 sanetam
673 1232 984 1287 ecclesiam.
1012 1229 1090 1284 Tu
1115 1241 1305 1283 contra
1331 1245 1456 1282 cum
1483 1237 1504 1263 ⁸
1528 1240 1722 1282 consa-

126 1328 328 1398 crilegis
369 1329 476 1380 tuis
517 1325 909 1380 accusantibus
944 1324 1054 1378 Deo
1087 1323 1386 1376 odibilibus
1447 1318 1720 1374 haereticis

125 1436 215 1476 nos
271 1420 585 1490 dignabaris
653 1434 852 1488 urgere
877 1417 942 1470 ad
994 1415 1241 1470 absentis
1285 1413 1718 1468 damnationem.

125 1511 319 1566 Deinde
345 1529 466 1567 cum
492 1512 799 1582 apostolum
827 1510 983 1564 audis
1011 1509 1199 1562 dicere
1228 1525 1240 1562 :
1270 1505 1607 1578 Congregatis
1636 1519 1725 1559 tto-

124 1606 194 1660 bis
224 1617 268 1658 et
297 1609 484 1674 spiritu
510 1624 621 1659 meo
645 1622 760 1659 cum
784 1607 970 1658 virtute
1005 1601 1216 1656 Domini
1247 1600 1273 1640 δ
1302 1599 1428 1655 Iesu
1453 1643 1467 1665 ,
1521 1601 1723 1654 tradere

125 1700 416 1772 hujusmodi
433 1701 688 1751 hominem
707 1710 902 1751 satana'
923 1699 972 1749 in
990 1696 1256 1749 interitum
1275 1695 1441 1747 carnis
1460 1692 1604 1761 (Ibid
1645 1691 1720 1762 4);

123 1802 199 1855 tu,
237 1794 457 1846 tenebra
495 1803 541 1857 ο,
576 1807 674 1846 cur
708 1790 867 1844 nobis
901 1789 1251 1842 dicentibus:
1287 1788 1366 1839 Ad
1406 1787 1573 1858 ipsum
1634 1801 1725 1837 nos

122 1888 306 1940 nostris
338 1887 614 1955 impendiis
641 1902 913 1956 pergentus
948 1886 998 1936 in
1026 1882 1190 1951 plebe,
1217 1881 1300 1935 cui
1328 1881 1576 1933 divinitus
1603 1895 1726 1932 con-

1171 462 1305 518 PRO
1347 459 1620 518 SANCTO
1660 460 2061 520 ATHANASIO
2097 459 2228 517 LIB.
2277 459 2338 514 11.

3300 461 3407 518 {0‘2

1827 579 2070 646 periuris,
2105 589 2152 632 et
2178 579 2222 632 si
2248 578 2373 649 quid
2419 579 2562 634 aliud
2607 593 2748 638 same
2793 577 3046 634 doctrina:
3089 579 3416 644 adversatur,

1816 689 1930 742 qua'
1954 672 2236 726 secundum
2268 673 2585 738 evangelium
2616 681 2689 728 est
2731 673 2912 745 gloriae
2957 672 3092 727 beati
3134 673 3229 728 Dei
3277 674 3416 744 quod

1819 766 2071 820 creditum
2091 775 2165 820 est
2193 766 2319 820 mihi
2343 765 2385 837 (Ι
2414 763 2550 822 Tim.
2577 783 2614 832 t,
2639 763 2719 835 8).
2746 765 2804 822 Si
2829 782 2935 821 non
2955 777 3039 821 est
3070 768 3324 835 traditus,
3351 784 3418 822 es

1819 873 1926 928 quo
1957 857 2150 912 Filium
2182 858 2274 912 Dei
2301 860 2533 927 negasti,
2567 860 2622 913 in
2653 859 2934 914 interitum
2983 871 3191 915 satana:
3221 903 3235 925 ,
3278 877 3419 928 quo-

1825 950 1989 1005 modo
2021 952 2342 1021 prmteriens
2385 961 2531 1005 tanta
2563 993 2576 1016 ,
2606 967 2730 1022 qua:
2780 963 2832 1006 te
2889 953 3147 1010 cohibere
3190 972 3218 1008 a
3265 963 3421 1010 tanto

1822 1054 2114 1114 potuerant
2141 1046 2375 1111 scelere,
2410 1043 2478 1102 ad
2521 1045 2634 1100 haec
2653 1045 2890 1115 gerenda
2911 1047 3131 1109 exsilire
3167 1046 3425 1117 dignatus

1821 1151 1903 1199 es,
1938 1151 2060 1206 quze
2091 1139 2304 1206 possint
2331 1147 2527 1191 cuneta
2565 1137 2763 1202 tollere
2791 1137 2928 1203 haec,
2962 1156 3082 1208 qua:
3128 1151 3426 1195 noscantur

1824 1241 1972 1282 sanae
2001 1243 2123 1293 esse
2148 1227 2457 1295 doctrinm?
2486 1229 2612 1286 Uzec
2641 1232 2732 1298 qui
2760 1231 2839 1287 sis
2866 1231 3098 1299 faciens,
3126 1248 3248 1304 qua:
3276 1248 3424 1287 sanae

1822 1320 2186 1385 adversentur
2205 1322 2492 1386 doctrinae,
2523 1324 2615 1393 qui
2638 1325 2973 1396 proscribas,
3009 1337 3286 1397 torqueas,
3330 1313 3423 1381 dc-

1826 1424 2033 1484 portes,
2066 1416 2250 1470 mittas
2279 1417 2328 1471 iu
2355 1433 2635 1476 carcerem
2666 1417 3098 1490 ittterﬁciasque,
3126 1423 3233 1486 dic,
3262 1422 3422 1475 obsc—

1824 1523 1942 1573 cro,
1975 1508 2017 1561 si
2061 1509 2137 1562 sis
2159 1507 2442 1566 dissimilis
2468 1511 2537 1568 ab
2567 1511 2785 1568 Herode
2816 1513 2912 1574 illo
2959 1529 3108 1582 rege,
3131 1514 3282 1583 cuju~
3312 1530 3430 1568 car-

1828 1599 2103 1656 niﬁcinam
2132 1601 2454 1659 describens
2486 1606 2557 1659 ita
2599 1604 2837 1676 loquitur
2892 1622 3048 1662 sacra
3107 1609 3378 1679 scriptura
3415 1625 3425 1659 :
3505 1597 3510 1602 ’

1828 1691 2026 1754 Eodem
2048 1694 2100 1748 in
2127 1703 2353 1764 tempore
2388 1698 2583 1751 remisit
2624 1696 2863 1753 Herodes
2886 1715 2979 1755 rex
3008 1717 3189 1755 manus
3207 1741 3223 1766 ,
3251 1710 3306 1756 ut
3330 1718 3426 1754 uo-

1828 1799 1963 1844 ceret
1981 1790 2232 1859 quosdam
2269 1799 2290 1826 ε
2313 1792 2374 1844 de
2397 1792 2635 1850 ecclesia.
2694 1792 2896 1847 Occidit
2923 1793 2943 1831 τ
2973 1804 3144 1848 autem
3172 1793 3429 1848 Iacobum

1828 1882 2042 1949 fratrem
2073 1881 2299 1938 Joannis
2330 1884 2531 1954 gladio,
2557 1893 2740 1938 etcum
2768 1885 2978 1938 vidisset
3023 1887 3162 1956 quod
3211 1887 3433 1956 placeret

118 1981 320 2032 stitutus
342 1989 436 2043 est,
467 1978 701 2031 eumdem
741 1978 1035 2036 audiemus,
1070 1985 1269 2026 tantum
1324 1973 1392 2024 da
1438 1971 1722 2029 catholicos
1757 1976 1798 2034 Β
1829 1974 1922 2026 hoc
1949 1972 2172 2039 Juda’is,
2201 1973 2350 2027 addit
2373 1983 2397 2021 8
2434 1983 2488 2027 ut
2519 1991 2714 2042 comprt
2732 1977 2977 2031 [tenderet
3011 1977 3244 2030 Petrtun.
3275 1977 3437 2031 Erant

121 2083 446 2125 accusatores
477 2073 757 2124 secundum
782 2085 943 2121 sacra'
973 2068 1098 2137 legis
1125 2067 1429 2118 mandatum
1459 2081 1472 2129 ;
1507 2079 1605 2118 cur
1632 2064 1726 2117 de-

119 2167 396 2221 trectzasti
429 2165 445 2218 Ξ
477 2181 594 2228 cur,
629 2174 904 2234 tamquam
939 2162 1306 2231 gladiatores,
1337 2175 1445 2213 non
1483 2156 1726 2228 episcopi

121 2275 390 2322 essemus,
423 2269 633 2313 tantum
659 2262 808 2327 juxta
841 2265 962 2310 vota
993 2266 1108 2319 tua,
1157 2270 1264 2322 quo
1311 2266 1598 2324 possemus
1649 2252 1729 2305 in-

119 2353 378 2407 terficere
407 2367 554 2416 eum,
584 2350 740 2419 cujus
767 2360 820 2403 tu
853 2351 983 2403 olim
1034 2349 1260 2402 sitiebas
1290 2361 1568 2408 cruorem,
1600 2358 1732 2413 ope-

117 2462 237 2502 ram
261 2446 470 2500 dabas?
499 2445 711 2500 Interea
735 2446 814 2498 sic
846 2453 897 2498 te
933 2442 1209 2496 infelicem
1241 2439 1500 2492 traditum
1529 2448 1734 2490 satautc

118 2555 221 2610 pro
254 2538 587 2600 homicidiis,
622 2551 830 2607 proque
855 2536 1145 2604 sacrilegio
1178 2541 1269 2586 tuo
1297 2532 1467 2586 debes
1501 2530 1646 2583 scire
1681 2535 1738 2580 ut

119 2632 215 2686 ille
249 2633 340 2702 qui
375 2632 426 2684 iu
459 2631 551 2685 illo
585 2640 738 2683 reatu
770 2629 912 2698 apud
959 2625 1276 2680 Corinthios
1331 2625 1584 2676 iuventus
1630 2628 1734 2672 est.

116 2721 312 2792 Neque
335 2722 480 2776 enim
521 2721 620 2775 ista
656 2732 742 2772 tua
772 2733 890 2785 quae
944 2717 1182 2786 gesseris
1232 2731 1293 2768 ae
1345 2713 1493 2784 geris
1523 2711 1740 2765 minora

117 2825 255 2870 sunt
286 2815 476 2868 funera
514 2829 528 2877 ;
573 2823 652 2876 ut,
701 2812 744 2863 si
793 2826 851 2865 se
899 2810 1052 2863 illum
1109 2807 1401 2862 tradidisse
1451 2821 1547 2860 ore
1598 2802 1742 2858 beati

115 2907 365 2979 apostoli
400 2906 642 2976 loquitur
672 2903 911 2972 Spiritus
941 2911 1161 2955 sanctus
1192 2913 1397 2955 satana:
1443 2899 1493 2951 in
1547 2896 1742 2952 interi-

120 3011 268 3068 tum,
305 3010 356 3054 et
389 3009 440 3052 te
471 3013 595 3052 mox
646 3007 703 3050 ut
759 3008 866 3048 tam
922 2996 1106 3063 gravia
1138 2991 1460 3046 commisisti
1517 2989 1744 3044 crimina

115 3109 233 3149 non
275 3092 584 3147 tradiderit.
611 3091 664 3144 Si
696 3091 840 3142 enim
874 3106 978 3141 non
1024 3088 1096 3142 ita
1150 3095 1297 3142 esset
1331 3127 1343 3149 ,
1399 3081 1746 3138 meminisses

117 3185 384 3257 profecm
415 3185 621 3240 dixisse
650 3185 958 3251 apoStolum
990 3202 999 3233 :
1036 3180 1212 3234 Pretio
1239 3180 1397 3244 empti
1423 3179 1565 3242 estis,
1589 3176 1747 3229 nolite

116 3279 248 3344 ﬁeri
279 3278 412 3332 serri
443 3278 711 3329 hominum
738 3273 904 3345 (Ibid.
933 3290 1026 3337 \‘tt,
1055 3274 1147 3342 :23)
1185 3291 1196 3325 :
1225 3289 1518 3340 numquam
1551 3283 1749 3338 Cogere

1827 2077 2000 2120 autem
2024 2067 2132 2119 dies
2155 2083 2477 2137 azymorum.
2509 2066 2664 2120 IIunc
2705 2084 2822 2120 cum
2862 2067 3309 2137 apprehendisset,
3342 2070 3435 2122 uti-

1827 2161 1893 2214 sit
1925 2161 1978 2214 in
2004 2177 2260 2214 carcerem
2286 2163 2534 2216 traditum
2561 2173 2788 2234 quatuor
2829 2166 3255 2234 qucterniouibus
3297 2167 3431 2219 mili-

1833 2263 1939 2305 tum
1963 2254 2387 2320 custodieudum,
2417 2255 2592 2309 volens
2614 2266 2729 2326 post
2752 2257 2943 2326 pascha
2968 2260 3251 2322 producere
3275 2256 3297 2296 h
3324 2278 3436 2314 eum

1837 2344 1989 2412 plebi.
2026 2342 2212 2400 Petrus
2247 2344 2259 2382 ί
2297 2363 2413 2400 vero
2454 2349 2839 2409 custodiebatur
2889 2351 2941 2403 in
2981 2367 3204 2404 carcere.
3259 2350 3438 2409 Oratio

1839 2451 1960 2508 ergo
1989 2436 2362 2489 instantissime
2391 2437 2546 2506 ﬁebat
2575 2440 2643 2492 ad
2670 2438 2953 2493 Dominum
2995 2459 3088 2497 uro
3113 2459 3170 2496 eo
3193 2443 3253 2495 ab
3284 2445 3440 2498 eccle-

1839 2527 1958 2584 sia:
1986 2535 2033 2580 et
2058 2543 2173 2580 cum
2208 2528 2443 2598 futurum
2466 2541 2593 2583 esset
2623 2539 2678 2592 ut
2705 2546 2824 2584 eum
2848 2530 3077 2585 llerodcs
3120 2534 3445 2600 produceret,

1839 2621 1931 2673 illa
1957 2631 2102 2674 nocte
2136 2620 2322 2674 Petrus
2352 2621 2638 2677 dormiebat
2667 2624 2801 2677 inter
2830 2626 3019 2679 milites
3071 2628 3318 2697 alligatus
3363 2645 3451 2682 ca-

1843 2713 1970 2766 tenis
1994 2711 2218 2778 duabus,
2273 2725 2321 2766 et
2367 2715 2604 2769 custodes
2660 2727 2778 2769 ante
2831 2718 3037 2786 ostium,
3088 2729 3134 2771 et
3185 2723 3447 2774 custodie-

1845 2804 1965 2857 bant
2018 2821 2297 2860 carcerem.
2347 2805 2415 2859 Et
2470 2823 2585 2861 ecce
2639 2811 2853 2879 angelus
2919 2809 3130 2866 Domini
3183 2815 3367 2873 astitit,
3403 2827 3448 2869 et

1847 2895 1937 2948 tua:
1985 2896 2047 2948 ab
2097 2912 2154 2950 eo
2213 2898 2417 2966 refulsit
2462 2899 2515 2950 in
2555 2900 2647 2952 illo
2688 2901 2798 2953 loco
2835 2917 2852 2956 :
2901 2918 3253 2974 compungens
3282 2919 3452 2961 autent

1849 2989 1983 3042 latus
2015 2987 2160 3043 Petri
2207 2990 2470 3046 suscitavit
2499 3008 2614 3044 eum
2641 2993 2817 3047 dicens
2851 3012 2868 3047 :
2907 2993 3079 3066 Surge
3105 2999 3361 3053 velociter.
3397 3000 3458 3053 Et

1855 3081 1867 3127 ι
1931 3081 2198 3142 surrexit,
2251 3091 2299 3134 et
2357 3083 2654 3136 ceciderunt
2707 3096 2904 3140 cateiae
2951 3089 3015 3141 de
3062 3091 3298 3144 manibus
3345 3097 3460 3164 ejus

1855 3174 1990 3243 (Act.
2028 3191 2131 3248 xu,
2165 3175 2242 3243 1).
2270 3175 2336 3230 Et
2362 3175 2501 3230 inira
2535 3194 2548 3231 :
2583 3176 2651 3230 Et
2680 3175 2703 3214 ¹ί
2735 3195 2852 3232 cum
2899 3183 3168 3236 trmisissct
3192 3186 3385 3254 primos
3416 3199 3462 3243 et

1854 3269 2103 3322 secundos
2131 3268 2392 3332 custodes,
2418 3271 2553 3324 venit
2576 3272 2644 3324 ad
2676 3283 2881 3339 portam
2913 3278 3158 3345 ferream,
3187 3295 3300 3348 qua:
3323 3281 3462 3333 ducit

119 3370 228 3426 Dei
256 3385 427 3424 ausus
452 3368 647 3422 fuisses
681 3365 998 3421 saeetdOtes
1027 3365 1092 3418 ad
1139 3365 1442 3418 inauditum
1483 3361 1746 3416 damnau-
1779 3358 1823 3418 C
1858 3364 1907 3416 in
1937 3364 2214 3428 civitatem,
2243 3380 2408 3434 quam
2433 3381 2487 3418 se
2505 3375 2683 3434 aperta
2711 3377 2786 3421 est
2832 3370 2924 3421 eis.
2957 3367 3022 3422 Et
3052 3387 3168 3424 cum
3201 3369 3461 3440 exiissem,

116 3462 292 3520 dum.
329 3463 431 3529 Qui
462 3460 604 3517 enim
639 3463 812 3530 pretio
844 3469 1062 3529 emptus
1093 3475 1242 3523 sum,
1271 3459 1395 3526 quia
1423 3457 1691 3510 liberatus
1729 3470 1754 3505 a

118 3559 259 3629 lege
293 3558 502 3628 peccati
546 3572 739 3611 servus
780 3554 976 3608 fuerim
1019 3554 1194 3608 factus
1230 3553 1476 3622 justiti-.u,
1517 3551 1627 3620 jam
1674 3551 1752 3602 viv-

119 3651 289 3705 veuti
326 3649 457 3703 mibi
488 3649 538 3702 iu
573 3649 690 3718 lego
713 3647 938 3716 justitise
972 3647 1180 3714 ilnllOlli
1210 3661 1347 3699 onus
1392 3662 1496 3698 non
1555 3643 1758 3697 debue-

119 3752 221 3798 rat
254 3758 285 3795 a
323 3751 395 3806 te,
428 3752 484 3795 ut
509 3756 700 3795 servus
727 3741 921 3792 iterum
957 3738 1209 3792 elllcerer
1246 3736 1548 3805 iniquitatis
1597 3746 1756 3803 atque

119 3837 456 3906 iniustitiae.
488 3835 808 3904 impositum
837 3835 1017 3900 itaque
1051 3841 1135 3884 est
1160 3847 1298 3884 onus
1327 3850 1352 3882 ιι
1387 3841 1457 3889 te.
1493 3830 1618 3896 quia
1645 3836 1752 3881 tra-

119 3929 302 3982 ditus
339 3925 508 3980 lueris
540 3933 745 3978 satautu
777 3924 829 3978 iu
875 3925 1152 3978 interitum
1202 3932 1422 3993 propter
1473 3920 1764 3976 homicidia

117 4031 313 4092 atque
338 4018 705 4087 Sacrilegium.
753 4019 806 4072 Si
856 4037 958 4072 non
1003 4018 1200 4073 fuisses
1259 4018 1490 4072 traditus
1535 4026 1760 4081 satamc,

119 4113 429 4168 retineres
479 4109 768 4164 Timotbco
820 4109 1106 4177 scripsisse
1169 4109 1516 4179 apostolum:
1563 4106 1765 4161 Scimus

119 4215 330 4259 autem
361 4203 605 4274 quoniant
626 4203 758 4256 bona
779 4212 853 4256 est
878 4204 959 4256 lex
979 4204 1020 4256 si
1044 4204 1158 4272 quis
1182 4220 1240 4256 ea
1262 4200 1286 4238 ἀ
1319 4203 1540 4273 legitime
1570 4209 1767 4265 utatur,

117 4302 322 4356 sciens
347 4300 444 4352 hoc
470 4299 592 4368 quia
616 4302 763 4370 justo
784 4298 866 4351 lex
897 4315 998 4350 non
1025 4309 1096 4351 est
1126 4298 1313 4365 posita,
1342 4296 1554 4368 injustis
1575 4303 1767 4359 autem,

118 4405 176 4448 et
229 4408 348 4447 non
379 4390 750 4453 obedientibus,
777 4401 820 4443 et
869 4391 1064 4457 impiis,
1098 4400 1144 4443 et
1174 4387 1525 4456 peccatoribus
1546 4427 1560 4448 ,
1611 4386 1772 4439 scele-

117 4490 312 4552 ratis,
339 4497 387 4540 et
416 4487 668 4557 profanis,
711 4484 1011 4553 parricidis,
1039 4495 1084 4538 et
1111 4483 1426 4547 malrieidis,
1468 4479 1769 4546 impudicis,

121 4581 518 4636 masculorum
549 4577 1008 4644 concubitoribus,
1068 4578 1362 4649 plagiariis,
1417 4573 1770 4637 mendacibus,

221 4729 256 4757 ιι
287 4718 370 4772 Tu
390 4729 592 4782 contra,
619 4717 848 4785 tenebra,
869 4725 937 4781 te,
962 4727 1112 4783 atque
1131 4732 1243 4768 cum
1265 4711 1654 4784 consacrilegis,
1677 4718 1782 4764 etc.
1816 4709 1870 4769 D

129 4790 352 4846 Vatic.

221 4862 258 4901 δ
295 4861 514 4913 Domini
534 4859 694 4912 nostri
717 4859 842 4914 Jesu
867 4860 1079 4914 Christi.
1110 4859 1252 4912 Idem
1285 4856 1500 4912 Lucifer
1526 4868 1708 4922 supra.

229 4943 259 4971 ε
308 4929 564 5002 Tenebra,
591 4933 893 5001 singulare,
922 4932 1066 5002 quod
1099 4947 1204 4983 non
1225 4939 1306 4983 cst
1333 4931 1384 4982 in
1413 4943 1535 5002 usu,
1565 4933 1786 5002 usurpat

125 5019 264 5076 pro
300 5000 771 5076 pluralitenebrte,
817 4996 890 5057 ιη’
918 4996 1075 5076 uipera
1103 5014 1190 5053 tua
1220 5017 1316 5068 pro
1369 4999 1607 5063 operibus
1663 4996 1781 5048 tuis.

124 5071 273 5134 τιι.
304 5071 376 5128 δι
406 5073 452 5125 Ia
480 5071 676 5126 Cerda.
711 5075 781 5126 Ita
830 5076 973 5142 loqui
1029 5074 1202 5143 placet
1262 5073 1552 5124 Lucifero:
1611 5081 1788 5143 neque

126 5149 344 5204 aliter
380 5145 565 5197 iul'ra:
622 5144 680 5197 Si
735 5157 780 5198 te
829 5137 984 5199 secuti
1033 5137 1295 5198 tenebram
1341 5145 1634 5213 fuissemus.
1680 5137 1787 5193 Ga-

129 5219 332 5276 land.

228 5289 266 5326 ιι
317 5288 474 5340 Vera.
512 5290 636 5340 Ant.
691 5287 959 5345 Eant.....
1018 5291 1373 5342 scientes
1433 5285 1791 5354 peccatoribus

124 5374 268 5423 est.
309 5360 541 5412 scelestis
689 5361 976 5430 patricidiis
1006 5371 1052 5412 et
1081 5360 1409 5423 matricidiis,
1442 5359 1791 5414 masculorum

126 5432 630 5492 concubitmibus,
665 5432 979 5495 homicidiis,
1015 5431 1310 5500 impudicis.

241 5516 274 5542 ε
321 5503 432 5556 Pro
478 5505 803 5570 quibusdam.
837 5503 942 5557 Til.
1001 5503 1154 5554 Vers.
1203 5503 1327 5556 Ant.
1381 5502 1573 5555 Eodem
1619 5511 1789 5552 autem

127 5590 421 5646 (crispare
444 5576 652 5627 immisit
686 5573 915 5646 Herodes
1037 5575 1292 5642 affligeret
1313 5577 1584 5644 quosdam.
1618 5572 1787 5625 Noce-

128 5663 240 5708 re:
282 5644 396 5717 ivro
428 5646 770 5717 interficeret;
810 5647 855 5698 Ia
881 5644 1076 5698 Cerda.

249 5715 299 5758 τ’
325 5717 485 5770 Vers.
513 5716 640 5770 Ant.
689 5717 961 5786 Interfecit
1117 5718 1291 5769 videns
1343 5727 1510 5770 autem
1533 5715 1655 5785 quia
1683 5715 1796 5783 pla-

130 5797 354 5850 cuum
380 5799 456 5842 est
625 5791 867 5856 apposuit
901 5789 1287 5856 apprchendere
1331 5797 1378 5840 et
1423 5830 1432 5839 .
1471 5828 1505 5840 ..
1560 5786 1719 5853 Quem
1749 5793 1797 5838 et

132 5866 579 5936 adpl'e/tettsttttt
604 5860 1008 5936 _...._tradetts...
1053 5861 1311 5913 custodire
1343 5875 1476 5913 eum.

247 5929 286 5982 ις
327 5931 569 5985 Addidit.
604 5929 781 5983 Latin.

245 6009 284 6044 λι
341 6004 517 6060 ϐτιρυ.
558 6003 850 6073 ἀναγαγεῖν.
884 6001 1034 6058 Vcrs.
1067 6003 1192 6056 Ant.
1227 6002 1519 6070 perducere.

1855 3467 2212 3525 processerunt
2245 3459 2611 3527 ricumunum,
2660 3471 2705 3515 et
2738 3463 2981 3518 continuo
3025 3465 3258 3521 discessit
3299 3469 3362 3522 ab
3409 3485 3470 3525 eo

1854 3551 2090 3620 angelus.
2129 3549 2195 3603 Et
2225 3547 2408 3604 Petrus
2439 3554 2492 3605 in
2518 3569 2571 3606 se
2597 3569 2873 3609 conrersus
2922 3558 3040 3611 ait:
3100 3557 3256 3614 Nunc
3295 3559 3305 3597 ¹
3361 3563 3469 3617 scio

1855 3642 1979 3712 quia
2011 3659 2122 3695 rere
2152 3642 2287 3695 misit
2319 3641 2575 3700 Dominus
2602 3647 2843 3720 angelum
2878 3665 3050 3713 suum,
3086 3662 3134 3704 et
3164 3655 3352 3722 eripuit
3392 3671 3472 3710 me

1859 3735 1923 3790 de
1947 3736 2178 3789 manibus
2207 3733 2449 3800 Herodis,
2503 3749 2551 3792 et
2599 3738 2663 3791 de
2712 3742 2852 3794 omni
2893 3748 3272 3812 exspectatione
3311 3749 3474 3816 plebis

1860 3825 2166 3880 Judworum
2190 3825 2352 3900 (Ibid.
2392 3828 2505 3900 10).
2540 3827 2704 3884 Facta
2735 3843 2901 3887 autem
2930 3834 3015 3888 die
3045 3837 3266 3891 turbatio
3294 3849 3331 3876 πε
3362 3851 3474 3895 erat

1868 3921 2000 3974 inter
2032 3921 2242 3987 milites,
2277 3922 2523 3990 quidnam
2572 3922 2760 3979 Petrus
2816 3931 2986 3996 factus
3043 3941 3190 3986 esset.
3246 3931 3475 3990 Herodes

1871 4026 2047 4069 autem
2073 4031 2188 4068 cum
2219 4016 2536 4085 requisiisset
2566 4025 2592 4052 υ
2621 4033 2756 4083 eum,
2791 4029 2837 4070 et
2866 4036 2967 4074 non
3000 4022 3290 4092 int-enisset,
3323 4026 3483 4082 inter-

1876 4118 2084 4180 rogatos
2131 4109 2369 4164 custodes
2399 4111 2559 4179 jussit
2587 4111 2710 4164 duci
2739 4112 2902 4182 (Ibid.
2955 4115 3067 4182 18).
3118 4115 3364 4173 Similem
3425 4129 3477 4176 te

1879 4201 1954 4255 illi
1991 4202 2040 4254 in
2067 4202 2319 4254 omnibus
2351 4202 2599 4255 videmus
2625 4203 2739 4257 sive
2764 4205 2815 4257 iu
2841 4204 3193 4274 crudelitate,
3249 4210 3363 4265 sive
3422 4212 3475 4266 in

1879 4292 2171 4362 Sacrilegio
2195 4311 2209 4359 ;
2237 4302 2296 4347 ut
2326 4292 2471 4349 enim
2500 4292 2593 4348 ille
2619 4293 2881 4349 Jacubum
2915 4296 3132 4353 beatum
3176 4303 3478 4373 apostolum

1881 4383 2172 4446 interfecit,
2207 4385 2282 4438 ita
2307 4394 2359 4440 ct
2389 4395 2442 4437 tu
2475 4383 2750 4454 ingentem
2811 4389 3212 4445 multitudinem
3244 4395 3478 4450 creden-

1882 4477 2036 4541 tium,
2067 4477 2230 4531 sicuti
2251 4477 2485 4531 credidit
2512 4476 2748 4532 Jacobus
2779 4480 3084 4548 aposmlus,
3117 4484 3437 4544 interfecisti
3463 4506 3477 4555 ;

1883 4579 1940 4623 ut
1971 4569 2062 4624 illc
2095 4569 2146 4623 iu
2179 4568 2385 4624 Jacobo
2413 4569 2662 4638 apostolo
2695 4569 2788 4625 Dei
2813 4572 3028 4628 unicum
3052 4581 3481 4648 persequebatur

1973 4707 1984 4742 ί
2019 4704 2178 4759 Vers.
2210 4705 2336 4759 Ant.
2370 4703 2555 4760 Petrus
2602 4708 2809 4774 quidem
2846 4710 3142 4766 servabatur
3299 4716 3481 4776 Oratio

1882 4789 2052 4836 autem
2075 4787 2202 4842 erat,
2225 4777 2541 4830 incessanter
2647 4779 2715 4831 ad
2743 4777 2976 4835 Deum...
2995 4781 3125 4836 Cum
3148 4797 3316 4840 autem
3333 4791 3479 4846 vellet

1887 4850 2169 4926 producere
2291 4859 2401 4926 erat
2438 4847 2622 4903 Petrus
2656 4852 2916 4926 dormiens
2944 4852 3076 4908 inter
3107 4857 3236 4913 duos
3267 4862 3456 4916 milites

1890 4906 2077 4992 iiga’us
2103 4961 2139 4974 ..
2157 4960 2168 4970 .
2207 4921 2445 4974 custodes
2472 4933 2640 4974 autem
2661 4932 2776 4974 ante
2799 4924 2985 4979 ostium

1889 4991 1941 5051 ετ
1968 4997 2060 5063 tua:
2089 4991 2234 5063 fulsit
2266 4993 2318 5044 in
2350 4992 2640 5046 habitacula
2665 5008 2681 5044 :
2707 4996 2979 5060 percussit,
3011 5011 3116 5054 ete.

1970 5066 1982 5115 ι
2023 5062 2096 5117 Et
2119 5064 2366 5125 surrexit,
2399 5063 2552 5118 abest
2585 5078 2615 5116 ξι
2648 5062 2805 5118 Vers.
2839 5069 2967 5120 Ant.

1967 5134 1990 5172 ¹ῖ
2023 5135 2176 5209 Vers.
2208 5137 2337 5190 Ant.
2369 5133 2715 5190 Transeuntes
2752 5149 2922 5192 autem
2949 5142 3170 5209 primum
3198 5150 3486 5204 custodiam

1892 5222 1939 5265 ει
1967 5208 2246 5260 secundum
2291 5218 2534 5261 venerunt
2694 5223 2806 5273 quia
2857 5208 2996 5264 ultro
3134 5215 3201 5268 Et
3241 5233 3486 5276 exeuntes

1891 5278 2212 5334 transierunt
2369 5294 2596 5333 reversus
2626 5280 2678 5334 in
2708 5294 2760 5331 se
2787 5279 2917 5334 dixit
3073 5301 3248 5341 manu.

1975 5351 1988 5388 ι
2027 5348 2321 5431 (irruamus
2377 5345 2487 5431 sitia
2516 5351 2709 5431 agnos;
2740 5348 2839 5431 ᾄτι.
2867 5351 2974 5431 S_c_d
3028 5355 3243 5411 Lucifer
3269 5360 3490 5431 legebat

1894 5423 2250 5498 transpositis
2275 5422 2522 5498 vocibus,
2545 5420 2623 5478 ὅτι
2643 5423 2837 5498 etnec;
2857 5442 2867 5476 :
2889 5424 3046 5498 lyunc
3065 5430 3172 5484 scio
3200 5420 3462 5498 quiavvere

1898 5511 2004 5571 nee
2028 5478 2076 5548 iii
2099 5493 2316 5571 ὁράματι
2353 5478 2674 5571 dumtaxat,
2705 5478 2841 5546 misit
2889 5478 3166 5556 Domitius:

1899 5568 2104 5635 legisse
2128 5561 2347 5634 'quoque
2394 5561 2813 5636 Cltrysostomus
2865 5571 3206 5636 perhibemr.
3259 5561 3486 5630 unum“.

1901 5637 2038 5692 Vide
2061 5637 2255 5706 Chrys.
2294 5636 2440 5706 boui.
2474 5635 2563 5706 ‘26.
2595 5637 2644 5686 iu
2672 5638 2802 5687 Acta
2839 5635 3028 5706 Apost.

1969 5719 2008 5795 pi
2035 5704 2189 5763 vers;
2218 5704 2658 5795 :‘lll:pTl'ibll'l(1'll.0
2677 5704 3028 5795 non’minima.
3054 5712 3228 5770 (ἓξ-ωε.
3254 5722 3491 5795 τάραγος

1899 5781 2189 5862 δοιιιιιι,.ιιι
2218 5775 2392 5862 Lucil”.
2429 5785 2483 5830 et
2510 5776 2703 5850 ἐγένετο
2728 5820 2741 5843 ,
2776 5781 2945 5849 factus
2967 5798 3092 5839 esset
3121 5827 3134 5850 ,
3188 5790 3278 5845 tibi
3322 5775 3492 5862 ‘péiu's

1903 5861 1978 5906 est
2012 5853 2064 5905 itt
2105 5850 2255 5903 Vers.
2291 5850 2419 5922 Ant:

1977 5933 2001 6004 ’.ι
2036 5922 2192 5978 Vers.
2231 5924 2354 5975 Aut.
2394 5921 2670 5991 Requirens
2693 5938 2808 5977 eum
2839 5936 2888 5978 et
2930 5944 3032 5984 non
3063 5930 3348 5999 inveniens,
3385 5935 3490 5988 dis-

1905 6011 2138 6064 quarens.
