3854 6400
437 363 541 421 905

1543 367 1864 428 LUCIFERI
1905 367 2218 428 EPISCOP]
2256 371 2677 434 CALARITANI
3630 379 3717 434 90l

440 481 656 548 Filium,
684 483 756 537 ita
782 489 838 538 et
865 490 946 549 tu,
979 484 1116 541 etin
1144 483 1271 542 illos
1297 485 1569 556 quosjam
1600 487 1927 542 interemisti
1953 529 1968 554 ,
1995 495 2049 542 et
2078 488 2130 548 Α
2162 488 2345 558 (Idid.
2383 491 2519 563 Η),
2565 502 2620 547 et
2666 490 2914 547 nesciens
2960 492 3030 547 sit
3072 507 3178 563 quo
3225 501 3448 564 pergat,
3493 491 3724 548 videlicet

435 574 487 629 in
517 589 637 641 nos,
667 592 803 646 quos
833 579 1208 649 persequeris.
1245 580 1442 634 lterum
1475 589 1526 636 te
1561 592 1615 636 et
1649 581 1969 636 inStruimus
1997 590 2052 637 et

435 665 740 732 hortamur,
773 679 832 724 ut
879 671 1072 728 redeas
1123 671 1186 727 ad
1224 673 1321 727 Dei
1375 673 1671 729 ecclesiam
1723 674 2052 744 dcsiuasque

433 761 542 830 jam
579 765 830 832 persequi
860 767 1247 834 Athanasium,
1281 769 1362 824 vel
1415 784 1515 824 nos
1547 770 1812 824 facientes
1861 781 2050 826 contra

436 866 583 911 tuam
609 857 890 925 hmresim,
921 874 989 915 ne
1020 861 1182 917 istius
1213 860 1451 916 Herodis
1484 863 1739 932 exemplo
1781 862 2053 932 disperire

435 946 689 1019 incipias;
720 950 875 1020 Cujus
908 954 1190 1008 interitum
1217 955 1462 1023 loquitur
1495 970 1647 1009 sacra
1672 956 1942 1024 scriptura
1972 956 2054 1010 di-

435 1057 568 1098 cens
600 1063 614 1099 :
657 1044 937 1101 Descendit
977 1067 1008 1100 a
1036 1047 1226 1103 Juda'a
1280 1047 1514 1104 Cazsarea
1540 1059 1585 1117 η,
1620 1050 1793 1121 ibique
1840 1053 2049 1105 mansit.

439 1133 570 1190 Erat
597 1148 772 1191 autem
804 1140 1019 1209 infestus
1063 1140 1234 1211 Tyriis
1277 1152 1322 1196 et
1373 1143 1770 1197 Sidoniensibus
1803 1161 1814 1196 :
1847 1153 1894 1208 et
1924 1161 2055 1196 una-

438 1232 600 1286 uimes
638 1243 882 1287 venerunt
912 1235 980 1287 ad
1012 1251 1148 1300 eum,
1178 1246 1227 1290 et
1257 1253 1503 1305 persuaso
1531 1235 1733 1302 Blasio,
1767 1238 1856 1306 qui
1883 1247 1993 1289 erat
2023 1253 2054 1288 a

437 1324 673 1379 cubiculo
730 1328 888 1399 regis.
947 1328 1276 1396 postulabant
1323 1346 1521 1400 pacem,
1554 1346 1614 1383 eo
1641 1331 1780 1401 quod
1822 1334 2056 1401 regiones

438 1433 618 1471 eorum
644 1418 707 1472 de
733 1420 875 1492 regia
907 1421 1190 1474 alerentur.
1228 1421 1440 1477 Statuto
1472 1433 1646 1474 autem
1688 1423 1772 1476 die
1824 1422 2055 1475 Herodes

439 1513 648 1567 restitas
677 1524 807 1566 reste
835 1514 999 1583 regafi
1019 1515 1149 1568 sedit
1173 1530 1268 1585 pro
1291 1515 1559 1578 tribunali,
1584 1527 1632 1570 et
1657 1517 2057 1570 conciouabatur

439 1606 509 1659 ad
535 1623 642 1661 eos.
675 1605 915 1677 Papulas
938 1617 1113 1662 autem
1161 1608 1416 1662 clamabat
1443 1625 1460 1662 :
1514 1608 1612 1664 Dei
1660 1625 1826 1674 voces,
1857 1617 1903 1661 et
1952 1625 2057 1662 non

438 1697 682 1752 hominis.
755 1696 1046 1771 Confestim
1100 1711 1273 1754 autem
1337 1704 1589 1770 percussit
1659 1718 1775 1754 eum
1844 1701 2059 1770 angelus

442 1792 675 1856 Domini,
708 1795 832 1865 quia
860 1812 962 1848 non
989 1796 1128 1849 dedit
1151 1796 1399 1850 honorem
1430 1793 1562 1860 Deo,
1594 1807 1639 1848 ct
1664 1795 1914 1849 vermibus
1945 1812 2059 1850 sca-

2157 583 2282 650 quia
2339 583 2576 639 tenebras
2604 585 2878 640 violentia:
2923 586 3112 641 oculos
3159 585 3274 655 ejus
3313 595 3720 648 excmcaverunt,

2157 675 2284 745 quid
2331 678 2376 731 si
2416 677 2752 734 interfecerit
2792 678 2912 748 quis
2952 678 3173 750 fratrem
3204 679 3534 748 suumlquid
3561 679 3602 734 si
3640 678 3721 732 ho-

2159 769 2354 824 micida
2413 771 2630 826 fuerit?
2671 772 2780 828 Sed
2834 772 2932 826 tibi
2988 772 3120 828 nihil
3173 773 3384 828 videtur
3405 772 3712 828 homicidaei

2158 865 2247 932 qui
2311 873 2582 920 tantorum
2626 866 2720 922 Dei
2761 882 3042 922 servorum
3074 868 3330 923 inveniris
3373 866 3571 921 fudisse
3612 882 3720 919 san-

2157 956 2397 1025 guinem.
2435 956 2618 1012 Audes
2658 958 2775 1013 hinc
2827 959 2919 1014 Dei
2962 958 3156 1029 jubere
3205 959 3562 1014 sacerdotibus
3595 957 3720 1012 face.

2160 1064 2219 1104 re
2238 1093 2252 1117 ,
2279 1067 2400 1120 qua:
2428 1051 2529 1106 soli
2564 1061 2690 1106 sunt
2713 1053 2908 1123 placita
2937 1053 3073 1124 patri
3101 1062 3280 1108 vestro
3304 1053 3534 1110 diabolo.
3558 1063 3611 1108 et
3639 1067 3720 1108 vo-

2161 1143 2244 1198 bis
2300 1147 2514 1201 Arianis
2560 1146 2685 1200 filiis
2729 1148 2869 1217 ejus.
2927 1147 3177 1203 llortatur
3210 1148 3332 1202 item
3374 1146 3722 1202 sanctissimus

2159 1238 2438 1307 apostolus
2491 1248 2543 1292 ut
2589 1239 2817 1308 justitiam
2872 1241 2975 1296 iter
3029 1249 3273 1295 tenentes
3321 1238 3374 1293 in
3427 1249 3720 1309 perpetuam

2161 1344 2471 1383 mercamur
2497 1333 2753 1384 constitui
2796 1333 3074 1402 requiem;
3125 1339 3180 1385 et
3217 1340 3271 1385 tu
3312 1331 3390 1384 vir
3413 1330 3724 1395 SﬂlIlE|lll>Sl-

2163 1437 2282 1475 mus
2304 1423 2585 1490 compellis
2603 1439 2701 1477 nos
2724 1423 2790 1479 ad
2809 1434 3040 1479 :eternos
3061 1425 3244 1478 venire
3263 1435 3428 1477 tecum
3451 1427 3721 1479 cruciatus.

2164 1515 2312 1580 Filii,
2340 1533 2486 1571 nemo
2510 1534 2595 1571 vos
2619 1518 2770 1587 fallat
2795 1519 2843 1572 :i
2877 1519 2962 1586 qui
2985 1519 3109 1587 facit
3124 1518 3577 1590 justitiam,iustus
3591 1516 3721 1570 est“:

2163 1612 2249 1680 qui
2271 1620 2440 1663 autent
2467 1612 2592 1682 facit
2616 1621 2882 1680 peccatum
2907 1628 2936 1664 a
2961 1611 3165 1664 diabolo
3188 1625 3287 1676 est,
3315 1611 3546 1680 quoniam
3579 1609 3725 1678 origi-

2164 1722 2227 1758 ne
2258 1703 2273 1741 ι
2307 1705 2542 1760 diabolus
2572 1715 2765 1775 peccat.
2795 1706 2870 1758 Ad
2892 1706 2986 1759 hoc
3011 1705 3145 1760 enim
3168 1705 3449 1758 declaratus
3474 1716 3544 1757 est
3576 1701 3726 1755 Filius

2164 1797 2281 1862 Dei,
2307 1809 2360 1851 ut
2392 1799 2606 1852 solveret
2637 1814 2793 1869 Opera
2819 1797 3012 1852 diaboli
3047 1796 3210 1868 (Ibid.
3231 1813 3307 1860 Ill,
3333 1795 3407 1864 7).
3437 1795 3592 1864 Igitur
3612 1809 3723 1849 cum

441 1899 549 1943 lens
591 1891 875 1959 exspiravit
933 1889 1098 1961 (Ibid.
1155 1891 1269 1960 i9).
1320 1890 1617 1961 lgnorabas
1651 1900 1704 1944 tu
1740 1932 1755 1958 ,
1815 1891 1901 1960 qui
1927 1889 1954 1928 δ
2005 1900 2055 1945 te
2087 1892 2134 1951 B
2161 1891 2372 1946 dicatur
2401 1893 2468 1945 ab
2490 1894 2736 1963 apostolo
2758 1935 2771 1959 ,
2803 1895 2926 1963 quia
2955 1895 3023 1946 sit
3055 1903 3327 1961 peccatum
3357 1905 3385 1944 a
3409 1890 3650 1956 diabolo,
3679 1897 3726 1942 et

439 1983 816 2056 legiSperitum
868 1986 949 2040 vis
1005 1985 1228 2052 videri,
1297 1985 1505 2041 dixisse
1565 1985 1834 2040 Joannem
1899 2000 2058 2055 apos-

440 2081 614 2136 tolum
660 2092 708 2145 ο,
734 2091 792 2136 ιιι
819 2097 943 2136 cum
970 2081 1186 2137 diceres
1213 2078 1264 2144 δ,
1300 2080 1556 2135 Damnate
1581 2084 1942 2135 innocentem:
1973 2078 2058 2135 Ex

448 2184 469 2211 ο
505 2177 604 2229 hoc
631 2174 968 2245 intelligimus
995 2178 1242 2245 quoniam
1271 2175 1602 2247 cognorimus
1632 2190 1749 2227 eum
1769 2217 1781 2238 ,
1814 2175 1859 2227 si
1904 2191 2057 2227 man-

439 2270 564 2325 data
589 2274 703 2344 ejus
734 2285 1015 2325 servemus.
1046 2270 1146 2336 Qui
1168 2278 1340 2323 autem
1363 2268 1488 2321 dicit
1509 2285 1528 2322 :
1548 2268 1808 2333 Quoniam
1843 2268 2056 2338 cognovi

440 2382 590 2429 eum,
612 2374 661 2419 et
692 2364 942 2419 mandata
964 2365 1078 2436 ejus
1098 2381 1200 2418 non
1227 2363 1475 2428 custodit,
1509 2362 1735 2417 mendax
1783 2374 1857 2416 est
1881 2403 1895 2429 ,
1930 2374 1975 2417 et
2004 2364 2058 2415 in

445 2463 541 2516 hoc
570 2464 756 2516 veritas
779 2477 882 2515 non
912 2469 1006 2515 est.
1029 2459 1130 2528 Qui
1157 2469 1331 2515 autem
1359 2460 1672 2513 servaverint
1697 2459 1809 2528 ejus
1828 2458 2056 2523 verbum,

443 2571 562 2608 vere
591 2555 658 2608 ab
685 2555 758 2610 eis
790 2552 1014 2607 cltaritas
1047 2551 1145 2606 Dei
1167 2561 1521 2607 consummata
1543 2562 1616 2606 est
1650 2551 1944 2619 (lJo:m.II,
1978 2549 2055 2621 '5).

440 2648 522 2704 Tu
575 2650 689 2704 fieri
746 2647 1000 2718 pnecipis
1045 2657 1236 2701 contra
1284 2647 1383 2701 Dei
1439 2647 1754 2701 mandatum
1788 2668 1799 2700 :
1833 2654 1890 2700 et
1928 2660 2060 2700 cou-

441 2754 525 2800 tra
543 2744 830 2815 apostolus
851 2742 1017 2809 dicit,
1044 2742 1170 2812 quia
1194 2742 1284 2812 qui
1309 2756 1415 2796 non
1442 2739 1768 2796 cusmdierit
1792 2747 2059 2809 prazcepta

443 2833 598 2911 ejus,
635 2854 737 2894 nec
772 2837 993 2908 quidem
1029 2836 1345 2908 cognoverit
1393 2851 1548 2900 eum;
1594 2835 1750 2904 quia,
1783 2833 1986 2903 inquit,
2015 2832 2059 2887 si

443 2934 630 2990 dicat:
660 2933 889 3006 Cognovi
934 2948 1090 2998 eum,
1125 2941 1170 2985 et
1202 2930 1452 2985 mandata
1493 2933 1606 3002 ejus
1651 2945 1755 2982 non
1799 2927 2059 2992 custodit,

442 3028 672 3083 mendax
701 3036 818 3092 est,
848 3035 896 3081 et
932 3027 986 3078 in
1025 3024 1123 3078 eo‘
1154 3024 1340 3077 veritas
1381 3039 1484 3076 non
1525 3031 1600 3076 est
1639 3020 1805 3090 (Ibid.
1831 3019 1910 3089 4).
1968 3017 2062 3073 Vis

438 3137 541 3178 nos
571 3136 696 3177 esse
734 3120 1033 3174 mendaces
1055 3160 1068 3182 ,
1102 3116 1183 3172 vis
1218 3116 1521 3174 homicidas
1556 3115 1791 3170 inveniri
1843 3114 1910 3168 ad
1958 3113 2061 3169 hoc

440 3217 566 3273 siue
606 3214 777 3269 dubio
811 3228 878 3267 ne
921 3210 1218 3266 ChriSIiani
1275 3225 1400 3264 esse
1454 3207 1822 3278 reperiantur.
1873 3205 2060 3274 Neque

2165 1997 2218 2043 tu
2251 1989 2548 2058 compellas
2575 2004 2673 2043 nos
2701 1988 2923 2043 crimina
2955 1986 3204 2057 capitalia
3225 1985 3579 2049 committere,
3610 1981 3725 2052 qtlld

2163 2089 2215 2136 te
2247 2081 2391 2134 aliud
2423 2095 2642 2151 possum
2679 2080 2892 2147 dicere,
2939 2079 3039 2134 nisi
3086 2088 3476 2147 procuratorem
3504 2075 3726 2131 diaboli?

2161 2192 2286 2230 cum
2316 2191 2479 2245 quem
2510 2176 2722 2230 videam
2756 2176 2828 2231 ita
2861 2175 2978 2246 ejus
3008 2174 3234 2244 diligere
3281 2187 3464 2228 causas
3486 2213 3500 2238 ,
3525 2172 3594 2226 ita
3620 2171 3728 2240 ejus

2162 2269 2349 2325 Colere
2381 2285 2528 2336 rem,
2566 2278 2627 2324 ut
2656 2281 2883 2324 cunctos
2921 2285 3018 2324 nos
3050 2269 3103 2323 iu
3145 2267 3261 2338 ejus
3310 2266 3488 2336 cupias
3511 2264 3729 2319 invmiri

2166 2375 2338 2434 parte.
2385 2364 2540 2421 Unde
2564 2366 2766 2420 ctenim
2799 2380 3015 2420 omnem
3046 2364 3138 2420 Dei
3171 2363 3423 2419 cultorem
3465 2360 3731 2429 compellis

2164 2458 2229 2514 ad
2261 2459 2436 2529 ipsum
2484 2459 2664 2515 facere
2707 2461 2991 2514 transitum
3014 2501 3029 2523 ,
3062 2458 3162 2512 uisi
3212 2457 3333 2527 quia
3375 2454 3630 2524 delegeris
3662 2451 3734 2505 fa-

2164 2566 2290 2605 vere
2321 2552 2460 2621 parti
2488 2552 2769 2619 ejusdem?
2794 2551 2961 2605 Audis
2980 2551 3158 2604 dicere
3183 2549 3389 2603 beatum
3407 2547 3731 2618 apostolum:

2168 2642 2370 2696 Idcirco
2396 2642 2687 2698 declaratus
2708 2652 2781 2696 est
2805 2641 2852 2694 F
2855 2644 2974 2696 ilius
2993 2641 3088 2696 Dei
3112 2683 3126 2707 ,
3156 2650 3208 2694 ut
3236 2641 3440 2695 solveret
3462 2655 3608 2710 apera
3629 2637 3736 2689 dia-

2163 2739 2269 2792 boli
2300 2736 2466 2808 (Ibid.
2513 2737 2602 2808 8);
2659 2746 2713 2792 et
2761 2747 2815 2791 tu
2878 2737 2952 2791 sis
2994 2751 3188 2806 urgens
3220 2734 3312 2789 Dei
3351 2735 3582 2787 cultores
3609 2743 3736 2797 Opus

2164 2848 2547 2889 consummare
2573 2831 2801 2887 diaboli.
2832 2832 2963 2886 Cum
3009 2833 3123 2885 lucc
3144 2831 3285 2900 agis,
3327 2842 3499 2882 nonne
3545 2824 3738 2879 videris

2167 2928 2599 2998 impugnatorcm
2624 2939 2675 2982 te
2697 2926 3048 2981 constituisse
3070 2924 3185 2994 ejus
3205 2963 3218 2986 ,
3238 2923 3323 2993 qui
3347 2921 3560 2975 solverit
3581 2932 3736 2988 opera

2165 3021 2404 3077 diaboli?
2433 3021 2538 3076 Sed
2587 3036 2690 3076 nou
2734 3019 3037 3076 mirandum
3068 3018 3112 3073 si
3140 3015 3365 3086 elegeris
3397 3023 3450 3068 ut
3478 3029 3592 3082 qua:
3635 3013 3740 3066 dis~

2164 3114 2329 3169 Solvit
2347 3113 2536 3168 unicus
2552 3113 2722 3169 Filius
2744 3114 2859 3178 Dei,
2881 3113 2995 3167 haec
3023 3110 3230 3182 possint
3255 3105 3556 3164 modificari
3583 3119 3674 3173 per
3693 3114 3740 3158 te

2169 3209 2377 3264 Dialioli
2410 3209 2726 3272 satellitem,
2755 3204 3188 3278 quandoquidem
3221 3219 3318 3258 nec
3348 3204 3513 3271 ipsum
3545 3214 3739 3268 negare

442 3312 592 3368 enim
638 3309 934 3364 mendaces
963 3348 976 3371 ,
1023 3320 1202 3376 neque
1247 3303 1536 3359 homicida:
1578 3314 1702 3357 sunt
1734 3301 2055 3357 Christiani.
2089 3279 2134 3341 Ο
2167 3301 2530 3368 dubitaveris,
2556 3302 2643 3371 qui
2677 3317 2814 3372 opus
2861 3299 3061 3356 diaboli
3091 3297 3429 3353 destruxerit.
3478 3295 3608 3349 llinc
3651 3291 3743 3346 tibi

443 3402 748 3474 Apo-tolus
773 3400 937 3455 dicit:
965 3398 1394 3466 Quiservaverint
1413 3401 1529 3470 ejus
1552 3395 1779 3459 verbum,
1800 3411 1914 3449 vere
1942 3410 2062 3448 con-

440 3507 704 3556 summata
725 3505 798 3551 est
822 3493 1050 3548 charitas
1072 3491 1172 3548 Dei
1189 3493 1330 3564 apud
1353 3493 1470 3546 illos
1488 3501 1512 3539 8
1544 3490 1650 3562 (Ib.
1668 3490 1724 3560 5)
1742 3507 1755 3556 ;
1775 3500 1829 3545 et
1851 3499 2062 3558 aposta-

447 3606 498 3652 ta
522 3607 832 3662 prtecnrsor
853 3590 1162 3647 antichristi
1184 3590 1348 3643 dicis:
1372 3589 1692 3654 Quicumque
1712 3604 1814 3642 non
1839 3588 2061 3640 custodit

442 3687 692 3743 maudata
715 3687 880 3748 illius,
901 3686 1050 3739 vivet.
1077 3683 1287 3747 Adhuc,
1308 3682 1409 3750 Qui
1426 3682 1549 3735 dicit
1577 3698 1631 3735 se
1651 3681 1909 3735 inlumine
1930 3698 2060 3748 esse,

443 3782 652 3852 inquit,
679 3791 725 3835 et
752 3783 965 3851 fratrem
1005 3795 1157 3832 suum
1199 3778 1339 3844 odit,
1361 3778 1414 3830 in
1447 3777 1667 3830 tenebris
1689 3786 1764 3830 est
1788 3792 1950 3845 usque
1966 3775 2055 3828 ad-

445 3877 567 3930 huc.
601 3873 703 3939 Qui
734 3882 909 3927 autem
935 3881 1076 3925 autat
1108 3873 1322 3941 fratrem
1350 3887 1532 3936 suum,
1557 3871 1610 3922 in
1638 3869 1832 3925 lumine
1862 3886 2064 3941 perma-

445 3977 530 4024 net
557 4009 572 4031 ,
599 3977 648 4021 et
669 3966 978 4020 scandalum
999 3982 1101 4018 non
1125 3974 1199 4018 est
1217 3965 1271 4017 in
1299 3979 1381 4023 eo.
1403 3963 1506 4030 Qui
1528 3974 1700 4017 autem
1723 3965 1829 4017 odit
1855 3968 2065 4032 fratrem

445 4075 628 4123 suum,
672 4057 776 4112 inh
800 4058 1022 4113 tenebris
1061 4057 1328 4122 ambulat,
1369 4067 1420 4112 et
1465 4060 1623 4111 nescit
1652 4074 1754 4127 quo
1795 4068 1906 4125 eat,
1939 4075 2067 4129 quo-

447 4153 593 4208 niam
619 4151 844 4207 teuebrte
904 4151 1304 4205 cbscuraverunt
1332 4167 1420 4205 cor
1448 4153 1566 4223 ejus
1596 4150 1757 4223 (Ibid.
1801 4149 1878 4223 9).
1927 4152 2065 4220 Quid

445 4263 475 4302 a
501 4255 555 4301 te
605 4245 904 4300 tenebroso
935 4245 1137 4315 pcterit
1163 4243 1269 4300 dici
1299 4245 1367 4299 ad
1400 4245 1552 4299 hate?
1584 4259 1683 4300 cur
1715 4245 1767 4300 in
1803 4247 2061 4302 tenebras

443 4341 796 4405 constitutus,
829 4354 934 4393 non
967 4340 1018 4392 in
1044 4338 1248 4393 lumine
1279 4337 1418 4393 dicis
1446 4354 1459 4389 :
1488 4337 1640 4393 Odite
1676 4356 1875 4392 mecum
1903 4352 1949 4394 et
1973 4356 2057 4394 vos

446 4449 563 4490 eum
583 4449 734 4504 quem
753 4448 849 4504 ego
873 4433 1065 4504 injuste
1086 4433 1174 4486 odi
1191 4472 1205 4495 ,
1224 4442 1384 4486 estote
1418 4433 1818 4502 comparticipes
1845 4434 2064 4489 insania:

449 4542 576 4582 mea
596 4567 610 4592 ,
641 4536 803 4582 estote
829 4535 883 4581 ut
913 4541 1006 4596 ego
1033 4529 1191 4580 etiam
1221 4540 1310 4579 vos
1333 4524 1632 4579 homicidia.
1669 4525 1876 4580 Deinde
1906 4527 1951 4580 si
1976 4527 2062 4581 di-

444 4625 554 4692 cit,
580 4623 710 4696 quia
738 4623 828 4693 qui
859 4621 970 4676 odit
999 4625 1216 4692 fratrem
1255 4637 1442 4686 suum,
1497 4620 1797 4676 intenebris
1830 4622 2062 4678 ambulat

2163 3403 2246 3449 est
2279 3410 2376 3464 pro
2405 3394 2577 3449 nihilo
2605 3409 2854 3448 cruorem
2885 3391 3110 3448 fundere
3138 3389 3460 3452 innOCeniis,
3491 3386 3613 3457 quia
3637 3389 3741 3455 jam

2165 3490 2536 3543 innocentium
2566 3497 2864 3543 amatorem
2887 3496 2943 3542 et
2963 3501 3181 3542 suorum
3213 3485 3470 3539 cultorum
3499 3479 3744 3535 defenso-

2166 3598 2279 3638 rem
2315 3598 2519 3652 negans
2556 3583 2853 3637 contuleris
2892 3591 3058 3637 temet
3087 3579 3152 3634 ad
3184 3594 3336 3642 emn,
3370 3577 3433 3631 ad
3482 3591 3636 3644 quem
3686 3587 3744 3626 se

2167 3677 2463 3733 contulerit
2500 3677 2751 3732 SetiriOth
2779 3675 2965 3732 Judas.
2999 3674 3053 3731 Si
3085 3677 3262 3742 itaque
3293 3686 3484 3737 negare
3516 3685 3618 3722 non
3654 3681 3743 3736 po-

2171 3782 2283 3838 tes,
2322 3773 2445 3842 quia
2486 3785 2619 3840 opus
2648 3771 2717 3825 sit
2753 3769 2955 3824 diaboli
2981 3768 3084 3822 viri
3120 3765 3250 3835 juSIi
3283 3765 3500 3820 fundere
3526 3760 3744 3831 sangui-

2171 3881 2294 3922 nem
2320 3906 2335 3932 ,
2367 3865 2554 3934 utique
2595 3874 2679 3920 est
2706 3864 2912 3919 clarum
2954 3872 3003 3918 te
3031 3860 3229 3916 diaboli
3259 3873 3417 3929 cpi-ra
3445 3856 3664 3919 fecisse,
3693 3863 3745 3908 et

2173 3977 2294 4027 nos,
2324 3970 2383 4015 ut
2404 3960 2724 4027 faceremus,
2741 3960 3035 4015 hortatum.
3059 3956 3250 4013 Adhuc
3271 3956 3496 4025 loquitur
3515 3950 3742 4005 Joannes

2178 4058 2287 4112 Deo
2315 4059 2719 4112 amantissimus
2737 4064 2796 4112 ut
2827 4058 3056 4111 fraterna
3084 4053 3330 4108 inviolata
3355 4056 3594 4105 teneatur
3621 4045 3742 4098 cha-

2174 4152 2306 4206 ritas
2335 4193 2348 4218 ,
2381 4152 2572 4206 dicens
2605 4169 2618 4204 :
2653 4149 2737 4205 Ea:
2775 4149 2871 4204 hoc
2897 4157 3143 4218 apparent
3179 4145 3302 4199 Filii
3326 4144 3416 4198 Dei
3445 4152 3487 4197 et
3512 4141 3606 4210 ﬁlii
3632 4140 3741 4192 dia-

2171 4244 2296 4299 boli.
2333 4245 2514 4300 Omnis
2535 4246 2620 4314 qui
2648 4260 2749 4298 non
2775 4253 2848 4297 est
2868 4246 3046 4315 justus
3069 4280 3085 4306 ,
3119 4255 3218 4293 non
3239 4248 3310 4291 est
3339 4253 3398 4290 ea:
3426 4233 3558 4298 Deo,
3583 4243 3632 4287 et
3660 4229 3741 4298 qui

2171 4358 2275 4397 non
2297 4349 2438 4394 amat
2469 4345 2685 4412 fratrem
2709 4354 2881 4404 suum,
2909 4335 3269 4408 quoniamhatc
3291 4341 3361 4386 est
3388 4326 3739 4399 repromissioIn

2169 4454 2326 4509 quam
2351 4435 2571 4491 audistis
2602 4435 2663 4488 ab
2715 4434 2894 4498 initio,
2927 4442 2981 4486 ut
3012 4445 3238 4484 amemus
3269 4436 3296 4464 ιι
3317 4429 3614 4480 alterutrum
3636 4461 3650 4483 ,
3694 4427 3741 4470 et

2170 4547 2271 4584 non
2289 4530 2421 4584 sicut
2439 4527 2566 4583 Cain
2588 4529 2676 4598 qui
2699 4535 2723 4562 ο
2753 4541 2815 4581 ea:
2842 4525 3063 4598 maligno
3087 4523 3184 4594 fuit
3207 4531 3252 4576 et
3274 4516 3521 4587 interfecit
3538 4515 3740 4583 fratrem

2168 4641 2339 4679 suum.
2379 4622 2442 4677 Et
2485 4631 2692 4694 propter
2721 4622 2846 4692 quid
2873 4619 3124 4691 interfecit
3154 4616 3304 4672 eum?
3330 4611 3572 4682 Quoniam
3594 4619 3740 4677 apere

523 4801 650 4874 “_In
676 4801 964 4874 Caesaream
993 4800 1129 4868 legit
1150 4799 1339 4855 Sabat.
1367 4799 1526 4874 vers.
1563 4801 1691 4856 Ant.
1725 4801 2053 4858 Descendens
2083 4809 2137 4872 ι)
2161 4805 2392 4859 ambulat
2417 4820 2435 4869 ;
2464 4812 2512 4857 et
2539 4811 2919 4858 exctecaverunt
2938 4800 3134 4874 foculos
3162 4804 3292 4874 ejus.

451 4874 514 4930 ab
542 4872 674 4929 Jud.
710 4874 765 4946 in
792 4873 938 4946 Cass.
983 4875 1276 4926 morabatur
1427 4871 1661 4929 Herodes
1683 4876 1869 4928 animis
1896 4876 2058 4946 infes-

451 4957 534 5003 tus
702 4944 973 5001 Sidoniis:
1000 4947 1271 5018 unanimes
1306 4954 1480 4999 autem
1648 4963 1801 5018 super
1841 4944 2056 5001 cubicu-

451 5018 561 5073 lum
708 5018 939 5071 civitates
1083 5017 1296 5069 indutus
1318 5029 1504 5071 vestem
1541 5017 1770 5087 regalem
1801 5029 1848 5072 et
1877 5020 2057 5075 sedens

574 5088 956 5161 succlamabat:
1007 5087 1100 5142 Dei
1138 5103 1236 5141 vox
1404 5105 1463 5144 eo
1505 5089 1647 5161 quod
1691 5106 1794 5144 non
1838 5090 2058 5146 dedisset

453 5162 678 5234 gloriam
708 5160 837 5227 Deo,
865 5170 914 5214 et
928 5169 1266 5234 consumptus
1288 5175 1442 5214 verm.

526 5233 554 5272 δ
590 5232 723 5304 \jiate
750 5242 871 5304 not.
905 5236 958 5286 in
989 5232 1084 5304 lib.
1114 5229 1445 5304 Moriendum
1466 5249 1559 5304 pro
1587 5232 1732 5288 Filio
1757 5233 1878 5289 Dei.

533 5315 555 5344 ο
591 5302 808 5357 Beatum
841 5303 1167 5373 Apostolum.
1207 5302 1381 5358 Vatic.

531 5372 556 5413 ι¹
574 5373 641 5431 Ut
657 5376 874 5430 diceres.
891 5372 982 5429 ιιι.
1007 5376 1349 5448 δειιβιιςθεῑλ
1376 5376 1652 5444 ignorabas
1669 5422 1683 5443 ,
1706 5396 1821 5432 cum
1845 5380 2067 5448 diceres,

454 5447 718 5504 Dsmuate
736 5445 1564 5505 ἰιιιιοοθιιιθιηΛὶεἰηρΙοαηηρτη
1581 5450 1763 5504 οιιι.υι
1779 5445 2066 5510 redundat;

532 5519 766 5596 'Graec.
810 5523 893 5596 seni
921 5519 971 5572 ἐν
1008 5519 1551 5596 ςτούτῳηγίνωᾳκομεν
1578 5563 1592 5585 ,
1656 5519 1735 5576 ὅτι
1786 5524 2070 5596 ἐγνώκαμεν

459 5590 636 5655 absis,
665 5603 763 5647 etc.
809 5590 960 5666 Vers.
985 5589 1245 5666 ΔΑιιιςΕτ
1265 5595 1320 5666 in
1351 5589 1833 5666 hoc'cognoscimui
1865 5589 1999 5660 eunt",
2026 5599 2068 5650 si

458 5666 853 5718 servaverimus.
890 5662 996 5729 Qui
1038 5663 1164 5717 dicit
1207 5664 1329 5733 quia
1369 5662 1606 5728 cognovit
1777 5679 2060 5726 servat

459 5737 734 5789 servaverit
763 5777 801 5791 ..
817 5776 850 5788 ..
883 5737 937 5789 in
961 5735 1057 5788 hoc
1075 5735 1302 5800 perfecta
1324 5746 1398 5789 est
1428 5736 1636 5792 dilectio
1657 5736 1777 5792 Dei.

538 5804 558 5844 ¹
595 5809 770 5864 διιιιη
801 5807 854 5860 in
879 5806 978 5861 hoc
1007 5807 1149 5863 idem
1185 5805 1358 5862 Lucil.

534 5887 560 5950 β
591 5877 669 5950 ᾼὸ
696 5879 770 5932 eis
797 5879 1154 5950 idem_supra.

534 5945 752 6008 ll~Vers.
777 5948 908 6006 Aut.
932 5945 1075 6006 Nam
1103 5953 1193 6022 qui
1218 5952 1273 6008 in
1300 5953 1522 6009 tenebris
1543 5963 1617 6010 est
1641 5996 1654 6021 ,
1685 5966 1735 6010 et
1764 5957 1816 6011 in
1846 5957 2065 6016 tenebris

2243 4877 2254 4914 ί
2300 4875 2598 4930 Homicida.
2633 4875 2816 4930 Latin.
2840 4886 2894 4930 et
2924 4872 3153 4929 Galand.

2240 4960 2252 4998 ι
2293 4947 2450 5004 Vers.
2482 4951 2613 5002 Aut.
2643 4947 2873 5001 Filioli..
2909 4985 2921 4999 .
2951 4944 3180 5001 seducat.

2237 5018 2260 5057 ¹ί
2295 5019 2464 5075 Addit
2499 5019 2659 5074 Vers.
2684 5019 2814 5074 Ant.
2863 5017 3011 5074 Sicut
3048 5026 3096 5071 et
3138 5017 3226 5072 ille
3259 5018 3433 5089 justus
3481 5026 3584 5081 est;
3623 5028 3736 5084 qua:

2167 5103 2349 5148 tamen
2380 5092 2583 5147 desunt
2617 5094 2668 5145 in
2696 5105 2827 5146 mss.
2862 5090 3205 5159 quibusdam.

2247 5164 2262 5201 ι
2289 5163 2442 5220 Vers.
2461 5163 2589 5218 Ant.
2615 5162 2751 5228 Quia
2771 5161 2832 5215 ab
2855 5163 3047 5216 initio..
3080 5201 3093 5215 .
3117 5159 3180 5215 In
3200 5160 3294 5215 hoc
3308 5161 3736 5228 manifestatus....

2167 5237 2352 5291 solvat.
2385 5233 2605 5291 Lucifer
2636 5235 2752 5299 ipse
2783 5233 2945 5288 habet
2973 5233 3113 5287 infra
3134 5233 3323 5286 idcirco
3353 5248 3447 5304 pro
3473 5230 3539 5283 ad
3557 5229 3674 5304 boc.

2251 5307 2287 5327 ¹“
2324 5306 2478 5363 Vers.
2515 5304 2720 5363 Aut.In
2757 5305 2854 5359 hoc
2897 5305 3209 5366 manifestali
3254 5303 3460 5358 sunt....
3487 5320 3516 5356 a
3546 5303 3736 5355 0:0,...

2179 5397 2281 5433 non
2308 5379 2574 5453 diligit....
2608 5379 2822 5453 quia....
2855 5378 3184 5453 annunciatio
3203 5393 3354 5453 quam
3377 5373 3739 5453 audivimusab

2177 5453 2346 5504 initio.
2375 5445 2553 5507 G'raac.
2583 5445 2640 5511 ἣίο
2660 5451 2912 5511 ἠκούσατε
2931 5491 2946 5515 ,
2979 5460 3036 5504 ut
3064 5445 3272 5504 Lucrfer
3304 5450 3390 5519 qui
3423 5447 3576 5502 habet
3605 5445 3738 5498 infra

2177 5522 2242 5576 ab
2272 5524 2470 5596 origine
2499 5538 2596 5596 pro
2621 5522 2880 5596 ab_initio.

2250 5604 2276 5631 ιι
2313 5587 2466 5650 νῖιιε.
2498 5587 2628 5650 λιιι.
2666 5593 2955 5666 Diligamus
3001 5593 3210 5647 invicem
3233 5633 3266 5666 ,ν
3289 5609 3477 5666 non...
3501 5587 3738 5666 μοιδεῖ

2180 5666 2458 5721 occidit....
2521 5666 2588 5721 Et
2610 5662 2893 5740 cujus'rei
2947 5667 3115 5740 gratia
3157 5663 3388 5740 occidit?
3421 5662 3543 5740 quia
3595 5676 3742 5740 opera

2177 5743 2384 5812 ejus....
2421 5739 2599 5812 fratris
2626 5733 2746 5812 vero
2772 5733 2976 5812 eius";
3007 5735 3466 5812 mundus....__quia
3509 5733 3740 5785 transivi-

2177 5805 2287 5866 mus
2313 5805 2471 5867 de..'..
2497 5811 2618 5882 quia
2649 5807 3004 5882 diligimus....
3031 5810 3133 5882 Qui
3165 5826 3263 5882 non
3292 5805 3475 5882 diligit.

2249 5894 2272 5919 ο
2309 5885 2436 5938 Cain
2481 5878 2546 5938 ex
2593 5878 3049 5954 ntalig'no.r\lalic.
3092 5881 3168 5954 ita
3197 5879 3466 5954 inﬁrma)
3492 5878 3740 5934 omittitur

2172 5957 2261 6027 qui
2286 5997 2301 6025 ,
2336 5958 2412 6012 uti
2446 5957 2610 6014 etiam
2643 5969 2673 6010 a
2702 5949 2956 6013 Lucifero
2987 5952 3163 6025 paullo
3198 5949 3434 6006 inferius.
