4582 6400
761 407 867 463 907

1856 401 2188 462 LUCIFEBI
2233 401 2548 462 EPISCOPI
2591 402 3019 462 CALARITANI
4013 406 4100 468 908

760 529 964 594 Deum,
989 525 1080 581 sed
1096 525 1237 598 quod
1259 524 1370 593 ipse
1396 521 1644 578 amaverit
1671 537 1762 576 nos
1790 531 1815 560 ι
1838 565 1853 590 ,
1881 529 1928 576 et
1954 521 2148 576 miserit
2179 518 2383 576 Filium
2411 527 2457 587 Α
2487 530 2580 577 aut
2628 522 2980 580 homicidium
3048 524 3344 580 fuissemus
3427 523 3736 595 perpetrati
3762 566 3776 589 ,
3827 529 3922 577 aut
3993 539 4101 596 apo-

757 639 912 678 suum
933 621 1250 692 expiatorent
1281 629 1614 690 peccatorum
1644 614 2310 680 nostrorum.CItarissimi,
2342 614 2388 668 si

759 733 880 789 ergo
906 717 980 770 sic
1014 713 1154 770 Deus
1195 713 1386 767 amavit
1429 728 1555 777 nos,
1587 728 1679 766 nos
1709 721 1759 766 et
1800 710 2042 764 debemus
2073 709 2388 764 alterutrum

759 827 938 864 amare
967 807 1128 883 (Ibid.
1163 808 1240 879 8).
1302 807 1371 863 Et
1404 808 1606 862 iterum
1638 824 1652 861 :
1684 805 1745 861 Si
1768 805 1883 878 quis
1915 805 2043 859 dicit
2071 803 2122 872 ι’,
2151 805 2276 874 quia
2305 803 2387 858 di-

759 907 875 979 ligit
903 905 1089 968 Deum,
1111 913 1161 959 et
1178 907 1394 974 fratrem
1414 917 1565 958 suum
1589 900 1720 967 odit,
1735 900 1960 955 mendax
1982 898 2190 966 est.Qui
2212 907 2387 953 autem

761 1006 978 1074 fratrem
1004 1017 1158 1055 suum
1183 1015 1285 1054 non
1308 1007 1472 1064 amat,
1494 996 1662 1051 Deum
1685 1012 1838 1067 quem
1859 1011 1964 1049 non
1983 993 2114 1049 vidit
2130 1005 2150 1033 ο
2166 1011 2272 1048 non
2291 1010 2386 1065 po.

761 1106 858 1154 test
885 1111 1062 1151 amare
1091 1093 1262 1167 (Ibid.
1288 1091 1408 1162 ΩΟ).
1443 1090 1512 1146 Et
1534 1091 1732 1146 iterum
1764 1107 1776 1145 :
1812 1087 1929 1143 [Ioc
1952 1086 2261 1143 mandatum
2291 1087 2387 1140 Ita-

757 1191 936 1246 bemus
957 1189 1022 1244 ab
1046 1190 1162 1259 ipso
1183 1201 1239 1241 ut
1259 1187 1349 1257 qui
1370 1196 1511 1240 amat
1538 1183 1707 1239 Deum
1722 1223 1738 1250 ,
1763 1191 1897 1236 amet
1919 1190 1967 1235 et
1988 1183 2209 1254 fratrem
2233 1195 2385 1236 suum

760 1285 928 1359 (Ibid.
971 1283 1091 1352 il).
1125 1282 1190 1337 Et
1217 1278 1243 1318 δ
1273 1280 1474 1336 iterum
1512 1295 1524 1331 :
1561 1278 1823 1345 Quoniam
1851 1285 1874 1313 ο
1903 1291 1969 1330 ex
2004 1275 2101 1329 Itoc
2138 1273 2387 1346 intelligi-

758 1395 913 1443 mus,
962 1377 1212 1450 quoniam
1240 1373 1257 1413 ί
1289 1389 1527 1430 antomus
1575 1372 1714 1441 filios
1765 1369 1896 1434 Dei,
1956 1369 2170 1441 quando
2217 1368 2385 1423 Deum

754 1489 1016 1538 amamus,
1047 1483 1094 1528 et
1117 1471 1366 1525 mandata
1391 1467 1557 1537 ipsius
1581 1465 1824 1537 facimus.
1851 1462 1979 1520 IItec
2002 1474 2076 1519 est
2102 1465 2240 1518 enim
2260 1463 2384 1517 cita-

755 1567 887 1622 ritas
903 1564 1001 1620 Dei
1021 1575 1044 1613 8
1067 1573 1146 1620 :et
1167 1563 1413 1616 mandata
1440 1559 1605 1627 ipsius
1629 1558 1809 1629 grauia
1829 1573 1933 1613 non
1959 1567 2077 1611 sunt
2092 1554 2200 1627 (Ib.
2223 1571 2276 1619 ν.
2296 1555 2380 1626 2).

765 1660 889 1717 Haec
917 1659 1178 1729 conspice
1214 1671 1386 1726 pauca
1408 1654 1479 1710 de
1509 1653 1698 1708 multis
1718 1694 1731 1717 ,
1763 1661 1819 1708 et
1851 1651 2102 1707 invenies
2133 1650 2202 1705 ad
2243 1664 2384 1721 quas

755 1767 860 1810 nos
887 1750 1124 1808 traxeris
1157 1749 1414 1805 tenebras
1436 1791 1451 1814 ,
1486 1756 1541 1802 tu
1569 1747 1740 1802 homo
1765 1745 2140 1800 tenebrarum.
2178 1742 2263 1800 Ex
2284 1743 2382 1799 hoc

754 1847 1096 1918 intelligimus
1119 1887 1134 1910 ,
1163 1843 1296 1899 dicit
1322 1884 1337 1909 ,
1369 1843 1616 1912 quoniant
1639 1857 1872 1895 amamus
1903 1839 2044 1908 ﬁlios
2094 1838 2227 1905 Dei,
2251 1856 2382 1908 quo-

2493 617 2745 675 stolicam
2805 620 3148 675 violaremus
3206 620 3391 685 ﬁdem,
3443 619 3700 676 Gaudeas
3756 617 3918 672 hucn
3955 628 4005 673 te
4054 623 4096 675 in

2494 711 2582 767 his
2608 711 2814 784 degere
2843 713 3036 780 malis,
3071 714 3182 769 nuli
3213 727 3560 784 cognoscere
3587 727 3711 784 qua:
3748 725 3911 781 geras
3941 711 4097 778 mala,

2490 815 2545 861 et
2582 805 2832 862 invenies
2881 807 3002 861 sine
3052 805 3221 862 dubio
3253 817 3306 863 te
3332 821 3460 862 esse
3505 808 3649 860 inter
3692 805 3962 876 malignos
3991 804 4098 861 illos

2489 916 2628 972 quos
2691 903 2944 972 designat
3009 902 3320 974 ad,ignem
3377 912 3641 958 venturos
3709 901 3973 956 Dominus
4023 898 4096 954 di-

2487 1009 2622 1051 cens
2653 1013 2666 1050 :
2700 993 2890 1052 Erient
2919 1003 2943 1031 ο
2971 998 3144 1069 angeli
3190 1008 3235 1053 et
3278 997 3596 1066 separabunt
3652 997 3832 1052 malos
3871 1013 3902 1049 a
3939 998 4099 1068 justo-

2487 1107 2605 1144 rum
2646 1092 3036 1146 conuersatione
3059 1134 3072 1157 ,
3099 1103 3148 1148 et
3180 1093 3380 1148 mittent
3410 1094 3531 1147 illos
3555 1093 3610 1147 in
3637 1097 3906 1146 caminum
3931 1090 4058 1162 ignis
4081 1107 4096 1144 :

2488 1185 2702 1240 ibi'erit
2758 1186 2917 1255 fletus
2966 1196 3015 1240 et
3057 1188 3254 1243 stridor
3299 1187 3533 1242 dentium
3585 1187 3777 1260 (Ibid.
3809 1184 3939 1255 b9).
3986 1185 4097 1256 Dig-

2490 1282 2640 1337 naris
2683 1295 2786 1352 pro
2833 1282 3007 1337 nihilo
3069 1283 3276 1339 habere
3312 1286 3566 1356 persequi
3617 1299 3820 1339 servos
3850 1283 3988 1338 unici
4020 1283 4095 1338 Fi-

2489 1370 2546 1425 lii
2580 1370 2715 1436 Dei,
2747 1382 2803 1427 tu
2851 1376 3158 1430 membrum
3189 1375 3426 1441 diaboli,
3471 1380 3560 1446 qui
3593 1376 3783 1431 fueras
3816 1376 4096 1431 arbitratus

2487 1465 2631 1535 quod
2673 1481 2893 1520 omnem
2929 1483 3123 1539 posses
3154 1469 3462 1540 perducere
3494 1471 3559 1524 ad
3594 1469 3930 1525 scandalum
3952 1485 4092 1525 sanc-

2487 1567 2599 1612 tam
2631 1559 2941 1616 ecclesiam.
2973 1562 3084 1618 Sed
3129 1565 3393 1633 conSpice
3430 1579 3552 1634 qua:
3603 1563 3704 1623 tibi
3739 1572 3903 1635 atque
3932 1564 4094 1618 omni-

2484 1649 2586 1708 bus
2616 1655 3012 1726 consacrilegis
3044 1656 3154 1710 tuis
3187 1657 3470 1726 promittat
3507 1657 3652 1711 Deus
3681 1673 3693 1709 :
3725 1657 3833 1722 Qui
3858 1658 4094 1729 acceperit

2484 1761 2643 1800 unum
2688 1765 2905 1819 puerum
2931 1751 3086 1804 talent
3111 1751 3167 1804 in
3210 1751 3420 1804 nomine
3461 1765 3602 1814 meo,
3654 1766 3739 1804 me
3765 1750 4091 1822 accipit:qui

2485 1854 2655 1897 autem
2683 1845 3118 1899 scandalisaverit
3146 1854 3307 1898 unum
3331 1846 3394 1897 de
3414 1843 3664 1914 pusillisp
3696 1845 3790 1910 qui
3819 1846 3873 1899 in
3895 1861 3971 1898 me
3997 1859 4091 1898 cre-

758 1943 900 1996 niam
925 1938 1136 1994 “Deum
1160 1952 1419 2003 amamus,
1446 1945 1492 1989 et
1519 1934 1769 1989 mandata
1788 1935 1956 2002 ipsius
1979 1933 2223 2004 facimus.
2252 1931 2378 1986 Ila'c
2411 1936 2459 1996 Β
2485 1937 2567 1990 dm

2279 1931 2378 1986 Itec
2411 1936 2459 1996 Β
2485 1937 2645 2005 dunt,
2675 1941 2881 2007 expedit
2911 1940 2954 1993 ei
2978 1951 3033 1994 ut
3058 1940 3410 2011 suspendatur
3432 1939 3572 1993 ntola
3601 1941 3841 1994 asinaria
3877 1941 3928 1993 in
3969 1939 4088 1991 collo

756 2047 834 2091 est
877 2035 1016 2090 enim
1056 2035 1286 2088 charitas
1319 2031 1413 2085 Dei
1445 2042 1502 2085 ut
1543 2030 1795 2084 mandata
1820 2030 1985 2101 ipsius
2028 2027 2379 2082 custodiamus

757 2131 988 2204 (Ibid.);
1013 2140 1069 2186 et
1097 2141 1153 2184 tu
1186 2143 1274 2182 me
1298 2127 1546 2194 dignaris
1573 2125 1862 2196 impellere
1889 2124 1956 2177 ad
1986 2124 2099 2177 haec
2124 2121 2378 2177 mandata

756 2224 1076 2292 dissipanda
1103 2264 1115 2284 ,
1163 2221 1269 2276 alia
1315 2231 1506 2275 contra
1541 2219 1655 2288 ipsa
1677 2259 1692 2284 ,
1735 2233 1856 2287 qua:
1888 2231 1985 2286 per
2031 2226 2084 2270 te
2116 2215 2378 2271 instinctu

754 2317 959 2374 diaboli
1011 2315 1226 2384 prolata
1267 2323 1430 2378 sunt,
1468 2313 1780 2366 instituere.
1826 2308 2112 2377 Quomodo
2143 2309 2376 2364 inveniri

762 2422 950 2482 potero
984 2410 1158 2465 Deum
1199 2420 1395 2461 amans
1419 2447 1433 2469 ,
1463 2405 1556 2474 qui
1590 2403 1712 2474 ejus
1759 2402 2147 2457 mandatorum
2185 2401 2380 2457 adver-

756 2509 936 2565 sarius
968 2522 1067 2578 per
1101 2513 1155 2561 le
1195 2504 1374 2557 iactus
1404 2500 1694 2555 inveniar?
1723 2498 1933 2566 Quibus
1964 2512 2028 2552 es
2069 2495 2227 2551 Iactis
2258 2496 2380 2566 quis

763 2602 894 2658 mihi
937 2616 1065 2658 esse
1107 2597 1360 2662 videris,
1395 2596 1500 2650 nisi
1533 2608 1675 2648 unus
1739 2608 1803 2648 ex
1849 2593 1958 2647 illis
1989 2591 2214 2646 zizaniis
2256 2590 2380 2646 des-

759 2693 951 2752 tinatis
978 2692 1131 2764 igni?
1165 2690 1235 2746 de
1265 2689 1464 2758 quibus
1502 2685 1767 2740 Dominus
1788 2727 1802 2751 ,
1845 2684 1996 2740 Sicut
2023 2699 2146 2753 ergo
2167 2725 2181 2748 ,
2213 2682 2375 2748 dicit,

755 2787 1079 2860 colliguntur
1119 2780 1320 2836 sizania
1345 2822 1360 2845 ,
1398 2787 1448 2834 et
1490 2777 1595 2848 igni
1644 2777 2040 2838 comburuntur.
2071 2776 2144 2829 sic
2189 2775 2286 2829 erit
2327 2775 2380 2828 in

756 2878 1198 2938 consummatione
1243 2872 1653 2930 swculi:mittet
1702 2871 1841 2938 filius
1888 2869 2112 2924 hominis
2164 2870 2381 2942 angelos

756 2994 877 3034 suos
901 3019 915 3044 ,
942 2986 988 3030 et
1009 2970 1393 3046 congregabnnt
1425 2967 1439 3004 ί
1465 2966 1529 3020 de
1549 2981 1708 3039 regno
1736 2968 1850 3038 ejus
1878 2967 2054 3020 omnia
2085 2963 2339 3020 scandala
2361 3007 2376 3030 ,

755 3083 805 3127 et
837 3087 920 3126 eos
940 3072 1027 3139 qui
1053 3067 1255 3139 faciunt
1276 3061 1605 3131 iniquitatem
1626 3075 1644 3124 ;
1669 3059 1947 3128 etzntittent
1976 3059 1988 3108 i
2028 3075 2114 3112 eos
2138 3059 2189 3111 in
2213 3058 2375 3112 cami-

757 3181 824 3220 no
847 3162 873 3200 κ
903 3161 1059 3233 ignis.
1087 3157 1168 3212 Ibi
1192 3157 1287 3211 erit
1316 3154 1491 3224 fletus,
1515 3161 1561 3206 et
1577 3150 1771 3204 stridor
1799 3149 2050 3204 dentium.
2077 3148 2224 3204 Tunc
2245 3150 2381 3222 justi

759 3255 1026 3330 fulgebunt
1069 3252 1201 3307 sicut
1242 3248 1321 3303 sol
1366 3247 1419 3300 in
1449 3261 1608 3316 regno
1651 3245 1814 3313 patris
1851 3244 1934 3297 sui
1974 3242 2196 3304 (Matth.
2253 3259 2376 3309 xm,

2484 2034 2628 2104 ejus,
2658 2041 2703 2086 et
2731 2044 2996 2102 mergatur
3011 2034 3066 2100 in
3098 2033 3418 2105 profundunt
3445 2037 3624 2088 maris.
3659 2033 3757 2088 Vae
3786 2045 3956 2088 autem
3982 2033 4089 2095 huic

2483 2125 2678 2179 mundo
2703 2125 2768 2180 ab
2794 2128 3080 2182 scandatis.
3109 2126 3334 2183 Necesse
3356 2137 3428 2182 est
3455 2129 3592 2182 enim
3617 2129 3792 2182 uenire
3813 2126 4088 2181 scandala:

2480 2228 2834 2273 verumtamen
2857 2235 2931 2274 ua:
2959 2218 3162 2275 homini
3190 2221 3269 2274 illi
3301 2238 3393 2292 per
3423 2237 3571 2290 quem
3599 2222 3913 2274 scandalum
3944 2221 4084 2274 renit.

2485 2309 2640 2375 Quod
2667 2312 2713 2366 si
2744 2330 2924 2366 manus
2952 2321 3042 2366 tua
3070 2355 3084 2377 ,
3117 2313 3196 2367 vel
3229 2330 3315 2382 pes
3359 2324 3476 2366 tuus
3503 2313 3835 2367 scandalizat
3887 2322 3933 2366 te
3956 2355 3969 2377 ,
4003 2312 4086 2365 nb-

2482 2403 2663 2458 scinde
2681 2420 2828 2469 eum,
2855 2415 2902 2458 et
2925 2406 3124 2479 projice
3144 2405 3235 2459 abs
3262 2416 3310 2460 te
3339 2405 3507 2472 (Ibid.
3542 2422 3695 2470 svnt,
3723 2407 3800 2476 5).
3832 2405 3901 2460 Et
3929 2405 4084 2460 infra:

2495 2494 2750 2551 Videtene
2771 2499 3114 2552 contentnatis
3144 2515 3302 2552 unmn
3323 2515 3385 2553 ea:
3406 2498 3485 2552 Itis
3509 2499 3716 2567 pusillis
3739 2509 3767 2549 ιι
3793 2516 3811 2552 .·
3835 2501 3950 2553 dico
3966 2500 4088 2552 enim

2482 2588 2620 2643 vobis
2643 2631 2656 2655 ,
2682 2590 2823 2659 quod
2844 2590 3018 2660 angeli
3041 2607 3218 2643 eorum
3239 2593 3292 2644 in
3321 2592 3462 2645 caelis
3490 2608 3695 2660 semper
3722 2593 3896 2646 vident
3920 2594 4087 2665 facient

2484 2679 2662 2735 Patris
2694 2683 2793 2736 mei
2823 2684 2910 2753 qui
2939 2685 2992 2738 in
3027 2684 3168 2739 cwlis
3204 2695 3278 2739 est
3311 2683 3474 2755 (Ibid.
3512 2686 3625 2756 10).
3664 2686 3830 2757 Igitur
3861 2687 3950 2758 qui
3993 2701 4086 2741 non

2482 2776 2662 2831 solum
2689 2779 2765 2830 sis
2798 2793 3065 2848 spernens
3091 2778 3382 2834 credentes
3412 2779 3465 2833 in
3496 2779 3616 2847 ejus
3649 2781 3991 2850 tnajestatetn
4017 2781 4091 2834 di-

2484 2871 2664 2922 vinam
2689 2911 2702 2934 ,
2739 2868 2833 2923 sed
2866 2879 2920 2922 et
2951 2883 3013 2924 es
3052 2869 3426 2936 interﬁciens,
3458 2885 3593 2939 quas
3637 2871 3744 2926 erit
3777 2887 3986 2927 merces
4017 2886 4091 2925 re-

2485 2971 2916 3032 praesentaturus
2951 2963 3044 3016 tibi
3082 2962 3186 3017 iste
3217 2978 3382 3033 quem
3417 2964 3624 3033 negas?
3655 2963 3761 3030 Qui
3802 2965 3898 3020 tibi
3941 2981 4090 3033 expe-

2484 3056 2605 3111 dire
2635 3056 2870 3122 dixerit,
2907 3059 2950 3111 si
2987 3057 3186 3111 molam
3215 3057 3514 3113 asinariam
3558 3059 3933 3128 suspenderes
3960 3061 4091 3115 ctilltt

2485 3159 2608 3212 tuo,
2656 3159 2709 3205 et
2755 3151 2809 3204 in
2862 3151 3191 3220 profundum
3243 3154 3407 3206 maris
3453 3153 3654 3208 fuisses
3691 3155 4089 3224 praecipitatus,

2484 3261 2646 3315 quant
2690 3261 2856 3300 unum
2886 3261 2952 3300 ex
2996 3247 3358 3302 erodentibus
3412 3249 3464 3302 in
3495 3264 3620 3303 eum
3652 3250 4007 3320 perduxisses
4032 3250 4090 3304 ad

930 3343 1221 3414 Conspicis
1261 3341 1386 3410 quia
1446 3338 1492 3392 si
1537 3348 1589 3393 te
1637 3337 1901 3392 lta‘retieo
1953 3336 2089 3392 satis
2127 3333 2139 3372 ¹
2177 3345 2374 3407 agente
2404 3326 2449 3391 C
2482 3339 2800 3393 scandalum
2830 3381 2843 3403 ,
2877 3354 3038 3408 quam
3073 3356 3241 3394 unum
3273 3342 3709 3409 contempsisses
3733 3359 3800 3398 ex
3835 3345 3942 3399 illis
3966 3387 3979 3410 ,
4007 3345 4089 3414 qui

757 3444 1076 3502 damnarent
1107 3438 1462 3492 innocentem
1485 3473 1500 3498 ,
1530 3441 1712 3487 tecum
1740 3445 1922 3486 essem
1953 3431 2166 3485 iuturus
2200 3433 2252 3484 in
2282 3446 2378 3500 ge-

758 3537 1025 3592 Itettnum.
1074 3529 1265 3600 Neque
1306 3526 1454 3582 enim
1505 3539 1789 3596 possemus
1819 3523 2089 3593 consequi
2125 3523 2220 3578 Dei
2254 3539 2373 3594 reg-

760 3644 916 3695 num,
946 3627 1000 3682 in
1031 3639 1141 3696 quo
1197 3634 1486 3692 possemus
1541 3617 1752 3689 fulgere
1783 3625 2060 3688 tamquam
2094 3618 2179 3671 sol
2219 3628 2282 3682 ω,
2329 3618 2374 3671 si

835 3782 860 3811 ι
893 3768 1007 3826 Nos
1037 3763 1240 3820 omittit
1267 3759 1457 3816 Sabat.

837 3841 1048 3898 bVers.
1085 3839 1210 3891 Ant.
1247 3829 1685 3903 Dixerit:Diligo
1719 3829 1903 3903 Deum.

843 3928 866 3954 ε
890 3914 1067 3970 Graec.
1118 3909 1334 3981 έώρακι.
1379 3903 1562 3981 Latin.
1596 3899 1841 3981 corrigit.
1872 3899 2098 3981 ridet-es
2131 3899 2289 3981 vulg.
2324 3910 2380 3954 et

769 3989 927 4044 Vera.
977 3983 1106 4039 Ant.
1157 3971 1208 4031 it't
1258 3989 1422 4045 qua;
1461 3974 1562 4038 Qui
1619 3973 1755 4026 enim
1795 3988 1898 4024 non
1939 3971 2112 4045 diligit
2165 3975 2380 4045 fratrem

765 4042 920 4116 suum
970 4067 1121 4126 quem
1174 4042 1328 4126 videt,
1357 4043 1555 4110 Deum,
1603 4059 1756 4115 quem
1784 4060 1886 4096 tton
1917 4042 2090 4109 videi,
2125 4042 2385 4112 quomodo

1007 4127 1179 4154 :t.‘.....-.
1194 4119 1217 4154 9

768 4139 934 4205 potest
965 4127 1217 4196 diligere?
1731 4186 1742 4197 .

847 4201 874 4240 d
908 4201 976 4254 Et
996 4199 1184 4268 iterum
1210 4207 1227 4245 :
1255 4188 1336 4268 lia;
1355 4187 1457 4268 .ltOt‘.
1481 4188 1588 4242 elc.
1621 4184 1800 4268 Vattc.
1941 4257 1985 4268 ,ι
2159 4258 2168 4268 ο

845 4283 869 4310 ο
899 4271 1059 4324 Vers.
1086 4264 1212 4320 Aut.
1253 4260 1318 4313 In
1348 4258 1446 4311 hoc
1476 4259 1834 4331 cegnoscimus
1865 4257 1991 4326 quid
2016 4257 2380 4331 diligimus_....

771 4345 898 4416 quia
923 4339 1088 4394 Deum
1115 4333 1422 4416 diligimus,
1444 4345 1490 4382 et
1514 4328 1772 4416 praerepta
1792 4331 2002 4416 ejus...
2029 4328 2240 4416 dilectio
2265 4328 2382 4393 Dei,

775 4404 832 4471 ut
854 4419 1111 4489 prcecepta
1129 4404 1532 4489 ejusrervemut
1555 4443 1568 4465 ,
1593 4412 1640 4455 et
1664 4409 1922 4473 prazcepta
1950 4404 2064 4473 ejus
2085 4410 2184 4454 etc.

858 4476 876 4530 't
915 4476 1051 4552 Quia
1081 4476 1417 4553 ιυέὶιβειιριιι.
1646 4541 1656 4553 Ι
1704 4550 1710 4553 Δ
1807 4543 1816 4552 _
2007 4550 2015 4553 Δ
2078 4541 2108 4553 Π

851 4566 875 4604 κ
911 4541 1190 4610 ιῖιιιιίιιιιέ
1219 4545 1396 4602 Latin.
1422 4554 1474 4596 ut
1499 4541 1749 4596 mandata
1769 4543 1879 4612 ejus
1907 4541 2254 4596 custodiamus
2278 4552 2384 4598 etc.

779 4645 847 4684 ρχ
896 4629 1087 4686 Cra-ct)
1133 4629 1190 4675 et
1241 4617 1397 4672 Vers.
1454 4620 1580 4686 Ant.
1633 4630 1705 4686 ac
1735 4615 1884 4686 \ulg.
1915 4630 2036 4678 tunc
2070 4623 2254 4681 postea
2287 4614 2391 4668 Lu-

778 4684 916 4758 cifer
945 4697 1144 4753 recitat
1175 4694 1349 4744 l'erme
1377 4685 1602 4740 ibidem.
1633 4684 1879 4758 Repetita
1913 4685 2099 4758 verba,
2145 4687 2390 4758 mandata

965 4812 977 4831 ,
1016 4767 1067 4822 ni
1100 4758 1503 4845 cattsanfuisse,
1535 4772 1630 4812 Ctll'
1659 4755 2266 4845 prmepdentinlihqamj
2293 4773 2389 4845 ei.

779 4826 1035 4903 cideriut,
1063 4833 1366 4891 Galaudius
1407 4838 1689 4903 autumat;
1726 4827 1820 4903 sed
1854 4829 1997 4882 haud
2032 4828 2103 4881 ita
2132 4826 2391 4903 facile‘li-

779 4898 952 4972 brarii
980 4898 1154 4977 culpa:
1183 4901 1554 4977 tribuendum,
1579 4900 1623 4952 si
1647 4914 1751 4968 qua
1776 4898 1998 4963 desunt,
2024 4912 2145 4967 quae
2168 4898 2390 4955 Lucifer

783 4989 975 5044 scietis
1005 4974 1120 5048 ipse
1150 4974 1419 5048 omiserit.

859 5055 886 5094 ιι
913 5041 1135 5124 Quando
1164 5047 1307 5124 idem
1347 5041 1520 5124 Lucii.
1555 5056 1742 5111 supra.

865 5127 880 5166 λ
909 5115 1069 5181 Vera.
1103 5125 1230 5175 Ant.
1263 5115 1540 5185 Colligent.

866 5202 879 5248 ι
924 5196 1155 5250 Mittunt.
1182 5189 1358 5243 Vatic.

860 5269 882 5306 κ
919 5267 1209 5322 Caminum.
1234 5259 1340 5314 Til.
1365 5266 1418 5310 et
1442 5254 1619 5310 Latin.
1645 5268 1766 5307 eum
1791 5253 1985 5307 Grteco
2004 5261 2056 5308 et
2085 5251 2237 5307 Vers.
2258 5253 2384 5308 Ant.

790 5358 854 5397 ac
887 5339 1046 5405 Vulg.
1081 5333 1303 5388 Frustra
1336 5337 1450 5405 est,
1495 5341 1620 5380 cum
1655 5323 1784 5405 dicit
1813 5323 1987 5405 Tilitts
2014 5339 2115 5394 pro
2146 5327 2199 5377 in
2229 5327 2388 5405 canti-

790 5396 948 5474 num;
979 5396 1099 5461 iis.“
1126 5398 1438 5474 grammatit
1457 5411 1487 5450 e
1516 5410 1732 5474 quoque
1751 5396 1806 5447 in
1833 5396 2037 5474 σενιιίηο
2060 5396 2385 5474 egrpgiedi-

788 5465 901 5539 ces.
931 5465 1044 5535 Nec
1078 5465 1282 5546 pigebit
1325 5469 1508 5546 aliqua
1535 5465 1831 5546 addueeie.
1868 5465 2110 5546 [flauius
2139 5465 2380 5535 Atnpbit.

786 5535 1089 5608 iit—intentent.
1127 5535 1253 5616 fuit,
1297 5538 1712 5616 et__Baccltidib.
1747 5535 1954 5616 Ecquid
1980 5539 2032 5591 in
2053 5547 2280 5616 mentem
2311 5549 2385 5592 est

789 5625 920 5680 tibi?
963 5609 1177 5674 Etettiitt
1231 5609 1472 5683 Agellius
1520 5611 1697 5663 locum
1753 5612 1892 5662 hunc
1923 5609 2126 5683 jaudat
2173 5609 2276 5683 lib.
2329 5626 2380 5672 ι,

789 5678 911 5763 cap.
947 5695 997 5755 7,
1032 5704 1082 5745 et
1113 5678 1357 5742 del'enutt
1382 5682 1521 5734 hanc
1551 5685 1888 5763 scripturam
1913 5678 2110 5733 Cicuto
2141 5679 2382 5763 protegi:

790 5750 1136 5821 Ma'nilfCum
1183 5769 1375 5811 vestros
1410 5762 1588 5823 portus
1635 5753 1686 5804 in
1744 5750 2048 5820 pradonunt
2085 5759 2381 5823 potestatem

788 5840 864 5906 fui
894 5853 946 5889 se
973 5833 1178 5890 sciatis;
1203 5838 1258 5882 et
1289 5842 1387 5893 pro
1413 5822 1701 5904 Quinctio;
1737 5838 1814 5874 res
1847 5835 1995 5903 ccepti
2025 5838 2132 5874 esse
2157 5822 2383 5906 inpudi-

783 5893 1036 5963 iiwnium.
1071 5900 1315 5957 Arbiter:
1342 5911 1418 5950 res
1447 5903 1521 5963 est
1545 5894 1600 5946 in
1631 5896 2059 5958 controversiam;
2093 5893 2238 5962 quod
2271 5896 2382 5946 ele-

782 5962 973 6051 ganter
1002 5983 1056 6030 et
1103 5973 1156 6026 iu
1188 5968 1406 6024 modum
1447 5962 1734 6020 Ciceronis
1768 5963 1972 6019 dictum
2006 5965 2205 6018 asserit
2237 5964 2369 6020 'l‘ur—

2419 4655 2469 4715 D

2486 3434 2597 3486 sint
2628 3446 2854 3501 regnum
2904 3433 3210 3500 possessuri
3257 3435 3562 3498 caelorum,
3605 3452 3731 3506 quae
3775 3440 3875 3493 erit
3906 3454 4093 3510 reprae-

2488 3536 2808 3580 sentaturus
2851 3525 2976 3593 tibi,
3011 3526 3103 3597 qui
3137 3543 3200 3582 ea
3234 3529 3303 3584 de
3338 3544 3501 3584 causa
3534 3529 3654 3600 ejus
3683 3545 3895 3589 sancta:
3929 3533 4093 3588 eet-le-

2489 3619 2586 3674 size
2606 3635 2668 3674 ex
2703 3619 2966 3673 membris
2997 3619 3174 3674 scindi
3196 3621 3466 3676 merueris
3489 3664 3503 3690 ,
3535 3623 3665 3693 quia
3690 3625 3768 3680 sis
3803 3641 3900 3695 per
3939 3639 4089 3696 quem

2486 3759 2682 3833 nebtts.
2733 3758 3136 3833 Manilius‘lib.
3201 3774 3256 3833 ν,
3294 3777 3415 3833 (cum
3466 3760 3602 3833 tfettit
3656 3765 3712 3815 in
3765 3763 4002 3833 regione.
4042 3773 4092 3817 ut

2485 3830 2719 3896 Cicero,
2754 3832 2866 3884 reni
2898 3831 2949 3884 in
2993 3830 3212 3885 Senatu.
3248 3832 3423 3885 Plaut.
3458 3832 3617 3898 Epid.
3651 3834 3705 3887 in
3736 3830 3963 3889 amorem
3989 3835 4088 3889 lue-

2485 3916 2635 3966 rere,
2671 3904 2756 3975 sic
2796 3901 2924 3975 legit
2954 3903 3341 3975 (lanterarius;
3386 3914 3438 3957 et
3471 3904 3747 3958 Henricus
3791 3907 4092 3975 Stephanus

2491 3975 2680 4048 multis
2727 3973 3153 4048 deienditjllud
3188 3975 3396 4048 Plauti,
3444 3976 3498 4028 in
3530 3985 3760 4048 intentent
3798 3973 3914 4048 fuit.
3960 3979 4092 4046 Lege

2493 4042 2872 4119 'l_‘aub_tnauu_m
2897 4045 2963 4098 ad
2986 4044 3236 4119 Plautum
3265 4047 3767 4119 inAmpltitryunc.
3788 4042 3927 4119 Lege.
3953 4042 4092 4104 cum-

2495 4115 2618 4192 dem
2653 4117 2711 4192 i_n_
2733 4114 3216 4192 eademeotnedia
3239 4157 3252 4178 ,
3289 4117 3380 4169 ubi
3412 4114 3695 4192 defendit,
3729 4114 4090 4192 interrumpant

2494 4187 2546 4260 in
2588 4185 2784 4260 aedibus
2805 4227 2818 4249 ,
2850 4197 2904 4241 et
2939 4187 3170 4249 ibidem,
3209 4202 3423 4260 ptrgant
3454 4189 3505 4241 in
3550 4189 3772 4246 a'dibus.
3801 4185 4088 4258 Ulpiauus:

2493 4257 2633 4382 quge
2658 4259 2709 4310 in
2741 4259 3116 4329 possessionem
3144 4257 3434 4330 precarium
3465 4261 3734 4316 mulierem
3765 4265 4076 4318 remansisse.

2543 4331 2727 4382 ertull.
2775 4330 2842 4382 de
2872 4330 3183 4382 Prae-script.
3214 4331 3405 4382 adt-er.
3439 4332 3627 4382 lin-ret.
3662 4351 3789 4382 can-
3821 4352 3914 4382 vm
3936 4377 3947 4382 _
3978 4337 4076 4382 t'm'i:

2543 4331 2727 4384 ertull.
2775 4330 2842 4383 de
2872 4330 3412 4405 Praesctipt._adver.
3439 4332 3627 4405 Ita-ret.
3662 4351 3789 4405 Cap.
3821 4352 3914 4389 vm
3936 4377 3947 4397 ,
3975 4337 4088 4405 foris

2497 4411 2666 4473 actum
2686 4416 2705 4465 ;
2725 4417 2889 4473 qttent
2915 4405 2967 4455 in
2994 4405 3170 4456 locum
3191 4401 3381 4457 Junius
3403 4403 3553 4473 legit,
3575 4401 3759 4471 foras}
3787 4412 3881 4461 sed
3911 4401 4087 4461 Parne-

2493 4471 2604 4525 lius
2633 4470 2759 4535 toris
2791 4470 2917 4542 legit
2947 4489 3014 4527 ex
3046 4473 3347 4530 veteribus.
3373 4474 3428 4528 In
3461 4470 3635 4530 sacris
3659 4470 3858 4533 litteris
3881 4492 3958 4530 νει
3979 4519 3991 4540 ,
4020 4478 4091 4529 in-

2497 4542 2764 4616 grediatur
2785 4544 3006 4616 putredo
3027 4545 3078 4598 in
3111 4545 3305 4599 ossibus
3331 4546 3479 4599 meis.
3515 4547 3700 4616 itaque
3733 4549 4090 4603 indilieteuter

2498 4615 2705 4686 antiqui
2740 4615 2856 4669 hinc
2889 4617 3110 4670 numina
3162 4618 3533 4685 usurpabant;
3565 4615 3628 4671 es
3671 4635 3777 4686 qua
3811 4630 4088 4673 Consuetu-

2495 4685 2638 4762 dine
2671 4685 2891 4762 Lucifer
2918 4687 3095 4750 dixit,
3143 4687 3350 4762 Mittent
3382 4704 3466 4740 eos
3498 4691 3548 4740 in
3583 4685 3791 4742 camino
3835 4692 3964 4762 ignis
4013 4707 4084 4741 ar-

2496 4755 2692 4829 denti.._;
2731 4770 2784 4829 t-._t
2814 4760 2951 4812 inira
2994 4759 3289 4829 :nuntquid
3332 4762 3534 4829 fugerat
3567 4770 3646 4824 te,
3689 4755 3886 4816 dixisse
3920 4761 4087 4816 Domi-

2494 4826 2704 4952 EuntlB.
2734 4827 2931 4883 Petro:
2958 4826 3206 4884 Converte
3230 4826 3465 4903 gladium
3487 4842 3634 4883 tuum
3666 4834 3719 4886 in
3744 4835 3858 4888 loco
3887 4852 3995 4888 tuo.
4020 4833 4084 4888 La

2541 4913 2695 4952 erta.

2541 4913 2695 4953 erili].

2575 4967 2590 5005 ⁸
2626 4969 2770 5043 Idem
2803 4971 2945 5038 quod
2979 4982 3261 5043 satagente.
3295 4970 3368 5024 La
3401 4969 3598 5028 Cet'da.

2569 5048 2606 5074 ιιι
2643 5042 2789 5115 I'ost
2810 5057 3001 5096 vocem
3029 5042 3174 5096 illam
3206 5043 3304 5098 Sol
3331 5055 3605 5115 cuttnuatc
3643 5045 3970 5115 interiecto,
4002 5045 4080 5101 ubi

2495 5121 2756 5186 punctum
2783 5114 2957 5168 inerat
2981 5115 3033 5168 in
3059 5115 3231 5170 veleri
3258 5113 3528 5180 editione,
3555 5115 3627 5170 ita
3645 5113 3950 5186 disjtinetas
3972 5134 4081 5172 sen-

2496 5186 2699 5239 tentias
2729 5185 2780 5238 in
2814 5200 2978 5238 unum
3023 5201 3242 5241 sensum
3270 5186 3654 5256 culligavimus
3685 5185 3882 5243 Latinii
3912 5197 4082 5244 aucto-

2492 5259 2692 5327 ritate,
2725 5257 2813 5325 qui
2848 5255 3169 5326 pantiCulam
3203 5269 3292 5312 aut
3322 5255 3419 5327 pro
3446 5269 3618 5310 autem
3645 5259 3949 5317 substituit.

2564 5335 2590 5362 ιι
2620 5326 2802 5380 Gaude
2832 5328 3025 5382 adhuc.
3062 5328 3241 5383 Latin.

2564 5398 2590 5426 °
2625 5397 2778 5472 vers.
2833 5403 2960 5472 Ant.
3018 5399 3338 5472 Exibunt...
3396 5397 3460 5450 de
3514 5400 3685 5454 medio
3731 5405 3990 5472 justorunt

2490 5483 2644 5540 eos...
2663 5470 2796 5540 igni.-
2816 5471 3064 5523 ardentis.
3101 5470 3198 5524 Ms.
3228 5473 3466 5524 Clarom.
3495 5476 3636 5535 apud
3663 5470 3856 5529 Sa’bat.
3891 5492 3951 5529 ex
3974 5485 4077 5534 ent;

2489 5539 2736 5592 ριῦιωίκ
2769 5541 3065 5608 cmtcrique
3095 5556 3288 5595 omnes
3321 5556 3454 5594 mss.
3489 5544 3650 5599 codd.
3686 5559 3875 5600 carent
3905 5545 4078 5599 ardvu-

2488 5610 2553 5661 tis
2576 5650 2589 5672 ,
2619 5622 2677 5662 ut
2704 5610 2874 5664 Lucil.
2906 5627 3048 5663 vers.

2561 5681 2768 5759 P_\'crs.
2806 5680 3186 5759 :intfPusillis
3233 5683 3437 5736 istis....
3484 5688 3840 5758 pt'cecipitetur
3876 5690 3926 5741 itt
3965 5701 4074 5759 pro-

2487 5751 2746 5819 fundo....
2779 5752 3008 5806 abscide.

2560 5832 2585 5871 ιι
2613 5821 2697 5877 Ea:
2717 5826 2921 5896 pusillis
2942 5821 3044 5890 his,
3070 5825 3157 5895 qui
3183 5827 3396 5881 credunt
3422 5828 3472 5881 in
3499 5845 3598 5880 me.
3631 5827 3788 5886 Vers.
3816 5829 3965 5893 Aul.;
3988 5823 4072 5883 scd

2485 5895 2682 6019 θμευιὲ
2708 5895 2734 5946 a
2757 5895 2950 6019 graeco
2973 5904 3026 5949 et
3054 5911 3082 5950 a
3121 5897 3270 5970 Vulg.
3308 5900 3473 5954 verba
3493 5939 3507 5964 ,
3539 5901 3626 5970 qui
3654 5901 3873 5956 credunt
3900 5905 3949 5955 in
3981 5914 4069 5957 me,

2486 5979 2562 6017 uti
2588 5983 2615 6018 a
2688 5981 2770 6019 uel
2802 6007 2813 6018 .

2486 5979 2562 6017 υἷι
2588 5983 2615 6018 ὓ
2641 5979 2813 6021 LUC".
