3854 6380
167 389 281 450 909

1257 378 1395 445 PRO
1434 388 1707 446 SANCTO
1747 388 2145 446 ATHANASIO
2188 386 2320 444 LIB.
2368 385 2432 442 ll.

3400 387 3510 446 910

170 507 437 564 scandala
481 507 738 564 diabolus
787 507 1077 564 immiserit
1124 508 1331 563 nostris
1370 507 1566 563 diebus
1598 508 1652 562 in
1693 507 1788 562 Dei
1819 510 1872 570 Α
1897 524 2011 563 rem
2044 504 2224 578 egeris
2259 520 2326 562 eo
2358 503 2522 560 modo
2549 519 2661 576 quo
2686 504 2917 575 jusserit
2948 515 3197 586 te'agere
3218 507 3508 565 Dominus.

171 604 478 674 pupulum,
519 603 648 673 quia
675 602 805 657 licet
832 603 1132 658 concitaris
1163 601 1454 668 scandala,
1488 612 1672 656 tamen
1696 602 1792 658 de-

169 698 396 767 ceperis
419 712 518 752 eos
543 706 756 752 tantum
787 696 877 765 qui
900 705 954 750 te
983 697 1314 750 nesciverint
1338 697 1450 764 jam
1473 697 1550 750 sic
1578 696 1792 752 aruisse

171 800 236 846 ut
274 790 424 844 rivus
468 791 729 859 prmcisus
766 804 794 842 a
835 788 1020 856 fonte,
1055 801 1112 843 ut
1147 789 1353 844 fractus
1395 805 1579 843 ramus
1605 805 1673 844 ex
1704 805 1792 844 ar-

170 885 315 941 bore
335 884 358 940 ι
379 883 651 940 Ceterum
680 885 774 953 qui
816 893 867 939 te
897 892 1051 939 extra
1085 885 1378 940 ecclesiam
1408 883 1793 955 cognoscimus

169 979 417 1050 positum
440 1019 454 1044 ,
471 977 564 1048 qui
591 978 801 1034 lmstem
829 979 975 1034 unici
998 979 1126 1034 Filii
1155 978 1248 1034 Dei
1271 979 1555 1035 cernimus
1576 1021 1590 1045 ,
1615 978 1794 1034 scien-

174 1084 264 1131 tes
310 1085 362 1128 te
395 1086 703 1139 mortuum,
747 1085 977 1129 conatus
1022 1084 1143 1131 tuos
1193 1074 1305 1132 Deo
1349 1075 1575 1144 jmante
1605 1075 1795 1130 subter

176 1170 352 1243 pedes
383 1181 572 1227 notros
597 1185 719 1225 esse
751 1170 1145 1239 conspicimus.
1178 1170 1396 1226 Scimus
1417 1171 1617 1224 ctenim
1648 1185 1794 1225 mor-

177 1275 336 1330 tuutn
361 1266 500 1321 vivis
521 1264 794 1325 dominari
821 1281 926 1320 non
959 1281 1134 1336 posse.
1161 1265 1268 1322 Sed
1289 1265 1418 1336 quid
1444 1265 1585 1320 dicis
1609 1266 1794 1319 vixere

177 1367 237 1416 te
271 1360 326 1416 in
353 1358 617 1415 Christo?
645 1357 798 1415 Unde
828 1360 1059 1430 probare
1085 1376 1145 1414 es
1182 1369 1376 1429 potens
1407 1375 1535 1414 cum
1566 1376 1688 1414 eum
1717 1359 1795 1413 sis

174 1454 436 1526 negans?
473 1455 653 1510 vivere
682 1455 885 1510 etenim
915 1471 1023 1511 non
1074 1467 1334 1526 possunt,
1372 1455 1477 1510 nisi
1518 1455 1609 1526 qui
1643 1455 1794 1510 illum

175 1549 460 1617 fateantur
490 1566 678 1608 verum
708 1551 878 1607 Deum
907 1567 1061 1618 esse,
1096 1569 1284 1608 verum
1307 1552 1401 1606 Dei
1435 1551 1652 1607 Filium.
1686 1551 1795 1608 Un-

176 1645 252 1702 de
278 1662 338 1702 es
371 1646 561 1702 vivens
589 1662 712 1701 cum
746 1662 844 1702 nos
879 1648 1084 1701 idcirco
1112 1649 1463 1719 persequaris
1483 1690 1496 1710 ,
1521 1649 1645 1714 quia
1678 1647 1796 1716 ejus

176 1755 308 1797 esse
357 1756 457 1796 nos
495 1740 764 1800 fateamur
796 1743 1019 1797 servos?
1063 1743 1170 1796 Aut
1217 1743 1476 1812 numquid
1512 1742 1582 1798 ob
1631 1743 1792 1796 aliam

178 1850 286 1894 nos
316 1832 662 1906 persequeris
679 1835 936 1889 causam?
964 1835 1221 1904 numquid
1255 1836 1505 1890 fortassis
1539 1833 1792 1889 invenisti

1896 601 2065 657 Fuisti
2093 616 2264 656 ausus
2288 602 2526 672 perlerre
2552 600 2618 655 ad
2643 601 2852 656 beatam
2879 603 3177 658 ecclesiam
3200 646 3216 671 ,
3236 604 3384 660 luisti
3409 623 3508 661 au~

1895 713 1992 752 sus
2018 697 2206 752 dicere
2227 715 2238 750 :
2259 695 2504 750 Peccavit
2534 695 2887 765 Athanasius,
2921 709 2967 752 et
2996 698 3142 753 debet
3169 699 3233 753 ab
3266 701 3504 756 omnibus

1893 795 2007 866 ejus
2039 791 2377 846 condemnari
2409 792 2740 845 communio?
2769 791 2876 846 Sed
2917 793 3048 864 quid
3099 794 3287 850 dicere
3319 806 3500 850 tenta-

1897 885 2015 940 bis?
2047 883 2114 940 In
2149 884 2315 941 Deum
2340 885 2592 955 deliquit;
2637 897 2693 941 et
2739 901 2869 942 ecce
2901 887 3138 942 inveniri
3185 904 3291 943 non
3326 899 3508 960 potest

1895 977 2040 1046 quod
2072 977 2125 1031 in
2153 977 2322 1032 Deum
2355 976 2689 1047 deliquerit,
2723 979 2767 1032 si
2800 978 3018 1054 quidem
3052 995 3230 1049 neque
3278 993 3331 1035 tu
3356 1024 3370 1049 ,
3406 998 3502 1037 ne-

1895 1087 2004 1144 que
2029 1071 2391 1142 consacrilegi
2439 1073 2511 1126 tui
2545 1072 2638 1126 lilii
2669 1074 2976 1128 meretricis
3018 1075 3246 1130 haeresis
3290 1077 3507 1134 Ariana:

1899 1168 2120 1238 possitis
2146 1177 2318 1222 testes
2338 1167 2554 1224 admitti
2584 1179 2776 1223 contra
2801 1171 3130 1224 catholicum
3165 1173 3504 1241 episcopum.

1901 1264 2167 1317 Dominus
2199 1264 2400 1318 etenim
2425 1263 2753 1330 loquebatur
2781 1263 2848 1319 de
2879 1265 3053 1320 tribus
3083 1265 3369 1322 catholicis
3399 1280 3506 1322 tes-

1899 1356 2044 1411 tibus
2072 1396 2086 1420 ,
2134 1356 2204 1410 de
2247 1357 2421 1411 servis
2472 1355 2778 1426 majestatis
2820 1372 2970 1424 sua),
3022 1369 3078 1413 ut
3110 1360 3219 1414 illis
3257 1361 3509 1417 crederet

1898 1452 2056 1508 beata
2081 1453 2313 1508 ecclesia
2342 1495 2356 1520 ,
2389 1470 2498 1509 non
2524 1455 2678 1510 vobis
2709 1455 2950 1525 profanis
2972 1500 2986 1522 ,
3023 1473 3088 1511 ex
3117 1457 3393 1514 adulterio
3439 1461 3506 1517 de

1899 1549 2190 1604 meretrice
2214 1549 2667 1605 natis.C:eterutn
2693 1550 2740 1605 si
2766 1565 2872 1605 non
2899 1551 2970 1605 ita
2998 1553 3375 1624 acceperimus
3402 1556 3504 1610 Do-

1901 1643 2033 1697 mini
2069 1643 2212 1698 istud
2258 1656 2630 1713 pra'ceptum,
2669 1655 2926 1715 peterunt
2975 1657 3029 1702 et
3075 1647 3299 1704 Saturni
3345 1665 3511 1722 atque

1899 1740 2146 1792 omnium
2186 1737 2462 1795 idolorum
2504 1742 2744 1797 cultores
2795 1742 3008 1796 admitti
3061 1754 3249 1797 contra
3285 1744 3380 1798 Dei
3413 1743 3510 1797 do-

1903 1835 2164 1890 mesticos
2188 1844 2389 1900 testes;
2425 1845 2682 1906 poterunt
2707 1848 2758 1892 et
2781 1838 3210 1908 eombIaSphemi
3238 1840 3313 1893 tui
3341 1855 3369 1893 a
3397 1841 3510 1894 Deo

178 1944 286 1984 nos
308 1930 362 1983 in
388 1930 792 1998 tedeliquisse?
815 1939 868 1984 et
890 1929 1094 1984 idcirco
1116 1929 1166 1983 in
1195 1945 1294 1983 nos
1319 1940 1427 1983 tam
1458 1929 1688 1984 infestus
1711 1929 1800 1982 es?
1834 1915 1878 1974 Β
1905 1925 2159 1982 dereliCIi
2211 1928 2333 1982 sine
2380 1928 2617 1997 lumine,
2678 1939 2738 1984 ut
2765 1938 2821 1984 tu
2871 1947 2961 1996 es,
2991 1932 3156 2002 positi
3202 1932 3398 1988 Juda-i.
3451 1935 3506 1988 Si

179 2036 289 2076 nos
319 2023 371 2076 in
397 2032 449 2078 te
474 2038 732 2092 peccasse
763 2035 978 2078 nosmet
1011 2042 1116 2078 non
1149 2025 1474 2079 retinemus.
1508 2023 1798 2090 Quomodo

177 2115 390 2170 etenim
416 2115 467 2168 in
503 2128 550 2169 te
581 2130 835 2183 peccasse
865 2131 964 2170 nos
993 2116 1207 2184 probati
1235 2119 1435 2184 poterit
1455 2157 1469 2180 ,
1502 2131 1623 2170 cum
1655 2123 1706 2170 te
1730 2115 1797 2171 de

177 2216 363 2263 morte
392 2209 579 2262 venire
600 2209 665 2262 ad
693 2210 857 2262 vitam
884 2211 1370 2277 urgt‘scitnuse‘let
1401 2220 1579 2264 tamen
1611 2212 1653 2262 si
1683 2227 1799 2263 Sett-

176 2303 256 2356 tis
280 2317 380 2357 nos
405 2304 456 2356 in
477 2311 527 2357 te
543 2301 870 2372 deliquisse,
892 2305 1082 2373 accipe
1108 2315 1232 2373 qua:
1253 2313 1303 2356 te
1327 2303 1397 2356 cii
1415 2321 1472 2354 ra
1507 2321 1604 2356 nos
1624 2303 1800 2358 facere

169 2395 413 2466 jusserit
455 2395 722 2451 Dominus
771 2395 1004 2450 dicens:
1044 2397 1195 2462 Quod
1241 2399 1284 2450 si
1333 2399 1614 2464 peccaverit
1657 2399 1709 2449 in
1751 2408 1798 2450 te

177 2491 349 2560 frater
391 2499 531 2556 tuus,
571 2489 717 2553 vade,
748 2499 794 2542 et
822 2490 1024 2557 corripe
1049 2505 1163 2542 eum
1195 2491 1327 2543 inter
1359 2501 1405 2542 te
1440 2500 1488 2544 et
1513 2493 1680 2558 ipsum
1708 2507 1795 2542 so-

178 2583 379 2648 lum;et
407 2583 452 2636 si
473 2582 720 2644 audierit.
745 2582 976 2636 lucratt-s
997 2583 1094 2636 eris
1124 2584 1336 2652 fratrem
1369 2594 1509 2634 tuum
1529 2583 1602 2634 :si
1628 2593 1798 2635 autent

176 2693 286 2731 non
331 2687 378 2730 te
419 2676 676 2739 audierit,
708 2675 893 2729 adhibe
923 2686 1084 2728 tecum
1118 2691 1276 2728 unum
1303 2673 1329 2711 δ
1372 2676 1446 2727 rel
1474 2675 1632 2740 duos,
1667 2685 1720 2727 ut
1746 2677 1799 2727 in

93 2790 96 2793 ·
175 2786 276 2832 ore
298 2769 518 2830 duorum
539 2811 552 2834 ,
572 2770 648 2823 vel
669 2770 822 2824 trium
847 2781 892 2821 te
909 2770 1078 2831 .tiunt,
1106 2778 1201 2820 stet
1225 2784 1372 2821 omne
1396 2767 1624 2820 verbum.
1648 2768 1799 2833 Quod

174 2864 228 2918 si
256 2881 358 2920 non
384 2863 606 2918 audierit
655 2879 770 2923 eos,
815 2863 897 2915 dic
928 2863 1156 2916 ecclesia
1193 2878 1211 2915 :
1248 2863 1293 2915 si
1323 2873 1493 2916 autem
1533 2862 1801 2916 ecclesiam

177 2976 290 3013 non
319 2958 547 3015 audierit
573 2999 587 3022 ,
616 2959 682 3013 sit
719 2956 810 3011 tibi
843 2968 1103 3022 tamquam
1135 2955 1370 3010 ethnicus
1395 2967 1444 3009 et
1494 2956 1800 3026 publicanus

179 3053 358 3125 (Ibid.
403 3054 520 3122 i5).
573 3052 710 3109 Cum
771 3053 889 3106 ha-c
920 3065 1026 3104 non
1070 3049 1270 3105 feceris
1323 3065 1444 3120 qua:
1477 3049 1800 3118 praeceperit

182 3148 459 3210 Dominus
484 3147 602 3206 lieri
628 3187 643 3210 ,
675 3161 800 3201 cum
833 3161 940 3200 non
973 3145 1153 3198 solum
1189 3155 1210 3183 ο
1247 3154 1301 3198 ιιι
1332 3145 1383 3198 in
1410 3153 1463 3198 te
1486 3154 1539 3198 et
1563 3157 1662 3196 nos
1691 3157 1798 3197 non

181 3240 507 3306 monueris,
538 3239 732 3309 quibus
763 3236 1128 3308 praesentibus
1175 3235 1534 3292 Athanasium
1569 3250 1734 3289 unum
1766 3249 1798 3289 e

1899 2024 2046 2077 enim
2078 2039 2175 2077 vos
2217 2023 2461 2079 hmrelici
2489 2035 2543 2079 et
2569 2025 2789 2095 quidem
2819 2028 3063 2082 omnium
3093 2037 3369 2082 sectarum
3409 2029 3504 2082 ad-

1901 2116 2153 2172 tnittendi
2185 2117 2319 2173 eetis
2351 2126 2518 2173 testes
2563 2129 2756 2174 contra
2785 2118 3131 2175 Christianos
3155 2164 3169 2186 ,
3198 2121 3401 2177 debent
3456 2133 3510 2178 et

1899 2211 2102 2266 ethnici
2127 2221 2182 2266 et
2208 2212 2381 2267 Jttdtei
2412 2230 2423 2266 :
2453 2214 2722 2284 siquidem
2749 2217 2872 2269 sive
2897 2215 3069 2270 Iudici
3092 2258 3107 2283 ,
3134 2218 3249 2272 sive
3278 2217 3511 2284 ethnici,

1901 2306 2018 2358 sive
2049 2320 2148 2357 vos
2181 2305 2422 2362 haeretici
2456 2308 2618 2376 positi
2651 2318 2803 2362 extra
2838 2311 3048 2364 Domini
3071 2312 3362 2365 ecclesiam
3393 2311 3513 2366 sitis

1903 2401 2020 2452 sine
2052 2399 2161 2452 Deo
2183 2439 2196 2461 ,
2229 2409 2284 2451 ιιι
2313 2408 2442 2453 tunc
2470 2401 2546 2453 illi
2580 2403 2765 2455 cuncti
2797 2405 2888 2472 qui
2921 2417 3026 2456 non
3057 2403 3260 2456 fuerint
3297 2405 3348 2457 in
3383 2420 3510 2459 arca

1901 2493 2235 2547 sanctissimi
2267 2493 2398 2548 Noe.
2437 2493 2507 2550 Ut
2530 2496 2676 2549 enim
2720 2496 2795 2550 illi
2827 2498 2984 2565 positi
3008 2511 3158 2552 extra
3192 2515 3372 2554 artam
3399 2501 3510 2554 sal-

1902 2585 2019 2640 vari
2047 2603 2151 2640 non
2181 2596 2510 2657 potuerunt,
2549 2590 2618 2642 ita
2653 2605 2752 2644 nec
2783 2605 2908 2651 vos,
2937 2593 3031 2645 sed
3055 2593 3137 2646 sic
3159 2594 3278 2648 sitis
3321 2594 3510 2648 interi-

1903 2683 2034 2742 turi,
2087 2682 2186 2734 nisi
2235 2681 2526 2736 credentes
2557 2683 2608 2737 in
2639 2685 2862 2738 unicum
2913 2685 3006 2739 Dei
3050 2685 3271 2751 Filium,
3303 2687 3422 2756 ejus
3454 2688 3506 2741 itt

1903 2783 2085 2827 sancta
2117 2774 2354 2828 eccle~ia
2401 2773 2617 2829 fueritis
2655 2786 3066 2831 commanentes
3110 2778 3421 2832 nobiseum.
3453 2780 3508 2834 Si

1904 2868 2069 2936 igitur
2105 2876 2273 2922 testes
2305 2883 2481 2936 neque
2535 2878 2588 2922 tu
2622 2878 2796 2940 neque
2818 2870 3251 2942 comblasphemi
3284 2874 3358 2926 tui
3389 2889 3512 2927 esse

1904 2962 2152 3030 potestis,
2173 2964 2455 3032 quomodo
2472 2961 2673 3026 fecisti,
2706 2963 3068 3019 insulsissime
3093 2981 3209 3026 rex.
3236 2966 3513 3034 damnari,

1901 3063 1956 3110 et
1979 3056 2753 3124 quidemaconsacerdotihus
2771 3059 2907 3124 suis,
2943 3062 3108 3113 tonus
3143 3059 3319 3114 virum
3353 3063 3510 3116 inno-

1901 3148 2143 3212 centiae?
2183 3147 2342 3202 Addo
2392 3147 2563 3214 illud,
2609 3151 2730 3218 quia
2761 3149 2869 3220 jam
2911 3151 3061 3205 illum
3110 3155 3512 3208 accusaveratis

1904 3238 2074 3294 fuisse
2105 3240 2437 3296 homicidam
2474 3250 2496 3278 ε
2525 3242 2666 3309 apud
2699 3242 2976 3298 Sardieam
3006 3246 3056 3298 in
3090 3248 3298 3316 synodo
3325 3249 3510 3302 catho-

179 3335 704 3395 nohisconvincens
721 3348 871 3388 reum
897 3333 1092 3396 fuisse,
1111 3331 1206 3386 sed
1232 3331 1480 3400 enegeris
1499 3346 1622 3382 eum
1647 3329 1798 3383 inau-
1827 3302 1872 3367 Ο
1904 3331 2132 3387 licorum
2161 3373 2175 3396 ,
2199 3341 2253 3386 et
2280 3333 2512 3404 probare
2545 3332 2563 3371 τ
2599 3334 2819 3389 minime
2854 3337 3074 3390 valuerit
3102 3337 3360 3408 iniquitas
3389 3357 3508 3396 ves-

179 3429 365 3487 ditum
407 3444 436 3483 a
485 3428 643 3482 nobis
671 3426 918 3482 damnari
972 3423 1463 3480 consaeerdotibus
1493 3425 1608 3478 suis
1629 3465 1642 3487 ,
1673 3438 1797 3478 cum

179 3520 211 3561 ά
245 3525 294 3578 ei
320 3521 662 3578 audientiam
688 3517 1305 3589 abstuleris,quomodo
1335 3532 1436 3571 nos
1459 3517 1672 3587 tujuste
1704 3531 1800 3585 po-

181 3617 327 3672 teris
359 3617 641 3679 incusare,
673 3613 816 3683 quod
844 3613 992 3669 enim
1026 3610 1424 3681 deliquerimus
1457 3610 1508 3663 in
1545 3621 1595 3664 te
1617 3649 1632 3674 ,
1667 3607 1798 3662 nihil

183 3711 389 3767 borum
431 3708 814 3766 mandatorum
872 3706 1087 3762 Domini
1133 3721 1256 3761 cum
1296 3703 1648 3773 impleveris?
1685 3703 1798 3758 Cur

181 3819 292 3863 nos
321 3815 427 3860 tam
455 3803 653 3858 infeste
685 3800 1067 3872 persequeris,
1096 3813 1220 3854 cum
1249 3799 1419 3868 magis
1464 3808 1519 3851 tu
1551 3797 1623 3850 sis
1671 3809 1797 3850 reus

183 3894 662 3968 prmvariCationis
685 3935 698 3958 ,
740 3893 832 3964 qui
881 3892 1110 3947 minime
1137 3891 1283 3946 circa
1315 3904 1447 3955 nos,
1485 3903 1584 3956 pro
1610 3897 1667 3942 ut
1701 3887 1798 3942 tibi

181 3987 342 4046 dedit
365 3987 622 4044 mandata
649 3985 741 4041 Dei
778 3986 968 4039 unicus
991 3983 1195 4048 Filius,
1225 3968 1434 4054 egeris,
1463 3981 1558 4036 sed
1579 3971 1674 4050 'qui
1702 3994 1800 4050 pro

180 4090 249 4138 ut
274 4081 544 4150 placuerit
571 4077 793 4134 inimico
817 4087 1005 4132 nostro
1029 4076 1256 4131 diabolo
1271 4115 1286 4140 .
1308 4083 1504 4131 cum-ta
1523 4071 1799 4144 gesseris?

180 4176 337 4234 illitis
362 4175 566 4231 etenim
595 4183 678 4228 est
701 4169 1014 4240 huiusmodi
1043 4169 1358 4228 consilium.
1387 4167 1530 4221 illius
1554 4167 1679 4221 talis
1705 4181 1800 4219 vo-

181 4269 409 4335 luntas,
444 4277 500 4322 ut
523 4265 800 4343 inauditus
830 4264 1146 4326 damnetur,
1178 4271 1236 4317 ut
1275 4261 1476 4316 absens
1507 4260 1804 4314 interlicia-

184 4372 308 4431 tur,
333 4374 392 4422 ut
415 4361 901 4422 innocentiscruor
926 4359 1216 4422 tundatur;
1239 4371 1364 4411 eum
1391 4369 1526 4420 non,
1550 4355 1802 4424 inquam,

266 4543 291 4569 η
326 4532 431 4586 Pro
459 4530 650 4603 smpius
679 4545 940 4602 urgemus.
959 4527 1080 4603 λιιι.
1115 4537 1168 4579 et
1199 4527 1246 4578 Ia
1275 4521 1474 4603 Corda.

263 4603 290 4642 δ
318 4603 509 4657 Tecum
532 4594 707 4656 adhuc
731 4594 911 4654 unum.
958 4599 1130 4653 Vatic.
1165 4612 1288 4653 eum
1331 4595 1606 4670 Graeco_et
1633 4594 1793 4652 Vers.
1821 4604 1876 4664 ι)

189 4679 485 4810 Auct.Solits
509 4755 561 4798 tu
585 4745 717 4798 inter
745 4754 791 4798 te
817 4753 864 4797 et
897 4760 1009 4796 nos.
1036 4743 1240 4807 Latin.;
1271 4743 1366 4798 sed
1401 4739 1631 4807 melius:
1667 4739 1797 4793 Cum

186 4835 296 4874 non
328 4817 495 4872 solum
523 4827 579 4870 tu
605 4819 740 4870 inter
761 4826 807 4869 te
827 4826 876 4870 et
901 4831 992 4869 nos
1027 4831 1127 4868 non
1158 4817 1419 4867 monueris
1442 4855 1457 4877 ,
1489 4812 1796 4864 convincens

185 4889 378 4963 quibus
394 4929 422 4963 ,_
454 4887 630 4963 id‘est
675 4887 857 4963 nobis,
889 4887 1032 4963 ipsis
1078 4885 1415 4963 praesentibus
1457 4881 1798 4963 Athanasium

187 4954 357 5017 sinunt
387 4959 583 5012 e'nobis-
634 4974 776 5013 reum
822 4959 1013 5028 fuisse,
1047 4954 1134 5010 scd
1166 4958 1392 5029 co'geris
1414 4966 1519 5010 etc.
1553 4954 1797 5009 Latinius

188 5033 344 5090 idem
373 5031 697 5085 convinceres
725 5046 821 5098 pro
850 5031 1152 5082 convincens
1184 5029 1473 5099 lt-gendntn
1509 5035 1751 5078 autumat
1777 5041 1792 5090 ;

187 5105 294 5162 sed
318 5104 540 5158 retineri
568 5101 911 5172 participium
942 5101 1149 5170 Optime
1175 5109 1370 5170 potest.
1402 5099 1678 5154 Latinium
1711 5111 1797 5152 se-

189 5177 381 5247 quitur
406 5173 722 5229 Calandius.

276 5243 668 5300 dconstantius
685 5245 829 5299 enim
856 5242 921 5296 ad
942 5241 1658 5296 MediolancnseConcilium
1685 5254 1792 5295 non

191 5315 450 5374 invitavit
471 5315 826 5371 Athanasium
851 5356 865 5378 ,
902 5317 991 5384 qui
1026 5313 1221 5366 litteris
1260 5313 1464 5367 Liberii
1511 5311 1793 5366 Pontificis

191 5390 265 5445 ad
301 5403 360 5442 se
389 5388 771 5442 Alexandriam
805 5386 1002 5440 delatis
1036 5385 1256 5437 minime
1289 5385 1463 5438 ﬁdens
1486 5425 1499 5444 .
1530 5399 1654 5437 cum
1703 5397 1793 5436 su-

197 5461 375 5530 Spicio
403 5468 547 5513 esset
577 5458 645 5510 ab
667 5457 881 5512 Arianis
906 5458 1167 5530 ennlictas
1194 5455 1380 5530 fuisse,
1405 5471 1472 5509 ne
1501 5457 1550 5530 in
1583 5455 1790 5530 Italiam

191 5525 419 5602 quidem
452 5537 672 5584 venerat
695 5544 708 5591 ;
731 5538 785 5580 ct
808 5529 1028 5602 insidias
1053 5527 1154 5580 sibi
1185 5528 1358 5602 parari
1386 5543 1438 5579 tn
1465 5525 1667 5602 palatio
1688 5525 1793 5602 Illi:

193 5596 471 5672 paraturis
490 5610 735 5672 metut-ns
761 5598 904 5652 misit
936 5598 1234 5672 legatosad
1257 5597 1372 5650 Con
1410 5600 1634 5650 lantiunt
1658 5596 1791 5672 ,_qui

192 5668 302 5729 sibi
348 5673 499 5726 illum
548 5671 906 5727 Conciliarent
945 5687 958 5721 ;
999 5669 1096 5723 sed
1137 5671 1360 5732 frustra;
1392 5684 1536 5722 nam.
1582 5678 1642 5720 ιιι
1676 5668 1792 5736 ipse

194 5743 534 5801 Athanasius
565 5752 795 5796 testatur
827 5743 880 5793 in
911 5742 1069 5812 epist.
1106 5741 1172 5793 ad
1197 5741 1380 5804 Stilit.,
1402 5739 1619 5812 singulis
1650 5737 1792 5812 utbi—

195 5817 290 5871 bsts
317 5813 524 5887 cogebat
553 5813 834 5887 Episcopus
856 5854 868 5875 ,
898 5811 1199 5887 Galliarum
1222 5812 1470 5887 scilicet,
1489 5809 1556 5861 ⁷ιιι
1584 5809 1752 5864 Italia:
1770 5851 1785 5872 ,

193 5887 268 5942 ad
300 5882 606 5938 ntu‘tandant
653 5886 704 5938 in
729 5882 888 5938 cauSa
921 5882 1566 5944 Athanasiisententiam;
1591 5890 1645 5934 et
1675 5896 1788 5936 cum

194 5960 244 6014 ei
293 5955 610 6012 audientiam
652 5955 950 6025 denegasset
998 5955 1048 6008 in
1097 5951 1342 6007 Concilio
1372 5952 1782 6015 Mediolanensi,

1904 3433 2006 3479 tra.
2036 3425 2190 3478 Addo
2214 3426 2360 3496 quod
2385 3435 2442 3480 tu
2465 3426 2584 3495 ipse
2606 3427 2672 3480 ad
2696 3427 2985 3482 ecclesiam
3013 3430 3504 3486 Alexandrinorum

1903 3517 2123 3573 dederis
2166 3519 2376 3573 litteras
2402 3528 2426 3565 ε
2457 3530 2712 3575 astruens
2753 3521 2905 3575 illum
2929 3523 3328 3592 virumjustum
3351 3569 3364 3591 ,
3395 3527 3514 3595 epi-

1903 3625 2128 3680 scopum
2160 3612 2512 3667 catholiwm.
2542 3612 2624 3666 Ad
2652 3613 2897 3667 ultimum
2920 3655 2933 3678 ,
2971 3616 3189 3670 tametsi
3222 3613 3249 3653 ιι
3283 3633 3503 3686 peccas--

1902 3714 2012 3768 set,
2049 3704 2378 3759 Athanasius
2407 3705 2585 3758 fuerat
2615 3705 2898 3774 pellendus
2927 3721 2957 3759 a
2993 3707 3194 3775 populo
3224 3709 3326 3762 sibi
3360 3725 3507 3765 com-

1905 3799 2073 3853 misso
2093 3837 2110 3864 ,
2136 3806 2189 3851 et
2208 3796 2424 3866 quidem
2451 3805 2504 3849 ut
2533 3795 2628 3850 ille
2655 3796 2884 3866 populus
2912 3797 3074 3850 alium
3103 3813 3134 3852 e
3156 3814 3387 3866 corpore
3410 3817 3508 3857 suo

1905 3888 2128 3961 dignum
2162 3897 2368 3956 peteret
2388 3888 2490 3941 sibi
2516 3886 2634 3942 ﬁeri
2665 3889 3019 3958 episcopum;
3048 3905 3154 3943 noo
3183 3901 3363 3948 tamen
3399 3896 3508 3950 fue-

1907 3992 1990 4036 rat
2035 3980 2220 4052 gladio
2269 3995 2366 4049 per
2413 3991 2465 4035 te
2515 3980 2902 4050 imperatorem
2956 3984 3244 4052 petendus.
3280 3989 3346 4039 At
3390 4003 3512 4042 eum

1914 4075 1928 4112 ί
1965 4085 2020 4129 ιιι
2067 4075 2190 4130 loco
2217 4074 2546 4139 innocentis,
2578 4076 2628 4127 in
2661 4090 2819 4144 quem
2853 4076 2987 4129 nihil
3019 4077 3130 4131 veri
3161 4080 3510 4136 constituerit

1907 4168 2028 4222 loco
2059 4167 2359 4222 catholicus
2387 4207 2400 4230 ,
2437 4167 2654 4221 miseris
2685 4169 3117 4239 consacrilegum
3152 4181 3302 4226 tuum
3336 4172 3506 4228 Geor-

1905 4260 2078 4329 gium,
2113 4258 2126 4308 i
2164 4268 2217 4312 et
2241 4258 2555 4312 nolentibus
2577 4259 2693 4328 ejus
2727 4260 2985 4314 maculari
3015 4242 3307 4333 sacrilegio
3326 4274 3507 4321 tantas

1907 4353 2302 4415 contumelias.
2353 4361 2642 4422 tantaSque
2688 4353 2935 4408 intuleris
2988 4369 3216 4424 pennas.
3253 4366 3312 4412 ut
3343 4360 3511 4428 pluri-

1903 4525 2204 4598 lipist-OppS
2229 4526 2385 4598 jussit
2414 4525 2736 4598 subscribere
2763 4538 2945 4582 contra
2971 4531 3327 4591 Athanasium.

1978 4607 2000 4633 ε’
2035 4598 2088 4652 Ιιι
2122 4595 2370 4652 Concilio
2403 4597 2716 4653 Sartlieensi
2751 4599 2882 4653 anni
2913 4601 3017 4656 547
3071 4606 3403 4664 Athanasius
3432 4610 3498 4664 de

1903 4683 2037 4722 nece
2059 4668 2274 4723 Arsenii
2308 4667 2559 4740 Episcopi
2582 4671 2785 4740 pluries
2806 4670 2917 4740 jam
2947 4673 3017 4728 ab
3043 4673 3314 4736 haereticis
3339 4695 3499 4737 accu-

1902 4748 2092 4812 satus.
2125 4756 2152 4793 a
2185 4740 2437 4812 l’atribus
2468 4741 2672 4812 Synudi
2706 4742 2990 4799 absolutus
3022 4745 3137 4802 fuit.

1978 4811 1994 4847 ί
2028 4811 2194 4884 forte
2224 4828 2310 4884 pri
2323 4810 2452 4884 bari.

1974 4891 2001 4960 _8_
2027 4881 2258 4938 Exstant
2285 4883 2367 4960 hic
2397 4883 2593 4936 littera:
2616 4883 2755 4960 ap_u_d
2789 4885 3144 4944 Athanasium
3171 4890 3224 4946 in
3245 4893 3404 4960 Apol.
3437 4913 3495 4956 ll.

1899 4959 1954 5007 et
1971 4954 2250 5009 Socratem
2284 4953 2378 5007 lib.
2401 4969 2469 5018 ιι,
2516 4953 2771 5022 εςιιιρῖὅ.
2809 4961 3006 5024 quibus
3034 4953 3504 5022 seriliitConstan-

1904 5025 2042 5089 tius,
2090 5042 2148 5080 se
2178 5025 2243 5102 ad
2265 5026 2399 5102 illos
2445 5028 2609 5102 rit-unt
2639 5028 2899 5102 remittere
2927 5031 3043 5085 vita:
3079 5036 3416 5102 rectitudine.
3451 5049 3502 5094 et

1898 5112 2096 5168 sitorum
2128 5096 2380 5168 probitate
2435 5096 2669 5152 omnibus
2700 5101 3056 5165 notissimum;
3091 5121 3212 5160 cum
3247 5096 3496 5163 nimirum

1895 5166 2239 5229 Galliis,'ubi
2281 5169 2604 5235 exsulabat,
2643 5169 2711 5224 ad
2740 5170 3162 5229 Alexandrinam
3196 5177 3493 5236 Ecclesium

1899 5249 2193 5293 revocatus
2225 5239 2340 5292 fuit.

1970 5307 1996 5345 ¹⁸
2029 5310 2082 5364 Id
2115 5319 2198 5363 est
2221 5351 2234 5374 ,
2267 5310 2329 5362 si.

1977 5380 1990 5458 ξ
2030 5383 2153 5458 I_|a-c
2175 5389 2427 5458 corrupta
2449 5392 2574 5458 sunt
2595 5426 2608 5445 .
2642 5382 2772 5458 licet
2801 5399 2998 5442 sensus
3028 5387 3189 5444 facile
3215 5405 3496 5458 appareat.

2038 5453 2283 5530 Latinius
2309 5468 2438 5530 vero
2459 5454 2537 5530 ita
2565 5455 2792 5530 ctirrigit
2820 5473 2831 5508 :
2858 5459 2922 5530 At
2943 5476 3057 5512 cum
3087 5472 3142 5514 tu
3163 5451 3389 5530 iniquum
3419 5466 3498 5518 ni-

1895 5521 1970 5576 hil
2000 5526 2188 5577 eeritus
2215 5524 2523 5584 restitueris,
2557 5535 2604 5578 et
2629 5525 2741 5578 loco
2770 5527 3011 5582 catholici
3035 5532 3232 5583 miseris
3248 5521 3359 5587 'rtc.
3391 5535 3498 5591 Sed

1897 5594 2072 5661 placet
2097 5597 2269 5648 locum
2303 5595 2442 5646 hunc
2472 5597 2551 5650 sic
2603 5599 2954 5660 interpretari
2984 5617 2998 5656 :
3029 5600 3156 5654 Cum
3193 5613 3245 5655 tu
3279 5603 3390 5658 loco
3420 5610 3501 5659 itt-

1895 5669 2128 5718 nocentis
2153 5707 2166 5729 ,
2197 5666 2468 5736 Athanasii
2495 5706 2508 5727 ,
2532 5667 2584 5718 in
2614 5682 2763 5734 quem
2784 5668 3066 5724 catholicus
3085 5713 3098 5736 ,
3132 5673 3181 5726 id
3206 5683 3290 5726 est
3316 5681 3498 5729 catho—

1895 5736 1979 5788 lici
2005 5736 2250 5814 Episcopi
2274 5777 2290 5814 ε
2314 5733 2444 5814 nihil
2468 5736 2581 5788 loco
2609 5733 2743 5814 ueri,
2775 5740 2984 5814 scilicet
3010 5733 3167 5796 exiis
3190 5784 3201 5800 .
3230 5761 3346 5814 qua:
3374 5765 3497 5801 cort-

1893 5817 1972 5881 tra
2015 5809 2163 5881 illum
2198 5808 2595 5881 calumniantur
2628 5809 2840 5875 Ariani,
2874 5816 3198 5868 constituerit
3219 5808 3251 5881 ,'
3279 5815 3382 5871 hoc
3415 5828 3500 5873 est

1892 5877 2167 5931 decreverit
2191 5880 2352 5930 inesse
2366 5917 2381 5940 ,
2415 5881 2610 5933 miseris
2638 5888 2743 5932 etc.
3097 5901 3102 5906 θ

1969 5952 1980 5996 ι
2021 5948 2152 6002 Vide
2194 5964 2315 6017 qua:
2365 5950 2432 6002 de
2475 5947 2708 6019 Georgio
2748 5949 2892 6009 dicta
2931 5953 3050 6035 jam
3105 5966 3259 6023 sunt,
3294 5967 3349 6015 et
3379 5976 3499 6030 qua:
