3854 6472
421 435 528 492 915

1513 435 1839 493 LUCIFERI
1884 435 2194 493 EPISCOPI
2231 434 2650 493 GALARITANI

3595 440 3697 499 9l6

419 551 666 621 procedit
684 568 710 605 a
738 561 812 618 te,
836 554 926 623 qui
944 552 1149 621 justum
1176 552 1372 615 virum,
1396 552 1756 620 apostolicam
1779 567 1878 606 cur
1899 561 1926 590 λ
1948 553 2020 607 sit
2048 559 2092 615 Α
2123 554 2331 623 fugietis
2369 569 2403 607 a
2430 552 2634 622 judicio
2666 562 2688 590 ο
2721 553 3007 623 gehennte.’
3041 552 3168 609 Ideo
3195 570 3308 610 ecce
3336 558 3476 611 mitto
3505 557 3568 610 ad
3606 574 3696 613 vos

423 646 728 714 praedicans
758 645 942 709 fidem,
976 643 1167 699 nitaris
1199 643 1538 700 interﬁcere?
1567 645 1668 701 Ubi
1701 659 1783 701 est
1813 646 2021 715 justum

418 737 727 806 judicium?
774 737 863 807 qui
903 752 999 792 eos
1033 736 1111 792 sis
1153 735 1407 792 omnibus
1449 737 1651 791 viribus
1684 737 1896 807 imperii
1945 738 2019 791 tui

425 845 784 901 persequens,
814 847 952 901 quos
981 831 1164 887 videas
1201 847 1376 903 neque
1404 834 1667 888 damnare
1698 833 1838 887 velle
1869 834 2023 886 inau-

423 924 620 990 ditum,
654 941 830 995 neque
871 925 1032 981 lldem
1063 927 1386 983 catholicam
1418 929 1696 990 deserere,
1732 937 1788 983 et
1819 941 1916 982 eos
1945 927 2021 980 sis

420 1015 677 1084 diligens,
706 1033 844 1088 quos
871 1030 1384 1090 cognoscattecum
1419 1031 1472 1076 et
1505 1023 1823 1091 sanguinem
1866 1022 2021 1075 inno-

421 1111 598 1165 centis
626 1111 851 1173 fudisse.
883 1125 938 1167 et
967 1113 1129 1169 fidem
1159 1114 1526 1185 evangelicum
1560 1116 1856 1184 respuisse.
1889 1115 2020 1182 Quae

419 1213 505 1257 est
531 1205 672 1273 apud
705 1213 781 1271 te,
808 1215 864 1259 et
891 1205 941 1259 in
970 1216 1023 1260 te
1051 1207 1344 1261 constituta
1378 1207 1780 1273 misericordia,
1811 1225 1930 1279 quae
1963 1215 2022 1263 ut

421 1295 766 1364 exhibeatur,
810 1297 898 1352 lex
945 1301 1202 1368 praecepit
1244 1299 1473 1354 sancta?
1517 1315 1714 1368 nempe
1760 1301 1851 1353 illa
1899 1315 2020 1369 qure

417 1398 675 1459 torquet,
719 1391 1041 1459 proscribit,
1089 1391 1372 1460 deportat,
1413 1393 1580 1446 mittit
1622 1393 1677 1447 in
1715 1406 2016 1457 carcerem,

420 1481 646 1536 deducit
689 1483 754 1537 ad
806 1483 1019 1548 exsilia,
1072 1484 1304 1539 collocat
1347 1486 1397 1539 iu
1452 1485 1704 1551 metalla;
1757 1486 1847 1540 illa
1899 1501 2020 1554 quas

417 1573 572 1638 fami,
605 1575 720 1640 siti,
751 1575 1095 1643 verberibus,
1135 1577 1378 1632 nuditate
1424 1589 1611 1644 necat;
1653 1579 1718 1633 ad
1769 1579 2020 1634 ultimum

411 1666 507 1721 illa
539 1685 657 1737 qua:
683 1669 866 1740 gladio
895 1671 1073 1740 punit.
1107 1670 1233 1726 llaec
1261 1683 1368 1736 est,
1400 1671 1707 1738 Constanti,
1739 1683 1828 1726 tua
1859 1675 2021 1728 mise-

418 1761 679 1826 ricordia,
705 1778 828 1833 qua;
856 1780 965 1820 non
1004 1766 1189 1820 veniat
1222 1781 1289 1820 ex
1332 1765 1449 1835 lege
1491 1766 1607 1830 Dei,
1639 1767 1733 1821 sed
1773 1783 1838 1822 ex
1881 1782 2020 1836 prse-

417 1857 728 1924 siimplione
769 1856 995 1912 diaboli.
1042 1856 1349 1921 Judicium,
1393 1869 1440 1912 et
1486 1859 1934 1926 miscricordiam,
1973 1871 2022 1916 ct

2127 646 2422 716 prophetas,
2448 657 2493 700 et
2520 648 2796 718 sapientes,
2825 658 2873 702 et
2903 632 3114 718 scribas,
3144 659 3190 704 et
3213 665 3278 704 ex
3304 650 3406 705 illis
3435 653 3694 717 occiduis,

2125 749 2173 793 et
2196 739 2529 810 cruciﬁgetis,
2560 753 2607 793 et
2638 741 2997 808 persequimini
3025 743 3088 794 de
3119 743 3320 797 civitate
3343 742 3396 796 in
3429 745 3693 810 civitatem,

2125 843 2179 886 ut
2209 835 2376 888 veniat
2404 835 2474 888 ad
2501 850 2590 888 vos
2621 835 2787 888 omnis
2826 836 3035 908 sanguis
3063 838 3354 908 justorum,
3389 840 3473 907 qui
3503 838 3694 906 elusus

2123 938 2197 983 est
2221 943 2373 1001 super
2399 937 2604 992 terram,
2645 945 2676 982 α
2707 931 2959 1000 sanguine
2986 929 3110 984 Abel
3130 933 3262 1005 justi
3297 947 3450 1001 usque
3483 933 3548 986 ad
3573 949 3698 986 sane

2123 1022 2330 1092 guinem
2355 1020 2630 1076 Zachariar
2663 1021 2760 1087 ﬁlii
2789 1019 3079 1087 Barachiar,
3103 1038 3251 1093 quem
3285 1024 3534 1078 occidistis
3559 1024 3695 1078 inter

2123 1113 2368 1183 templum
2391 1121 2438 1165 et
2458 1113 2641 1167 altare.
2667 1111 2826 1166 Amen
2853 1114 2991 1167 vobis
3013 1114 3148 1177 dico,
3179 1115 3374 1169 venient
3403 1118 3505 1170 hac
3523 1115 3694 1168 omnia

2121 1214 2277 1275 super
2310 1205 2692 1276 generationem
2727 1206 2880 1261 istam
2916 1205 3081 1278 (Ibid.
3119 1206 3232 1277 33).
3272 1206 3516 1262 Probsris
3560 1207 3694 1262 acti-

2125 1299 2225 1354 bus
2271 1301 2374 1354 tuis
2409 1314 2474 1355 ex
2513 1298 2618 1353 alio
2660 1313 2861 1369 genere
2903 1306 2960 1354 te
2985 1315 3107 1355 esse
3150 1300 3369 1369 vipereo
3409 1296 3451 1356 ί.
3485 1297 3691 1354 Iuveni-

2123 1395 2198 1450 ris
2230 1403 2254 1440 8
2287 1393 2489 1449 etenim
2521 1406 2643 1447 esse
2673 1406 2812 1446 unus
2851 1407 2915 1446 ex
2966 1392 3092 1456 illis,
3116 1391 3182 1446 ad
3227 1405 3360 1461 quos
3404 1383 3518 1445 hinc.
3549 1389 3682 1462 quod

2124 1486 2484 1558 perpetratnri
2501 1494 2684 1540 essent
2697 1485 3035 1540 dicebantur.
3061 1485 3166 1539 Aut
3185 1485 3230 1539 si
3252 1498 3411 1554 negas
3427 1498 3545 1539 esse
3562 1493 3608 1538 te
3623 1499 3690 1538 ex

2122 1581 2230 1635 illis
2256 1580 2347 1648 qui
2379 1577 2608 1632 audiunt
2641 1591 2738 1632 ore
2776 1576 2987 1632 Domini
3014 1593 3025 1628 :
3058 1575 3348 1645 Serpentes,
3375 1574 3691 1647 generandae

2120 1674 2409 1742 viperarum
2433 1667 2661 1741 (Ibid.);
2695 1669 2861 1740 proba
2890 1672 2995 1723 nan
3022 1677 3094 1734 te,
3117 1667 3210 1723 sed
3232 1667 3444 1723 .lud:eos
3474 1664 3498 1702 ¹³
3527 1664 3692 1721 desti-

2123 1781 2283 1821 nasse
2327 1765 2555 1821 militem
2593 1763 2660 1818 ad
2705 1763 3106 1826 Alexandriam,
3137 1761 3440 1816 Jndieorum
3470 1761 3683 1814 militem

2122 1861 2404 1916 obsedisse
2447 1861 2587 1914 fores
2630 1857 2723 1912 Dei
2753 1857 2966 1918 domus.
3000 1855 3305 1910 Judzeorum
3339 1853 3559 1908 militum
3587 1851 3689 1906 dti-

413 1946 592 2015 fidem,
614 1948 741 2010 htec,
773 1947 969 2019 inquit,
994 1965 1088 2004 vos
1110 1953 1339 2019 oportuit
1361 1954 1725 2023 facere,etilla
1743 1971 1843 2008 non
1867 1957 2021 2009 omit-
2051 1944 2098 2005 Β
2124 1969 2240 2008 cem
2267 1953 2434 2007 fuisse
2457 1952 2770 2024 Syr-ianum.
2803 1950 2973 2004 Proba
3003 1949 3219 2004 Judaeos
3249 1949 3516 2015 ingressos
3548 1945 3690 2000 basi-

415 2038 748 2112 tere(Ibiil.).
779 2040 878 2095 Ubi
907 2055 990 2096 est
1017 2045 1150 2098 lldes
1169 2045 1293 2098 tua?
1317 2049 1406 2114 qni
1435 2046 1616 2106 fidem.
1640 2064 1802 2117 quam
1829 2059 2018 2104 tenne-

414 2145 542 2188 runt
580 2134 880 2200 Abraham,
914 2134 1083 2200 Isaac,
1112 2147 1167 2192 et
1193 2137 1362 2194 Jacob
1401 2139 1726 2204 beatissimi,
1758 2150 1811 2194 et
1837 2142 2019 2196 cuncti

413 2228 730 2296 propheta),
770 2229 1025 2296 apostoli,
1064 2244 1126 2284 ac
1168 2241 1458 2301 martyres,
1495 2232 1853 2287 damnareris
1881 2232 1931 2298 δ,
1962 2243 2020 2287 et

412 2321 554 2374 illam
607 2322 864 2376 statueris
895 2323 1300 2392 suscipiendam
1342 2341 1369 2376 a
1411 2327 1620 2381 cunctis
1659 2327 1753 2382 Dei
1792 2329 2019 2382 cultori-

411 2413 536 2471 bus.
571 2430 729 2482 quam
774 2426 963 2469 contra
1014 2415 1151 2470 lianc
1193 2419 1522 2474 catholicam
1571 2419 1735 2475 fidem
1769 2421 2019 2476 diabolus

414 2520 512 2572 per
546 2509 863 2576 magistrum
893 2519 1135 2563 vestrum
1161 2511 1352 2565 Arium
1384 2514 1671 2568 vomuerit.
1709 2515 1916 2580 Quibus
1951 2531 2018 2569 cx

417 2599 575 2654 rebus
611 2616 733 2656 esse
779 2603 1106 2667 intelligeris
1138 2621 1276 2658 unus
1307 2620 1372 2658 ex
1420 2607 1525 2660 illis
1563 2607 1652 2675 qui
1695 2606 2019 2676 dignoscan-

410 2701 500 2746 tur
529 2694 718 2748 amlire
747 2713 757 2747 :
803 2693 893 2748 Va:
922 2695 1082 2762 vobis,
1124 2696 1324 2753 Scribat
1348 2708 1395 2752 et
1423 2698 1680 2754 Pharisa'i
1710 2701 2014 2772 hypocrita,

415 2785 500 2852 qui
545 2785 816 2840 decimatis
859 2789 1142 2852 mentitam,
1173 2799 1219 2842 et
1260 2792 1523 2858 anethum,
1569 2801 1614 2845 et
1653 2793 1937 2862 cyminum,
1970 2804 2018 2848 et

415 2876 696 2945 reliquistis
735 2894 848 2944 qua:
875 2882 1114 2949 graviora
1153 2892 1270 2935 sunt
1301 2884 1451 2952 legis,
1475 2885 1760 2955 judicium,
1790 2895 1837 2937 et
1868 2886 2021 2940 mise-

415 2970 716 3033 ricordiam,
749 2982 795 3025 et
839 2963 998 3040 ﬁdem
1029 2988 1046 3027 :
1072 2975 1180 3028 lucc
1221 2977 1451 3046 oportuit
1481 2977 1674 3045 facere,
1703 2987 1750 3030 et
1779 2978 1872 3031 illa
1917 2994 2018 3030 non

416 3065 648 3116 omittere
677 3080 696 3117 .·
727 3064 882 3118 duces
922 3068 1062 3130 caeci,
1115 3069 1368 3135 liquantes
1415 3069 1629 3122 culicem
1677 3077 1725 3122 et
1764 3069 2018 3123 camelum

417 3157 831 3226 trausglutientes
891 3156 1122 3226 (Ibid.).
1179 3163 1282 3212 Aut
1336 3161 1558 3229 negabis
1605 3170 1627 3198 ο
1673 3162 1903 3214 culicem
1966 3173 2017 3216 te

419 3248 644 3316 liquare,
693 3260 746 3302 et
783 3250 1052 3304 caiuelum
1094 3258 1472 3313 transvorare,
1522 3252 1703 3318 homo,
1746 3256 1859 3321 qui,
1893 3269 2016 3307 cum

2122 2047 2278 2099 fleam
2309 2059 2432 2099 cum
2466 2043 2652 2108 armis,
2697 2054 2860 2112 atque
2903 2049 3111 2096 certum
3157 2053 3432 2120 numerum
3475 2036 3689 2091 interfe-

2119 2139 2282 2193 cisse.
2313 2138 2371 2192 Si
2400 2137 2632 2207 probare
2670 2149 2776 2191 non
2807 2146 2982 2204 potes,
3013 2133 3135 2204 quia
3169 2141 3380 2187 constet
3409 2138 3460 2185 te
3485 2129 3686 2184 misisse

2119 2232 2186 2284 ad
2237 2232 2327 2284 Dei
2379 2232 2801 2300 impugnandam
2854 2227 3198 2296 religionem,
3229 2225 3522 2280 rectissime
3561 2223 3690 2277 dici-

2120 2337 2241 2377 mus
2271 2333 2322 2376 te
2345 2337 2507 2375 unum
2535 2335 2655 2374 csse
2689 2337 2758 2374 cx
2790 2319 2914 2384 illis,
2941 2319 3006 2372 ad
3039 2331 3173 2386 quos
3199 2317 3396 2371 dictum
3425 2323 3538 2371 est:
3565 2315 3686 2370 Scr-

2122 2424 2317 2484 pcutes,
2348 2413 2681 2482 generamina
2710 2413 3023 2481 viperarum,
3055 2409 3300 2479 quomodo
3328 2408 3526 2478 fugietis
3545 2407 3688 2478 judi-

2121 2510 2256 2562 cium
2286 2506 2530 2577 gehenna:
2558 2504 2787 2575 (lbid.)‘l
2827 2503 2940 2557 Non
2989 2504 3105 2555 sine
3148 2501 3311 2556 dubio
3350 2498 3515 2568 fugies
3549 2495 3688 2564 judi-

2119 2603 2262 2654 cium
2303 2597 2598 2668 gehennze,
2639 2597 2736 2653 scd
2783 2597 2894 2652 eris
2939 2610 3153 2665 semper
3194 2593 3302 2648 illic
3340 2591 3527 2645 ardens
3569 2606 3685 2645 cum

2120 2693 2573 2763 conserpeutibus
2607 2691 2733 2756 tuis,
2767 2690 2868 2744 nisi
2899 2691 2992 2744 tibi
3024 2690 3382 2758 prospexeris.
3414 2685 3572 2747 Tune,
3603 2686 3685 2738 in-

2121 2789 2256 2859 quit,
2292 2787 2498 2841 tradent
2533 2801 2619 2839 vos
2649 2786 2702 2838 in
2738 2783 3138 2844 tribulationem.
3162 2792 3209 2837 et
3239 2781 3462 2836 occident
3498 2795 3580 2832 vos
3602 2794 3619 2831 :
3642 2786 3686 2830 et

2122 2883 2268 2938 eritis
2299 2883 2420 2935 odio
2449 2881 2685 2933 omnibus
2721 2877 2953 2949 gentibus
2982 2888 3186 2947 propter
3213 2891 3390 2930 nomen
3417 2889 3592 2926 meum.
3626 2869 3686 2924 Et

2123 2990 2246 3032 tunc
2286 2973 2780 3030 scandalizabuntur
2826 2972 3016 3024 multi:
3047 2981 3091 3023 et
3131 2971 3340 3024 invicem
3387 2970 3600 3027 tradent,
3644 2973 3689 3018 et

2122 3073 2240 3126 odio
2265 3068 2520 3123 habebunt
2543 3067 2758 3119 invicem
2779 3081 2797 3119 :
2820 3072 2866 3117 et
2892 3064 3040 3116 multi
3058 3061 3502 3131 pseudOprophctte
3519 3072 3690 3111 exsur-

2122 3173 2240 3235 getit
2277 3161 2322 3228 ί,
2354 3170 2399 3214 et
2431 3160 2670 3214 sedurent
2697 3157 2889 3210 multos
2917 3173 2934 3210 :
2966 3167 3011 3208 rt
3038 3156 3277 3226 quoniam
3302 3151 3567 3206 abundabit
3596 3150 3688 3201 ini-

2123 3258 2317 3325 quitas,
2344 3254 2675 3324 perfrigescet
2701 3249 2925 3302 charitas
2949 3249 3224 3302 multorum
3252 3244 3410 3315 (Ibid.
3448 3259 3584 3304 xxiv,
3612 3240 3686 3309 9).

416 3345 612 3408 stipem
655 3359 759 3394 non
793 3344 969 3396 ευΙιιιη
1003 3356 1245 3413 rogatus,
1287 3345 1381 3397 sed
1419 3356 1472 3399 et
1510 3345 1757 3399 tribuens
1781 3346 1857 3400 sis
1886 3362 2022 3400 non-
2049 3331 2095 3394 Ο
2126 3347 2179 3402 Si
2226 3360 2331 3399 non
2381 3358 2534 3398 meus
2574 3355 2661 3395 tua
2694 3340 2959 3409 sacrilega
2987 3339 3086 3393 scit
3116 3353 3199 3392 me
3230 3347 3444 3406 propter
3479 3338 3684 3388 unicum

419 3450 711 3502 numquam
769 3447 1004 3502 Sponte,
1058 3445 1279 3499 tamen,
1331 3448 1388 3491 ut
1445 3448 1529 3492 est
1583 3454 1730 3507 sa-pe
1778 3438 2021 3507 dictum,

417 3529 731 3596 proscribas
761 3525 1104 3582 Christianos
1136 3545 1194 3582 se
1228 3530 1576 3593 conﬁtentes,
1607 3532 1888 3600 deponas.
1915 3542 2028 3586 tor-

416 3638 604 3692 queas,
644 3636 918 3688 poStremo
946 3622 1277 3678 interﬁci-is:
1315 3634 1365 3676 et
1398 3625 1604 3679 idcirco
1643 3642 1765 3679 esse.
1813 3636 1864 3679 te
1901 3642 2025 3680 cum

413 3719 519 3771 illis
552 3718 721 3772 debes
754 3717 1075 3780 advertere,
1117 3718 1182 3770 ad
1227 3734 1368 3788 quos
1411 3719 1628 3772 dicatur
1670 3737 1682 3772 :
1736 3719 1826 3773 Vw
1864 3719 2024 3788 vobis,

421 3808 619 3863 Scriba:
663 3819 708 3861 et
761 3807 1014 3861 Phariuei
1048 3809 1351 3878 hypocrit-e,
1386 3809 1508 3877 quia
1554 3809 1748 3863 similes
1784 3811 1906 3864 estis
1946 3826 2024 3863 se-

421 3899 614 3964 pulcris
655 3897 941 3964 dralbatis,
985 3914 1098 3967 quia
1138 3900 1302 3968 aforis
1345 3912 1525 3967 parent
1569 3901 1859 3955 hominibus
1903 3917 2024 3968 spe-

422 3991 593 4052 ciosa,
641 3990 780 4042 intus
831 4005 946 4042 vero
995 3990 1150 4061 plena
1193 4000 1313 4043 sunt
1357 3991 1557 4045 ossibus
1598 4003 1943 4058 mortuorum,
1981 4004 2029 4048 et

419 4081 560 4133 omni
591 4081 845 4148 spurcitia
871 4096 889 4134 :
920 4083 992 4135 sic
1021 4093 1068 4134 ct
1101 4099 1186 4136 vos
1215 4082 1377 4144 aforis
1403 4085 1610 4154 quidem
1635 4087 1834 4156 patetis
1863 4085 2030 4140 homi-

417 4173 566 4226 nibus
597 4174 754 4242 justi,
798 4174 936 4227 intus
975 4175 1102 4228 vero
1125 4174 1266 4243 pleni
1295 4177 1420 4230 estis
1456 4175 1722 4248 hypocrisi
1755 4187 1802 4232 et
1839 4179 2027 4249 iniqui-

420 4273 524 4317 tate
567 4261 733 4335 (Ibid.
765 4263 884 4333 27).
923 4265 992 4319 Es
1018 4281 1086 4319 ex
1124 4266 1228 4320 illis
1253 4266 1716 4336 interfectoribus,
1766 4269 1834 4323 ad
1891 4285 2028 4339 quos

421 4357 620 4412 dicitur
645 4376 658 4413 :
688 4358 989 4428 Serpentes,
1014 4363 1349 4432 generamina
1368 4359 1392 4399 ἀ
1421 4365 1740 4435 viperarum,
1772 4367 2029 4436 quomodo

497 4550 522 4576 ι·
564 4539 670 4610 Pro
698 4540 842 4610 quia.
876 4538 980 4594 Til.

492 4610 520 4648 δ
562 4609 602 4665 F
605 4621 726 4664 orte
755 4613 1101 4665 damnaveris.
1134 4611 1212 4666 Id.

499 4693 519 4720 ε
564 4681 620 4736 Id
672 4689 786 4748 est,
833 4681 1034 4736 minora
1083 4693 1340 4756 pracepta
1390 4701 1613 4754 servare,
1656 4692 1858 4762 majora
1903 4705 2026 4744 con-

419 4764 674 4808 .temnere.

497 4823 524 4861 ἀ
566 4822 722 4879 Vers.
765 4824 893 4878 Ant.
921 4822 1294 4899 Progenies...
1327 4842 1444 4881 ecce
1472 4845 1659 4899 θρα...
1691 4842 1742 4884 et
1771 4834 2028 4894 sapientes

423 4897 647 4951 viros....
686 4905 742 4972 et
775 4910 842 4972 ea:
882 4897 956 4972 eis
996 4896 1328 4972 ﬂiigellabitis
1355 4899 1407 4952 in
1435 4896 1714 4972 synagogis
1755 4904 1961 4970 vestris,
1982 4913 2030 4958 et

426 4967 820 5045 persequemini.
855 5005 876 5045 ._
904 4967 1065 5045 donec
1094 4969 1262 5045 veniat
1288 4987 1446 5038 super
1462 4967 1656 5045 ἰνοεξηῖ
1683 4979 1883 5045 justus,
1917 4967 2024 5031 etc.

501 5049 524 5074 ι’
563 5037 829 5090 Iudicium
861 5038 1075 5114 Lucifer
1100 5040 1261 5104 infra,
1297 5051 1355 5095 ct
1390 5044 1655 5111 genimina
1683 5037 1784 5114 pro
1813 5060 2030 5114 genera.

431 5109 587 5170 mina,
625 5119 678 5162 et
710 5124 824 5161 ecce
850 5117 944 5178 ego
969 5111 1134 5164 mitto.

505 5179 522 5218 ι
568 5179 730 5262 Forte
759 5195 914 5249 quam
941 5182 1162 5250 vipereo.
1194 5180 1446 5238 Gallaud.
1477 5187 1574 5241 sed
1603 5189 1824 5254 melius,
1852 5204 1918 5242 ex
1939 5187 2032 5242 illo

431 5267 614 5321 genere
639 5267 862 5320 vipereo.

506 5332 529 5368 is
571 5323 706 5376 Cum
742 5321 916 5375 Vatic.
946 5323 1117 5378 Antea
1147 5325 1424 5380 inveneris.

503 5389 530 5428 ιι
573 5392 647 5446 Ea
687 5392 774 5444 liic
807 5397 1018 5473 innuit,
1049 5411 1166 5473 qua:
1200 5395 1366 5473 impie
1396 5396 1804 5473 crudeliterque
1833 5417 2030 5472 perpe-

435 5470 569 5537 trata
600 5473 727 5515 sunt
751 5475 780 5537 a
806 5462 1048 5537 Syriano
1068 5462 1206 5521 duce
1227 5469 1383 5536 jussu
1411 5462 1746 5537 Constantii,
1777 5462 2034 5529 nt'Atlia-

431 5535 582 5612 nasio
622 5536 997 5612 ex_pulso,_vel
1037 5535 1390 5612 interempto,
1433 5539 1706 5604 Georgius
1735 5535 2032 5612 Cappadox

432 5603 484 5684 in
516 5603 1287 5685 ejuslocum‘intriideretttr'
1310 5625 1456 5685 anno
1495 5603 1632 5680 556;
1684 5603 1919 5685 quinque
1965 5618 2033 5671 ab

433 5674 565 5740 ipsi~
597 5675 978 5731 Alexandrinis
1010 5689 1307 5732 narrantur
1343 5681 1394 5734 iu
1431 5674 1716 5741 libello'ad'
1764 5674 2035 5742 consun-

432 5743 564 5801 tiuin
599 5749 766 5828 misso
808 5753 1051 5816 graviter
1099 5747 1483 5828 de‘Syrjano,
1518 5773 1744 5828 ejusque
1791 5757 2033 5815 facinore

432 5825 864 5895 conquerentes;
899 5835 1021 5895 nam
1070 5818 1421 5895 vigilantibus,
1473 5818 1745 5895 inquiunt,
1791 5830 1933 5883 nobis
1978 5830 2036 5884 in

437 5888 726 5972 Domitiica,
751 5897 800 5941 et
831 5890 1068 5972 precibus
1094 5888 1416 5972 vacantibus,
1449 5913 1506 5950 eo
1535 5888 1672 5968 auod
1700 5888 1914 5972 sgnuis
1939 5918 2036 5970 pa-

433 5975 631 6018 asceves
663 5956 748 6011 die
785 5956 1094 6021 celebranda
1141 5975 1307 6033 essst,
1342 5956 1413 6020 de
1445 5956 1657 6038 repente
1703 5956 1796 6046 per
1847 5956 2030 6029 intent-

2129 3439 2221 3495 Dei
2255 3438 2446 3493 Filium
2472 3436 2579 3505 pati
2611 3434 3039 3504 persecutionem
3070 3447 3098 3486 a
3129 3441 3197 3493 le,
3225 3428 3420 3500 poteris
3447 3443 3546 3480 non
3576 3439 3690 3480 esse

2129 3533 2196 3587 de
2247 3531 2343 3585 illo
2388 3545 2609 3600 genere.
2661 3543 2766 3581 non
2803 3541 2927 3582 esse
2972 3527 3022 3578 in
3063 3526 3272 3578 illorum
3318 3520 3592 3576 sententia.
3625 3517 3682 3571 ad

2129 3641 2266 3696 quos
2294 3623 2497 3678 dicitur
2521 3640 2532 3674 :
2564 3623 2861 3686 Serpentes,
2892 3619 3214 3689 generaminu
3237 3616 3539 3682 viperarum,
3562 3626 3687 3680 quo-

2133 3716 2286 3770 modo
2314 3716 2526 3786 fugietis
2567 3732 2598 3766 a
2626 3712 2831 3786 judicio
2873 3709 3149 3782 geheunte.’
3177 3707 3303 3760 Ideo
3331 3720 3439 3760 cccc
3464 3706 3600 3756 mitto
3627 3702 3690 3754 ad

2130 3827 2219 3865 vos
2252 3812 2551 3879 praphetas,
2576 3817 2624 3860 et
2654 3805 2940 3874 sapientes,
2967 3812 3014 3856 et
3037 3800 3250 3862 scribas,
3279 3809 3327 3852 et
3355 3814 3416 3852 eo:
3445 3796 3545 3849 illis
3568 3795 3695 3848 occi-

2129 3905 2282 3966 detis,
2310 3912 2358 3956 et
2382 3899 2718 3970 cruciﬁgetis,
2744 3906 2793 3952 et
2815 3893 3172 3967 persequimini
3195 3891 3258 3944 de
3281 3889 3476 3944 civitate
3499 3887 3549 3939 in
3579 3885 3692 3938 civi-

2132 3970 2290 4048 tatem
2320 3991 2488 4061 (Ibid.
2521 4006 2708 4056 sunt,
2739 3989 2854 4059 '53).
2891 3986 3023 4055 Qua:
3061 4000 3180 4041 cum
3219 3995 3274 4038 tu
3313 3983 3388 4038 sis
3418 3979 3571 4035 hodie
3607 3993 3692 4049 ge-

2131 4103 2280 4151 rens,
2324 4100 2523 4156 negare
2569 4100 2673 4137 non
2713 4080 2940 4136 audebis
2967 4087 3021 4133 te
3049 4078 3117 4134 de
3147 4080 3326 4147 vipera
3358 4088 3472 4129 esse
3511 4085 3690 4142 proge-

2133 4181 2300 4235 niem.
2359 4174 2693 4232 Interemisti
2745 4173 2887 4227 enim
2931 4170 3116 4225 multis
3161 4170 3214 4223 in
3263 4168 3394 4222 locis
3442 4164 3689 4234 plurimos

2131 4271 2589 4332 Christianorum,
2621 4266 2755 4321 alios
2791 4264 3005 4320 detines
3036 4263 3241 4316 vinctos
3275 4259 3325 4313 in
3369 4255 3680 4317 carceribus,

2134 4367 2187 4420 in
2217 4362 2540 4435 ergastulis;
2585 4360 2753 4415 etiam
2797 4357 2924 4412 hinc
2971 4355 3175 4426 poteris
3217 4351 3397 4406 videre
3442 4359 3491 4402 te
3533 4361 3680 4401 unum

2136 4555 2331 4614 pestam
2386 4552 2677 4599 noctem....
2733 4542 2786 4595 in
2841 4541 2967 4611 ipsis
3021 4537 3395 4614 recitationibus

2053 4624 2107 4682 D
2135 4605 2408 4700 lectionum
2427 4618 2620 4700 ianuas
2647 4605 2892 4700 fregit...)
2927 4611 3117 4700 statim”
3135 4607 3570 4700 eat-illius;
3597 4605 3686 4700 ﬁlii

2131 4691 2348 4760 sagittas
2373 4678 2668 4760 mittere...)
2702 4678 2946 4760 ensesque
2971 4682 3230 4760 adducent
3259 4678 3572 4760 candelqritm
3596 4678 3682 4726 ini.

2131 4748 2271 4828 δαῖε,
2299 4761 2522 4829 virgines
2553 4757 2726 4829 multa
2755 4748 2981 4829 calcibus
3008 4751 3223 4829 elidi...
3255 4750 3338 4829 icti
3364 4748 3551 4829 sagittis
3578 4763 3679 4829 prr-

2134 4821 2267 4904 fossi
2284 4821 2578 4904 concidere,
2608 4827 2768 4904 aligiti
2795 4823 3017 4904 militum
3052 4821 3120 4904 ad
3150 4821 3370 4904 prigdam
3396 4821 3677 4904 versi‘rirgi-

2134 4887 2222 4958 nes
2258 4903 2519 4955 denudare
2650 4887 2960 4967 Episcopus,
2991 4887 3327 4967 Athanasius,
3361 4905 3445 4967 per
3479 4887 3529 4941 id
3564 4898 3675 4941 teni-

2133 4991 2230 5047 pus
2255 4973 2550 5047 sedebatuin
2596 4961 2802 5030 throno,
2842 4961 3015 5020 omnes
3043 4965 3120 5047 ad
3151 4977 3316 5046 preces
3345 4961 3673 5047 cohortaris.‘...

2133 5033 2250 5100 cum
2294 5045 2414 5098 hinc
2447 5042 2592 5096 illinc
2631 5048 2940 5110 raptaretur,
2987 5033 3189 5110 minime
3226 5035 3386 5110 minus
3422 5033 3674 5110 discerptus

2136 5119 2328 5187 fuit...
2361 5124 2409 5168 et
2451 5100 2704 5167 nescimui
2739 5109 2862 5181 quid
2898 5100 2960 5162 die
2989 5109 3303 5187 illojactum
3327 5105 3486 5187 sitm
3517 5100 3674 5187 deinde

2135 5171 2208 5242 lot
2238 5191 2528 5242 occisorum
2555 5171 2817 5238 hominum
2841 5195 3056 5254 corpora
3077 5171 3339 5254 jusserit-nt
3367 5171 3540 5254 milites
3554 5185 3602 5254 ea
3624 5172 3670 5221 in

2135 5259 2351 5313 occultis
2369 5262 2575 5311 abdere.
2597 5243 2961 5328 sanctissimas
2979 5243 3145 5328 autein
3165 5247 3375 5328 virgines
3393 5243 3670 5328 iiiternfectas,

2135 5311 2304 5402 ibique
2336 5311 2547 5402 relictas
2567 5327 2646 5402 _iti
2683 5323 3039 5402 νιιιξηιιυηῖζᾳὶε⁸
3059 5311 3438 5402 sepelierutt‘t.:..

2139 5381 2293 5470 pains
2325 5381 2390 5453 in
2408 5381 2526 5470 ipso
2555 5395 2826 5470 Dominico
2867 5391 2958 5446 alii
2986 5381 3148 5470 plagis
3177 5381 3665 5470 concidebantiihalii

2138 5453 2356 5526 iii'nctilis
2401 5453 3216 5538 cbnstringebantup...'quisque
3250 5473 3339 5530 pro
3371 5473 3456 5510 sua
3491 5453 3668 5538 libidine

2139 5543 2319 5613 fractis
2357 5543 2501 5596 ostiis
2541 5531 2968 5613 introrumpebat,
3003 5531 3664 5613 scrutabaturlq‘uc

2139 5591 2335 5668 Lit—iac}:
2362 5591 2665 5684 penetrans,
2684 5591 2880 5684 inquit:
2908 5591 3008 5658 non
3037 5597 3258 5684 omnibus
3301 5591 3664 5684 Clin-etiamsi?

2139 5664 2480 5740 illisalia;
2518 5664 2656 5737 llaec,
2687 5664 2790 5732 illi:
2827 5678 2996 5731 Porro
3034 5675 3286 5730 discimus
3315 5684 3377 5723 ex
3403 5664 3500 5740 _lioc
3539 5664 3662 5719 Luci-

2140 5736 2596 5811 uilissimum.)
2637 5750 2865 5804 ﬁnxisse
2903 5749 3153 5811 Arianos,
3191 5758 3249 5798 ea
3289 5755 3351 5795 ex
3394 5736 3657 5793 Judazorum

2144 5828 2374 5883 tumultu
2405 5821 2840 5897 patrata_l'uisse.
3055 5891 3064 5897 ,
3172 5889 3182 5897 _
3251 5885 3281 5897 ,_
3452 5883 3504 5897 ..

2219 5899 2234 5938 ί
2285 5883 2439 5955 γετί.
2470 5897 2597 5952 Aut.
2623 5893 2991 5963 Insurgent....
3013 5885 3368 5946 abundavit....
3391 5883 3660 5956 refrigescet.
