  <div class='ocr_page' id='page_1' title='image "/cluster/home/n/w/nwhite01/storage/ocr_20150623/12-13/uc1.31175013632818/1122.png"; bbox 0 0 3854 6406; ppageno 0'>
   <div class='ocr_carea' id='block_1_1' title="bbox 173 415 3434 488">
    <p class='ocr_par' dir='ltr' id='par_1_1' title="bbox 173 415 3434 488">
     <span class='ocr_line' id='line_1_1' title="bbox 173 415 3434 488; baseline 0.004 -16"><span class='ocrx_word' id='word_1_1' title='bbox 173 415 267 473; x_wconf 78' lang='grc'><strong>917</strong></span> <span class='ocrx_word' id='word_1_2' title='bbox 1219 423 1350 480; x_wconf 79' lang='lat' dir='ltr'><strong>PRO</strong></span> <span class='ocrx_word' id='word_1_3' title='bbox 1387 424 1657 482; x_wconf 72' lang='lat' dir='ltr'><strong>SANCTO</strong></span> <span class='ocrx_word' id='word_1_4' title='bbox 1694 425 2088 484; x_wconf 74' lang='lat' dir='ltr'><strong>ATHANASIO</strong></span> <span class='ocrx_word' id='word_1_5' title='bbox 2134 429 2258 484; x_wconf 82' lang='lat' dir='ltr'><strong>LIB.</strong></span> <span class='ocrx_word' id='word_1_6' title='bbox 2299 429 2366 484; x_wconf 94' lang='lat' dir='ltr'><strong>ll.</strong></span> <span class='ocrx_word' id='word_1_7' title='bbox 3326 431 3434 488; x_wconf 76' lang='lat' dir='ltr'><strong>9m</strong></span> 
     </span>
    </p>
   </div>
   <div class='ocr_carea' id='block_1_2' title="bbox 174 538 3430 620">
    <p class='ocr_par' dir='ltr' id='par_1_2' title="bbox 174 538 3430 620">
     <span class='ocr_line' id='line_1_2' title="bbox 174 538 3430 620; baseline 0.002 -28"><span class='ocrx_word' id='word_1_8' title='bbox 174 553 286 593; x_wconf 65' lang='lat' dir='ltr'><strong>esse</strong></span> <span class='ocrx_word' id='word_1_9' title='bbox 317 554 384 594; x_wconf 83' lang='lat' dir='ltr'><strong>ex</strong></span> <span class='ocrx_word' id='word_1_10' title='bbox 430 539 568 603; x_wconf 88' lang='lat' dir='ltr'><strong>illis,</strong></span> <span class='ocrx_word' id='word_1_11' title='bbox 609 539 676 593; x_wconf 87' lang='lat' dir='ltr'><strong>ad</strong></span> <span class='ocrx_word' id='word_1_12' title='bbox 718 553 854 608; x_wconf 85' lang='lat' dir='ltr'><strong>quos</strong></span> <span class='ocrx_word' id='word_1_13' title='bbox 890 538 1086 595; x_wconf 89' lang='lat' dir='ltr'><strong>dicitur</strong></span> <span class='ocrx_word' id='word_1_14' title='bbox 1114 557 1126 594; x_wconf 91' lang='lat'><strong>:</strong></span> <span class='ocrx_word' id='word_1_15' title='bbox 1162 541 1454 609; x_wconf 88' lang='lat' dir='ltr'><strong>Serpentes,</strong></span> <span class='ocrx_word' id='word_1_16' title='bbox 1485 543 1743 613; x_wconf 86' lang='lat' dir='ltr'><strong>qenimina</strong></span> <span class='ocrx_word' id='word_1_17' title='bbox 1772 548 1820 605; x_wconf 77' lang='grc' dir='ltr'>Α</span> <span class='ocrx_word' id='word_1_18' title='bbox 1846 545 1987 614; x_wconf 90' lang='lat' dir='ltr'><strong>quod</strong></span> <span class='ocrx_word' id='word_1_19' title='bbox 2033 561 2206 600; x_wconf 86' lang='lat' dir='ltr'><strong>omnes</strong></span> <span class='ocrx_word' id='word_1_20' title='bbox 2235 548 2322 616; x_wconf 81' lang='lat' dir='ltr'><strong>qui</strong></span> <span class='ocrx_word' id='word_1_21' title='bbox 2351 547 2575 620; x_wconf 78' lang='lat' dir='ltr'><strong>gladium</strong></span> <span class='ocrx_word' id='word_1_22' title='bbox 2615 549 2892 620; x_wconf 73' lang='lat' dir='ltr'><strong>accipiunt.</strong></span> <span class='ocrx_word' id='word_1_23' title='bbox 2925 549 3098 619; x_wconf 88' lang='lat' dir='ltr'><strong>gladio</strong></span> <span class='ocrx_word' id='word_1_24' title='bbox 3129 556 3247 602; x_wconf 86' lang='lat' dir='ltr'><strong>sunt</strong></span> <span class='ocrx_word' id='word_1_25' title='bbox 3289 548 3430 614; x_wconf 79' lang='lat' dir='ltr'><strong>peri-</strong></span> 
     </span>
    </p>
   </div>
   <div class='ocr_carea' id='block_1_3' title="bbox 173 630 3426 708">
    <p class='ocr_par' dir='ltr' id='par_1_3' title="bbox 173 630 3426 708">
     <span class='ocr_line' id='line_1_3' title="bbox 173 630 3426 708; baseline 0.002 -23"><span class='ocrx_word' id='word_1_26' title='bbox 173 632 454 698; x_wconf 77' lang='lat' dir='ltr'><strong>uiperarunt</strong></span> <span class='ocrx_word' id='word_1_27' title='bbox 495 630 723 699; x_wconf 79' lang='lat' dir='ltr'><strong>llbid.);</strong></span> <span class='ocrx_word' id='word_1_28' title='bbox 756 642 811 686; x_wconf 89' lang='lat' dir='ltr'><strong>et</strong></span> <span class='ocrx_word' id='word_1_29' title='bbox 852 632 1034 690; x_wconf 89' lang='lat' dir='ltr'><strong>infra:</strong></span> <span class='ocrx_word' id='word_1_30' title='bbox 1066 633 1200 688; x_wconf 75' lang='lat' dir='ltr'><strong>Ecce</strong></span> <span class='ocrx_word' id='word_1_31' title='bbox 1235 649 1328 705; x_wconf 81' lang='lat' dir='ltr'><strong>ego</strong></span> <span class='ocrx_word' id='word_1_32' title='bbox 1373 637 1515 688; x_wconf 86' lang='lat' dir='ltr'><strong>mitto</strong></span> <span class='ocrx_word' id='word_1_33' title='bbox 1552 637 1620 688; x_wconf 83' lang='lat' dir='ltr'><strong>ad</strong></span> <span class='ocrx_word' id='word_1_34' title='bbox 1666 651 1750 690; x_wconf 76' lang='lat' dir='ltr'><strong>vos</strong></span> <span class='ocrx_word' id='word_1_35' title='bbox 1853 638 1954 690; x_wconf 87' lang='lat' dir='ltr'><strong>turi</strong></span> <span class='ocrx_word' id='word_1_36' title='bbox 1994 648 2018 676; x_wconf 79' lang='grc' dir='ltr'><strong>ο</strong></span> <span class='ocrx_word' id='word_1_37' title='bbox 2049 635 2261 708; x_wconf 73' lang='lat' dir='ltr'><strong>(Ibid).</strong></span> <span class='ocrx_word' id='word_1_38' title='bbox 2303 637 2439 706; x_wconf 86' lang='lat' dir='ltr'><strong>Quid</strong></span> <span class='ocrx_word' id='word_1_39' title='bbox 2490 636 2898 706; x_wconf 69' lang='lat' dir='ltr'><strong>accepturusd?</strong></span> <span class='ocrx_word' id='word_1_40' title='bbox 2937 641 3026 707; x_wconf 88' lang='lat' dir='ltr'><strong>qui</strong></span> <span class='ocrx_word' id='word_1_41' title='bbox 3073 639 3175 692; x_wconf 87' lang='lat' dir='ltr'><strong>nisi</strong></span> <span class='ocrx_word' id='word_1_42' title='bbox 3218 638 3426 692; x_wconf 81' lang='lat' dir='ltr'><strong>veniam</strong></span> 
     </span>
    </p>
   </div>
   <div class='ocr_carea' id='block_1_4' title="bbox 175 725 3433 799">
    <p class='ocr_par' dir='ltr' id='par_1_4' title="bbox 175 725 3433 799">
     <span class='ocr_line' id='line_1_4' title="bbox 175 725 3433 799; baseline 0.003 -23"><span class='ocrx_word' id='word_1_43' title='bbox 175 725 458 793; x_wconf 79' lang='lat' dir='ltr'><strong>prophetas,</strong></span> <span class='ocrx_word' id='word_1_44' title='bbox 489 734 536 779; x_wconf 89' lang='lat' dir='ltr'><strong>et</strong></span> <span class='ocrx_word' id='word_1_45' title='bbox 565 725 839 796; x_wconf 88' lang='lat' dir='ltr'><strong>sapientes,</strong></span> <span class='ocrx_word' id='word_1_46' title='bbox 869 736 915 780; x_wconf 90' lang='lat' dir='ltr'><strong>et</strong></span> <span class='ocrx_word' id='word_1_47' title='bbox 943 727 1159 792; x_wconf 84' lang='lat' dir='ltr'><strong>scribas,</strong></span> <span class='ocrx_word' id='word_1_48' title='bbox 1181 737 1232 782; x_wconf 88' lang='lat' dir='ltr'><strong>et</strong></span> <span class='ocrx_word' id='word_1_49' title='bbox 1267 744 1331 781; x_wconf 70' lang='lat' dir='ltr'><strong><em>ex</em></strong></span> <span class='ocrx_word' id='word_1_50' title='bbox 1365 728 1473 781; x_wconf 88' lang='lat' dir='ltr'><strong>illis</strong></span> <span class='ocrx_word' id='word_1_51' title='bbox 1509 729 1751 783; x_wconf 79' lang='lat' dir='ltr'><strong>occidetis</strong></span> <span class='ocrx_word' id='word_1_52' title='bbox 1849 728 2149 784; x_wconf 79' lang='lat' dir='ltr'><strong>facinorum</strong></span> <span class='ocrx_word' id='word_1_53' title='bbox 2195 738 2432 794; x_wconf 86' lang='lat' dir='ltr'><strong>tuorum,</strong></span> <span class='ocrx_word' id='word_1_54' title='bbox 2475 732 2703 784; x_wconf 86' lang='lat' dir='ltr'><strong>credens</strong></span> <span class='ocrx_word' id='word_1_55' title='bbox 2749 731 2800 784; x_wconf 88' lang='lat' dir='ltr'><strong>in</strong></span> <span class='ocrx_word' id='word_1_56' title='bbox 2845 746 2963 784; x_wconf 86' lang='lat' dir='ltr'><strong>eum</strong></span> <span class='ocrx_word' id='word_1_57' title='bbox 3015 745 3177 799; x_wconf 83' lang='lat' dir='ltr'><strong>quem</strong></span> <span class='ocrx_word' id='word_1_58' title='bbox 3225 743 3433 799; x_wconf 80' lang='lat' dir='ltr'><strong>negans</strong></span> 
     </span>
    </p>
   </div>
   <div class='ocr_carea' id='block_1_5' title="bbox 177 814 3438 893">
    <p class='ocr_par' dir='ltr' id='par_1_5' title="bbox 177 814 3438 893">
     <span class='ocr_line' id='line_1_5' title="bbox 177 814 3438 893; baseline 0.002 -25"><span class='ocrx_word' id='word_1_59' title='bbox 177 814 331 887; x_wconf 86' lang='lat' dir='ltr'><strong>(Ibid.</strong></span> <span class='ocrx_word' id='word_1_60' title='bbox 383 816 516 883; x_wconf 59' lang='lat'><strong>55):</strong></span> <span class='ocrx_word' id='word_1_61' title='bbox 549 816 676 870; x_wconf 90' lang='lat' dir='ltr'><strong>dum</strong></span> <span class='ocrx_word' id='word_1_62' title='bbox 734 834 842 871; x_wconf 91' lang='lat' dir='ltr'><strong>non</strong></span> <span class='ocrx_word' id='word_1_63' title='bbox 897 835 992 874; x_wconf 85' lang='lat' dir='ltr'><strong>eos</strong></span> <span class='ocrx_word' id='word_1_64' title='bbox 1029 820 1268 890; x_wconf 75' lang='lat' dir='ltr'><strong>dignaris</strong></span> <span class='ocrx_word' id='word_1_65' title='bbox 1297 824 1589 889; x_wconf 85' lang='lat' dir='ltr'><strong>exsecrari,</strong></span> <span class='ocrx_word' id='word_1_66' title='bbox 1614 839 1753 893; x_wconf 86' lang='lat' dir='ltr'><strong>quos</strong></span> <span class='ocrx_word' id='word_1_67' title='bbox 1854 820 2054 883; x_wconf 83' lang='lat' dir='ltr'><strong>fueris,</strong></span> <span class='ocrx_word' id='word_1_68' title='bbox 2099 830 2425 876; x_wconf 90' lang='lat' dir='ltr'><strong>consecutus</strong></span> <span class='ocrx_word' id='word_1_69' title='bbox 2474 823 2631 876; x_wconf 86' lang='lat' dir='ltr'><strong>toties</strong></span> <span class='ocrx_word' id='word_1_70' title='bbox 2678 824 2939 876; x_wconf 84' lang='lat' dir='ltr'><strong>merearis</strong></span> <span class='ocrx_word' id='word_1_71' title='bbox 2981 829 3036 876; x_wconf 91' lang='lat' dir='ltr'><strong>et</strong></span> <span class='ocrx_word' id='word_1_72' title='bbox 3075 821 3290 891; x_wconf 86' lang='lat' dir='ltr'><strong>quidem</strong></span> <span class='ocrx_word' id='word_1_73' title='bbox 3337 819 3438 876; x_wconf 83' lang='lat' dir='ltr'><strong>Dei</strong></span> 
     </span>
    </p>
   </div>
   <div class='ocr_carea' id='block_1_6' title="bbox 174 908 3434 984">
    <p class='ocr_par' dir='ltr' id='par_1_6' title="bbox 174 908 3434 984">
     <span class='ocr_line' id='line_1_6' title="bbox 174 908 3434 984; baseline 0.001 -22"><span class='ocrx_word' id='word_1_74' title='bbox 174 908 352 964; x_wconf 86' lang='lat' dir='ltr'><strong>videas</strong></span> <span class='ocrx_word' id='word_1_75' title='bbox 379 923 474 979; x_wconf 90' lang='lat' dir='ltr'><strong>per</strong></span> <span class='ocrx_word' id='word_1_76' title='bbox 504 909 873 965; x_wconf 74' lang='lat' dir='ltr'><strong>abundantem</strong></span> <span class='ocrx_word' id='word_1_77' title='bbox 907 913 1244 982; x_wconf 71' lang='lat' dir='ltr'><strong>iniquitatem</strong></span> <span class='ocrx_word' id='word_1_78' title='bbox 1278 925 1420 968; x_wconf 87' lang='lat' dir='ltr'><strong>tuam</strong></span> <span class='ocrx_word' id='word_1_79' title='bbox 1455 917 1754 971; x_wconf 84' lang='lat' dir='ltr'><strong>recessisse</strong></span> <span class='ocrx_word' id='word_1_80' title='bbox 1853 913 2057 982; x_wconf 90' lang='lat' dir='ltr'><strong>percuti</strong></span> <span class='ocrx_word' id='word_1_81' title='bbox 2086 913 2286 982; x_wconf 85' lang='lat' dir='ltr'><strong>gladio,</strong></span> <span class='ocrx_word' id='word_1_82' title='bbox 2312 913 2524 982; x_wconf 81' lang='lat' dir='ltr'><strong>quaties</strong></span> <span class='ocrx_word' id='word_1_83' title='bbox 2551 923 2602 967; x_wconf 89' lang='lat' dir='ltr'><strong>tu</strong></span> <span class='ocrx_word' id='word_1_84' title='bbox 2631 915 2965 984; x_wconf 77' lang='lat' dir='ltr'><strong>percusseris</strong></span> <span class='ocrx_word' id='word_1_85' title='bbox 2989 913 3107 982; x_wconf 79' lang='lat' dir='ltr'><strong>ejus</strong></span> <span class='ocrx_word' id='word_1_86' title='bbox 3127 913 3434 967; x_wconf 70' lang='lat' dir='ltr'><strong>clementia</strong></span> 
     </span>
    </p>
   </div>
   <div class='ocr_carea' id='block_1_7' title="bbox 173 1000 3429 1077">
    <p class='ocr_par' dir='ltr' id='par_1_7' title="bbox 173 1000 3429 1077">
     <span class='ocr_line' id='line_1_7' title="bbox 173 1000 3429 1077; baseline 0.002 -24"><span class='ocrx_word' id='word_1_87' title='bbox 173 1000 240 1056; x_wconf 93' lang='lat' dir='ltr'><strong>ab</strong></span> <span class='ocrx_word' id='word_1_88' title='bbox 261 1001 558 1070; x_wconf 80' lang='lat' dir='ltr'><strong>apostolica</strong></span> <span class='ocrx_word' id='word_1_89' title='bbox 589 1000 714 1063; x_wconf 84' lang='lat' dir='ltr'><strong>fide.</strong></span> <span class='ocrx_word' id='word_1_90' title='bbox 743 1003 883 1070; x_wconf 88' lang='lat' dir='ltr'><strong>illos,</strong></span> <span class='ocrx_word' id='word_1_91' title='bbox 910 1021 1138 1074; x_wconf 90' lang='lat' dir='ltr'><strong>quorum</strong></span> <span class='ocrx_word' id='word_1_92' title='bbox 1161 1007 1470 1077; x_wconf 85' lang='lat' dir='ltr'><strong>perfrixerit</strong></span> <span class='ocrx_word' id='word_1_93' title='bbox 1489 1007 1752 1075; x_wconf 87' lang='lat' dir='ltr'><strong>cbaritas,</strong></span> <span class='ocrx_word' id='word_1_94' title='bbox 1853 1009 2076 1063; x_wconf 85' lang='lat' dir='ltr'><strong>dicatos.</strong></span> <span class='ocrx_word' id='word_1_95' title='bbox 2107 1011 2239 1076; x_wconf 80' lang='lat' dir='ltr'><strong>Quis</strong></span> <span class='ocrx_word' id='word_1_96' title='bbox 2263 1020 2286 1047; x_wconf 75' lang='grc' dir='ltr'>ε</span> <span class='ocrx_word' id='word_1_97' title='bbox 2313 1010 2475 1064; x_wconf 91' lang='lat' dir='ltr'><strong>homo</strong></span> <span class='ocrx_word' id='word_1_98' title='bbox 2506 1009 2599 1065; x_wconf 85' lang='lat' dir='ltr'><strong>Dei</strong></span> <span class='ocrx_word' id='word_1_99' title='bbox 2640 1008 3013 1064; x_wconf 76' lang='lat' dir='ltr'><strong>sacerdotibus</strong></span> <span class='ocrx_word' id='word_1_100' title='bbox 3051 1007 3429 1075; x_wconf 85' lang='lat' dir='ltr'><strong>imponendam</strong></span> 
     </span>
    </p>
   </div>
   <div class='ocr_carea' id='block_1_8' title="bbox 171 1090 3425 1169">
    <p class='ocr_par' dir='ltr' id='par_1_8' title="bbox 171 1090 3425 1169">
     <span class='ocr_line' id='line_1_8' title="bbox 171 1090 3425 1169; baseline 0.002 -25"><span class='ocrx_word' id='word_1_101' title='bbox 171 1090 266 1146; x_wconf 88' lang='lat' dir='ltr'><strong>sed</strong></span> <span class='ocrx_word' id='word_1_102' title='bbox 291 1105 382 1145; x_wconf 86' lang='lat' dir='ltr'><strong>eos</strong></span> <span class='ocrx_word' id='word_1_103' title='bbox 415 1106 553 1160; x_wconf 91' lang='lat' dir='ltr'><strong>quos</strong></span> <span class='ocrx_word' id='word_1_104' title='bbox 590 1093 772 1148; x_wconf 84' lang='lat' dir='ltr'><strong>videas</strong></span> <span class='ocrx_word' id='word_1_105' title='bbox 799 1109 1126 1162; x_wconf 89' lang='lat' dir='ltr'><strong>permanere</strong></span> <span class='ocrx_word' id='word_1_106' title='bbox 1159 1097 1212 1151; x_wconf 88' lang='lat' dir='ltr'><strong>in</strong></span> <span class='ocrx_word' id='word_1_107' title='bbox 1250 1112 1317 1151; x_wconf 91' lang='lat' dir='ltr'><strong>eo</strong></span> <span class='ocrx_word' id='word_1_108' title='bbox 1346 1104 1490 1151; x_wconf 85' lang='lat' dir='ltr'><strong>statu</strong></span> <span class='ocrx_word' id='word_1_109' title='bbox 1519 1098 1666 1162; x_wconf 79' lang='lat' dir='ltr'><strong>fidei,</strong></span> <span class='ocrx_word' id='word_1_110' title='bbox 1697 1098 1750 1152; x_wconf 90' lang='lat' dir='ltr'><strong>in</strong></span> <span class='ocrx_word' id='word_1_111' title='bbox 1852 1100 2034 1155; x_wconf 89' lang='lat' dir='ltr'><strong>dixisti</strong></span> <span class='ocrx_word' id='word_1_112' title='bbox 2080 1103 2456 1158; x_wconf 79' lang='lat' dir='ltr'><strong>necessitatem</strong></span> <span class='ocrx_word' id='word_1_113' title='bbox 2489 1101 2553 1154; x_wconf 88' lang='lat' dir='ltr'><strong>ad</strong></span> <span class='ocrx_word' id='word_1_114' title='bbox 2589 1103 2868 1156; x_wconf 76' lang='lat' dir='ltr'><strong>absentem</strong></span> <span class='ocrx_word' id='word_1_115' title='bbox 2901 1100 3328 1169; x_wconf 78' lang='lat' dir='ltr'><strong>percutiendum,</strong></span> <span class='ocrx_word' id='word_1_116' title='bbox 3363 1099 3425 1153; x_wconf 78' lang='lat' dir='ltr'><strong>ad</strong></span> 
     </span>
    </p>
   </div>
   <div class='ocr_carea' id='block_1_9' title="bbox 173 1185 3429 1261">
    <p class='ocr_par' dir='ltr' id='par_1_9' title="bbox 173 1185 3429 1261">
     <span class='ocr_line' id='line_1_9' title="bbox 173 1185 3429 1261; baseline 0.003 -28"><span class='ocrx_word' id='word_1_117' title='bbox 173 1197 274 1250; x_wconf 89' lang='lat' dir='ltr'><strong>quo</strong></span> <span class='ocrx_word' id='word_1_118' title='bbox 303 1194 584 1237; x_wconf 85' lang='lat' dir='ltr'><strong>manentes</strong></span> <span class='ocrx_word' id='word_1_119' title='bbox 617 1185 761 1239; x_wconf 81' lang='lat' dir='ltr'><strong>beati</strong></span> <span class='ocrx_word' id='word_1_120' title='bbox 797 1187 1100 1254; x_wconf 58' lang='lat' dir='ltr'><strong>propheta,</strong></span> <span class='ocrx_word' id='word_1_121' title='bbox 1131 1189 1384 1256; x_wconf 77' lang='lat' dir='ltr'><strong>apostoli,</strong></span> <span class='ocrx_word' id='word_1_122' title='bbox 1417 1199 1579 1258; x_wconf 87' lang='lat' dir='ltr'><strong>atque</strong></span> <span class='ocrx_word' id='word_1_123' title='bbox 1611 1203 1751 1244; x_wconf 85' lang='lat' dir='ltr'><strong>mar-</strong></span> <span class='ocrx_word' id='word_1_124' title='bbox 1853 1191 2152 1246; x_wconf 87' lang='lat' dir='ltr'><strong>inauditum</strong></span> <span class='ocrx_word' id='word_1_125' title='bbox 2209 1192 2572 1261; x_wconf 86' lang='lat' dir='ltr'><strong>puniendum,</strong></span> <span class='ocrx_word' id='word_1_126' title='bbox 2625 1193 2694 1246; x_wconf 92' lang='lat' dir='ltr'><strong>ad</strong></span> <span class='ocrx_word' id='word_1_127' title='bbox 2747 1193 3052 1246; x_wconf 81' lang='lat' dir='ltr'><strong>innocentis</strong></span> <span class='ocrx_word' id='word_1_128' title='bbox 3106 1190 3429 1245; x_wconf 82' lang='lat' dir='ltr'><strong>fundendum</strong></span> 
     </span>
    </p>
   </div>
   <div class='ocr_carea' id='block_1_10' title="bbox 173 1277 3433 1353">
    <p class='ocr_par' dir='ltr' id='par_1_10' title="bbox 173 1277 3433 1353">
     <span class='ocr_line' id='line_1_10' title="bbox 173 1277 3433 1353; baseline 0.002 -26"><span class='ocrx_word' id='word_1_129' title='bbox 173 1282 314 1342; x_wconf 84' lang='lat' dir='ltr'><strong>tyres</strong></span> <span class='ocrx_word' id='word_1_130' title='bbox 362 1286 676 1330; x_wconf 86' lang='lat' dir='ltr'><strong>meruerunt</strong></span> <span class='ocrx_word' id='word_1_131' title='bbox 723 1285 959 1331; x_wconf 65' lang='lat' dir='ltr'><strong>internas</strong></span> <span class='ocrx_word' id='word_1_132' title='bbox 1006 1277 1100 1332; x_wconf 86' lang='lat' dir='ltr'><strong>Dei</strong></span> <span class='ocrx_word' id='word_1_133' title='bbox 1148 1280 1409 1350; x_wconf 82' lang='lat' dir='ltr'><strong>cnnsequi</strong></span> <span class='ocrx_word' id='word_1_134' title='bbox 1458 1280 1751 1337; x_wconf 81' lang='lat' dir='ltr'><strong>amicltias.</strong></span> <span class='ocrx_word' id='word_1_135' title='bbox 1852 1283 2204 1353; x_wconf 71' lang='lat' dir='ltr'><strong>sanguinem?</strong></span> <span class='ocrx_word' id='word_1_136' title='bbox 2236 1283 2348 1337; x_wconf 91' lang='lat' dir='ltr'><strong>Cur</strong></span> <span class='ocrx_word' id='word_1_137' title='bbox 2378 1283 2596 1338; x_wconf 80' lang='lat' dir='ltr'><strong>noluisti</strong></span> <span class='ocrx_word' id='word_1_138' title='bbox 2633 1283 2805 1338; x_wconf 89' lang='lat' dir='ltr'><strong>audiri</strong></span> <span class='ocrx_word' id='word_1_139' title='bbox 2844 1282 3193 1338; x_wconf 80' lang='lat' dir='ltr'><strong>Athanasium</strong></span> <span class='ocrx_word' id='word_1_140' title='bbox 3241 1296 3433 1337; x_wconf 64' lang='lat' dir='ltr'><strong>consac</strong></span> 
     </span>
    </p>
   </div>
   <div class='ocr_carea' id='block_1_11' title="bbox 171 1362 3434 1442">
    <p class='ocr_par' dir='ltr' id='par_1_11' title="bbox 171 1362 3434 1442">
     <span class='ocr_line' id='line_1_11' title="bbox 171 1362 3434 1442; baseline 0.003 -24"><span class='ocrx_word' id='word_1_141' title='bbox 171 1362 280 1419; x_wconf 77' lang='lat' dir='ltr'><strong>Non</strong></span> <span class='ocrx_word' id='word_1_142' title='bbox 304 1365 444 1419; x_wconf 87' lang='lat' dir='ltr'><strong>enim</strong></span> <span class='ocrx_word' id='word_1_143' title='bbox 492 1366 632 1436; x_wconf 88' lang='lat' dir='ltr'><strong>apud</strong></span> <span class='ocrx_word' id='word_1_144' title='bbox 679 1367 1065 1423; x_wconf 83' lang='lat' dir='ltr'><strong>Alexandriam</strong></span> <span class='ocrx_word' id='word_1_145' title='bbox 1113 1370 1416 1426; x_wconf 71' lang='lat' dir='ltr'><strong>lachetem</strong></span> <span class='ocrx_word' id='word_1_146' title='bbox 1449 1379 1474 1407; x_wconf 79' lang='grc' dir='ltr'><strong>ι</strong></span> <span class='ocrx_word' id='word_1_147' title='bbox 1505 1381 1559 1426; x_wconf 92' lang='lat' dir='ltr'><strong>et</strong></span> <span class='ocrx_word' id='word_1_148' title='bbox 1589 1370 1754 1442; x_wconf 82' lang='lat' dir='ltr'><strong>Dydi-</strong></span> <span class='ocrx_word' id='word_1_149' title='bbox 1850 1374 2128 1430; x_wconf 89' lang='lat' dir='ltr'><strong>cerdotem</strong></span> <span class='ocrx_word' id='word_1_150' title='bbox 2163 1384 2402 1429; x_wconf 88' lang='lat' dir='ltr'><strong>nostrum</strong></span> <span class='ocrx_word' id='word_1_151' title='bbox 2431 1389 2460 1429; x_wconf 87' lang='lat' dir='ltr'><strong>a</strong></span> <span class='ocrx_word' id='word_1_152' title='bbox 2497 1374 2686 1430; x_wconf 86' lang='lat' dir='ltr'><strong>nobis?</strong></span> <span class='ocrx_word' id='word_1_153' title='bbox 2727 1373 2838 1429; x_wconf 90' lang='lat' dir='ltr'><strong>Cur</strong></span> <span class='ocrx_word' id='word_1_154' title='bbox 2866 1377 2945 1430; x_wconf 89' lang='lat' dir='ltr'><strong>sic</strong></span> <span class='ocrx_word' id='word_1_155' title='bbox 2984 1389 3132 1429; x_wconf 91' lang='lat' dir='ltr'><strong>more</strong></span> <span class='ocrx_word' id='word_1_156' title='bbox 3163 1376 3434 1430; x_wconf 87' lang='lat' dir='ltr'><strong>latronum</strong></span> 
     </span>
    </p>
   </div>
   <div class='ocr_carea' id='block_1_12' title="bbox 171 1460 1752 1533">
    <p class='ocr_par' dir='ltr' id='par_1_12' title="bbox 171 1460 1752 1533">
     <span class='ocr_line' id='line_1_12' title="bbox 171 1460 1752 1533; baseline 0.004 -21"><span class='ocrx_word' id='word_1_157' title='bbox 171 1473 306 1512; x_wconf 80' lang='lat' dir='ltr'><strong>mam</strong></span> <span class='ocrx_word' id='word_1_158' title='bbox 345 1473 411 1512; x_wconf 86' lang='lat' dir='ltr'><strong>ex</strong></span> <span class='ocrx_word' id='word_1_159' title='bbox 463 1460 799 1529; x_wconf 78' lang='lat' dir='ltr'><strong>presbyteris</strong></span> <span class='ocrx_word' id='word_1_160' title='bbox 844 1464 1172 1525; x_wconf 81' lang='lat' dir='ltr'><strong>exsecraris,</strong></span> <span class='ocrx_word' id='word_1_161' title='bbox 1216 1463 1306 1533; x_wconf 91' lang='lat' dir='ltr'><strong>qui</strong></span> <span class='ocrx_word' id='word_1_162' title='bbox 1353 1472 1645 1517; x_wconf 89' lang='lat' dir='ltr'><strong>noscantur</strong></span> <span class='ocrx_word' id='word_1_163' title='bbox 1684 1477 1752 1518; x_wconf 89' lang='lat' dir='ltr'><strong>ex</strong></span> 
     </span>
    </p>
   </div>
   <div class='ocr_carea' id='block_1_13' title="bbox 169 1546 1751 1624">
    <p class='ocr_par' dir='ltr' id='par_1_13' title="bbox 169 1546 1751 1624">
     <span class='ocr_line' id='line_1_13' title="bbox 169 1546 1751 1624; baseline 0.004 -21"><span class='ocrx_word' id='word_1_164' title='bbox 169 1546 486 1603; x_wconf 83' lang='lat' dir='ltr'><strong>Christianis</strong></span> <span class='ocrx_word' id='word_1_165' title='bbox 515 1550 639 1604; x_wconf 87' lang='lat' dir='ltr'><strong>facti</strong></span> <span class='ocrx_word' id='word_1_166' title='bbox 686 1551 897 1616; x_wconf 83' lang='lat' dir='ltr'><strong>Ariani,</strong></span> <span class='ocrx_word' id='word_1_167' title='bbox 947 1553 1041 1606; x_wconf 88' lang='lat' dir='ltr'><strong>sed</strong></span> <span class='ocrx_word' id='word_1_168' title='bbox 1084 1568 1202 1616; x_wconf 87' lang='lat' dir='ltr'><strong>eos,</strong></span> <span class='ocrx_word' id='word_1_169' title='bbox 1249 1569 1388 1624; x_wconf 86' lang='lat' dir='ltr'><strong>quos</strong></span> <span class='ocrx_word' id='word_1_170' title='bbox 1435 1555 1612 1609; x_wconf 89' lang='lat' dir='ltr'><strong>adhuc</strong></span> <span class='ocrx_word' id='word_1_171' title='bbox 1659 1568 1751 1609; x_wconf 90' lang='lat' dir='ltr'><strong>co-</strong></span> 
     </span>
    </p>
   </div>
   <div class='ocr_carea' id='block_1_14' title="bbox 167 1642 1752 1711">
    <p class='ocr_par' dir='ltr' id='par_1_14' title="bbox 167 1642 1752 1711">
     <span class='ocr_line' id='line_1_14' title="bbox 167 1642 1752 1711; baseline 0.006 -17"><span class='ocrx_word' id='word_1_172' title='bbox 167 1642 382 1710; x_wconf 81' lang='lat' dir='ltr'><strong>gnoscis</strong></span> <span class='ocrx_word' id='word_1_173' title='bbox 413 1652 560 1696; x_wconf 88' lang='lat' dir='ltr'><strong>stare</strong></span> <span class='ocrx_word' id='word_1_174' title='bbox 589 1643 891 1697; x_wconf 80' lang='lat' dir='ltr'><strong>nobiscum.</strong></span> <span class='ocrx_word' id='word_1_175' title='bbox 919 1646 1024 1698; x_wconf 92' lang='lat' dir='ltr'><strong>Aut</strong></span> <span class='ocrx_word' id='word_1_176' title='bbox 1046 1646 1089 1698; x_wconf 88' lang='lat' dir='ltr'><strong>si</strong></span> <span class='ocrx_word' id='word_1_177' title='bbox 1120 1661 1223 1700; x_wconf 90' lang='lat' dir='ltr'><strong>non</strong></span> <span class='ocrx_word' id='word_1_178' title='bbox 1253 1647 1324 1700; x_wconf 91' lang='lat' dir='ltr'><strong>ita</strong></span> <span class='ocrx_word' id='word_1_179' title='bbox 1348 1657 1451 1711; x_wconf 88' lang='lat' dir='ltr'><strong>est,</strong></span> <span class='ocrx_word' id='word_1_180' title='bbox 1483 1662 1581 1701; x_wconf 91' lang='lat' dir='ltr'><strong>cur</strong></span> <span class='ocrx_word' id='word_1_181' title='bbox 1607 1662 1752 1704; x_wconf 90' lang='lat' dir='ltr'><strong>nunc</strong></span> 
     </span>
    </p>
   </div>
   <div class='ocr_carea' id='block_1_15' title="bbox 1852 1466 3435 1536">
    <p class='ocr_par' dir='ltr' id='par_1_15' title="bbox 1852 1466 3435 1536">
     <span class='ocr_line' id='line_1_15' title="bbox 1852 1466 3435 1536; baseline -0.001 -14"><span class='ocrx_word' id='word_1_182' title='bbox 1852 1468 2060 1522; x_wconf 87' lang='lat' dir='ltr'><strong>occulte</strong></span> <span class='ocrx_word' id='word_1_183' title='bbox 2109 1482 2208 1522; x_wconf 86' lang='lat' dir='ltr'><strong>nos</strong></span> <span class='ocrx_word' id='word_1_184' title='bbox 2248 1467 2497 1536; x_wconf 73' lang='lat' dir='ltr'><strong>jugulare</strong></span> <span class='ocrx_word' id='word_1_185' title='bbox 2543 1467 2634 1522; x_wconf 92' lang='lat' dir='ltr'><strong>Dei</strong></span> <span class='ocrx_word' id='word_1_186' title='bbox 2677 1467 2949 1522; x_wconf 86' lang='lat' dir='ltr'><strong>hominem</strong></span> <span class='ocrx_word' id='word_1_187' title='bbox 2989 1467 3282 1522; x_wconf 80' lang='lat' dir='ltr'><strong>volueras?</strong></span> <span class='ocrx_word' id='word_1_188' title='bbox 3332 1466 3435 1522; x_wconf 88' lang='lat' dir='ltr'><strong>nisi</strong></span> 
     </span>
    </p>
   </div>
   <div class='ocr_carea' id='block_1_16' title="bbox 1850 1559 3438 1629">
    <p class='ocr_par' dir='ltr' id='par_1_16' title="bbox 1850 1559 3438 1629">
     <span class='ocr_line' id='line_1_16' title="bbox 1850 1559 3438 1629; baseline 0.001 -17"><span class='ocrx_word' id='word_1_189' title='bbox 1850 1559 1974 1628; x_wconf 88' lang='lat' dir='ltr'><strong>quia</strong></span> <span class='ocrx_word' id='word_1_190' title='bbox 2005 1560 2078 1612; x_wconf 86' lang='lat' dir='ltr'><strong>sis</strong></span> <span class='ocrx_word' id='word_1_191' title='bbox 2113 1573 2180 1614; x_wconf 87' lang='lat' dir='ltr'><strong>ex</strong></span> <span class='ocrx_word' id='word_1_192' title='bbox 2208 1559 2336 1624; x_wconf 86' lang='lat' dir='ltr'><strong>illis,</strong></span> <span class='ocrx_word' id='word_1_193' title='bbox 2363 1559 2415 1612; x_wconf 91' lang='lat' dir='ltr'><strong>in</strong></span> <span class='ocrx_word' id='word_1_194' title='bbox 2443 1575 2675 1629; x_wconf 90' lang='lat' dir='ltr'><strong>quorum</strong></span> <span class='ocrx_word' id='word_1_195' title='bbox 2703 1559 3184 1628; x_wconf 82' lang='lat' dir='ltr'><strong>exprobrationem</strong></span> <span class='ocrx_word' id='word_1_196' title='bbox 3226 1559 3438 1628; x_wconf 82' lang='lat' dir='ltr'><strong>prolata</strong></span> 
     </span>
    </p>
   </div>
   <div class='ocr_carea' id='block_1_17' title="bbox 1850 1648 3438 1720">
    <p class='ocr_par' dir='ltr' id='par_1_17' title="bbox 1850 1648 3438 1720">
     <span class='ocr_line' id='line_1_17' title="bbox 1850 1648 3438 1720; baseline 0.001 -16"><span class='ocrx_word' id='word_1_197' title='bbox 1850 1651 1956 1704; x_wconf 89' lang='lat' dir='ltr'><strong>sint</strong></span> <span class='ocrx_word' id='word_1_198' title='bbox 1983 1650 2096 1704; x_wconf 77' lang='lat' dir='ltr'><strong>haec</strong></span> <span class='ocrx_word' id='word_1_199' title='bbox 2125 1667 2140 1702; x_wconf 90' lang='lat'><strong><em>:</em></strong></span> <span class='ocrx_word' id='word_1_200' title='bbox 2171 1648 2340 1704; x_wconf 84' lang='lat' dir='ltr'><strong><em>Nemo</em></strong></span> <span class='ocrx_word' id='word_1_201' title='bbox 2371 1651 2603 1704; x_wconf 75' lang='lat' dir='ltr'><strong>ascendit</strong></span> <span class='ocrx_word' id='word_1_202' title='bbox 2629 1651 2684 1704; x_wconf 90' lang='lat' dir='ltr'><strong>in</strong></span> <span class='ocrx_word' id='word_1_203' title='bbox 2718 1650 2925 1716; x_wconf 78' lang='lat' dir='ltr'><strong>aetum,</strong></span> <span class='ocrx_word' id='word_1_204' title='bbox 2952 1651 3049 1704; x_wconf 93' lang='lat' dir='ltr'><strong>nisi</strong></span> <span class='ocrx_word' id='word_1_205' title='bbox 3073 1650 3161 1720; x_wconf 88' lang='lat' dir='ltr'><strong>qui</strong></span> <span class='ocrx_word' id='word_1_206' title='bbox 3206 1649 3273 1703; x_wconf 90' lang='lat' dir='ltr'><strong>de</strong></span> <span class='ocrx_word' id='word_1_207' title='bbox 3311 1652 3438 1705; x_wconf 70' lang='lat' dir='ltr'><strong>caelo</strong></span> 
     </span>
    </p>
   </div>
   <div class='ocr_carea' id='block_1_18' title="bbox 170 1733 3443 1812">
    <p class='ocr_par' dir='ltr' id='par_1_18' title="bbox 170 1733 3443 1812">
     <span class='ocr_line' id='line_1_18' title="bbox 170 1733 3443 1812; baseline 0.003 -26"><span class='ocrx_word' id='word_1_208' title='bbox 170 1751 273 1786; x_wconf 88' lang='grc' dir='ltr'>ιιυιι</span> <span class='ocrx_word' id='word_1_209' title='bbox 312 1733 615 1788; x_wconf 75' lang='lat' dir='ltr'><strong>exsecraris</strong></span> <span class='ocrx_word' id='word_1_210' title='bbox 646 1734 926 1805; x_wconf 80' lang='lat' dir='ltr'><strong>Dydimam</strong></span> <span class='ocrx_word' id='word_1_211' title='bbox 965 1747 1020 1790; x_wconf 89' lang='lat' dir='ltr'><strong>et</strong></span> <span class='ocrx_word' id='word_1_212' title='bbox 1064 1737 1384 1804; x_wconf 80' lang='lat' dir='ltr'><strong>Machetam,</strong></span> <span class='ocrx_word' id='word_1_213' title='bbox 1423 1753 1556 1807; x_wconf 87' lang='lat' dir='ltr'><strong>quos</strong></span> <span class='ocrx_word' id='word_1_214' title='bbox 1593 1749 1751 1795; x_wconf 82' lang='lat' dir='ltr'><strong>antea</strong></span> <span class='ocrx_word' id='word_1_215' title='bbox 1851 1743 2146 1808; x_wconf 75' lang='lat' dir='ltr'><strong>descendit,</strong></span> <span class='ocrx_word' id='word_1_216' title='bbox 2201 1741 2365 1798; x_wconf 84' lang='lat' dir='ltr'><strong>Filius</strong></span> <span class='ocrx_word' id='word_1_217' title='bbox 2412 1744 2633 1798; x_wconf 86' lang='lat' dir='ltr'><strong>hominis</strong></span> <span class='ocrx_word' id='word_1_218' title='bbox 2682 1743 2769 1812; x_wconf 89' lang='lat' dir='ltr'><strong>qui</strong></span> <span class='ocrx_word' id='word_1_219' title='bbox 2817 1750 2892 1797; x_wconf 85' lang='lat' dir='ltr'><strong>est</strong></span> <span class='ocrx_word' id='word_1_220' title='bbox 2943 1742 2996 1795; x_wconf 90' lang='lat' dir='ltr'><strong>in</strong></span> <span class='ocrx_word' id='word_1_221' title='bbox 3039 1742 3178 1796; x_wconf 69' lang='lat' dir='ltr'><strong>caelis</strong></span> <span class='ocrx_word' id='word_1_222' title='bbox 3209 1740 3252 1796; x_wconf 68' lang='grc' dir='ltr'><strong>ί.</strong></span> <span class='ocrx_word' id='word_1_223' title='bbox 3287 1742 3443 1798; x_wconf 84' lang='lat' dir='ltr'><strong>Sieut</strong></span> 
     </span>
    </p>
   </div>
   <div class='ocr_carea' id='block_1_19' title="bbox 167 1827 3438 1902">
    <p class='ocr_par' dir='ltr' id='par_1_19' title="bbox 167 1827 3438 1902">
     <span class='ocr_line' id='line_1_19' title="bbox 167 1827 3438 1902; baseline 0.002 -20"><span class='ocrx_word' id='word_1_224' title='bbox 167 1827 574 1882; x_wconf 76' lang='lat' dir='ltr'><strong>exsecrabaris?</strong></span> <span class='ocrx_word' id='word_1_225' title='bbox 604 1828 705 1881; x_wconf 89' lang='lat' dir='ltr'><strong>nisi</strong></span> <span class='ocrx_word' id='word_1_226' title='bbox 739 1828 861 1897; x_wconf 88' lang='lat' dir='ltr'><strong>quia</strong></span> <span class='ocrx_word' id='word_1_227' title='bbox 899 1836 1024 1882; x_wconf 87' lang='lat' dir='ltr'><strong>tunc</strong></span> <span class='ocrx_word' id='word_1_228' title='bbox 1064 1846 1091 1882; x_wconf 87' lang='lat' dir='ltr'><strong>a</strong></span> <span class='ocrx_word' id='word_1_229' title='bbox 1128 1843 1178 1884; x_wconf 90' lang='lat' dir='ltr'><strong>te</strong></span> <span class='ocrx_word' id='word_1_230' title='bbox 1220 1830 1452 1885; x_wconf 88' lang='lat' dir='ltr'><strong>fuissent</strong></span> <span class='ocrx_word' id='word_1_231' title='bbox 1493 1845 1747 1886; x_wconf 82' lang='lat' dir='ltr'><strong>exsecra-</strong></span> <span class='ocrx_word' id='word_1_232' title='bbox 1848 1833 1982 1886; x_wconf 81' lang='lat' dir='ltr'><strong>enim</strong></span> <span class='ocrx_word' id='word_1_233' title='bbox 2008 1830 2210 1902; x_wconf 74' lang='lat' dir='ltr'><strong>Moyses</strong></span> <span class='ocrx_word' id='word_1_234' title='bbox 2240 1834 2480 1887; x_wconf 67' lang='lat' dir='ltr'><strong>exaltabit</strong></span> <span class='ocrx_word' id='word_1_235' title='bbox 2500 1843 2784 1902; x_wconf 81' lang='lat' dir='ltr'><strong>serpentem</strong></span> <span class='ocrx_word' id='word_1_236' title='bbox 2810 1833 2864 1886; x_wconf 88' lang='lat' dir='ltr'><strong>in</strong></span> <span class='ocrx_word' id='word_1_237' title='bbox 2889 1833 3109 1896; x_wconf 84' lang='lat' dir='ltr'><strong>deserto,</strong></span> <span class='ocrx_word' id='word_1_238' title='bbox 3137 1833 3213 1885; x_wconf 85' lang='lat' dir='ltr'><strong>sic</strong></span> <span class='ocrx_word' id='word_1_239' title='bbox 3238 1841 3438 1900; x_wconf 79' lang='lat' dir='ltr'><strong>oportet</strong></span> 
     </span>
    </p>
   </div>
   <div class='ocr_carea' id='block_1_20' title="bbox 168 1918 3435 1996">
    <p class='ocr_par' dir='ltr' id='par_1_20' title="bbox 168 1918 3435 1996">
     <span class='ocr_line' id='line_1_20' title="bbox 168 1918 3435 1996; baseline 0.002 -23"><span class='ocrx_word' id='word_1_240' title='bbox 168 1919 300 1973; x_wconf 84' lang='lat' dir='ltr'><strong>biles</strong></span> <span class='ocrx_word' id='word_1_241' title='bbox 337 1918 531 1986; x_wconf 89' lang='lat' dir='ltr'><strong>habiti,</strong></span> <span class='ocrx_word' id='word_1_242' title='bbox 573 1921 695 1988; x_wconf 89' lang='lat' dir='ltr'><strong>quia</strong></span> <span class='ocrx_word' id='word_1_243' title='bbox 735 1933 921 1974; x_wconf 85' lang='lat' dir='ltr'><strong>essent</strong></span> <span class='ocrx_word' id='word_1_244' title='bbox 966 1921 1142 1977; x_wconf 90' lang='lat' dir='ltr'><strong>adhuc</strong></span> <span class='ocrx_word' id='word_1_245' title='bbox 1181 1923 1390 1978; x_wconf 88' lang='lat' dir='ltr'><strong>scilicet</strong></span> <span class='ocrx_word' id='word_1_246' title='bbox 1428 1923 1742 1990; x_wconf 74' lang='lat' dir='ltr'><strong>Christiani,</strong></span> <span class='ocrx_word' id='word_1_247' title='bbox 1776 1920 1822 1980; x_wconf 81' lang='grc' dir='ltr'><strong>Β</strong></span> <span class='ocrx_word' id='word_1_248' title='bbox 1848 1926 2065 1980; x_wconf 76' lang='lat' dir='ltr'><strong>exaltari</strong></span> <span class='ocrx_word' id='word_1_249' title='bbox 2092 1926 2287 1980; x_wconf 73' lang='lat' dir='ltr'><strong>Filium</strong></span> <span class='ocrx_word' id='word_1_250' title='bbox 2313 1927 2564 1992; x_wconf 85' lang='lat' dir='ltr'><strong>hominis,</strong></span> <span class='ocrx_word' id='word_1_251' title='bbox 2606 1934 2662 1981; x_wconf 86' lang='lat' dir='ltr'><strong>ut</strong></span> <span class='ocrx_word' id='word_1_252' title='bbox 2704 1927 2866 1980; x_wconf 90' lang='lat' dir='ltr'><strong>omnis</strong></span> <span class='ocrx_word' id='word_1_253' title='bbox 2911 1928 2999 1996; x_wconf 84' lang='lat' dir='ltr'><strong>qui</strong></span> <span class='ocrx_word' id='word_1_254' title='bbox 3027 1925 3186 1981; x_wconf 84' lang='lat' dir='ltr'><strong>credit</strong></span> <span class='ocrx_word' id='word_1_255' title='bbox 3215 1927 3267 1980; x_wconf 87' lang='lat' dir='ltr'><strong>in</strong></span> <span class='ocrx_word' id='word_1_256' title='bbox 3295 1942 3435 1992; x_wconf 89' lang='lat' dir='ltr'><strong>eum,</strong></span> 
     </span>
    </p>
   </div>
   <div class='ocr_carea' id='block_1_21' title="bbox 168 2012 3439 2085">
    <p class='ocr_par' dir='ltr' id='par_1_21' title="bbox 168 2012 3439 2085">
     <span class='ocr_line' id='line_1_21' title="bbox 168 2012 3439 2085; baseline 0.002 -21"><span class='ocrx_word' id='word_1_257' title='bbox 168 2026 309 2065; x_wconf 91' lang='lat' dir='ltr'><strong>nunc</strong></span> <span class='ocrx_word' id='word_1_258' title='bbox 340 2026 472 2065; x_wconf 87' lang='lat' dir='ltr'><strong>vero</strong></span> <span class='ocrx_word' id='word_1_259' title='bbox 495 2012 602 2064; x_wconf 88' lang='lat' dir='ltr'><strong>sint</strong></span> <span class='ocrx_word' id='word_1_260' title='bbox 645 2013 738 2066; x_wconf 90' lang='lat' dir='ltr'><strong>tibi</strong></span> <span class='ocrx_word' id='word_1_261' title='bbox 770 2012 1110 2080; x_wconf 74' lang='lat' dir='ltr'><strong>t-harissiini,</strong></span> <span class='ocrx_word' id='word_1_262' title='bbox 1157 2017 1281 2085; x_wconf 90' lang='lat' dir='ltr'><strong>quia</strong></span> <span class='ocrx_word' id='word_1_263' title='bbox 1325 2016 1580 2072; x_wconf 85' lang='lat' dir='ltr'><strong>videlicet</strong></span> <span class='ocrx_word' id='word_1_264' title='bbox 1627 2032 1749 2073; x_wconf 85' lang='lat' dir='ltr'><strong>esse</strong></span> <span class='ocrx_word' id='word_1_265' title='bbox 1851 2016 2030 2071; x_wconf 81' lang='lat' dir='ltr'><strong>habeat</strong></span> <span class='ocrx_word' id='word_1_266' title='bbox 2054 2027 2079 2064; x_wconf 70' lang='grc' dir='ltr'><strong><em>ὅ</em></strong></span> <span class='ocrx_word' id='word_1_267' title='bbox 2102 2018 2254 2072; x_wconf 74' lang='lat' dir='ltr'><strong>vitam</strong></span> <span class='ocrx_word' id='word_1_268' title='bbox 2294 2027 2559 2073; x_wconf 64' lang='lat' dir='ltr'><strong>(eternam.</strong></span> <span class='ocrx_word' id='word_1_269' title='bbox 2596 2017 2688 2073; x_wconf 83' lang='lat' dir='ltr'><strong>Sic</strong></span> <span class='ocrx_word' id='word_1_270' title='bbox 2722 2018 2857 2071; x_wconf 87' lang='lat' dir='ltr'><strong>enim</strong></span> <span class='ocrx_word' id='word_1_271' title='bbox 2885 2013 3026 2072; x_wconf 87' lang='lat' dir='ltr'><strong>Deus</strong></span> <span class='ocrx_word' id='word_1_272' title='bbox 3065 2017 3315 2070; x_wconf 83' lang='lat' dir='ltr'><strong>mundum</strong></span> <span class='ocrx_word' id='word_1_273' title='bbox 3351 2019 3439 2071; x_wconf 82' lang='lat' dir='ltr'><strong>dl-</strong></span> 
     </span>
    </p>
   </div>
   <div class='ocr_carea' id='block_1_22' title="bbox 163 2107 3443 2182">
    <p class='ocr_par' dir='ltr' id='par_1_22' title="bbox 163 2107 3443 2182">
     <span class='ocr_line' id='line_1_22' title="bbox 163 2107 3443 2182; baseline 0.003 -25"><span class='ocrx_word' id='word_1_274' title='bbox 163 2111 465 2168; x_wconf 70' lang='lat' dir='ltr'><strong>cmperunt,</strong></span> <span class='ocrx_word' id='word_1_275' title='bbox 501 2112 560 2156; x_wconf 92' lang='lat' dir='ltr'><strong>ut</strong></span> <span class='ocrx_word' id='word_1_276' title='bbox 607 2113 659 2156; x_wconf 88' lang='lat' dir='ltr'><strong>tu</strong></span> <span class='ocrx_word' id='word_1_277' title='bbox 707 2118 767 2157; x_wconf 90' lang='lat' dir='ltr'><strong>es</strong></span> <span class='ocrx_word' id='word_1_278' title='bbox 809 2114 1076 2171; x_wconf 87' lang='lat' dir='ltr'><strong>apostata,</strong></span> <span class='ocrx_word' id='word_1_279' title='bbox 1111 2107 1435 2176; x_wconf 77' lang='lat' dir='ltr'><strong>blasphemi.</strong></span> <span class='ocrx_word' id='word_1_280' title='bbox 1485 2108 1590 2163; x_wconf 90' lang='lat' dir='ltr'><strong>Sed</strong></span> <span class='ocrx_word' id='word_1_281' title='bbox 1633 2108 1746 2178; x_wconf 84' lang='lat' dir='ltr'><strong>jam</strong></span> <span class='ocrx_word' id='word_1_282' title='bbox 1853 2112 1996 2176; x_wconf 70' lang='lat' dir='ltr'><strong>(escit,</strong></span> <span class='ocrx_word' id='word_1_283' title='bbox 2033 2121 2087 2165; x_wconf 89' lang='lat' dir='ltr'><strong>ut</strong></span> <span class='ocrx_word' id='word_1_284' title='bbox 2129 2110 2325 2166; x_wconf 83' lang='lat' dir='ltr'><strong>Filium</strong></span> <span class='ocrx_word' id='word_1_285' title='bbox 2366 2128 2517 2165; x_wconf 86' lang='lat' dir='ltr'><strong>suum</strong></span> <span class='ocrx_word' id='word_1_286' title='bbox 2553 2115 2760 2165; x_wconf 83' lang='lat' dir='ltr'><strong>unicum</strong></span> <span class='ocrx_word' id='word_1_287' title='bbox 2786 2109 2815 2148; x_wconf 67' lang='grc' dir='ltr'>δ</span> <span class='ocrx_word' id='word_1_288' title='bbox 2842 2112 3006 2176; x_wconf 87' lang='lat' dir='ltr'><strong>daret,</strong></span> <span class='ocrx_word' id='word_1_289' title='bbox 3044 2119 3102 2164; x_wconf 83' lang='lat' dir='ltr'><strong>ut</strong></span> <span class='ocrx_word' id='word_1_290' title='bbox 3143 2113 3311 2165; x_wconf 82' lang='lat' dir='ltr'><strong>omnis</strong></span> <span class='ocrx_word' id='word_1_291' title='bbox 3351 2112 3443 2182; x_wconf 86' lang='lat' dir='ltr'><strong>qui</strong></span> 
     </span>
    </p>
   </div>
   <div class='ocr_carea' id='block_1_23' title="bbox 163 2192 3436 2270">
    <p class='ocr_par' dir='ltr' id='par_1_23' title="bbox 163 2192 3436 2270">
     <span class='ocr_line' id='line_1_23' title="bbox 163 2192 3436 2270; baseline 0.003 -24"><span class='ocrx_word' id='word_1_292' title='bbox 163 2192 455 2252; x_wconf 84' lang='lat' dir='ltr'><strong>credimus,</strong></span> <span class='ocrx_word' id='word_1_293' title='bbox 483 2203 532 2245; x_wconf 80' lang='lat' dir='ltr'><strong>te</strong></span> <span class='ocrx_word' id='word_1_294' title='bbox 562 2202 683 2262; x_wconf 88' lang='lat' dir='ltr'><strong>post</strong></span> <span class='ocrx_word' id='word_1_295' title='bbox 706 2203 879 2249; x_wconf 88' lang='lat' dir='ltr'><strong>tantas</strong></span> <span class='ocrx_word' id='word_1_296' title='bbox 911 2197 1256 2264; x_wconf 89' lang='lat' dir='ltr'><strong>probationes</strong></span> <span class='ocrx_word' id='word_1_297' title='bbox 1278 2198 1370 2252; x_wconf 90' lang='lat' dir='ltr'><strong>tibi</strong></span> <span class='ocrx_word' id='word_1_298' title='bbox 1397 2199 1676 2253; x_wconf 84' lang='lat' dir='ltr'><strong>exhibitas</strong></span> <span class='ocrx_word' id='word_1_299' title='bbox 1697 2208 1751 2255; x_wconf 82' lang='lat' dir='ltr'><strong>te</strong></span> <span class='ocrx_word' id='word_1_300' title='bbox 1852 2203 2010 2256; x_wconf 86' lang='lat' dir='ltr'><strong>credit</strong></span> <span class='ocrx_word' id='word_1_301' title='bbox 2039 2203 2094 2255; x_wconf 88' lang='lat' dir='ltr'><strong>in</strong></span> <span class='ocrx_word' id='word_1_302' title='bbox 2119 2219 2258 2264; x_wconf 80' lang='lat' dir='ltr'><strong>eum.</strong></span> <span class='ocrx_word' id='word_1_303' title='bbox 2293 2219 2393 2256; x_wconf 87' lang='lat' dir='ltr'><strong>non</strong></span> <span class='ocrx_word' id='word_1_304' title='bbox 2422 2212 2616 2270; x_wconf 84' lang='lat' dir='ltr'><strong>pereat,</strong></span> <span class='ocrx_word' id='word_1_305' title='bbox 2644 2201 2734 2256; x_wconf 84' lang='lat' dir='ltr'><strong>sed</strong></span> <span class='ocrx_word' id='word_1_306' title='bbox 2758 2203 2914 2256; x_wconf 73' lang='lat' dir='ltr'><strong>vitam</strong></span> <span class='ocrx_word' id='word_1_307' title='bbox 2953 2206 3198 2257; x_wconf 67' lang='lat' dir='ltr'><strong>teterth</strong></span> <span class='ocrx_word' id='word_1_308' title='bbox 3222 2201 3436 2258; x_wconf 79' lang='lat' dir='ltr'><strong>habeat.</strong></span> 
     </span>
    </p>
   </div>
   <div class='ocr_carea' id='block_1_24' title="bbox 164 2285 3442 2366">
    <p class='ocr_par' dir='ltr' id='par_1_24' title="bbox 164 2285 3442 2366">
     <span class='ocr_line' id='line_1_24' title="bbox 164 2285 3442 2366; baseline 0.005 -34"><span class='ocrx_word' id='word_1_309' title='bbox 164 2296 326 2334; x_wconf 90' lang='lat' dir='ltr'><strong>unum</strong></span> <span class='ocrx_word' id='word_1_310' title='bbox 359 2296 479 2336; x_wconf 88' lang='lat' dir='ltr'><strong>csse</strong></span> <span class='ocrx_word' id='word_1_311' title='bbox 511 2297 576 2337; x_wconf 86' lang='lat' dir='ltr'><strong>ex</strong></span> <span class='ocrx_word' id='word_1_312' title='bbox 624 2285 748 2351; x_wconf 80' lang='lat' dir='ltr'><strong>illis,</strong></span> <span class='ocrx_word' id='word_1_313' title='bbox 778 2287 842 2338; x_wconf 90' lang='lat' dir='ltr'><strong>ad</strong></span> <span class='ocrx_word' id='word_1_314' title='bbox 873 2302 1008 2356; x_wconf 88' lang='lat' dir='ltr'><strong>quos</strong></span> <span class='ocrx_word' id='word_1_315' title='bbox 1035 2287 1253 2354; x_wconf 90' lang='lat' dir='ltr'><strong>dicitur,</strong></span> <span class='ocrx_word' id='word_1_316' title='bbox 1284 2289 1582 2359; x_wconf 84' lang='lat' dir='ltr'><strong>Serpentes,</strong></span> <span class='ocrx_word' id='word_1_317' title='bbox 1609 2293 1751 2360; x_wconf 82' lang='lat' dir='ltr'><strong>geni-</strong></span> <span class='ocrx_word' id='word_1_318' title='bbox 1857 2291 1981 2346; x_wconf 84' lang='lat' dir='ltr'><strong>Non</strong></span> <span class='ocrx_word' id='word_1_319' title='bbox 2000 2294 2133 2347; x_wconf 89' lang='lat' dir='ltr'><strong>enim</strong></span> <span class='ocrx_word' id='word_1_320' title='bbox 2154 2295 2289 2348; x_wconf 80' lang='lat' dir='ltr'><strong>misit</strong></span> <span class='ocrx_word' id='word_1_321' title='bbox 2311 2292 2448 2347; x_wconf 86' lang='lat' dir='ltr'><strong>Deus</strong></span> <span class='ocrx_word' id='word_1_322' title='bbox 2477 2292 2674 2347; x_wconf 83' lang='lat' dir='ltr'><strong>Filium</strong></span> <span class='ocrx_word' id='word_1_323' title='bbox 2693 2309 2844 2348; x_wconf 80' lang='lat' dir='ltr'><strong>suum</strong></span> <span class='ocrx_word' id='word_1_324' title='bbox 2864 2295 2917 2347; x_wconf 85' lang='lat' dir='ltr'><strong>in</strong></span> <span class='ocrx_word' id='word_1_325' title='bbox 2936 2293 3184 2348; x_wconf 82' lang='lat' dir='ltr'><strong>mundum</strong></span> <span class='ocrx_word' id='word_1_326' title='bbox 3212 2303 3266 2346; x_wconf 85' lang='lat' dir='ltr'><strong>ut</strong></span> <span class='ocrx_word' id='word_1_327' title='bbox 3281 2294 3442 2366; x_wconf 85' lang='lat' dir='ltr'><strong>judi-</strong></span> 
     </span>
    </p>
   </div>
   <div class='ocr_carea' id='block_1_25' title="bbox 160 2372 3439 2465">
    <p class='ocr_par' dir='ltr' id='par_1_25' title="bbox 160 2372 3439 2465">
     <span class='ocr_line' id='line_1_25' title="bbox 160 2372 3439 2465; baseline 0.004 -37"><span class='ocrx_word' id='word_1_328' title='bbox 160 2376 302 2429; x_wconf 82' lang='lat' dir='ltr'><strong>mina</strong></span> <span class='ocrx_word' id='word_1_329' title='bbox 339 2377 654 2444; x_wconf 79' lang='lat' dir='ltr'><strong>viperarum,</strong></span> <span class='ocrx_word' id='word_1_330' title='bbox 686 2381 942 2447; x_wconf 87' lang='lat' dir='ltr'><strong>quomodo</strong></span> <span class='ocrx_word' id='word_1_331' title='bbox 984 2381 1193 2451; x_wconf 76' lang='lat' dir='ltr'><strong>fugietis</strong></span> <span class='ocrx_word' id='word_1_332' title='bbox 1222 2399 1252 2433; x_wconf 82' lang='grc' dir='ltr'><em>α</em></span> <span class='ocrx_word' id='word_1_333' title='bbox 1273 2382 1477 2453; x_wconf 82' lang='lat' dir='ltr'><strong>judicio</strong></span> <span class='ocrx_word' id='word_1_334' title='bbox 1504 2383 1754 2453; x_wconf 68' lang='lat' dir='ltr'><strong>gehennc</strong></span> <span class='ocrx_word' id='word_1_335' title='bbox 1856 2395 1930 2438; x_wconf 83' lang='lat' dir='ltr'><strong>cet</strong></span> <span class='ocrx_word' id='word_1_336' title='bbox 1976 2386 2241 2452; x_wconf 77' lang='lat' dir='ltr'><strong>mundum,</strong></span> <span class='ocrx_word' id='word_1_337' title='bbox 2269 2389 2357 2438; x_wconf 83' lang='lat' dir='ltr'><strong>sed</strong></span> <span class='ocrx_word' id='word_1_338' title='bbox 2382 2395 2436 2438; x_wconf 89' lang='lat' dir='ltr'><strong>ut</strong></span> <span class='ocrx_word' id='word_1_339' title='bbox 2463 2385 2684 2440; x_wconf 75' lang='lat' dir='ltr'><strong>salvetur</strong></span> <span class='ocrx_word' id='word_1_340' title='bbox 2711 2387 2932 2465; x_wconf 62' lang='lat' dir='ltr'><strong>mundus</strong></span> <span class='ocrx_word' id='word_1_341' title='bbox 2965 2401 3055 2456; x_wconf 88' lang='lat' dir='ltr'><strong>per</strong></span> <span class='ocrx_word' id='word_1_342' title='bbox 3081 2372 3272 2454; x_wconf 80' lang='lat' dir='ltr'><strong>ipsum.</strong></span> <span class='ocrx_word' id='word_1_343' title='bbox 3306 2383 3439 2442; x_wconf 79' lang='lat' dir='ltr'><strong>Ideo</strong></span> 
     </span>
    </p>
   </div>
   <div class='ocr_carea' id='block_1_26' title="bbox 162 2467 3445 2547">
    <p class='ocr_par' dir='ltr' id='par_1_26' title="bbox 162 2467 3445 2547">
     <span class='ocr_line' id='line_1_26' title="bbox 162 2467 3445 2547; baseline 0.004 -27"><span class='ocrx_word' id='word_1_344' title='bbox 162 2467 327 2539; x_wconf 86' lang='lat' dir='ltr'><strong>(Ibid.</strong></span> <span class='ocrx_word' id='word_1_345' title='bbox 369 2469 504 2539; x_wconf 60' lang='grc' dir='ltr'><strong>δεμ</strong></span> <span class='ocrx_word' id='word_1_346' title='bbox 534 2470 784 2526; x_wconf 86' lang='lat' dir='ltr'><strong>daturum</strong></span> <span class='ocrx_word' id='word_1_347' title='bbox 831 2484 880 2526; x_wconf 91' lang='lat' dir='ltr'><strong>te</strong></span> <span class='ocrx_word' id='word_1_348' title='bbox 922 2489 1144 2541; x_wconf 86' lang='lat' dir='ltr'><strong>operam</strong></span> <span class='ocrx_word' id='word_1_349' title='bbox 1192 2489 1301 2544; x_wconf 88' lang='lat' dir='ltr'><strong>quo</strong></span> <span class='ocrx_word' id='word_1_350' title='bbox 1349 2476 1523 2543; x_wconf 71' lang='lat' dir='ltr'><strong>possis</strong></span> <span class='ocrx_word' id='word_1_351' title='bbox 1561 2491 1755 2532; x_wconf 90' lang='lat' dir='ltr'><strong>curare</strong></span> <span class='ocrx_word' id='word_1_352' title='bbox 1856 2478 1944 2545; x_wconf 87' lang='lat' dir='ltr'><strong>qui</strong></span> <span class='ocrx_word' id='word_1_353' title='bbox 1971 2477 2128 2532; x_wconf 88' lang='lat' dir='ltr'><strong>credit</strong></span> <span class='ocrx_word' id='word_1_354' title='bbox 2156 2478 2210 2531; x_wconf 80' lang='lat' dir='ltr'><strong>in</strong></span> <span class='ocrx_word' id='word_1_355' title='bbox 2237 2494 2372 2544; x_wconf 87' lang='lat' dir='ltr'><strong>eum,</strong></span> <span class='ocrx_word' id='word_1_356' title='bbox 2406 2493 2510 2531; x_wconf 91' lang='lat' dir='ltr'><strong>non</strong></span> <span class='ocrx_word' id='word_1_357' title='bbox 2529 2478 2952 2547; x_wconf 79' lang='lat' dir='ltr'><strong>judicatur:qui</strong></span> <span class='ocrx_word' id='word_1_358' title='bbox 2982 2474 3151 2532; x_wconf 80' lang='lat' dir='ltr'><strong>autem</strong></span> <span class='ocrx_word' id='word_1_359' title='bbox 3187 2494 3290 2532; x_wconf 82' lang='lat' dir='ltr'><strong>non</strong></span> <span class='ocrx_word' id='word_1_360' title='bbox 3331 2494 3445 2533; x_wconf 82' lang='lat' dir='ltr'><strong>rre-</strong></span> 
     </span>
    </p>
   </div>
   <div class='ocr_carea' id='block_1_27' title="bbox 158 2561 3443 2640">
    <p class='ocr_par' dir='ltr' id='par_1_27' title="bbox 158 2561 3443 2640">
     <span class='ocr_line' id='line_1_27' title="bbox 158 2561 3443 2640; baseline 0.003 -28"><span class='ocrx_word' id='word_1_361' title='bbox 158 2562 385 2614; x_wconf 81' lang='lat' dir='ltr'><strong>vnluera</strong></span> <span class='ocrx_word' id='word_1_362' title='bbox 412 2562 508 2615; x_wconf 88' lang='lat' dir='ltr'><strong>tibi</strong></span> <span class='ocrx_word' id='word_1_363' title='bbox 540 2579 634 2630; x_wconf 90' lang='lat' dir='ltr'><strong>per</strong></span> <span class='ocrx_word' id='word_1_364' title='bbox 659 2564 930 2617; x_wconf 88' lang='lat' dir='ltr'><strong>diabolum</strong></span> <span class='ocrx_word' id='word_1_365' title='bbox 957 2561 1158 2620; x_wconf 79' lang='lat' dir='ltr'><strong>inﬂicta</strong></span> <span class='ocrx_word' id='word_1_366' title='bbox 1187 2576 1292 2619; x_wconf 86' lang='lat' dir='ltr'><strong>tam</strong></span> <span class='ocrx_word' id='word_1_367' title='bbox 1316 2567 1522 2635; x_wconf 85' lang='lat' dir='ltr'><strong>gravia,</strong></span> <span class='ocrx_word' id='word_1_368' title='bbox 1551 2568 1674 2633; x_wconf 81' lang='lat' dir='ltr'><strong>quia</strong></span> <span class='ocrx_word' id='word_1_369' title='bbox 1700 2578 1755 2624; x_wconf 80' lang='lat' dir='ltr'><strong>et</strong></span> <span class='ocrx_word' id='word_1_370' title='bbox 1856 2568 1932 2621; x_wconf 88' lang='lat' dir='ltr'><strong>dit</strong></span> <span class='ocrx_word' id='word_1_371' title='bbox 1973 2568 2028 2621; x_wconf 88' lang='lat' dir='ltr'><strong>in</strong></span> <span class='ocrx_word' id='word_1_372' title='bbox 2067 2584 2213 2630; x_wconf 89' lang='lat' dir='ltr'><strong>eum,</strong></span> <span class='ocrx_word' id='word_1_373' title='bbox 2246 2571 2364 2640; x_wconf 83' lang='lat' dir='ltr'><strong>jam</strong></span> <span class='ocrx_word' id='word_1_374' title='bbox 2396 2569 2667 2640; x_wconf 80' lang='lat' dir='ltr'><strong>judicatus</strong></span> <span class='ocrx_word' id='word_1_375' title='bbox 2701 2577 2808 2632; x_wconf 81' lang='lat' dir='ltr'><strong>est,</strong></span> <span class='ocrx_word' id='word_1_376' title='bbox 2839 2569 2962 2637; x_wconf 83' lang='lat' dir='ltr'><strong>quia</strong></span> <span class='ocrx_word' id='word_1_377' title='bbox 3000 2584 3102 2624; x_wconf 81' lang='lat' dir='ltr'><strong>non</strong></span> <span class='ocrx_word' id='word_1_378' title='bbox 3136 2569 3357 2623; x_wconf 85' lang='lat' dir='ltr'><strong>credidit</strong></span> <span class='ocrx_word' id='word_1_379' title='bbox 3385 2569 3443 2624; x_wconf 86' lang='lat' dir='ltr'><strong>in</strong></span> 
     </span>
    </p>
   </div>
   <div class='ocr_carea' id='block_1_28' title="bbox 157 2654 3435 2732">
    <p class='ocr_par' dir='ltr' id='par_1_28' title="bbox 157 2654 3435 2732">
     <span class='ocr_line' id='line_1_28' title="bbox 157 2654 3435 2732; baseline 0.002 -25"><span class='ocrx_word' id='word_1_380' title='bbox 157 2654 432 2708; x_wconf 81' lang='lat' dir='ltr'><strong>homicida</strong></span> <span class='ocrx_word' id='word_1_381' title='bbox 473 2656 550 2709; x_wconf 73' lang='lat' dir='ltr'><strong>sis</strong></span> <span class='ocrx_word' id='word_1_382' title='bbox 593 2667 645 2710; x_wconf 91' lang='lat' dir='ltr'><strong>et</strong></span> <span class='ocrx_word' id='word_1_383' title='bbox 689 2659 1029 2726; x_wconf 84' lang='lat' dir='ltr'><strong>sacrilegus:</strong></span> <span class='ocrx_word' id='word_1_384' title='bbox 1062 2673 1090 2710; x_wconf 91' lang='lat' dir='ltr'><strong>a</strong></span> <span class='ocrx_word' id='word_1_385' title='bbox 1123 2659 1318 2727; x_wconf 87' lang='lat' dir='ltr'><strong>quibus</strong></span> <span class='ocrx_word' id='word_1_386' title='bbox 1356 2661 1681 2714; x_wconf 85' lang='lat' dir='ltr'><strong>criminibus</strong></span> <span class='ocrx_word' id='word_1_387' title='bbox 1708 2662 1753 2716; x_wconf 86' lang='lat' dir='ltr'><strong>si</strong></span> <span class='ocrx_word' id='word_1_388' title='bbox 1856 2660 2058 2714; x_wconf 85' lang='lat' dir='ltr'><strong>nomine</strong></span> <span class='ocrx_word' id='word_1_389' title='bbox 2096 2660 2236 2714; x_wconf 82' lang='lat' dir='ltr'><strong>unici</strong></span> <span class='ocrx_word' id='word_1_390' title='bbox 2281 2657 2411 2713; x_wconf 80' lang='lat' dir='ltr'><strong>Filii</strong></span> <span class='ocrx_word' id='word_1_391' title='bbox 2454 2658 2573 2715; x_wconf 85' lang='lat' dir='ltr'><strong>Dei.</strong></span> <span class='ocrx_word' id='word_1_392' title='bbox 2617 2659 2734 2714; x_wconf 83' lang='lat' dir='ltr'><strong>Hoc</strong></span> <span class='ocrx_word' id='word_1_393' title='bbox 2781 2659 2796 2696; x_wconf 78' lang='grc' dir='ltr'><strong>ί</strong></span> <span class='ocrx_word' id='word_1_394' title='bbox 2843 2671 2916 2714; x_wconf 92' lang='lat' dir='ltr'><strong>est</strong></span> <span class='ocrx_word' id='word_1_395' title='bbox 2950 2670 3121 2714; x_wconf 87' lang='lat' dir='ltr'><strong>autem</strong></span> <span class='ocrx_word' id='word_1_396' title='bbox 3148 2661 3435 2732; x_wconf 81' lang='lat' dir='ltr'><strong>judicium,</strong></span> 
     </span>
    </p>
   </div>
   <div class='ocr_carea' id='block_1_29' title="bbox 157 2747 3440 2821">
    <p class='ocr_par' dir='ltr' id='par_1_29' title="bbox 157 2747 3440 2821">
     <span class='ocr_line' id='line_1_29' title="bbox 157 2747 3440 2821; baseline 0.003 -21"><span class='ocrx_word' id='word_1_397' title='bbox 157 2757 212 2800; x_wconf 89' lang='lat' dir='ltr'><strong>te</strong></span> <span class='ocrx_word' id='word_1_398' title='bbox 258 2747 506 2801; x_wconf 86' lang='lat' dir='ltr'><strong>nolueris</strong></span> <span class='ocrx_word' id='word_1_399' title='bbox 543 2748 786 2812; x_wconf 86' lang='lat' dir='ltr'><strong>liberari,</strong></span> <span class='ocrx_word' id='word_1_400' title='bbox 833 2752 1051 2818; x_wconf 76' lang='lat' dir='ltr'><strong>sanguis</strong></span> <span class='ocrx_word' id='word_1_401' title='bbox 1101 2761 1224 2804; x_wconf 88' lang='lat' dir='ltr'><strong>tuus</strong></span> <span class='ocrx_word' id='word_1_402' title='bbox 1268 2754 1576 2821; x_wconf 81' lang='lat' dir='ltr'><strong>requiratur</strong></span> <span class='ocrx_word' id='word_1_403' title='bbox 1610 2769 1639 2806; x_wconf 90' lang='lat' dir='ltr'><strong>a</strong></span> <span class='ocrx_word' id='word_1_404' title='bbox 1675 2761 1752 2819; x_wconf 87' lang='lat' dir='ltr'><strong>te,</strong></span> <span class='ocrx_word' id='word_1_405' title='bbox 1856 2752 1977 2815; x_wconf 77' lang='lat' dir='ltr'><strong>auia</strong></span> <span class='ocrx_word' id='word_1_406' title='bbox 2007 2751 2097 2804; x_wconf 68' lang='lat' dir='ltr'><strong>lux</strong></span> <span class='ocrx_word' id='word_1_407' title='bbox 2129 2751 2264 2804; x_wconf 72' lang='lat' dir='ltr'><strong>venit</strong></span> <span class='ocrx_word' id='word_1_408' title='bbox 2296 2750 2351 2804; x_wconf 87' lang='lat' dir='ltr'><strong>in</strong></span> <span class='ocrx_word' id='word_1_409' title='bbox 2374 2752 2648 2817; x_wconf 84' lang='lat' dir='ltr'><strong>mundum.</strong></span> <span class='ocrx_word' id='word_1_410' title='bbox 2675 2760 2722 2804; x_wconf 79' lang='lat' dir='ltr'><strong>et</strong></span> <span class='ocrx_word' id='word_1_411' title='bbox 2750 2750 3039 2805; x_wconf 67' lang='lat' dir='ltr'><strong>dilexerunt</strong></span> <span class='ocrx_word' id='word_1_412' title='bbox 3069 2751 3296 2807; x_wconf 68' lang='lat' dir='ltr'><strong>bonum</strong></span> <span class='ocrx_word' id='word_1_413' title='bbox 3341 2768 3440 2817; x_wconf 58' lang='lat' dir='ltr'><strong>po.</strong></span> 
     </span>
    </p>
   </div>
   <div class='ocr_carea' id='block_1_30' title="bbox 154 2839 3446 2913">
    <p class='ocr_par' dir='ltr' id='par_1_30' title="bbox 154 2839 3446 2913">
     <span class='ocr_line' id='line_1_30' title="bbox 154 2839 3446 2913; baseline 0.001 -19"><span class='ocrx_word' id='word_1_414' title='bbox 154 2853 260 2894; x_wconf 92' lang='lat' dir='ltr'><strong>nos</strong></span> <span class='ocrx_word' id='word_1_415' title='bbox 289 2855 472 2894; x_wconf 92' lang='lat' dir='ltr'><strong>coram</strong></span> <span class='ocrx_word' id='word_1_416' title='bbox 497 2839 608 2894; x_wconf 91' lang='lat' dir='ltr'><strong>Deo</strong></span> <span class='ocrx_word' id='word_1_417' title='bbox 636 2841 818 2894; x_wconf 88' lang='lat' dir='ltr'><strong>mundi</strong></span> <span class='ocrx_word' id='word_1_418' title='bbox 849 2841 1012 2896; x_wconf 84' lang='lat' dir='ltr'><strong>futuri</strong></span> <span class='ocrx_word' id='word_1_419' title='bbox 1039 2857 1067 2896; x_wconf 89' lang='lat' dir='ltr'><strong>a</strong></span> <span class='ocrx_word' id='word_1_420' title='bbox 1100 2844 1366 2912; x_wconf 88' lang='lat' dir='ltr'><strong>sanguine</strong></span> <span class='ocrx_word' id='word_1_421' title='bbox 1399 2854 1514 2907; x_wconf 89' lang='lat' dir='ltr'><strong>tuo,</strong></span> <span class='ocrx_word' id='word_1_422' title='bbox 1541 2845 1632 2913; x_wconf 85' lang='lat' dir='ltr'><strong>qui</strong></span> <span class='ocrx_word' id='word_1_423' title='bbox 1659 2843 1754 2900; x_wconf 89' lang='lat' dir='ltr'><strong>tibi</strong></span> <span class='ocrx_word' id='word_1_424' title='bbox 1858 2842 1958 2895; x_wconf 91' lang='lat' dir='ltr'><strong>tius</strong></span> <span class='ocrx_word' id='word_1_425' title='bbox 1997 2844 2223 2896; x_wconf 89' lang='lat' dir='ltr'><strong>tenebras</strong></span> <span class='ocrx_word' id='word_1_426' title='bbox 2261 2858 2415 2909; x_wconf 87' lang='lat' dir='ltr'><strong>quam</strong></span> <span class='ocrx_word' id='word_1_427' title='bbox 2449 2843 2655 2899; x_wconf 90' lang='lat' dir='ltr'><strong>lucem:</strong></span> <span class='ocrx_word' id='word_1_428' title='bbox 2681 2852 2826 2897; x_wconf 71' lang='lat' dir='ltr'><strong>«ant</strong></span> <span class='ocrx_word' id='word_1_429' title='bbox 2859 2843 2996 2897; x_wconf 82' lang='lat' dir='ltr'><strong>enim</strong></span> <span class='ocrx_word' id='word_1_430' title='bbox 3032 2858 3190 2913; x_wconf 86' lang='lat' dir='ltr'><strong>opera</strong></span> <span class='ocrx_word' id='word_1_431' title='bbox 3233 2843 3446 2898; x_wconf 82' lang='lat' dir='ltr'><strong>illorum.</strong></span> 
     </span>
    </p>
   </div>
   <div class='ocr_carea' id='block_1_31' title="bbox 152 2931 1750 3001">
    <p class='ocr_par' dir='ltr' id='par_1_31' title="bbox 152 2931 1750 3001">
     <span class='ocr_line' id='line_1_31' title="bbox 152 2931 1750 3001; baseline 0.004 -17"><span class='ocrx_word' id='word_1_432' title='bbox 152 2931 415 2985; x_wconf 86' lang='lat' dir='ltr'><strong>omnibus</strong></span> <span class='ocrx_word' id='word_1_433' title='bbox 446 2933 729 2986; x_wconf 87' lang='lat' dir='ltr'><strong>veritatem</strong></span> <span class='ocrx_word' id='word_1_434' title='bbox 774 2934 1191 3001; x_wconf 62' lang='lat' dir='ltr'><strong>patefecerimus</strong></span> <span class='ocrx_word' id='word_1_435' title='bbox 1224 2935 1433 2996; x_wconf 86' lang='lat' dir='ltr'><strong>modis;</strong></span> <span class='ocrx_word' id='word_1_436' title='bbox 1483 2950 1510 2988; x_wconf 91' lang='lat' dir='ltr'><strong>a</strong></span> <span class='ocrx_word' id='word_1_437' title='bbox 1554 2943 1606 2989; x_wconf 88' lang='lat' dir='ltr'><strong>te</strong></span> <span class='ocrx_word' id='word_1_438' title='bbox 1648 2951 1750 2990; x_wconf 90' lang='lat' dir='ltr'><strong>non</strong></span> 
     </span>
    </p>
   </div>
   <div class='ocr_carea' id='block_1_32' title="bbox 150 3025 1754 3098">
    <p class='ocr_par' dir='ltr' id='par_1_32' title="bbox 150 3025 1754 3098">
     <span class='ocr_line' id='line_1_32' title="bbox 150 3025 1754 3098; baseline 0.004 -20"><span class='ocrx_word' id='word_1_439' title='bbox 150 3026 336 3078; x_wconf 83' lang='lat' dir='ltr'><strong>solum</strong></span> <span class='ocrx_word' id='word_1_440' title='bbox 371 3035 514 3088; x_wconf 90' lang='lat' dir='ltr'><strong>tuus,</strong></span> <span class='ocrx_word' id='word_1_441' title='bbox 545 3025 641 3080; x_wconf 90' lang='lat' dir='ltr'><strong>sed</strong></span> <span class='ocrx_word' id='word_1_442' title='bbox 678 3034 734 3080; x_wconf 91' lang='lat' dir='ltr'><strong>et</strong></span> <span class='ocrx_word' id='word_1_443' title='bbox 777 3043 966 3080; x_wconf 88' lang='lat' dir='ltr'><strong>eorum</strong></span> <span class='ocrx_word' id='word_1_444' title='bbox 1004 3030 1313 3096; x_wconf 83' lang='lat' dir='ltr'><strong>requiretur</strong></span> <span class='ocrx_word' id='word_1_445' title='bbox 1344 3029 1587 3098; x_wconf 87' lang='lat' dir='ltr'><strong>sanguis,</strong></span> <span class='ocrx_word' id='word_1_446' title='bbox 1616 3043 1754 3098; x_wconf 91' lang='lat' dir='ltr'><strong>quos</strong></span> 
     </span>
    </p>
   </div>
   <div class='ocr_carea' id='block_1_33' title="bbox 150 3116 1753 3189">
    <p class='ocr_par' dir='ltr' id='par_1_33' title="bbox 150 3116 1753 3189">
     <span class='ocr_line' id='line_1_33' title="bbox 150 3116 1753 3189; baseline 0.004 -19"><span class='ocrx_word' id='word_1_447' title='bbox 150 3125 252 3170; x_wconf 82' lang='lat' dir='ltr'><strong>aut</strong></span> <span class='ocrx_word' id='word_1_448' title='bbox 276 3117 343 3171; x_wconf 90' lang='lat' dir='ltr'><strong>ad</strong></span> <span class='ocrx_word' id='word_1_449' title='bbox 370 3116 630 3172; x_wconf 65' lang='lat' dir='ltr'><strong>haereseni</strong></span> <span class='ocrx_word' id='word_1_450' title='bbox 658 3118 958 3188; x_wconf 87' lang='lat' dir='ltr'><strong>perduxisti</strong></span> <span class='ocrx_word' id='word_1_451' title='bbox 991 3120 1418 3189; x_wconf 84' lang='lat' dir='ltr'><strong>suscipiendam,</strong></span> <span class='ocrx_word' id='word_1_452' title='bbox 1448 3133 1543 3176; x_wconf 89' lang='lat' dir='ltr'><strong>aut</strong></span> <span class='ocrx_word' id='word_1_453' title='bbox 1571 3123 1636 3175; x_wconf 84' lang='lat' dir='ltr'><strong>ad</strong></span> <span class='ocrx_word' id='word_1_454' title='bbox 1665 3122 1753 3176; x_wconf 86' lang='lat' dir='ltr'><strong>in-</strong></span> 
     </span>
    </p>
   </div>
   <div class='ocr_carea' id='block_1_34' title="bbox 152 3211 1752 3281">
    <p class='ocr_par' dir='ltr' id='par_1_34' title="bbox 152 3211 1752 3281">
     <span class='ocr_line' id='line_1_34' title="bbox 152 3211 1752 3281; baseline 0.002 -17"><span class='ocrx_word' id='word_1_455' title='bbox 152 3221 444 3266; x_wconf 84' lang='lat' dir='ltr'><strong>nocentem</strong></span> <span class='ocrx_word' id='word_1_456' title='bbox 476 3211 695 3266; x_wconf 90' lang='lat' dir='ltr'><strong>illexisti</strong></span> <span class='ocrx_word' id='word_1_457' title='bbox 721 3213 1102 3281; x_wconf 87' lang='lat' dir='ltr'><strong>jugulandum.</strong></span> <span class='ocrx_word' id='word_1_458' title='bbox 1135 3213 1240 3266; x_wconf 86' lang='lat' dir='ltr'><strong>Sed</strong></span> <span class='ocrx_word' id='word_1_459' title='bbox 1264 3214 1307 3267; x_wconf 88' lang='lat' dir='ltr'><strong>si</strong></span> <span class='ocrx_word' id='word_1_460' title='bbox 1330 3213 1570 3268; x_wconf 82' lang='lat' dir='ltr'><strong>dixeris:</strong></span> <span class='ocrx_word' id='word_1_461' title='bbox 1602 3215 1752 3267; x_wconf 79' lang='lat' dir='ltr'><strong>Arbi-</strong></span> 
     </span>
    </p>
   </div>
   <div class='ocr_carea' id='block_1_35' title="bbox 1857 2933 3445 3005">
    <p class='ocr_par' dir='ltr' id='par_1_35' title="bbox 1857 2933 3445 3005">
     <span class='ocr_line' id='line_1_35' title="bbox 1857 2933 3445 3005; baseline 0.001 -19"><span class='ocrx_word' id='word_1_462' title='bbox 1857 2935 2013 2988; x_wconf 90' lang='lat' dir='ltr'><strong>mala.</strong></span> <span class='ocrx_word' id='word_1_463' title='bbox 2054 2933 2230 2987; x_wconf 89' lang='lat' dir='ltr'><strong>Omnis</strong></span> <span class='ocrx_word' id='word_1_464' title='bbox 2258 2935 2346 3004; x_wconf 86' lang='lat' dir='ltr'><strong>qui</strong></span> <span class='ocrx_word' id='word_1_465' title='bbox 2387 2950 2545 3004; x_wconf 84' lang='lat' dir='ltr'><strong>prava</strong></span> <span class='ocrx_word' id='word_1_466' title='bbox 2569 2935 2693 3005; x_wconf 80' lang='lat' dir='ltr'><strong>agit,</strong></span> <span class='ocrx_word' id='word_1_467' title='bbox 2728 2935 2835 2988; x_wconf 90' lang='lat' dir='ltr'><strong>odit</strong></span> <span class='ocrx_word' id='word_1_468' title='bbox 2863 2935 3027 2988; x_wconf 85' lang='lat' dir='ltr'><strong>lucem</strong></span> <span class='ocrx_word' id='word_1_469' title='bbox 3060 2933 3118 3000; x_wconf 64' lang='lat' dir='ltr'><strong>i;</strong></span> <span class='ocrx_word' id='word_1_470' title='bbox 3138 2944 3193 2987; x_wconf 88' lang='lat' dir='ltr'><strong>ut</strong></span> <span class='ocrx_word' id='word_1_471' title='bbox 3224 2951 3325 2987; x_wconf 82' lang='lat' dir='ltr'><strong>non</strong></span> <span class='ocrx_word' id='word_1_472' title='bbox 3353 2951 3445 2987; x_wconf 40' lang='lat' dir='ltr'><strong>are</strong></span> 
     </span>
    </p>
   </div>
   <div class='ocr_carea' id='block_1_36' title="bbox 1856 3024 3441 3098">
    <p class='ocr_par' dir='ltr' id='par_1_36' title="bbox 1856 3024 3441 3098">
     <span class='ocr_line' id='line_1_36' title="bbox 1856 3024 3441 3098; baseline 0.003 -20"><span class='ocrx_word' id='word_1_473' title='bbox 1856 3034 2078 3095; x_wconf 78' lang='lat' dir='ltr'><strong>guantur</strong></span> <span class='ocrx_word' id='word_1_474' title='bbox 2105 3041 2261 3095; x_wconf 88' lang='lat' dir='ltr'><strong>opera</strong></span> <span class='ocrx_word' id='word_1_475' title='bbox 2285 3029 2417 3098; x_wconf 85' lang='lat' dir='ltr'><strong>ejus.</strong></span> <span class='ocrx_word' id='word_1_476' title='bbox 2452 3024 2590 3079; x_wconf 83' lang='lat' dir='ltr'><strong>Nam</strong></span> <span class='ocrx_word' id='word_1_477' title='bbox 2633 3026 2719 3095; x_wconf 81' lang='lat' dir='ltr'><strong>qui</strong></span> <span class='ocrx_word' id='word_1_478' title='bbox 2750 3026 2875 3096; x_wconf 81' lang='lat' dir='ltr'><strong>facit</strong></span> <span class='ocrx_word' id='word_1_479' title='bbox 2906 3028 3187 3091; x_wconf 80' lang='lat' dir='ltr'><strong>ueritatem,</strong></span> <span class='ocrx_word' id='word_1_480' title='bbox 3221 3027 3356 3079; x_wconf 79' lang='lat' dir='ltr'><strong>venit</strong></span> <span class='ocrx_word' id='word_1_481' title='bbox 3385 3026 3441 3083; x_wconf 81' lang='lat' dir='ltr'><strong>in.</strong></span> 
     </span>
    </p>
   </div>
   <div class='ocr_carea' id='block_1_37' title="bbox 1857 3117 3441 3189">
    <p class='ocr_par' dir='ltr' id='par_1_37' title="bbox 1857 3117 3441 3189">
     <span class='ocr_line' id='line_1_37' title="bbox 1857 3117 3441 3189; baseline 0 -17"><span class='ocrx_word' id='word_1_482' title='bbox 1857 3122 2045 3183; x_wconf 81' lang='lat' dir='ltr'><strong>lucem,</strong></span> <span class='ocrx_word' id='word_1_483' title='bbox 2073 3127 2129 3171; x_wconf 89' lang='lat' dir='ltr'><strong>ut</strong></span> <span class='ocrx_word' id='word_1_484' title='bbox 2169 3120 2558 3189; x_wconf 85' lang='lat' dir='ltr'><strong>manifestentur</strong></span> <span class='ocrx_word' id='word_1_485' title='bbox 2583 3135 2741 3185; x_wconf 86' lang='lat' dir='ltr'><strong>opera</strong></span> <span class='ocrx_word' id='word_1_486' title='bbox 2769 3119 2902 3188; x_wconf 83' lang='lat' dir='ltr'><strong>ejus,</strong></span> <span class='ocrx_word' id='word_1_487' title='bbox 2939 3117 3185 3188; x_wconf 81' lang='lat' dir='ltr'><strong>quoniam</strong></span> <span class='ocrx_word' id='word_1_488' title='bbox 3230 3118 3285 3171; x_wconf 86' lang='lat' dir='ltr'><strong>in</strong></span> <span class='ocrx_word' id='word_1_489' title='bbox 3333 3117 3441 3172; x_wconf 86' lang='lat' dir='ltr'><strong>Deo</strong></span> 
     </span>
    </p>
   </div>
   <div class='ocr_carea' id='block_1_38' title="bbox 1859 3209 3447 3283">
    <p class='ocr_par' dir='ltr' id='par_1_38' title="bbox 1859 3209 3447 3283">
     <span class='ocr_line' id='line_1_38' title="bbox 1859 3209 3447 3283; baseline 0 -18"><span class='ocrx_word' id='word_1_490' title='bbox 1859 3223 1932 3266; x_wconf 84' lang='lat' dir='ltr'><strong>est</strong></span> <span class='ocrx_word' id='word_1_491' title='bbox 1963 3210 1985 3248; x_wconf 80' lang='grc' dir='ltr'><strong>ιι</strong></span> <span class='ocrx_word' id='word_1_492' title='bbox 2019 3212 2210 3279; x_wconf 86' lang='lat' dir='ltr'><strong>factum</strong></span> <span class='ocrx_word' id='word_1_493' title='bbox 2249 3209 2428 3276; x_wconf 81' lang='lat' dir='ltr'><strong>(Joan.</strong></span> <span class='ocrx_word' id='word_1_494' title='bbox 2475 3227 2558 3275; x_wconf 86' lang='lat' dir='ltr'><strong>ut,</strong></span> <span class='ocrx_word' id='word_1_495' title='bbox 2604 3212 2716 3283; x_wconf 70' lang='grc'><strong>15).</strong></span> <span class='ocrx_word' id='word_1_496' title='bbox 2757 3211 2816 3266; x_wconf 91' lang='lat' dir='ltr'><strong>Si</strong></span> <span class='ocrx_word' id='word_1_497' title='bbox 2845 3225 3058 3266; x_wconf 82' lang='lat' dir='ltr'><strong>servum</strong></span> <span class='ocrx_word' id='word_1_498' title='bbox 3091 3221 3143 3266; x_wconf 88' lang='lat' dir='ltr'><strong>te</strong></span> <span class='ocrx_word' id='word_1_499' title='bbox 3178 3210 3318 3265; x_wconf 90' lang='lat' dir='ltr'><strong>unici</strong></span> <span class='ocrx_word' id='word_1_500' title='bbox 3351 3225 3447 3265; x_wconf 91' lang='lat' dir='ltr'><strong>co-</strong></span> 
     </span>
    </p>
   </div>
   <div class='ocr_carea' id='block_1_39' title="bbox 156 3297 3443 3377">
    <p class='ocr_par' dir='ltr' id='par_1_39' title="bbox 156 3297 3443 3377">
     <span class='ocr_line' id='line_1_39' title="bbox 156 3297 3443 3377; baseline -0.001 -19"><span class='ocrx_word' id='word_1_501' title='bbox 156 3304 342 3358; x_wconf 87' lang='lat' dir='ltr'><strong>trabar</strong></span> <span class='ocrx_word' id='word_1_502' title='bbox 380 3305 589 3358; x_wconf 89' lang='lat' dir='ltr'><strong>illorum</strong></span> <span class='ocrx_word' id='word_1_503' title='bbox 628 3305 930 3358; x_wconf 83' lang='lat' dir='ltr'><strong>catholicam</strong></span> <span class='ocrx_word' id='word_1_504' title='bbox 979 3307 1137 3374; x_wconf 82' lang='lat' dir='ltr'><strong>fuisse</strong></span> <span class='ocrx_word' id='word_1_505' title='bbox 1183 3306 1370 3374; x_wconf 79' lang='lat' dir='ltr'><strong>ﬁdem,</strong></span> <span class='ocrx_word' id='word_1_506' title='bbox 1409 3323 1536 3377; x_wconf 86' lang='lat' dir='ltr'><strong>quos</strong></span> <span class='ocrx_word' id='word_1_507' title='bbox 1588 3307 1756 3362; x_wconf 85' lang='lat' dir='ltr'><strong>dicitis</strong></span> <span class='ocrx_word' id='word_1_508' title='bbox 1782 3297 1827 3357; x_wconf 92' lang='lat' dir='ltr'><strong>C</strong></span> <span class='ocrx_word' id='word_1_509' title='bbox 1859 3317 2148 3374; x_wconf 89' lang='lat' dir='ltr'><strong>gnosceres</strong></span> <span class='ocrx_word' id='word_1_510' title='bbox 2168 3302 2263 3357; x_wconf 89' lang='lat' dir='ltr'><strong>Dei</strong></span> <span class='ocrx_word' id='word_1_511' title='bbox 2291 3302 2432 3369; x_wconf 79' lang='lat' dir='ltr'><strong>Filii,</strong></span> <span class='ocrx_word' id='word_1_512' title='bbox 2459 3317 2746 3372; x_wconf 84' lang='lat' dir='ltr'><strong>numquam</strong></span> <span class='ocrx_word' id='word_1_513' title='bbox 2776 3301 3018 3372; x_wconf 84' lang='lat' dir='ltr'><strong>profecto</strong></span> <span class='ocrx_word' id='word_1_514' title='bbox 3043 3302 3158 3370; x_wconf 87' lang='lat' dir='ltr'><strong>ejus</strong></span> <span class='ocrx_word' id='word_1_515' title='bbox 3186 3300 3443 3370; x_wconf 85' lang='lat' dir='ltr'><strong>majesta-</strong></span> 
     </span>
    </p>
   </div>
   <div class='ocr_carea' id='block_1_40' title="bbox 150 3395 1755 3467">
    <p class='ocr_par' dir='ltr' id='par_1_40' title="bbox 150 3395 1755 3467">
     <span class='ocr_line' id='line_1_40' title="bbox 150 3395 1755 3467; baseline 0.002 -19"><span class='ocrx_word' id='word_1_516' title='bbox 150 3396 416 3461; x_wconf 76' lang='lat' dir='ltr'><strong>Arianos;</strong></span> <span class='ocrx_word' id='word_1_517' title='bbox 455 3397 500 3449; x_wconf 88' lang='lat' dir='ltr'><strong>si</strong></span> <span class='ocrx_word' id='word_1_518' title='bbox 545 3397 596 3448; x_wconf 91' lang='lat' dir='ltr'><strong>in</strong></span> <span class='ocrx_word' id='word_1_519' title='bbox 648 3395 771 3449; x_wconf 83' lang='lat' dir='ltr'><strong>fidei</strong></span> <span class='ocrx_word' id='word_1_520' title='bbox 822 3397 1020 3449; x_wconf 84' lang='lat' dir='ltr'><strong>nutasti</strong></span> <span class='ocrx_word' id='word_1_521' title='bbox 1081 3412 1264 3456; x_wconf 84' lang='lat' dir='ltr'><strong>causa,</strong></span> <span class='ocrx_word' id='word_1_522' title='bbox 1311 3398 1355 3451; x_wconf 90' lang='lat' dir='ltr'><strong>si</strong></span> <span class='ocrx_word' id='word_1_523' title='bbox 1387 3397 1532 3466; x_wconf 92' lang='lat' dir='ltr'><strong>quod</strong></span> <span class='ocrx_word' id='word_1_524' title='bbox 1579 3397 1618 3451; x_wconf 92' lang='lat' dir='ltr'><strong>ii</strong></span> <span class='ocrx_word' id='word_1_525' title='bbox 1665 3399 1755 3467; x_wconf 89' lang='lat' dir='ltr'><strong>qui</strong></span> 
     </span>
    </p>
   </div>
   <div class='ocr_carea' id='block_1_41' title="bbox 1866 3394 3442 3466">
    <p class='ocr_par' dir='ltr' id='par_1_41' title="bbox 1866 3394 3442 3466">
     <span class='ocr_line' id='line_1_41' title="bbox 1866 3394 3442 3466; baseline 0 -18"><span class='ocrx_word' id='word_1_526' title='bbox 1866 3405 1972 3449; x_wconf 90' lang='lat' dir='ltr'><strong>tem</strong></span> <span class='ocrx_word' id='word_1_527' title='bbox 2019 3410 2267 3465; x_wconf 86' lang='lat' dir='ltr'><strong>negares,</strong></span> <span class='ocrx_word' id='word_1_528' title='bbox 2299 3395 2587 3466; x_wconf 77' lang='lat' dir='ltr'><strong>numquam</strong></span> <span class='ocrx_word' id='word_1_529' title='bbox 2630 3395 2748 3464; x_wconf 86' lang='lat' dir='ltr'><strong>ejus</strong></span> <span class='ocrx_word' id='word_1_530' title='bbox 2787 3409 2973 3450; x_wconf 88' lang='lat' dir='ltr'><strong>servos</strong></span> <span class='ocrx_word' id='word_1_531' title='bbox 3020 3408 3164 3448; x_wconf 91' lang='lat' dir='ltr'><strong>nunc</strong></span> <span class='ocrx_word' id='word_1_532' title='bbox 3209 3394 3442 3461; x_wconf 88' lang='lat' dir='ltr'><strong>occulte,</strong></span> 
     </span>
    </p>
   </div>
   <div class='ocr_carea' id='block_1_42' title="bbox 147 3485 3449 3560">
    <p class='ocr_par' dir='ltr' id='par_1_42' title="bbox 147 3485 3449 3560">
     <span class='ocr_line' id='line_1_42' title="bbox 147 3485 3449 3560; baseline -0.001 -18"><span class='ocrx_word' id='word_1_533' title='bbox 147 3486 383 3542; x_wconf 88' lang='lat' dir='ltr'><strong>credere</strong></span> <span class='ocrx_word' id='word_1_534' title='bbox 421 3501 481 3541; x_wconf 90' lang='lat' dir='ltr'><strong>se</strong></span> <span class='ocrx_word' id='word_1_535' title='bbox 523 3487 707 3540; x_wconf 86' lang='lat' dir='ltr'><strong>dicant</strong></span> <span class='ocrx_word' id='word_1_536' title='bbox 752 3487 804 3541; x_wconf 90' lang='lat' dir='ltr'><strong>in</strong></span> <span class='ocrx_word' id='word_1_537' title='bbox 852 3498 1155 3542; x_wconf 87' lang='lat' dir='ltr'><strong>creaturam</strong></span> <span class='ocrx_word' id='word_1_538' title='bbox 1191 3489 1445 3556; x_wconf 86' lang='lat' dir='ltr'><strong>ignorasti</strong></span> <span class='ocrx_word' id='word_1_539' title='bbox 1474 3487 1616 3560; x_wconf 77' lang='lat' dir='ltr'><strong>quod</strong></span> <span class='ocrx_word' id='word_1_540' title='bbox 1648 3490 1758 3544; x_wconf 86' lang='lat' dir='ltr'><strong>sint</strong></span> <span class='ocrx_word' id='word_1_541' title='bbox 1863 3501 2004 3542; x_wconf 92' lang='lat' dir='ltr'><strong>nunc</strong></span> <span class='ocrx_word' id='word_1_542' title='bbox 2035 3486 2241 3556; x_wconf 87' lang='lat' dir='ltr'><strong>publice</strong></span> <span class='ocrx_word' id='word_1_543' title='bbox 2264 3487 2499 3558; x_wconf 84' lang='lat' dir='ltr'><strong>jugulari</strong></span> <span class='ocrx_word' id='word_1_544' title='bbox 2523 3485 2836 3552; x_wconf 80' lang='lat' dir='ltr'><strong>mandaras;</strong></span> <span class='ocrx_word' id='word_1_545' title='bbox 2867 3485 2963 3539; x_wconf 90' lang='lat' dir='ltr'><strong>sed</strong></span> <span class='ocrx_word' id='word_1_546' title='bbox 2988 3485 3114 3556; x_wconf 84' lang='lat' dir='ltr'><strong>quia</strong></span> <span class='ocrx_word' id='word_1_547' title='bbox 3135 3485 3213 3539; x_wconf 85' lang='lat' dir='ltr'><strong>sis</strong></span> <span class='ocrx_word' id='word_1_548' title='bbox 3236 3493 3449 3540; x_wconf 85' lang='lat' dir='ltr'><strong>amator</strong></span> 
     </span>
    </p>
   </div>
   <div class='ocr_carea' id='block_1_43' title="bbox 153 3579 1757 3648">
    <p class='ocr_par' dir='ltr' id='par_1_43' title="bbox 153 3579 1757 3648">
     <span class='ocr_line' id='line_1_43' title="bbox 153 3579 1757 3648; baseline 0.001 -15"><span class='ocrx_word' id='word_1_549' title='bbox 153 3581 427 3643; x_wconf 73' lang='lat' dir='ltr'><strong>lucretici,</strong></span> <span class='ocrx_word' id='word_1_550' title='bbox 461 3579 516 3633; x_wconf 88' lang='lat' dir='ltr'><strong>bi</strong></span> <span class='ocrx_word' id='word_1_551' title='bbox 549 3580 639 3648; x_wconf 88' lang='lat' dir='ltr'><strong>qui</strong></span> <span class='ocrx_word' id='word_1_552' title='bbox 670 3579 856 3634; x_wconf 84' lang='lat' dir='ltr'><strong>dicant</strong></span> <span class='ocrx_word' id='word_1_553' title='bbox 885 3579 1055 3634; x_wconf 88' lang='lat' dir='ltr'><strong>Deum</strong></span> <span class='ocrx_word' id='word_1_554' title='bbox 1087 3595 1191 3633; x_wconf 92' lang='lat' dir='ltr'><strong>non</strong></span> <span class='ocrx_word' id='word_1_555' title='bbox 1222 3579 1422 3634; x_wconf 89' lang='lat' dir='ltr'><strong>habere</strong></span> <span class='ocrx_word' id='word_1_556' title='bbox 1454 3595 1640 3635; x_wconf 85' lang='lat' dir='ltr'><strong>verum</strong></span> <span class='ocrx_word' id='word_1_557' title='bbox 1669 3580 1757 3634; x_wconf 80' lang='lat' dir='ltr'><strong>Fi-</strong></span> 
     </span>
    </p>
   </div>
   <div class='ocr_carea' id='block_1_44' title="bbox 151 3671 1762 3743">
    <p class='ocr_par' dir='ltr' id='par_1_44' title="bbox 151 3671 1762 3743">
     <span class='ocr_line' id='line_1_44' title="bbox 151 3671 1762 3743; baseline -0.001 -14"><span class='ocrx_word' id='word_1_558' title='bbox 151 3675 319 3738; x_wconf 90' lang='lat' dir='ltr'><strong>lium,</strong></span> <span class='ocrx_word' id='word_1_559' title='bbox 372 3674 631 3743; x_wconf 90' lang='lat' dir='ltr'><strong>numquid</strong></span> <span class='ocrx_word' id='word_1_560' title='bbox 671 3675 835 3728; x_wconf 88' lang='lat' dir='ltr'><strong>etiam</strong></span> <span class='ocrx_word' id='word_1_561' title='bbox 887 3675 987 3728; x_wconf 89' lang='lat' dir='ltr'><strong>hoc</strong></span> <span class='ocrx_word' id='word_1_562' title='bbox 1037 3673 1317 3743; x_wconf 86' lang='lat' dir='ltr'><strong>ignorasti,</strong></span> <span class='ocrx_word' id='word_1_563' title='bbox 1366 3674 1489 3742; x_wconf 84' lang='lat' dir='ltr'><strong>quia</strong></span> <span class='ocrx_word' id='word_1_564' title='bbox 1535 3689 1640 3728; x_wconf 91' lang='lat' dir='ltr'><strong>non</strong></span> <span class='ocrx_word' id='word_1_565' title='bbox 1689 3671 1762 3728; x_wconf 84' lang='lat' dir='ltr'><strong>sit</strong></span> 
     </span>
    </p>
   </div>
   <div class='ocr_carea' id='block_1_45' title="bbox 143 3765 1760 3838">
    <p class='ocr_par' dir='ltr' id='par_1_45' title="bbox 143 3765 1760 3838">
     <span class='ocr_line' id='line_1_45' title="bbox 143 3765 1760 3838; baseline 0.002 -20"><span class='ocrx_word' id='word_1_566' title='bbox 143 3768 368 3838; x_wconf 84' lang='lat' dir='ltr'><strong>justum</strong></span> <span class='ocrx_word' id='word_1_567' title='bbox 411 3767 590 3832; x_wconf 80' lang='lat' dir='ltr'><strong>gladio</strong></span> <span class='ocrx_word' id='word_1_568' title='bbox 623 3769 871 3835; x_wconf 74' lang='lat' dir='ltr'><strong>persequi</strong></span> <span class='ocrx_word' id='word_1_569' title='bbox 907 3766 1290 3820; x_wconf 78' lang='lat' dir='ltr'><strong>innocentem?</strong></span> <span class='ocrx_word' id='word_1_570' title='bbox 1321 3766 1578 3834; x_wconf 87' lang='lat' dir='ltr'><strong>numquid</strong></span> <span class='ocrx_word' id='word_1_571' title='bbox 1608 3765 1760 3836; x_wconf 81' lang='lat' dir='ltr'><strong>fugo-</strong></span> 
     </span>
    </p>
   </div>
   <div class='ocr_carea' id='block_1_46' title="bbox 151 3856 1760 3928">
    <p class='ocr_par' dir='ltr' id='par_1_46' title="bbox 151 3856 1760 3928">
     <span class='ocr_line' id='line_1_46' title="bbox 151 3856 1760 3928; baseline -0.001 -16"><span class='ocrx_word' id='word_1_572' title='bbox 151 3865 245 3912; x_wconf 85' lang='lat' dir='ltr'><strong>rat</strong></span> <span class='ocrx_word' id='word_1_573' title='bbox 293 3867 344 3912; x_wconf 91' lang='lat' dir='ltr'><strong>Ie</strong></span> <span class='ocrx_word' id='word_1_574' title='bbox 382 3856 586 3912; x_wconf 88' lang='lat' dir='ltr'><strong>dixisse</strong></span> <span class='ocrx_word' id='word_1_575' title='bbox 623 3857 906 3911; x_wconf 86' lang='lat' dir='ltr'><strong>Dominum</strong></span> <span class='ocrx_word' id='word_1_576' title='bbox 949 3859 1108 3911; x_wconf 87' lang='lat' dir='ltr'><strong>beato</strong></span> <span class='ocrx_word' id='word_1_577' title='bbox 1144 3857 1339 3911; x_wconf 83' lang='lat' dir='ltr'><strong>Petro;</strong></span> <span class='ocrx_word' id='word_1_578' title='bbox 1367 3857 1614 3910; x_wconf 85' lang='lat' dir='ltr'><strong>Converte</strong></span> <span class='ocrx_word' id='word_1_579' title='bbox 1646 3860 1760 3928; x_wconf 81' lang='lat' dir='ltr'><strong>gle-</strong></span> 
     </span>
    </p>
   </div>
   <div class='ocr_carea' id='block_1_47' title="bbox 149 3948 1760 4019">
    <p class='ocr_par' dir='ltr' id='par_1_47' title="bbox 149 3948 1760 4019">
     <span class='ocr_line' id='line_1_47' title="bbox 149 3948 1760 4019; baseline -0.001 -15"><span class='ocrx_word' id='word_1_580' title='bbox 149 3951 312 4004; x_wconf 81' lang='lat' dir='ltr'><strong>dium</strong></span> <span class='ocrx_word' id='word_1_581' title='bbox 352 3960 498 4004; x_wconf 90' lang='lat' dir='ltr'><strong>tuum</strong></span> <span class='ocrx_word' id='word_1_582' title='bbox 542 3951 596 4003; x_wconf 88' lang='lat' dir='ltr'><strong>in</strong></span> <span class='ocrx_word' id='word_1_583' title='bbox 634 3951 746 4003; x_wconf 90' lang='lat' dir='ltr'><strong>loco</strong></span> <span class='ocrx_word' id='word_1_584' title='bbox 789 3949 954 4004; x_wconf 53' lang='lat' dir='ltr'><strong>suo”.</strong></span> <span class='ocrx_word' id='word_1_585' title='bbox 992 3948 1178 4004; x_wconf 85' lang='lat' dir='ltr'><strong>Omnes</strong></span> <span class='ocrx_word' id='word_1_586' title='bbox 1203 3951 1338 4003; x_wconf 88' lang='lat' dir='ltr'><strong>enim</strong></span> <span class='ocrx_word' id='word_1_587' title='bbox 1373 3951 1460 4019; x_wconf 85' lang='lat' dir='ltr'><strong>qui</strong></span> <span class='ocrx_word' id='word_1_588' title='bbox 1501 3951 1760 4018; x_wconf 84' lang='lat' dir='ltr'><strong>accipiunt</strong></span> 
     </span>
    </p>
   </div>
   <div class='ocr_carea' id='block_1_48' title="bbox 148 4040 1759 4116">
    <p class='ocr_par' dir='ltr' id='par_1_48' title="bbox 148 4040 1759 4116">
     <span class='ocr_line' id='line_1_48' title="bbox 148 4040 1759 4116; baseline -0.001 -19"><span class='ocrx_word' id='word_1_589' title='bbox 148 4043 420 4116; x_wconf 80' lang='lat' dir='ltr'><strong>gladium,</strong></span> <span class='ocrx_word' id='word_1_590' title='bbox 446 4043 622 4111; x_wconf 81' lang='lat' dir='ltr'><strong>gladio</strong></span> <span class='ocrx_word' id='word_1_591' title='bbox 652 4042 888 4110; x_wconf 86' lang='lat' dir='ltr'><strong>peribunt</strong></span> <span class='ocrx_word' id='word_1_592' title='bbox 950 4041 1114 4112; x_wconf 87' lang='lat' dir='ltr'><strong>(Ibid.</strong></span> <span class='ocrx_word' id='word_1_593' title='bbox 1151 4058 1272 4096; x_wconf 86' lang='lat' dir='ltr'><strong>xxvt</strong></span> <span class='ocrx_word' id='word_1_594' title='bbox 1294 4084 1307 4105; x_wconf 96' lang='lat'><strong>,</strong></span> <span class='ocrx_word' id='word_1_595' title='bbox 1341 4040 1473 4108; x_wconf 62' lang='grc' dir='ltr'><strong>δεμ</strong></span> <span class='ocrx_word' id='word_1_596' title='bbox 1503 4041 1639 4109; x_wconf 85' lang='lat' dir='ltr'><strong>Quid</strong></span> <span class='ocrx_word' id='word_1_597' title='bbox 1680 4043 1759 4095; x_wconf 86' lang='lat' dir='ltr'><strong>in-</strong></span> 
     </span>
    </p>
   </div>
   <div class='ocr_carea' id='block_1_49' title="bbox 153 4133 1760 4203">
    <p class='ocr_par' dir='ltr' id='par_1_49' title="bbox 153 4133 1760 4203">
     <span class='ocr_line' id='line_1_49' title="bbox 153 4133 1760 4203; baseline -0.001 -13"><span class='ocrx_word' id='word_1_598' title='bbox 153 4146 339 4198; x_wconf 75' lang='lat' dir='ltr'><strong>terea,</strong></span> <span class='ocrx_word' id='word_1_599' title='bbox 380 4133 698 4199; x_wconf 88' lang='lat' dir='ltr'><strong>Constanti,</strong></span> <span class='ocrx_word' id='word_1_600' title='bbox 735 4145 986 4200; x_wconf 89' lang='lat' dir='ltr'><strong>acturus,</strong></span> <span class='ocrx_word' id='word_1_601' title='bbox 1029 4135 1118 4203; x_wconf 87' lang='lat' dir='ltr'><strong>qui</strong></span> <span class='ocrx_word' id='word_1_602' title='bbox 1170 4144 1370 4186; x_wconf 85' lang='lat' dir='ltr'><strong>tantam</strong></span> <span class='ocrx_word' id='word_1_603' title='bbox 1418 4133 1619 4187; x_wconf 88' lang='lat' dir='ltr'><strong>Christi</strong></span> <span class='ocrx_word' id='word_1_604' title='bbox 1667 4134 1760 4188; x_wconf 87' lang='lat' dir='ltr'><strong>Dei</strong></span> 
     </span>
    </p>
   </div>
   <div class='ocr_carea' id='block_1_50' title="bbox 152 4222 1758 4282">
    <p class='ocr_par' dir='ltr' id='par_1_50' title="bbox 152 4222 1758 4282">
     <span class='ocr_line' id='line_1_50' title="bbox 152 4222 1758 4282; baseline -0.003 0"><span class='ocrx_word' id='word_1_605' title='bbox 152 4226 312 4282; x_wconf 88' lang='lat' dir='ltr'><strong>unici</strong></span> <span class='ocrx_word' id='word_1_606' title='bbox 345 4224 462 4279; x_wconf 82' lang='lat' dir='ltr'><strong>Filii</strong></span> <span class='ocrx_word' id='word_1_607' title='bbox 504 4242 782 4280; x_wconf 76' lang='lat' dir='ltr'><strong>servorum</strong></span> <span class='ocrx_word' id='word_1_608' title='bbox 831 4225 1165 4279; x_wconf 82' lang='lat' dir='ltr'><strong>interemeris</strong></span> <span class='ocrx_word' id='word_1_609' title='bbox 1196 4222 1634 4278; x_wconf 74' lang='lat' dir='ltr'><strong>multitudinem?</strong></span> <span class='ocrx_word' id='word_1_610' title='bbox 1666 4222 1758 4277; x_wconf 84' lang='lat' dir='ltr'><strong>Vi-</strong></span> 
     </span>
    </p>
   </div>
   <div class='ocr_carea' id='block_1_51' title="bbox 151 4313 1761 4384">
    <p class='ocr_par' dir='ltr' id='par_1_51' title="bbox 151 4313 1761 4384">
     <span class='ocr_line' id='line_1_51' title="bbox 151 4313 1761 4384; baseline -0.002 -12"><span class='ocrx_word' id='word_1_611' title='bbox 151 4319 298 4372; x_wconf 79' lang='lat' dir='ltr'><strong>deas</strong></span> <span class='ocrx_word' id='word_1_612' title='bbox 335 4318 531 4372; x_wconf 85' lang='lat' dir='ltr'><strong>elenim</strong></span> <span class='ocrx_word' id='word_1_613' title='bbox 561 4331 707 4377; x_wconf 89' lang='lat' dir='ltr'><strong>eum,</strong></span> <span class='ocrx_word' id='word_1_614' title='bbox 746 4331 906 4384; x_wconf 91' lang='lat' dir='ltr'><strong>quem</strong></span> <span class='ocrx_word' id='word_1_615' title='bbox 937 4316 990 4369; x_wconf 89' lang='lat' dir='ltr'><strong>in</strong></span> <span class='ocrx_word' id='word_1_616' title='bbox 1025 4329 1123 4367; x_wconf 87' lang='lat' dir='ltr'><strong>nos</strong></span> <span class='ocrx_word' id='word_1_617' title='bbox 1161 4313 1522 4383; x_wconf 84' lang='lat' dir='ltr'><strong>persequeris,</strong></span> <span class='ocrx_word' id='word_1_618' title='bbox 1555 4313 1761 4379; x_wconf 83' lang='lat' dir='ltr'><strong>dicere,</strong></span> 
     </span>
    </p>
   </div>
   <div class='ocr_carea' id='block_1_52' title="bbox 240 4471 1758 4543">
    <p class='ocr_par' dir='ltr' id='par_1_52' title="bbox 240 4471 1758 4543">
     <span class='ocr_line' id='line_1_52' title="bbox 240 4471 1758 4543; baseline -0.006 -9"><span class='ocrx_word' id='word_1_619' title='bbox 240 4490 268 4516; x_wconf 79' lang='grc' dir='ltr'><strong>ι</strong></span> <span class='ocrx_word' id='word_1_620' title='bbox 314 4481 353 4533; x_wconf 89' lang='lat' dir='ltr'><strong>A</strong></span> <span class='ocrx_word' id='word_1_621' title='bbox 383 4477 607 4533; x_wconf 86' lang='lat' dir='ltr'><strong>Socrate</strong></span> <span class='ocrx_word' id='word_1_622' title='bbox 641 4477 733 4529; x_wconf 88' lang='lat' dir='ltr'><strong>lib.</strong></span> <span class='ocrx_word' id='word_1_623' title='bbox 767 4492 824 4538; x_wconf 82' lang='grc' dir='ltr'>ιι,</span> <span class='ocrx_word' id='word_1_624' title='bbox 855 4492 972 4543; x_wconf 70' lang='lat' dir='ltr'><strong>cap.</strong></span> <span class='ocrx_word' id='word_1_625' title='bbox 1012 4473 1103 4538; x_wconf 77' lang='lat'><strong>‘25,</strong></span> <span class='ocrx_word' id='word_1_626' title='bbox 1136 4485 1186 4526; x_wconf 85' lang='lat' dir='ltr'><strong>et</strong></span> <span class='ocrx_word' id='word_1_627' title='bbox 1215 4471 1524 4539; x_wconf 80' lang='lat' dir='ltr'><strong>Nicephoro</strong></span> <span class='ocrx_word' id='word_1_628' title='bbox 1555 4471 1646 4526; x_wconf 88' lang='lat' dir='ltr'><strong>lib.</strong></span> <span class='ocrx_word' id='word_1_629' title='bbox 1681 4486 1758 4537; x_wconf 89' lang='lat' dir='ltr'><strong>tx,</strong></span> 
     </span>
    </p>
   </div>
   <div class='ocr_carea' id='block_1_53' title="bbox 1866 3577 3448 3650">
    <p class='ocr_par' dir='ltr' id='par_1_53' title="bbox 1866 3577 3448 3650">
     <span class='ocr_line' id='line_1_53' title="bbox 1866 3577 3448 3650; baseline -0.001 -16"><span class='ocrx_word' id='word_1_630' title='bbox 1866 3580 2233 3645; x_wconf 87' lang='lat' dir='ltr'><strong>tenebrarum,</strong></span> <span class='ocrx_word' id='word_1_631' title='bbox 2281 3579 2479 3650; x_wconf 79' lang='lat' dir='ltr'><strong>quippe</strong></span> <span class='ocrx_word' id='word_1_632' title='bbox 2525 3577 2767 3640; x_wconf 86' lang='lat' dir='ltr'><strong>tenebra,</strong></span> <span class='ocrx_word' id='word_1_633' title='bbox 2818 3578 2943 3647; x_wconf 87' lang='lat' dir='ltr'><strong>quia</strong></span> <span class='ocrx_word' id='word_1_634' title='bbox 2991 3577 3102 3632; x_wconf 89' lang='lat' dir='ltr'><strong>sint</strong></span> <span class='ocrx_word' id='word_1_635' title='bbox 3145 3591 3308 3645; x_wconf 83' lang='lat' dir='ltr'><strong>opera</strong></span> <span class='ocrx_word' id='word_1_636' title='bbox 3360 3585 3448 3633; x_wconf 84' lang='lat' dir='ltr'><strong>tua</strong></span> 
     </span>
    </p>
   </div>
   <div class='ocr_carea' id='block_1_54' title="bbox 1867 3668 3451 3741">
    <p class='ocr_par' dir='ltr' id='par_1_54' title="bbox 1867 3668 3451 3741">
     <span class='ocr_line' id='line_1_54' title="bbox 1867 3668 3451 3741; baseline 0 -17"><span class='ocrx_word' id='word_1_637' title='bbox 1867 3672 2029 3737; x_wconf 88' lang='lat' dir='ltr'><strong>mala,</strong></span> <span class='ocrx_word' id='word_1_638' title='bbox 2064 3671 2287 3726; x_wconf 90' lang='lat' dir='ltr'><strong>noluisti</strong></span> <span class='ocrx_word' id='word_1_639' title='bbox 2334 3687 2448 3727; x_wconf 89' lang='lat' dir='ltr'><strong>rem</strong></span> <span class='ocrx_word' id='word_1_640' title='bbox 2476 3686 2638 3741; x_wconf 90' lang='lat' dir='ltr'><strong>quam</strong></span> <span class='ocrx_word' id='word_1_641' title='bbox 2669 3669 2944 3726; x_wconf 86' lang='lat' dir='ltr'><strong>detuleras</strong></span> <span class='ocrx_word' id='word_1_642' title='bbox 2973 3668 3290 3738; x_wconf 82' lang='lat' dir='ltr'><strong>plenissime</strong></span> <span class='ocrx_word' id='word_1_643' title='bbox 3316 3682 3451 3724; x_wconf 74' lang='lat' dir='ltr'><strong>cita-</strong></span> 
     </span>
    </p>
   </div>
   <div class='ocr_carea' id='block_1_55' title="bbox 1867 3760 3450 3831">
    <p class='ocr_par' dir='ltr' id='par_1_55' title="bbox 1867 3760 3450 3831">
     <span class='ocr_line' id='line_1_55' title="bbox 1867 3760 3450 3831; baseline 0 -15"><span class='ocrx_word' id='word_1_644' title='bbox 1867 3765 2058 3817; x_wconf 84' lang='lat' dir='ltr'><strong>tninari</strong></span> <span class='ocrx_word' id='word_1_645' title='bbox 2092 3779 2187 3831; x_wconf 91' lang='lat' dir='ltr'><strong>per</strong></span> <span class='ocrx_word' id='word_1_646' title='bbox 2237 3765 2328 3818; x_wconf 89' lang='lat' dir='ltr'><strong>Dei</strong></span> <span class='ocrx_word' id='word_1_647' title='bbox 2378 3763 2706 3818; x_wconf 85' lang='lat' dir='ltr'><strong>sacerdotes.</strong></span> <span class='ocrx_word' id='word_1_648' title='bbox 2747 3761 2857 3818; x_wconf 91' lang='lat' dir='ltr'><strong>Cur</strong></span> <span class='ocrx_word' id='word_1_649' title='bbox 2901 3760 3159 3816; x_wconf 87' lang='lat' dir='ltr'><strong>noluisti?</strong></span> <span class='ocrx_word' id='word_1_650' title='bbox 3188 3760 3292 3816; x_wconf 84' lang='lat' dir='ltr'><strong>nisi</strong></span> <span class='ocrx_word' id='word_1_651' title='bbox 3321 3761 3450 3829; x_wconf 82' lang='lat' dir='ltr'><strong>quia</strong></span> 
     </span>
    </p>
   </div>
   <div class='ocr_carea' id='block_1_56' title="bbox 1867 3847 3454 3924">
    <p class='ocr_par' dir='ltr' id='par_1_56' title="bbox 1867 3847 3454 3924">
     <span class='ocr_line' id='line_1_56' title="bbox 1867 3847 3454 3924; baseline -0.001 -16"><span class='ocrx_word' id='word_1_652' title='bbox 1867 3854 2112 3909; x_wconf 89' lang='lat' dir='ltr'><strong>timueris</strong></span> <span class='ocrx_word' id='word_1_653' title='bbox 2134 3868 2270 3923; x_wconf 87' lang='lat' dir='ltr'><strong>opus</strong></span> <span class='ocrx_word' id='word_1_654' title='bbox 2300 3863 2450 3908; x_wconf 87' lang='lat' dir='ltr'><strong>tuum</strong></span> <span class='ocrx_word' id='word_1_655' title='bbox 2482 3853 2743 3924; x_wconf 87' lang='lat' dir='ltr'><strong>publicari</strong></span> <span class='ocrx_word' id='word_1_656' title='bbox 2774 3853 3167 3922; x_wconf 85' lang='lat' dir='ltr'><strong>serpentinum.</strong></span> <span class='ocrx_word' id='word_1_657' title='bbox 3199 3847 3338 3905; x_wconf 83' lang='lat' dir='ltr'><strong>Dum</strong></span> <span class='ocrx_word' id='word_1_658' title='bbox 3366 3867 3454 3907; x_wconf 88' lang='lat' dir='ltr'><strong>su-</strong></span> 
     </span>
    </p>
   </div>
   <div class='ocr_carea' id='block_1_57' title="bbox 1867 3941 3455 4017">
    <p class='ocr_par' dir='ltr' id='par_1_57' title="bbox 1867 3941 3455 4017">
     <span class='ocr_line' id='line_1_57' title="bbox 1867 3941 3455 4017; baseline -0.003 -17"><span class='ocrx_word' id='word_1_659' title='bbox 1867 3963 1977 4000; x_wconf 89' lang='lat' dir='ltr'><strong>mus</strong></span> <span class='ocrx_word' id='word_1_660' title='bbox 2007 3947 2061 4000; x_wconf 88' lang='lat' dir='ltr'><strong>in</strong></span> <span class='ocrx_word' id='word_1_661' title='bbox 2083 3962 2316 4017; x_wconf 89' lang='lat' dir='ltr'><strong>corpore,</strong></span> <span class='ocrx_word' id='word_1_662' title='bbox 2345 3945 2521 4015; x_wconf 90' lang='lat' dir='ltr'><strong>inquit</strong></span> <span class='ocrx_word' id='word_1_663' title='bbox 2543 3946 2841 4015; x_wconf 87' lang='lat' dir='ltr'><strong>apostolus,</strong></span> <span class='ocrx_word' id='word_1_664' title='bbox 2872 3945 3260 4017; x_wconf 81' lang='lat' dir='ltr'><strong>peregrinantur</strong></span> <span class='ocrx_word' id='word_1_665' title='bbox 3287 3960 3318 3997; x_wconf 80' lang='grc' dir='ltr'><em>α</em></span> <span class='ocrx_word' id='word_1_666' title='bbox 3348 3941 3455 3996; x_wconf 89' lang='lat' dir='ltr'><strong>Do-</strong></span> 
     </span>
    </p>
   </div>
   <div class='ocr_carea' id='block_1_58' title="bbox 1866 4035 3455 4105">
    <p class='ocr_par' dir='ltr' id='par_1_58' title="bbox 1866 4035 3455 4105">
     <span class='ocr_line' id='line_1_58' title="bbox 1866 4035 3455 4105; baseline 0 -15"><span class='ocrx_word' id='word_1_667' title='bbox 1866 4039 2003 4091; x_wconf 90' lang='lat' dir='ltr'><strong>mino</strong></span> <span class='ocrx_word' id='word_1_668' title='bbox 2035 4035 2051 4074; x_wconf 79' lang='grc' dir='ltr'><strong>ι</strong></span> <span class='ocrx_word' id='word_1_669' title='bbox 2083 4053 2182 4090; x_wconf 76' lang='lat' dir='ltr'><strong>:ea:</strong></span> <span class='ocrx_word' id='word_1_670' title='bbox 2230 4038 2333 4104; x_wconf 74' lang='lat' dir='ltr'><strong>ﬁde</strong></span> <span class='ocrx_word' id='word_1_671' title='bbox 2373 4038 2510 4091; x_wconf 88' lang='lat' dir='ltr'><strong>enim</strong></span> <span class='ocrx_word' id='word_1_672' title='bbox 2551 4037 2873 4095; x_wconf 89' lang='lat' dir='ltr'><strong>ambulamus</strong></span> <span class='ocrx_word' id='word_1_673' title='bbox 2920 4052 3022 4090; x_wconf 87' lang='lat' dir='ltr'><strong>non</strong></span> <span class='ocrx_word' id='word_1_674' title='bbox 3063 4052 3154 4105; x_wconf 88' lang='lat' dir='ltr'><strong>per</strong></span> <span class='ocrx_word' id='word_1_675' title='bbox 3193 4036 3455 4105; x_wconf 84' lang='lat' dir='ltr'><strong>speciem:</strong></span> 
     </span>
    </p>
   </div>
   <div class='ocr_carea' id='block_1_59' title="bbox 1866 4126 3457 4197">
    <p class='ocr_par' dir='ltr' id='par_1_59' title="bbox 1866 4126 3457 4197">
     <span class='ocr_line' id='line_1_59' title="bbox 1866 4126 3457 4197; baseline -0.002 -16"><span class='ocrx_word' id='word_1_676' title='bbox 1866 4130 2111 4182; x_wconf 85' lang='lat' dir='ltr'><strong>audemus</strong></span> <span class='ocrx_word' id='word_1_677' title='bbox 2135 4130 2289 4181; x_wconf 87' lang='lat' dir='ltr'><strong>etiam</strong></span> <span class='ocrx_word' id='word_1_678' title='bbox 2310 4129 2491 4181; x_wconf 88' lang='lat' dir='ltr'><strong>bonam</strong></span> <span class='ocrx_word' id='word_1_679' title='bbox 2512 4129 2818 4182; x_wconf 80' lang='lat' dir='ltr'><strong>voluntatem</strong></span> <span class='ocrx_word' id='word_1_680' title='bbox 2848 4126 3083 4181; x_wconf 84' lang='lat' dir='ltr'><strong>habentes</strong></span> <span class='ocrx_word' id='word_1_681' title='bbox 3110 4126 3277 4197; x_wconf 82' lang='lat' dir='ltr'><strong>magis</strong></span> <span class='ocrx_word' id='word_1_682' title='bbox 3311 4141 3457 4194; x_wconf 83' lang='lat' dir='ltr'><strong>pere-</strong></span> 
     </span>
    </p>
   </div>
   <div class='ocr_carea' id='block_1_60' title="bbox 1865 4216 3458 4290">
    <p class='ocr_par' dir='ltr' id='par_1_60' title="bbox 1865 4216 3458 4290">
     <span class='ocr_line' id='line_1_60' title="bbox 1865 4216 3458 4290; baseline -0.003 -18"><span class='ocrx_word' id='word_1_683' title='bbox 1865 4220 2060 4290; x_wconf 86' lang='lat' dir='ltr'><strong>grinari</strong></span> <span class='ocrx_word' id='word_1_684' title='bbox 2085 4235 2115 4272; x_wconf 90' lang='lat' dir='ltr'><strong>a</strong></span> <span class='ocrx_word' id='word_1_685' title='bbox 2136 4235 2350 4289; x_wconf 88' lang='lat' dir='ltr'><strong>corpore</strong></span> <span class='ocrx_word' id='word_1_686' title='bbox 2369 4229 2415 4274; x_wconf 89' lang='lat' dir='ltr'><strong>et</strong></span> <span class='ocrx_word' id='word_1_687' title='bbox 2442 4230 2707 4286; x_wconf 78' lang='lat' dir='ltr'><strong>prtesentes</strong></span> <span class='ocrx_word' id='word_1_688' title='bbox 2729 4235 2836 4274; x_wconf 86' lang='lat' dir='ltr'><strong>esse</strong></span> <span class='ocrx_word' id='word_1_689' title='bbox 2854 4217 2921 4272; x_wconf 89' lang='lat' dir='ltr'><strong>ad</strong></span> <span class='ocrx_word' id='word_1_690' title='bbox 2942 4216 3242 4281; x_wconf 85' lang='lat' dir='ltr'><strong>Dominum,</strong></span> <span class='ocrx_word' id='word_1_691' title='bbox 3265 4227 3313 4272; x_wconf 91' lang='lat' dir='ltr'><strong>et</strong></span> <span class='ocrx_word' id='word_1_692' title='bbox 3336 4234 3458 4273; x_wconf 72' lang='lat' dir='ltr'><strong>con.-</strong></span> 
     </span>
    </p>
   </div>
   <div class='ocr_carea' id='block_1_61' title="bbox 1870 4309 3459 4384">
    <p class='ocr_par' dir='ltr' id='par_1_61' title="bbox 1870 4309 3459 4384">
     <span class='ocr_line' id='line_1_61' title="bbox 1870 4309 3459 4384; baseline -0.001 -19"><span class='ocrx_word' id='word_1_693' title='bbox 1870 4314 2122 4367; x_wconf 88' lang='lat' dir='ltr'><strong>tendimus</strong></span> <span class='ocrx_word' id='word_1_694' title='bbox 2147 4313 2251 4367; x_wconf 75' lang='lat' dir='ltr'><strong>sive</strong></span> <span class='ocrx_word' id='word_1_695' title='bbox 2281 4312 2509 4367; x_wconf 82' lang='lat' dir='ltr'><strong>absentes</strong></span> <span class='ocrx_word' id='word_1_696' title='bbox 2528 4315 2631 4366; x_wconf 78' lang='lat' dir='ltr'><strong>sive</strong></span> <span class='ocrx_word' id='word_1_697' title='bbox 2654 4322 2928 4384; x_wconf 70' lang='lat' dir='ltr'><strong>prttsentes</strong></span> <span class='ocrx_word' id='word_1_698' title='bbox 2957 4311 3157 4380; x_wconf 87' lang='lat' dir='ltr'><strong>placere</strong></span> <span class='ocrx_word' id='word_1_699' title='bbox 3185 4311 3284 4364; x_wconf 88' lang='lat' dir='ltr'><strong>illi.</strong></span> <span class='ocrx_word' id='word_1_700' title='bbox 3320 4309 3459 4364; x_wconf 81' lang='lat' dir='ltr'><strong>Nam</strong></span> 
     </span>
    </p>
   </div>
   <div class='ocr_carea' id='block_1_62' title="bbox 1940 4465 3464 4541">
    <p class='ocr_par' dir='ltr' id='par_1_62' title="bbox 1940 4465 3464 4541">
     <span class='ocr_line' id='line_1_62' title="bbox 1940 4465 3464 4541; baseline -0.003 -16"><span class='ocrx_word' id='word_1_701' title='bbox 1940 4467 1968 4507; x_wconf 68' lang='grc' dir='ltr'>δ</span> <span class='ocrx_word' id='word_1_702' title='bbox 2014 4470 2163 4525; x_wconf 82' lang='lat' dir='ltr'><strong>Vcrs.</strong></span> <span class='ocrx_word' id='word_1_703' title='bbox 2195 4471 2319 4541; x_wconf 79' lang='lat' dir='ltr'><strong>Ant.</strong></span> <span class='ocrx_word' id='word_1_704' title='bbox 2357 4467 2780 4541; x_wconf 79' lang='lat' dir='ltr'><strong>Unigenitum....</strong></span> <span class='ocrx_word' id='word_1_705' title='bbox 2810 4465 3268 4541; x_wconf 34' lang='lat' dir='ltr'><strong>credidit_._...‘Qui</strong></span> <span class='ocrx_word' id='word_1_706' title='bbox 3302 4467 3464 4541; x_wconf 72' lang='lat' dir='ltr'><strong>credit</strong></span> 
     </span>
    </p>
   </div>
   <div class='ocr_carea' id='block_1_63' title="bbox 153 4536 3464 4614">
    <p class='ocr_par' dir='ltr' id='par_1_63' title="bbox 153 4536 3464 4614">
     <span class='ocr_line' id='line_1_63' title="bbox 153 4536 3464 4614; baseline -0.003 -14"><span class='ocrx_word' id='word_1_707' title='bbox 153 4567 296 4614; x_wconf 75' lang='lat' dir='ltr'><strong>cap.</strong></span> <span class='ocrx_word' id='word_1_708' title='bbox 325 4548 416 4609; x_wconf 66' lang='lat' dir='ltr'><strong>il.</strong></span> <span class='ocrx_word' id='word_1_709' title='bbox 451 4548 670 4602; x_wconf 80' lang='lat' dir='ltr'><strong>Achetas</strong></span> <span class='ocrx_word' id='word_1_710' title='bbox 699 4536 934 4610; x_wconf 39' lang='lat' dir='ltr'><strong>dicitur,</strong></span> <span class='ocrx_word' id='word_1_711' title='bbox 962 4555 1019 4598; x_wconf 92' lang='lat' dir='ltr'><strong>ut</strong></span> <span class='ocrx_word' id='word_1_712' title='bbox 1055 4536 1216 4595; x_wconf 78' lang='grc' dir='ltr'>ιιιῑειιιι</span> <span class='ocrx_word' id='word_1_713' title='bbox 1252 4536 1497 4614; x_wconf 73' lang='lat' dir='ltr'><strong>Latinius</strong></span> <span class='ocrx_word' id='word_1_714' title='bbox 1532 4544 1763 4614; x_wconf 73' lang='lat' dir='ltr'><strong>notavit.</strong></span> <span class='ocrx_word' id='word_1_715' title='bbox 1794 4540 1844 4600; x_wconf 88' lang='lat' dir='ltr'><strong>D</strong></span> <span class='ocrx_word' id='word_1_716' title='bbox 1875 4541 2115 4614; x_wconf 84' lang='lat' dir='ltr'><strong>(omisso</strong></span> <span class='ocrx_word' id='word_1_717' title='bbox 2160 4539 2405 4614; x_wconf 46' lang='lat' dir='ltr'><strong>ideo)...</strong></span> <span class='ocrx_word' id='word_1_718' title='bbox 2452 4536 2540 4609; x_wconf 81' lang='lat' dir='ltr'><strong>qui</strong></span> <span class='ocrx_word' id='word_1_719' title='bbox 2583 4548 2755 4592; x_wconf 85' lang='lat' dir='ltr'><strong>autem</strong></span> <span class='ocrx_word' id='word_1_720' title='bbox 2783 4553 2884 4590; x_wconf 87' lang='lat' dir='ltr'><strong>non</strong></span> <span class='ocrx_word' id='word_1_721' title='bbox 2916 4537 3078 4590; x_wconf 86' lang='lat' dir='ltr'><strong>credit</strong></span> <span class='ocrx_word' id='word_1_722' title='bbox 3125 4536 3363 4609; x_wconf 83' lang='lat' dir='ltr'><strong>(omisso</strong></span> <span class='ocrx_word' id='word_1_723' title='bbox 3405 4539 3464 4591; x_wconf 84' lang='lat' dir='ltr'><strong>in.</strong></span> 
     </span>
    </p>
   </div>
   <div class='ocr_carea' id='block_1_64' title="bbox 153 4611 2533 4688">
    <p class='ocr_par' dir='ltr' id='par_1_64' title="bbox 153 4611 2533 4688">
     <span class='ocr_line' id='line_1_64' title="bbox 153 4611 2533 4688; baseline -0.006 -11"><span class='ocrx_word' id='word_1_724' title='bbox 153 4623 219 4677; x_wconf 77' lang='lat' dir='ltr'><strong>le</strong></span> <span class='ocrx_word' id='word_1_725' title='bbox 245 4611 370 4676; x_wconf 82' lang='lat' dir='ltr'><strong>erat</strong></span> <span class='ocrx_word' id='word_1_726' title='bbox 398 4620 682 4683; x_wconf 85' lang='lat' dir='ltr'><strong>diaconus,</strong></span> <span class='ocrx_word' id='word_1_727' title='bbox 716 4634 838 4671; x_wconf 88' lang='lat' dir='ltr'><strong>cum</strong></span> <span class='ocrx_word' id='word_1_728' title='bbox 880 4632 1023 4670; x_wconf 73' lang='lat' dir='ltr'><strong>mino</strong></span> <span class='ocrx_word' id='word_1_729' title='bbox 1052 4614 1178 4677; x_wconf 63' lang='lat'><strong>548,</strong></span> <span class='ocrx_word' id='word_1_730' title='bbox 1217 4615 1423 4668; x_wconf 65' lang='lat' dir='ltr'><strong>litteras</strong></span> <span class='ocrx_word' id='word_1_731' title='bbox 1461 4612 1768 4688; x_wconf 78' lang='lat' dir='ltr'><strong>Constantii</strong></span> <span class='ocrx_word' id='word_1_732' title='bbox 1871 4628 1986 4688; x_wconf 77' lang='lat' dir='ltr'><strong>eum</strong></span> <span class='ocrx_word' id='word_1_733' title='bbox 2153 4611 2411 4688; x_wconf 83' lang='lat' dir='ltr'><strong>un_igenit_i_</strong></span> <span class='ocrx_word' id='word_1_734' title='bbox 2428 4617 2533 4664; x_wconf 89' lang='lat' dir='ltr'><strong>etc.</strong></span> 
     </span>
    </p>
   </div>
   <div class='ocr_carea' id='block_1_65' title="bbox 153 4683 1770 4751">
    <p class='ocr_par' dir='ltr' id='par_1_65' title="bbox 153 4683 1770 4751">
     <span class='ocr_line' id='line_1_65' title="bbox 153 4683 1770 4751; baseline -0.007 -4"><span class='ocrx_word' id='word_1_735' title='bbox 153 4693 374 4747; x_wconf 85' lang='lat' dir='ltr'><strong>detulit</strong></span> <span class='ocrx_word' id='word_1_736' title='bbox 399 4691 466 4744; x_wconf 87' lang='lat' dir='ltr'><strong>ad</strong></span> <span class='ocrx_word' id='word_1_737' title='bbox 501 4689 853 4744; x_wconf 72' lang='lat' dir='ltr'><strong>Athanasium</strong></span> <span class='ocrx_word' id='word_1_738' title='bbox 885 4695 1311 4743; x_wconf 85' lang='lat' dir='ltr'><strong>comtnorantem</strong></span> <span class='ocrx_word' id='word_1_739' title='bbox 1338 4685 1618 4751; x_wconf 58' lang='lat' dir='ltr'><strong>Aquileiae.</strong></span> <span class='ocrx_word' id='word_1_740' title='bbox 1649 4683 1770 4751; x_wconf 82' lang='lat' dir='ltr'><strong>qui-</strong></span> 
     </span>
    </p>
   </div>
   <div class='ocr_carea' id='block_1_66' title="bbox 157 4753 1773 4819">
    <p class='ocr_par' dir='ltr' id='par_1_66' title="bbox 157 4753 1773 4819">
     <span class='ocr_line' id='line_1_66' title="bbox 157 4753 1773 4819; baseline -0.007 -2"><span class='ocrx_word' id='word_1_741' title='bbox 157 4764 279 4819; x_wconf 83' lang='lat' dir='ltr'><strong>bus</strong></span> <span class='ocrx_word' id='word_1_742' title='bbox 331 4761 396 4815; x_wconf 87' lang='lat' dir='ltr'><strong>ad</strong></span> <span class='ocrx_word' id='word_1_743' title='bbox 444 4760 874 4815; x_wconf 76' lang='lat' dir='ltr'><strong>Alexandrinam</strong></span> <span class='ocrx_word' id='word_1_744' title='bbox 926 4759 1110 4812; x_wconf 73' lang='lat' dir='ltr'><strong>sedem</strong></span> <span class='ocrx_word' id='word_1_745' title='bbox 1163 4755 1548 4811; x_wconf 84' lang='lat' dir='ltr'><strong>revocabatur.</strong></span> <span class='ocrx_word' id='word_1_746' title='bbox 1584 4753 1638 4808; x_wconf 92' lang='grc' dir='ltr'>Ιιι</span> <span class='ocrx_word' id='word_1_747' title='bbox 1684 4766 1773 4806; x_wconf 85' lang='lat' dir='ltr'><strong>sa-</strong></span> 
     </span>
    </p>
   </div>
   <div class='ocr_carea' id='block_1_67' title="bbox 152 4824 1774 4899">
    <p class='ocr_par' dir='ltr' id='par_1_67' title="bbox 152 4824 1774 4899">
     <span class='ocr_line' id='line_1_67' title="bbox 152 4824 1774 4899; baseline -0.006 -12"><span class='ocrx_word' id='word_1_748' title='bbox 152 4832 478 4887; x_wconf 66' lang='lat' dir='ltr'><strong>cerdotium</strong></span> <span class='ocrx_word' id='word_1_749' title='bbox 528 4839 816 4897; x_wconf 46' lang='lat' dir='ltr'><strong>co‘vptatus</strong></span> <span class='ocrx_word' id='word_1_750' title='bbox 855 4830 964 4899; x_wconf 89' lang='lat' dir='ltr'><strong>jam</strong></span> <span class='ocrx_word' id='word_1_751' title='bbox 1014 4831 1212 4888; x_wconf 84' lang='lat' dir='ltr'><strong>fuerat,</strong></span> <span class='ocrx_word' id='word_1_752' title='bbox 1244 4841 1365 4880; x_wconf 84' lang='lat' dir='ltr'><strong>cuin</strong></span> <span class='ocrx_word' id='word_1_753' title='bbox 1400 4825 1613 4899; x_wconf 75' lang='lat' dir='ltr'><strong>Lucifer</strong></span> <span class='ocrx_word' id='word_1_754' title='bbox 1658 4824 1774 4878; x_wconf 78' lang='lat' dir='ltr'><strong>haec</strong></span> 
     </span>
    </p>
   </div>
   <div class='ocr_carea' id='block_1_68' title="bbox 152 4895 1771 4970">
    <p class='ocr_par' dir='ltr' id='par_1_68' title="bbox 152 4895 1771 4970">
     <span class='ocr_line' id='line_1_68' title="bbox 152 4895 1771 4970; baseline -0.007 -12"><span class='ocrx_word' id='word_1_755' title='bbox 152 4903 503 4970; x_wconf 75' lang='lat' dir='ltr'><strong>Constantio</strong></span> <span class='ocrx_word' id='word_1_756' title='bbox 528 4895 917 4970; x_wconf 67' lang='lat' dir='ltr'><strong>exprobrabat,</strong></span> <span class='ocrx_word' id='word_1_757' title='bbox 942 4907 996 4953; x_wconf 88' lang='lat' dir='ltr'><strong>et</strong></span> <span class='ocrx_word' id='word_1_758' title='bbox 1023 4913 1144 4952; x_wconf 82' lang='lat' dir='ltr'><strong>cum</strong></span> <span class='ocrx_word' id='word_1_759' title='bbox 1176 4895 1771 4970; x_wconf 14' lang='lat' dir='ltr'><strong>liiulyina‘prcsbytero,</strong></span> 
     </span>
    </p>
   </div>
   <div class='ocr_carea' id='block_1_69' title="bbox 1952 4676 3468 4748">
    <p class='ocr_par' dir='ltr' id='par_1_69' title="bbox 1952 4676 3468 4748">
     <span class='ocr_line' id='line_1_69' title="bbox 1952 4676 3468 4748; baseline -0.001 -12"><span class='ocrx_word' id='word_1_760' title='bbox 1952 4682 1966 4719; x_wconf 72' lang='grc' dir='ltr'><strong>ί</strong></span> <span class='ocrx_word' id='word_1_761' title='bbox 2008 4676 2166 4736; x_wconf 76' lang='lat' dir='ltr'><strong>Vers.</strong></span> <span class='ocrx_word' id='word_1_762' title='bbox 2201 4676 2331 4734; x_wconf 76' lang='lat' dir='ltr'><strong>Ant.</strong></span> <span class='ocrx_word' id='word_1_763' title='bbox 2358 4679 2476 4734; x_wconf 84' lang='lat' dir='ltr'><strong>Hoc</strong></span> <span class='ocrx_word' id='word_1_764' title='bbox 2504 4690 2573 4734; x_wconf 89' lang='lat' dir='ltr'><strong>est</strong></span> <span class='ocrx_word' id='word_1_765' title='bbox 2597 4689 2763 4734; x_wconf 89' lang='lat' dir='ltr'><strong>autem</strong></span> <span class='ocrx_word' id='word_1_766' title='bbox 2791 4681 2952 4748; x_wconf 89' lang='lat' dir='ltr'><strong>:quia</strong></span> <span class='ocrx_word' id='word_1_767' title='bbox 2973 4686 3085 4734; x_wconf 89' lang='lat' dir='ltr'><strong>etc.</strong></span> <span class='ocrx_word' id='word_1_768' title='bbox 3115 4676 3290 4733; x_wconf 64' lang='grc' dir='ltr'><strong>ϋηο.</strong></span> <span class='ocrx_word' id='word_1_769' title='bbox 3321 4677 3468 4734; x_wconf 76' lang='lat' dir='ltr'><strong>favet</strong></span> 
     </span>
    </p>
   </div>
   <div class='ocr_carea' id='block_1_70' title="bbox 1875 4751 3463 4886">
    <p class='ocr_par' dir='ltr' id='par_1_70' title="bbox 1875 4751 3463 4886">
     <span class='ocr_line' id='line_1_70' title="bbox 1875 4751 2236 4806; baseline 0 0"><span class='ocrx_word' id='word_1_770' title='bbox 1875 4768 2020 4806; x_wconf 78' lang='lat' dir='ltr'><strong>vers.</strong></span> <span class='ocrx_word' id='word_1_771' title='bbox 2058 4751 2236 4806; x_wconf 83' lang='lat' dir='ltr'><strong>Lucif.</strong></span> 
     </span>
     <span class='ocr_line' id='line_1_71' title="bbox 1950 4818 3463 4886; baseline 0 -13"><span class='ocrx_word' id='word_1_772' title='bbox 1950 4823 1962 4873; x_wconf 89' lang='lat' dir='ltr'><strong>i</strong></span> <span class='ocrx_word' id='word_1_773' title='bbox 2017 4821 2082 4875; x_wconf 87' lang='lat' dir='ltr'><strong>Et</strong></span> <span class='ocrx_word' id='word_1_774' title='bbox 2117 4839 2218 4876; x_wconf 87' lang='lat' dir='ltr'><strong>non</strong></span> <span class='ocrx_word' id='word_1_775' title='bbox 2249 4823 2384 4876; x_wconf 76' lang='lat' dir='ltr'><strong>venit</strong></span> <span class='ocrx_word' id='word_1_776' title='bbox 2413 4821 2482 4874; x_wconf 86' lang='lat' dir='ltr'><strong>ad</strong></span> <span class='ocrx_word' id='word_1_777' title='bbox 2523 4823 2708 4886; x_wconf 88' lang='lat' dir='ltr'><strong>lucem,</strong></span> <span class='ocrx_word' id='word_1_778' title='bbox 2740 4820 2947 4874; x_wconf 88' lang='lat' dir='ltr'><strong>addunt</strong></span> <span class='ocrx_word' id='word_1_779' title='bbox 2986 4818 3159 4873; x_wconf 83' lang='lat' dir='ltr'><strong>Vatic.</strong></span> <span class='ocrx_word' id='word_1_780' title='bbox 3191 4830 3243 4874; x_wconf 89' lang='lat' dir='ltr'><strong>et</strong></span> <span class='ocrx_word' id='word_1_781' title='bbox 3283 4819 3463 4874; x_wconf 83' lang='lat' dir='ltr'><strong>Latin.</strong></span> 
     </span>
    </p>
   </div>
   <div class='ocr_carea' id='block_1_71' title="bbox 1876 4889 3466 4961">
    <p class='ocr_par' dir='ltr' id='par_1_71' title="bbox 1876 4889 3466 4961">
     <span class='ocr_line' id='line_1_72' title="bbox 1876 4889 3466 4961; baseline -0.001 -14"><span class='ocrx_word' id='word_1_782' title='bbox 1876 4905 1928 4947; x_wconf 89' lang='lat' dir='ltr'><strong>et</strong></span> <span class='ocrx_word' id='word_1_783' title='bbox 1955 4893 2167 4957; x_wconf 59' lang='lat' dir='ltr'><strong>Gram;</strong></span> <span class='ocrx_word' id='word_1_784' title='bbox 2196 4894 2286 4946; x_wconf 85' lang='lat' dir='ltr'><strong>sed</strong></span> <span class='ocrx_word' id='word_1_785' title='bbox 2315 4894 2427 4946; x_wconf 72' lang='lat' dir='ltr'><strong>haec</strong></span> <span class='ocrx_word' id='word_1_786' title='bbox 2451 4892 2644 4946; x_wconf 86' lang='lat' dir='ltr'><strong>absunt</strong></span> <span class='ocrx_word' id='word_1_787' title='bbox 2668 4892 2826 4945; x_wconf 88' lang='lat' dir='ltr'><strong>etiam</strong></span> <span class='ocrx_word' id='word_1_788' title='bbox 2852 4906 2879 4943; x_wconf 89' lang='lat' dir='ltr'><strong>a</strong></span> <span class='ocrx_word' id='word_1_789' title='bbox 2906 4889 3066 4945; x_wconf 79' lang='lat' dir='ltr'><strong>Vers.</strong></span> <span class='ocrx_word' id='word_1_790' title='bbox 3097 4892 3226 4944; x_wconf 72' lang='lat' dir='ltr'><strong>Ant.</strong></span> <span class='ocrx_word' id='word_1_791' title='bbox 3261 4889 3313 4944; x_wconf 90' lang='lat' dir='ltr'><strong>in</strong></span> <span class='ocrx_word' id='word_1_792' title='bbox 3337 4905 3466 4961; x_wconf 81' lang='lat' dir='ltr'><strong>qua,</strong></span> 
     </span>
    </p>
   </div>
   <div class='ocr_carea' id='block_1_72' title="bbox 155 4963 3166 5042">
    <p class='ocr_par' dir='ltr' id='par_1_72' title="bbox 155 4963 3166 5042">
     <span class='ocr_line' id='line_1_73' title="bbox 155 4963 3166 5042; baseline -0.004 -16"><span class='ocrx_word' id='word_1_793' title='bbox 155 4976 263 5042; x_wconf 89' lang='lat' dir='ltr'><strong>qui</strong></span> <span class='ocrx_word' id='word_1_794' title='bbox 299 4974 434 5027; x_wconf 80' lang='lat' dir='ltr'><strong>forte</strong></span> <span class='ocrx_word' id='word_1_795' title='bbox 456 4963 713 5042; x_wconf 78' lang='lat' dir='ltr'><strong>Didymus</strong></span> <span class='ocrx_word' id='word_1_796' title='bbox 739 4972 953 5042; x_wconf 75' lang='lat' dir='ltr'><strong>appella</strong></span> <span class='ocrx_word' id='word_1_797' title='bbox 961 4971 1118 5030; x_wconf 59' lang='lat' dir='ltr'><strong>nilus,</strong></span> <span class='ocrx_word' id='word_1_798' title='bbox 1139 4984 1173 5042; x_wconf 85' lang='lat' dir='ltr'><strong>_a</strong></span> <span class='ocrx_word' id='word_1_799' title='bbox 1199 4963 1504 5042; x_wconf 76' lang='lat' dir='ltr'><strong>catholicis</strong></span> <span class='ocrx_word' id='word_1_800' title='bbox 1534 4963 1778 5042; x_wconf 83' lang='lat' dir='ltr'><strong>partibus</strong></span> <span class='ocrx_word' id='word_1_801' title='bbox 1882 4965 2221 5042; x_wconf 71' lang='lat' dir='ltr'><strong>Omni_s_enini</strong></span> <span class='ocrx_word' id='word_1_802' title='bbox 2244 4963 2334 5033; x_wconf 89' lang='lat' dir='ltr'><strong>qui</strong></span> <span class='ocrx_word' id='word_1_803' title='bbox 2360 4963 2494 5015; x_wconf 88' lang='lat' dir='ltr'><strong>male</strong></span> <span class='ocrx_word' id='word_1_804' title='bbox 2515 4964 2714 5042; x_wconf 60' lang='lat' dir='ltr'><strong>agit...</strong></span> <span class='ocrx_word' id='word_1_805' title='bbox 2745 4969 3032 5042; x_wconf 64' lang='lat' dir='ltr'><strong>arguantur</strong></span> <span class='ocrx_word' id='word_1_806' title='bbox 3057 4968 3166 5042; x_wconf 74' lang='lat' dir='ltr'><strong>etc.</strong></span> 
     </span>
    </p>
   </div>
   <div class='ocr_carea' id='block_1_73' title="bbox 157 5036 1780 5105">
    <p class='ocr_par' dir='ltr' id='par_1_73' title="bbox 157 5036 1780 5105">
     <span class='ocr_line' id='line_1_74' title="bbox 157 5036 1780 5105; baseline -0.006 -7"><span class='ocrx_word' id='word_1_807' title='bbox 157 5036 241 5098; x_wconf 59' lang='lat' dir='ltr'><strong>aid</strong></span> <span class='ocrx_word' id='word_1_808' title='bbox 285 5046 518 5097; x_wconf 65' lang='lat' dir='ltr'><strong>Arianas</strong></span> <span class='ocrx_word' id='word_1_809' title='bbox 567 5036 868 5094; x_wconf 52' lang='lat' dir='ltr'><strong>Ili-fecerat.</strong></span> <span class='ocrx_word' id='word_1_810' title='bbox 921 5039 1240 5094; x_wconf 74' lang='lat' dir='ltr'><strong>Gallandius</strong></span> <span class='ocrx_word' id='word_1_811' title='bbox 1291 5036 1575 5105; x_wconf 84' lang='lat' dir='ltr'><strong>legendum</strong></span> <span class='ocrx_word' id='word_1_812' title='bbox 1627 5041 1780 5101; x_wconf 78' lang='lat' dir='ltr'><strong>putat</strong></span> 
     </span>
    </p>
   </div>
   <div class='ocr_carea' id='block_1_74' title="bbox 159 5107 1776 5176">
    <p class='ocr_par' dir='ltr' id='par_1_74' title="bbox 159 5107 1776 5176">
     <span class='ocr_line' id='line_1_75' title="bbox 159 5107 1776 5176; baseline -0.009 -5"><span class='ocrx_word' id='word_1_813' title='bbox 159 5116 426 5171; x_wconf 78' lang='lat' dir='ltr'><strong>Achetam</strong></span> <span class='ocrx_word' id='word_1_814' title='bbox 479 5129 545 5167; x_wconf 77' lang='lat' dir='ltr'><strong>ea:</strong></span> <span class='ocrx_word' id='word_1_815' title='bbox 585 5113 848 5176; x_wconf 83' lang='lat' dir='ltr'><strong>diaconis;</strong></span> <span class='ocrx_word' id='word_1_816' title='bbox 898 5111 989 5165; x_wconf 78' lang='lat' dir='ltr'><strong>sed</strong></span> <span class='ocrx_word' id='word_1_817' title='bbox 1025 5110 1174 5163; x_wconf 91' lang='lat' dir='ltr'><strong>nullo</strong></span> <span class='ocrx_word' id='word_1_818' title='bbox 1215 5107 1382 5161; x_wconf 82' lang='lat' dir='ltr'><strong>frctus</strong></span> <span class='ocrx_word' id='word_1_819' title='bbox 1428 5113 1776 5176; x_wconf 83' lang='lat' dir='ltr'><strong>argumento,</strong></span> 
     </span>
    </p>
   </div>
   <div class='ocr_carea' id='block_1_75' title="bbox 156 5175 1781 5252">
    <p class='ocr_par' dir='ltr' id='par_1_75' title="bbox 156 5175 1781 5252">
     <span class='ocr_line' id='line_1_76' title="bbox 156 5175 1781 5252; baseline -0.006 -13"><span class='ocrx_word' id='word_1_820' title='bbox 156 5202 303 5239; x_wconf 70' lang='lat' dir='ltr'><strong>etim</strong></span> <span class='ocrx_word' id='word_1_821' title='bbox 363 5184 582 5239; x_wconf 83' lang='lat' dir='ltr'><strong>Luciter</strong></span> <span class='ocrx_word' id='word_1_822' title='bbox 633 5175 924 5252; x_wconf 83' lang='lat' dir='ltr'><strong>utrumque</strong></span> <span class='ocrx_word' id='word_1_823' title='bbox 970 5197 1035 5236; x_wconf 89' lang='lat' dir='ltr'><strong>ex</strong></span> <span class='ocrx_word' id='word_1_824' title='bbox 1093 5178 1433 5250; x_wconf 82' lang='lat' dir='ltr'><strong>presbyteris</strong></span> <span class='ocrx_word' id='word_1_825' title='bbox 1484 5177 1651 5230; x_wconf 67' lang='lat' dir='ltr'><strong>fuisse</strong></span> <span class='ocrx_word' id='word_1_826' title='bbox 1702 5175 1781 5230; x_wconf 86' lang='lat' dir='ltr'><strong>al-</strong></span> 
     </span>
    </p>
   </div>
   <div class='ocr_carea' id='block_1_76' title="bbox 163 5258 391 5312">
    <p class='ocr_par' dir='ltr' id='par_1_76' title="bbox 163 5258 391 5312">
     <span class='ocr_line' id='line_1_77' title="bbox 163 5258 391 5312; baseline -0.009 0"><span class='ocrx_word' id='word_1_827' title='bbox 163 5258 391 5312; x_wconf 80' lang='lat' dir='ltr'><strong>firmet.</strong></span> 
     </span>
    </p>
   </div>
   <div class='ocr_carea' id='block_1_77' title="bbox 250 5316 1779 5385">
    <p class='ocr_par' dir='ltr' id='par_1_77' title="bbox 250 5316 1779 5385">
     <span class='ocr_line' id='line_1_78' title="bbox 250 5316 1779 5385; baseline -0.007 -4"><span class='ocrx_word' id='word_1_828' title='bbox 250 5326 278 5365; x_wconf 70' lang='grc' dir='ltr'>δ</span> <span class='ocrx_word' id='word_1_829' title='bbox 328 5325 484 5380; x_wconf 84' lang='lat' dir='ltr'><strong>Vcrs.</strong></span> <span class='ocrx_word' id='word_1_830' title='bbox 518 5325 646 5381; x_wconf 83' lang='lat' dir='ltr'><strong>Alit.</strong></span> <span class='ocrx_word' id='word_1_831' title='bbox 689 5323 757 5378; x_wconf 84' lang='lat' dir='ltr'><strong>In</strong></span> <span class='ocrx_word' id='word_1_832' title='bbox 799 5324 967 5376; x_wconf 84' lang='lat' dir='ltr'><strong>locum</strong></span> <span class='ocrx_word' id='word_1_833' title='bbox 1009 5338 1185 5385; x_wconf 85' lang='lat' dir='ltr'><strong>suum,</strong></span> <span class='ocrx_word' id='word_1_834' title='bbox 1217 5328 1273 5375; x_wconf 91' lang='lat' dir='ltr'><strong>ut</strong></span> <span class='ocrx_word' id='word_1_835' title='bbox 1303 5320 1446 5374; x_wconf 90' lang='lat' dir='ltr'><strong>idem</strong></span> <span class='ocrx_word' id='word_1_836' title='bbox 1481 5316 1695 5373; x_wconf 80' lang='lat' dir='ltr'><strong>Lucifer</strong></span> <span class='ocrx_word' id='word_1_837' title='bbox 1727 5316 1779 5371; x_wconf 88' lang='lat' dir='ltr'><strong>in</strong></span> 
     </span>
    </p>
   </div>
   <div class='ocr_carea' id='block_1_78' title="bbox 161 5392 1186 5461">
    <p class='ocr_par' dir='ltr' id='par_1_78' title="bbox 161 5392 1186 5461">
     <span class='ocr_line' id='line_1_79' title="bbox 161 5392 1186 5461; baseline -0.009 -9"><span class='ocrx_word' id='word_1_838' title='bbox 161 5399 279 5453; x_wconf 81' lang='lat' dir='ltr'><strong>lib.</strong></span> <span class='ocrx_word' id='word_1_839' title='bbox 318 5395 384 5448; x_wconf 80' lang='lat' dir='ltr'><strong>de</strong></span> <span class='ocrx_word' id='word_1_840' title='bbox 412 5412 514 5448; x_wconf 89' lang='lat' dir='ltr'><strong>non</strong></span> <span class='ocrx_word' id='word_1_841' title='bbox 543 5412 684 5461; x_wconf 87' lang='lat' dir='ltr'><strong>pare.</strong></span> <span class='ocrx_word' id='word_1_842' title='bbox 720 5397 772 5447; x_wconf 87' lang='lat' dir='ltr'><strong>in</strong></span> <span class='ocrx_word' id='word_1_843' title='bbox 802 5392 967 5446; x_wconf 84' lang='lat' dir='ltr'><strong>Deum</strong></span> <span class='ocrx_word' id='word_1_844' title='bbox 993 5393 1186 5461; x_wconf 88' lang='lat' dir='ltr'><strong>delinq.</strong></span> 
     </span>
    </p>
   </div>
   <div class='ocr_carea' id='block_1_79' title="bbox 252 5463 1215 5534">
    <p class='ocr_par' dir='ltr' id='par_1_79' title="bbox 252 5463 1215 5534">
     <span class='ocr_line' id='line_1_80' title="bbox 252 5463 1215 5534; baseline -0.004 -14"><span class='ocrx_word' id='word_1_845' title='bbox 252 5479 276 5506; x_wconf 73' lang='grc' dir='ltr'>ε</span> <span class='ocrx_word' id='word_1_846' title='bbox 327 5468 505 5534; x_wconf 86' lang='lat' dir='ltr'><strong>Supra</strong></span> <span class='ocrx_word' id='word_1_847' title='bbox 537 5463 752 5534; x_wconf 84' lang='lat' dir='ltr'><strong>Lucifer</strong></span> <span class='ocrx_word' id='word_1_848' title='bbox 782 5467 921 5531; x_wconf 86' lang='lat' dir='ltr'><strong>ipse,</strong></span> <span class='ocrx_word' id='word_1_849' title='bbox 956 5463 1215 5531; x_wconf 88' lang='lat' dir='ltr'><strong>peribunt.</strong></span> 
     </span>
    </p>
   </div>
   <div class='ocr_carea' id='block_1_80' title="bbox 247 5533 876 5620">
    <p class='ocr_par' dir='ltr' id='par_1_80' title="bbox 247 5533 876 5620">
     <span class='ocr_line' id='line_1_81' title="bbox 247 5533 876 5620; baseline 0.002 -31"><span class='ocrx_word' id='word_1_850' title='bbox 247 5536 278 5576; x_wconf 72' lang='grc' dir='ltr'>ἀ</span> <span class='ocrx_word' id='word_1_851' title='bbox 332 5533 678 5620; x_wconf 31' lang='lat' dir='ltr'><strong>AcceptuOros.‘</strong></span> <span class='ocrx_word' id='word_1_852' title='bbox 703 5533 876 5590; x_wconf 79' lang='lat' dir='ltr'><strong>Vatic.</strong></span> 
     </span>
    </p>
   </div>
   <div class='ocr_carea' id='block_1_81' title="bbox 250 5607 1514 5734">
    <p class='ocr_par' dir='ltr' id='par_1_81' title="bbox 250 5607 1514 5734">
     <span class='ocr_line' id='line_1_82' title="bbox 250 5607 1514 5734; baseline -0.002 -7"><span class='ocrx_word' id='word_1_853' title='bbox 250 5619 278 5716; x_wconf 54' lang='grc' dir='ltr'><strong><em>ἶ</em></strong></span> <span class='ocrx_word' id='word_1_854' title='bbox 685 5674 750 5729; x_wconf 89' lang='lat' dir='ltr'><strong>In</strong></span> <span class='ocrx_word' id='word_1_855' title='bbox 775 5675 922 5729; x_wconf 71' lang='lat' dir='ltr'><strong>caelo.</strong></span> <span class='ocrx_word' id='word_1_856' title='bbox 959 5674 1022 5728; x_wconf 83' lang='lat' dir='ltr'><strong>Et</strong></span> <span class='ocrx_word' id='word_1_857' title='bbox 1049 5675 1248 5729; x_wconf 88' lang='lat' dir='ltr'><strong>sicut...</strong></span> <span class='ocrx_word' id='word_1_858' title='bbox 1278 5673 1374 5734; x_wconf 85' lang='lat' dir='ltr'><strong>ita,</strong></span> <span class='ocrx_word' id='word_1_859' title='bbox 1405 5682 1514 5728; x_wconf 87' lang='lat' dir='ltr'><strong>etc.</strong></span> 
     </span>
    </p>
   </div>
   <div class='ocr_carea' id='block_1_82' title="bbox 1954 5031 3474 5100">
    <p class='ocr_par' dir='ltr' id='par_1_82' title="bbox 1954 5031 3474 5100">
     <span class='ocr_line' id='line_1_83' title="bbox 1954 5031 3474 5100; baseline -0.001 -12"><span class='ocrx_word' id='word_1_860' title='bbox 1954 5036 1979 5072; x_wconf 71' lang='grc' dir='ltr'><strong><em>κ</em></strong></span> <span class='ocrx_word' id='word_1_861' title='bbox 2022 5031 2342 5096; x_wconf 81' lang='lat' dir='ltr'><strong>Dicendum,</strong></span> <span class='ocrx_word' id='word_1_862' title='bbox 2372 5042 2493 5086; x_wconf 88' lang='lat' dir='ltr'><strong>sunt</strong></span> <span class='ocrx_word' id='word_1_863' title='bbox 2532 5031 2714 5100; x_wconf 82' lang='lat' dir='ltr'><strong>facta:</strong></span> <span class='ocrx_word' id='word_1_864' title='bbox 2741 5031 2879 5087; x_wconf 61' lang='lat' dir='ltr'><strong>et&#39;in</strong></span> <span class='ocrx_word' id='word_1_865' title='bbox 2911 5031 3091 5086; x_wconf 89' lang='lat' dir='ltr'><strong>veteri</strong></span> <span class='ocrx_word' id='word_1_866' title='bbox 3119 5031 3307 5087; x_wconf 88' lang='lat' dir='ltr'><strong>codice</strong></span> <span class='ocrx_word' id='word_1_867' title='bbox 3334 5032 3474 5086; x_wconf 88' lang='lat' dir='ltr'><strong>scri-</strong></span> 
     </span>
    </p>
   </div>
   <div class='ocr_carea' id='block_1_83' title="bbox 1884 5103 3472 5176">
    <p class='ocr_par' dir='ltr' id='par_1_83' title="bbox 1884 5103 3472 5176">
     <span class='ocr_line' id='line_1_84' title="bbox 1884 5103 3472 5176; baseline -0.003 -16"><span class='ocrx_word' id='word_1_868' title='bbox 1884 5117 2031 5174; x_wconf 91' lang='lat' dir='ltr'><strong>ptum</strong></span> <span class='ocrx_word' id='word_1_869' title='bbox 2063 5115 2179 5159; x_wconf 88' lang='lat' dir='ltr'><strong>erat</strong></span> <span class='ocrx_word' id='word_1_870' title='bbox 2207 5106 2259 5157; x_wconf 92' lang='lat' dir='ltr'><strong>in</strong></span> <span class='ocrx_word' id='word_1_871' title='bbox 2287 5103 2572 5176; x_wconf 71' lang='lat' dir='ltr'><strong>singulari,</strong></span> <span class='ocrx_word' id='word_1_872' title='bbox 2605 5105 2864 5176; x_wconf 84' lang='lat' dir='ltr'><strong>Arguatur</strong></span> <span class='ocrx_word' id='word_1_873' title='bbox 2884 5118 3041 5172; x_wconf 89' lang='lat' dir='ltr'><strong>opera</strong></span> <span class='ocrx_word' id='word_1_874' title='bbox 3063 5103 3198 5168; x_wconf 74' lang='lat' dir='ltr'><strong>eius,</strong></span> <span class='ocrx_word' id='word_1_875' title='bbox 3226 5113 3273 5155; x_wconf 90' lang='lat' dir='ltr'><strong>et</strong></span> <span class='ocrx_word' id='word_1_876' title='bbox 3304 5103 3472 5176; x_wconf 51' lang='lat' dir='ltr'><strong>mani:</strong></span> 
     </span>
    </p>
   </div>
   <div class='ocr_carea' id='block_1_84' title="bbox 1885 5172 3475 5248">
    <p class='ocr_par' dir='ltr' id='par_1_84' title="bbox 1885 5172 3475 5248">
     <span class='ocr_line' id='line_1_85' title="bbox 1885 5172 3475 5248; baseline -0.003 -17"><span class='ocrx_word' id='word_1_877' title='bbox 1885 5172 2092 5248; x_wconf 74' lang='lat' dir='ltr'><strong>festetur</strong></span> <span class='ocrx_word' id='word_1_878' title='bbox 2118 5191 2272 5241; x_wconf 88' lang='lat' dir='ltr'><strong>opera</strong></span> <span class='ocrx_word' id='word_1_879' title='bbox 2295 5177 2429 5248; x_wconf 81' lang='lat' dir='ltr'><strong>ejus.</strong></span> <span class='ocrx_word' id='word_1_880' title='bbox 2459 5172 2760 5248; x_wconf 60' lang='lat' dir='ltr'><strong>Geuera&#39;et</strong></span> <span class='ocrx_word' id='word_1_881' title='bbox 2789 5187 3045 5248; x_wconf 68' lang='lat' dir='ltr'><strong>numeros</strong></span> <span class='ocrx_word' id='word_1_882' title='bbox 3081 5187 3234 5248; x_wconf 78' lang='lat' dir='ltr'><strong>more</strong></span> <span class='ocrx_word' id='word_1_883' title='bbox 3265 5172 3475 5248; x_wconf 54' lang='lat' dir='ltr'><strong>uulgari</strong></span> 
     </span>
    </p>
   </div>
   <div class='ocr_carea' id='block_1_85' title="bbox 1888 5240 3471 5311">
    <p class='ocr_par' dir='ltr' id='par_1_85' title="bbox 1888 5240 3471 5311">
     <span class='ocr_line' id='line_1_86' title="bbox 1888 5240 3471 5311; baseline -0.003 -11"><span class='ocrx_word' id='word_1_884' title='bbox 1888 5240 1993 5300; x_wconf 80' lang='lat' dir='ltr'><strong>non</strong></span> <span class='ocrx_word' id='word_1_885' title='bbox 2023 5240 2238 5311; x_wconf 83' lang='lat' dir='ltr'><strong>semper</strong></span> <span class='ocrx_word' id='word_1_886' title='bbox 2267 5240 2543 5299; x_wconf 80' lang='lat' dir='ltr'><strong>observat.</strong></span> <span class='ocrx_word' id='word_1_887' title='bbox 2576 5245 2682 5298; x_wconf 84' lang='lat' dir='ltr'><strong>Til.</strong></span> <span class='ocrx_word' id='word_1_888' title='bbox 2713 5254 2758 5298; x_wconf 90' lang='lat' dir='ltr'><strong>et</strong></span> <span class='ocrx_word' id='word_1_889' title='bbox 2784 5246 2833 5296; x_wconf 92' lang='lat' dir='ltr'><strong>la</strong></span> <span class='ocrx_word' id='word_1_890' title='bbox 2864 5240 3054 5302; x_wconf 85' lang='lat' dir='ltr'><strong>Cerdo,</strong></span> <span class='ocrx_word' id='word_1_891' title='bbox 3085 5243 3175 5311; x_wconf 90' lang='lat' dir='ltr'><strong>qui</strong></span> <span class='ocrx_word' id='word_1_892' title='bbox 3209 5240 3471 5309; x_wconf 68' lang='lat' dir='ltr'><strong>subiicit:</strong></span> 
     </span>
    </p>
   </div>
   <div class='ocr_carea' id='block_1_86' title="bbox 1887 5311 3474 5389">
    <p class='ocr_par' dir='ltr' id='par_1_86' title="bbox 1887 5311 3474 5389">
     <span class='ocr_line' id='line_1_87' title="bbox 1887 5311 3474 5389; baseline -0.002 -19"><span class='ocrx_word' id='word_1_893' title='bbox 1887 5317 2015 5371; x_wconf 82' lang='lat' dir='ltr'><strong>Tale</strong></span> <span class='ocrx_word' id='word_1_894' title='bbox 2035 5317 2094 5389; x_wconf 89' lang='lat' dir='ltr'><strong>in</strong></span> <span class='ocrx_word' id='word_1_895' title='bbox 2109 5316 2226 5368; x_wconf 87' lang='lat' dir='ltr'><strong>aliis</strong></span> <span class='ocrx_word' id='word_1_896' title='bbox 2241 5316 2458 5389; x_wconf 87' lang='lat' dir='ltr'><strong>eruditis</strong></span> <span class='ocrx_word' id='word_1_897' title='bbox 2473 5316 2956 5389; x_wconf 62' lang='lat' dir='ltr'><strong>frequentissimum.</strong></span> <span class='ocrx_word' id='word_1_898' title='bbox 2971 5311 3150 5389; x_wconf 43' lang='lat' dir='ltr'><strong>Graio.</strong></span> <span class='ocrx_word' id='word_1_899' title='bbox 3165 5315 3474 5389; x_wconf 58' lang='grc' dir='ltr'><strong>ΔεΙισιειιηιιιινιριῆ,</strong></span> 
     </span>
    </p>
   </div>
   <div class='ocr_carea' id='block_1_87' title="bbox 1891 5381 3479 5463">
    <p class='ocr_par' dir='ltr' id='par_1_87' title="bbox 1891 5381 3479 5463">
     <span class='ocr_line' id='line_1_88' title="bbox 1891 5381 3479 5463; baseline -0.001 -23"><span class='ocrx_word' id='word_1_900' title='bbox 1891 5390 1938 5463; x_wconf 52' lang='lat' dir='ltr'><strong>iu</strong></span> <span class='ocrx_word' id='word_1_901' title='bbox 1961 5389 2062 5463; x_wconf 59' lang='grc' dir='ltr'><strong>θεῷ</strong></span> <span class='ocrx_word' id='word_1_902' title='bbox 2080 5388 2214 5443; x_wconf 70' lang='grc' dir='ltr'><strong>ἔστιν</strong></span> <span class='ocrx_word' id='word_1_903' title='bbox 2235 5381 2524 5463; x_wconf 66' lang='grc' dir='ltr'><strong>ἑργασμέιια</strong></span> <span class='ocrx_word' id='word_1_904' title='bbox 2545 5381 2571 5463; x_wconf 67' lang='grc' dir='ltr'><strong>⁸ξ</strong></span> <span class='ocrx_word' id='word_1_905' title='bbox 2595 5385 2802 5463; x_wconf 59' lang='lat' dir='ltr'><strong>scilicet</strong></span> <span class='ocrx_word' id='word_1_906' title='bbox 2829 5383 2997 5463; x_wconf 57' lang='lat' dir='ltr'><strong>nimis</strong></span> <span class='ocrx_word' id='word_1_907' title='bbox 3022 5381 3277 5463; x_wconf 41' lang='lat' dir='ltr'><strong>relig‘itisc</strong></span> <span class='ocrx_word' id='word_1_908' title='bbox 3311 5381 3479 5463; x_wconf 47' lang='lat' dir='ltr'><strong>Verba</strong></span> 
     </span>
    </p>
   </div>
   <div class='ocr_carea' id='block_1_88' title="bbox 1889 5451 3475 5525">
    <p class='ocr_par' dir='ltr' id='par_1_88' title="bbox 1889 5451 3475 5525">
     <span class='ocr_line' id='line_1_89' title="bbox 1889 5451 3475 5525; baseline -0.001 -13"><span class='ocrx_word' id='word_1_909' title='bbox 1889 5451 2065 5512; x_wconf 66' lang='lat' dir='ltr'><strong>Graeci</strong></span> <span class='ocrx_word' id='word_1_910' title='bbox 2110 5451 2285 5512; x_wconf 63' lang='lat' dir='ltr'><strong>textus</strong></span> <span class='ocrx_word' id='word_1_911' title='bbox 2304 5451 2583 5525; x_wconf 72' lang='lat' dir='ltr'><strong>expressit</strong></span> <span class='ocrx_word' id='word_1_912' title='bbox 2613 5454 2845 5510; x_wconf 90' lang='lat' dir='ltr'><strong>Lucifer.</strong></span> <span class='ocrx_word' id='word_1_913' title='bbox 2874 5451 3311 5525; x_wconf 37' lang='lat' dir='ltr'><strong>Calland.‘Vers.</strong></span> <span class='ocrx_word' id='word_1_914' title='bbox 3343 5455 3475 5510; x_wconf 87' lang='lat' dir='ltr'><strong>Ant.</strong></span> 
     </span>
    </p>
   </div>
   <div class='ocr_carea' id='block_1_89' title="bbox 1894 5521 3478 5598">
    <p class='ocr_par' dir='ltr' id='par_1_89' title="bbox 1894 5521 3478 5598">
     <span class='ocr_line' id='line_1_90' title="bbox 1894 5521 3478 5598; baseline -0.001 -18"><span class='ocrx_word' id='word_1_915' title='bbox 1894 5528 1994 5598; x_wconf 80' lang='lat' dir='ltr'><strong>Qui</strong></span> <span class='ocrx_word' id='word_1_916' title='bbox 2025 5538 2198 5582; x_wconf 79' lang='lat' dir='ltr'><strong>autem</strong></span> <span class='ocrx_word' id='word_1_917' title='bbox 2231 5521 2424 5598; x_wconf 69' lang='lat' dir='ltr'><strong>facit...</strong></span> <span class='ocrx_word' id='word_1_918' title='bbox 2452 5526 2786 5598; x_wconf 10' lang='lat' dir='ltr'><strong>rad_lucem...</strong></span> <span class='ocrx_word' id='word_1_919' title='bbox 2809 5525 2943 5598; x_wconf 72' lang='lat' dir='ltr'><strong>quia</strong></span> <span class='ocrx_word' id='word_1_920' title='bbox 2959 5525 3012 5577; x_wconf 89' lang='lat' dir='ltr'><strong>in</strong></span> <span class='ocrx_word' id='word_1_921' title='bbox 3035 5521 3143 5576; x_wconf 88' lang='lat' dir='ltr'><strong>Deo</strong></span> <span class='ocrx_word' id='word_1_922' title='bbox 3167 5531 3286 5598; x_wconf 83' lang='lat' dir='ltr'><strong>sunt</strong></span> <span class='ocrx_word' id='word_1_923' title='bbox 3313 5527 3478 5593; x_wconf 83' lang='lat' dir='ltr'><strong>facta.</strong></span> 
     </span>
    </p>
   </div>
   <div class='ocr_carea' id='block_1_90' title="bbox 1968 5594 3479 5666">
    <p class='ocr_par' dir='ltr' id='par_1_90' title="bbox 1968 5594 3479 5666">
     <span class='ocr_line' id='line_1_91' title="bbox 1968 5594 3479 5666; baseline -0.002 -17"><span class='ocrx_word' id='word_1_924' title='bbox 1968 5597 1986 5637; x_wconf 82' lang='grc' dir='ltr'><strong>ι</strong></span> <span class='ocrx_word' id='word_1_925' title='bbox 2033 5598 2185 5654; x_wconf 80' lang='lat' dir='ltr'><strong>Vcrs.</strong></span> <span class='ocrx_word' id='word_1_926' title='bbox 2231 5594 2371 5651; x_wconf 69' lang='grc' dir='ltr'>λιιι.</span> <span class='ocrx_word' id='word_1_927' title='bbox 2424 5597 2467 5650; x_wconf 88' lang='grc' dir='ltr'><em>Α</em></span> <span class='ocrx_word' id='word_1_928' title='bbox 2518 5595 2624 5651; x_wconf 85' lang='lat' dir='ltr'><strong>Deo</strong></span> <span class='ocrx_word' id='word_1_929' title='bbox 2667 5615 2686 5653; x_wconf 88' lang='lat'><strong><em>:</em></strong></span> <span class='ocrx_word' id='word_1_930' title='bbox 2732 5594 2830 5666; x_wconf 75' lang='lat' dir='ltr'><strong>per</strong></span> <span class='ocrx_word' id='word_1_931' title='bbox 2869 5594 3479 5666; x_wconf 71' lang='lat' dir='ltr'><strong>fidena_...._ttolantatetn</strong></span> 
     </span>
    </p>
   </div>
   <div class='ocr_carea' id='block_1_91' title="bbox 1894 5663 3479 5738">
    <p class='ocr_par' dir='ltr' id='par_1_91' title="bbox 1894 5663 3479 5738">
     <span class='ocr_line' id='line_1_92' title="bbox 1894 5663 3479 5738; baseline -0.004 -14"><span class='ocrx_word' id='word_1_932' title='bbox 1894 5670 2119 5738; x_wconf 88' lang='lat' dir='ltr'><strong>(omisso</strong></span> <span class='ocrx_word' id='word_1_933' title='bbox 2166 5668 2470 5734; x_wconf 86' lang='lat' dir='ltr'><strong>bonam)....</strong></span> <span class='ocrx_word' id='word_1_934' title='bbox 2518 5668 2688 5725; x_wconf 87' lang='lat' dir='ltr'><strong>omnes</strong></span> <span class='ocrx_word' id='word_1_935' title='bbox 2734 5663 2824 5722; x_wconf 68' lang='lat' dir='ltr'><strong>eos</strong></span> <span class='ocrx_word' id='word_1_936' title='bbox 2867 5663 2972 5718; x_wconf 84' lang='lat' dir='ltr'><strong>etc.</strong></span> <span class='ocrx_word' id='word_1_937' title='bbox 3021 5663 3237 5738; x_wconf 79' lang='lat' dir='ltr'><strong>Lucifer</strong></span> <span class='ocrx_word' id='word_1_938' title='bbox 3281 5664 3334 5718; x_wconf 92' lang='lat' dir='ltr'><strong>in</strong></span> <span class='ocrx_word' id='word_1_939' title='bbox 3380 5664 3479 5719; x_wconf 91' lang='lat' dir='ltr'><strong>lib.</strong></span> 
     </span>
    </p>
   </div>
   <div class='ocr_carea' id='block_1_92' title="bbox 252 5734 3482 5815">
    <p class='ocr_par' dir='ltr' id='par_1_92' title="bbox 252 5734 3482 5815">
     <span class='ocr_line' id='line_1_93' title="bbox 252 5734 3482 5815; baseline -0.005 -12"><span class='ocrx_word' id='word_1_940' title='bbox 252 5758 282 5796; x_wconf 71' lang='grc' dir='ltr'><strong><em>κ</em></strong></span> <span class='ocrx_word' id='word_1_941' title='bbox 333 5747 490 5803; x_wconf 73' lang='lat' dir='ltr'><strong>Vers.</strong></span> <span class='ocrx_word' id='word_1_942' title='bbox 541 5748 669 5803; x_wconf 81' lang='lat' dir='ltr'><strong>Aut.</strong></span> <span class='ocrx_word' id='word_1_943' title='bbox 720 5745 822 5813; x_wconf 82' lang='lat' dir='ltr'><strong>Qui</strong></span> <span class='ocrx_word' id='word_1_944' title='bbox 857 5745 1021 5799; x_wconf 89' lang='lat' dir='ltr'><strong>credit</strong></span> <span class='ocrx_word' id='word_1_945' title='bbox 1051 5748 1100 5798; x_wconf 87' lang='lat' dir='ltr'><strong>in</strong></span> <span class='ocrx_word' id='word_1_946' title='bbox 1142 5747 1276 5815; x_wconf 88' lang='lat' dir='ltr'><strong>ipso.</strong></span> <span class='ocrx_word' id='word_1_947' title='bbox 1323 5759 1424 5815; x_wconf 76' lang='lat' dir='ltr'><strong>non</strong></span> <span class='ocrx_word' id='word_1_948' title='bbox 1472 5752 1667 5815; x_wconf 80' lang='lat' dir='ltr'><strong>pereat,</strong></span> <span class='ocrx_word' id='word_1_949' title='bbox 1699 5739 1789 5796; x_wconf 88' lang='lat' dir='ltr'><strong>sed</strong></span> <span class='ocrx_word' id='word_1_950' title='bbox 1896 5734 2050 5815; x_wconf 42' lang='lat' dir='ltr'><strong>illum</strong></span> <span class='ocrx_word' id='word_1_951' title='bbox 2081 5757 2176 5805; x_wconf 82' lang='lat' dir='ltr'><strong>pro</strong></span> <span class='ocrx_word' id='word_1_952' title='bbox 2220 5740 2311 5793; x_wconf 88' lang='lat' dir='ltr'><strong>Dei</strong></span> <span class='ocrx_word' id='word_1_953' title='bbox 2349 5738 2452 5793; x_wconf 86' lang='lat' dir='ltr'><strong>Fil.</strong></span> <span class='ocrx_word' id='word_1_954' title='bbox 2487 5738 2651 5815; x_wconf 61' lang='lat' dir='ltr'><strong>Potiti</strong></span> <span class='ocrx_word' id='word_1_955' title='bbox 2678 5741 3004 5815; x_wconf 87' lang='lat' dir='ltr'><strong>in_corpore,</strong></span> <span class='ocrx_word' id='word_1_956' title='bbox 3033 5734 3420 5815; x_wconf 67' lang='lat' dir='ltr'><strong>peregi-ineatur</strong></span> <span class='ocrx_word' id='word_1_957' title='bbox 3447 5748 3482 5788; x_wconf 87' lang='grc' dir='ltr'><strong>α.</strong></span> 
     </span>
    </p>
   </div>
   <div class='ocr_carea' id='block_1_93' title="bbox 163 5805 3482 5889">
    <p class='ocr_par' dir='ltr' id='par_1_93' title="bbox 163 5805 3482 5889">
     <span class='ocr_line' id='line_1_94' title="bbox 163 5805 3482 5889; baseline -0.003 -18"><span class='ocrx_word' id='word_1_958' title='bbox 163 5821 399 5882; x_wconf 76' lang='lat' dir='ltr'><strong>habeat,</strong></span> <span class='ocrx_word' id='word_1_959' title='bbox 455 5829 565 5875; x_wconf 85' lang='lat' dir='ltr'><strong>etc.</strong></span> <span class='ocrx_word' id='word_1_960' title='bbox 623 5805 841 5875; x_wconf 66' lang='lat' dir='ltr'><strong>Lucifer</strong></span> <span class='ocrx_word' id='word_1_961' title='bbox 892 5805 1323 5871; x_wconf 64' lang='lat' dir='ltr'><strong>convenit&#39;cum</strong></span> <span class='ocrx_word' id='word_1_962' title='bbox 1377 5805 1539 5889; x_wconf 78' lang='lat' dir='ltr'><strong>Cypr.</strong></span> <span class='ocrx_word' id='word_1_963' title='bbox 1593 5805 1692 5869; x_wconf 90' lang='lat' dir='ltr'><strong>lib.</strong></span> <span class='ocrx_word' id='word_1_964' title='bbox 1751 5825 1788 5867; x_wconf 89' lang='grc' dir='ltr'><strong>ιι</strong></span> <span class='ocrx_word' id='word_1_965' title='bbox 1900 5810 2383 5875; x_wconf 85' lang='lat' dir='ltr'><strong>Domino,sensum</strong></span> <span class='ocrx_word' id='word_1_966' title='bbox 2413 5811 2589 5880; x_wconf 90' lang='lat' dir='ltr'><strong>potius</strong></span> <span class='ocrx_word' id='word_1_967' title='bbox 2610 5811 2939 5881; x_wconf 79' lang='lat' dir='ltr'><strong>exprimens,</strong></span> <span class='ocrx_word' id='word_1_968' title='bbox 2962 5807 3265 5876; x_wconf 86' lang='lat' dir='ltr'><strong>quamipsa</strong></span> <span class='ocrx_word' id='word_1_969' title='bbox 3292 5805 3482 5860; x_wconf 80' lang='lat' dir='ltr'><strong>verba.</strong></span> 
     </span>
    </p>
   </div>
   <div class='ocr_carea' id='block_1_94' title="bbox 163 5890 423 5955">
    <p class='ocr_par' dir='ltr' id='par_1_94' title="bbox 163 5890 423 5955">
     <span class='ocr_line' id='line_1_95' title="bbox 163 5890 423 5955; baseline -0.038 0"><span class='ocrx_word' id='word_1_970' title='bbox 163 5890 423 5955; x_wconf 78' lang='lat' dir='ltr'><strong>Testim.</strong></span> 
     </span>
    </p>
   </div>
  </div>
