3854 6390
130 408 239 470 Θὶι

1227 411 1365 469 PRO
1402 410 1679 471 SANCTO
1717 408 2114 467 ATHANASIO
2152 410 2284 467 LIB.
2326 410 2393 467 Il.

3360 413 3471 470 99.2

131 545 257 588 mas
301 548 410 589 non
454 542 510 592 te
534 548 656 592 esse
705 535 874 590 lilium
922 536 1201 591 mendacis
1222 575 1237 599 .
1287 543 1344 589 et
1387 533 1558 590 audes
1605 532 1750 588 ﬁlius
1776 534 1823 594 Α
1855 545 1981 586 suos
2014 530 2159 586 Deus
2185 545 2375 587 servos
2404 543 2653 602 pastores
2677 546 2802 589 esse
2832 532 3006 588 voluit
3034 546 3197 602 supra
3223 547 3471 606 gregem,

131 629 419 685 mendacis
451 636 709 687 resistere
743 631 1029 687 veracilius
1060 633 1217 687 fallas
1249 630 1459 683 Domini
1493 629 1750 684 Sacerdo-

132 722 317 778 tibus?
342 725 643 795 sacrilegus
675 736 729 778 tu
770 726 964 789 audes,
1015 742 1176 795 quem
1221 724 1569 778 atlvertatuus
1622 736 1747 776 esse

128 816 407 873 latronem
432 832 597 888 atque
620 817 793 873 forem
821 820 995 881 illum,
1015 834 1176 888 quem
1204 816 1609 885 prmosteuderii
1636 817 1745 871 Do-

127 912 318 966 minus
346 911 537 967 dicens
566 928 578 965 :
612 913 792 969 Amen.
824 930 974 967 amen
988 915 1103 966 dico
1120 913 1256 965 vobis
1282 921 1329 976 ιι,
1354 914 1439 980 qui
1463 928 1564 963 nou
1586 912 1745 963 intrat

126 1021 226 1076 per
253 1005 471 1075 ianuam
504 1006 558 1059 in
586 1006 718 1060 ovile
756 1010 949 1071 ouium,
982 1009 1071 1060 sed
1099 1007 1184 1075 qui
1208 1007 1439 1059 ascendit
1464 1021 1555 1074 per
1585 1004 1745 1056 aliam

124 1111 359 1169 partem,
382 1100 472 1153 ille
501 1100 589 1167 fur
612 1113 683 1153 est
704 1114 751 1154 et
774 1102 911 1155 latro
932 1100 1267 1170 (Joan.x,l).
1300 1100 1599 1154 Porrexisti
1624 1100 1745 1168 qui-

121 1192 256 1248 dem
282 1209 475 1246 manus
510 1194 575 1247 ad
600 1194 800 1248 Christi
838 1212 970 1248 oves
997 1194 1321 1248 auticltristo
1349 1193 1739 1256 vindiCandas;

122 1288 226 1344 sed
263 1300 315 1340 ιιι
346 1303 408 1342 es
434 1288 651 1359 agnitus
675 1289 761 1343 lor
789 1304 952 1359 atque
978 1295 1137 1356 latro,
1162 1305 1221 1345 es
1244 1294 1439 1343 vitatus
1468 1304 1633 1360 atque
1660 1306 1743 1343 re-

115 1382 325 1454 iectus.
346 1381 453 1437 Cur
471 1393 523 1439 te
548 1387 1081 1455 VCI'CUllsat‘l'lintllll
1100 1396 1249 1439 tuum
1268 1386 1562 1456 Georgium
1585 1385 1609 1422 ιι
1635 1400 1740 1439 non

119 1486 257 1531 sunt
283 1486 485 1533 secuto
513 1495 644 1532 oves
665 1480 797 1534 Dei?
826 1480 934 1534 Cur
967 1480 1143 1545 illuut,
1162 1496 1323 1547 quem
1354 1496 1473 1534 esse
1497 1481 1743 1534 Alexano

116 1568 415 1625 driuorutn
438 1570 737 1625 fortissime
761 1588 819 1626 es
842 1574 1032 1627 tiOiClh
1058 1575 1395 1641 ιινὶδριιιιιιιη,
1412 1574 1742 1643 sequuntur?

117 1668 234 1722 nisi
278 1670 407 1738 quia
451 1670 603 1724 illum
650 1673 869 1733 quidem
924 1672 1226 1725 instituerit
1272 1672 1376 1725 illis
1423 1675 1739 1737 episcopum

116 1762 274 1818 Deus
297 1804 312 1827 .
345 1772 399 1817 te
427 1780 558 1816 vero
583 1774 746 1831 atque
776 1765 1069 1833 Georgium
1115 1766 1181 1819 ad
1232 1768 1543 1818 mactandas
1578 1775 1632 1818 ut
1666 1766 1741 1818 la-

115 1865 318 1912 trones
354 1867 408 1913 et
457 1857 606 1912 fures
656 1861 945 1912 illlllllSt'l‘tl
994 1859 1263 1912 didiolus.
1304 1860 1405 1923 Qui
1450 1864 1609 1912 intrat
1652 1878 1742 1928 per

1852 633 1906 679 ut
1940 636 1991 681 te
2017 640 2082 679 ac
2106 638 2226 681 tuos
2246 638 2648 697 cognoscentes
2681 627 2922 683 latrones
2947 644 3071 684 esse
3099 644 3161 683 ac
3184 630 3335 685 fures
3360 629 3478 698 pel-

1849 720 2043 774 lerunt.
2070 721 2177 775 Sed
2204 732 2259 775 tu
2287 721 2487 776 idcirco
2515 734 2567 777 te
2596 738 2663 777 ac
2692 731 2836 787 tuos,
2867 722 3041 792 pulsis
3064 721 3225 776 nobis
3259 722 3351 777 Dei
3386 739 3477 779 or-

1849 814 2298 884 dinatisjudicio,
2344 832 2580 886 praeesse
2627 816 2782 887 gregi
2829 817 3115 871 dominico
3165 817 3469 884 censuisti,

1846 924 1955 980 quo
1979 910 2157 977 pOssis
2181 910 2350 964 libere
2380 910 2433 964 in
2464 910 2555 964 Dei
2579 911 2818 979 grassari
2848 926 3089 981 gregem.
3123 912 3255 965 Cum
3279 911 3355 966 sis
3388 920 3472 963 ta-

1846 1005 1935 1069 lis,
1968 1004 2155 1059 mirari
2202 1022 2307 1059 non
2358 1005 2665 1075 poterimus
2706 1006 2835 1076 quia
2877 1005 3087 1061 dixeris
3127 1005 3466 1075 puniendum

1845 1100 2133 1153 absentem
2158 1098 2254 1152 Dei
2286 1103 2577 1154 cultorem.
2612 1097 2802 1170 Neque
2834 1099 2981 1153 enim
3015 1098 3256 1155 retinere
3279 1110 3471 1167 potue-

1846 1206 1935 1246 ras
1960 1191 2162 1246 dixisse
2197 1193 2486 1247 Dominum
2520 1210 2532 1245 :
2570 1192 2631 1247 Si
2670 1192 2889 1264 diligitis
2929 1208 3011 1247 me
3032 1235 3044 1255 ,
3069 1192 3317 1247 mandata
3349 1206 3464 1247 mea

1844 1298 2037 1341 servate
2061 1286 2083 1324 ¹ί
2112 1305 2130 1341 .·
2162 1299 2209 1341 et
2234 1305 2325 1360 ego
2364 1288 2560 1361 rogabo
2606 1286 2841 1354 Patrem,
2881 1299 2929 1342 et
2968 1289 3128 1343 alium
3153 1288 3464 1343 advocatum

1846 1382 1987 1435 dabit
2017 1382 2178 1444 vobis,
2213 1394 2267 1435 ut
2297 1384 2558 1436 vobiscum
2589 1383 2656 1436 sit
2684 1385 2738 1435 in
2763 1394 3013 1436 a’ternum
3036 1383 3249 1454 spiritus
3275 1382 3466 1437 verita-

1844 1480 1928 1539 tis,
1962 1493 2112 1544 quem
2156 1478 2379 1531 mundus
2406 1493 2509 1530 non
2540 1486 2707 1545 potest
2750 1477 3020 1545 accipere,
3068 1477 3311 1546 quoniam
3359 1492 3462 1530 non

1846 1572 1979 1626 videt
2007 1574 2156 1626 illum
2184 1590 2275 1625 nec
2304 1574 2562 1643 agnoscit;
2593 1588 2681 1626 vos
2706 1573 2996 1644 agnoscitis
3022 1588 3136 1628 eum
3155 1615 3169 1636 ,
3214 1572 3461 1643 quoniam

1847 1668 2097 1720 vobiscum
2152 1677 2324 1720 manet
2365 1678 2412 1719 et
2463 1668 2515 1720 in
2554 1667 2697 1720 vobis
2729 1676 2803 1719 est
2833 1665 3008 1731 (Ibid.
3043 1681 3157 1734 xw,
3190 1664 3316 1737 15).
3350 1664 3458 1721 Sed

1846 1761 1950 1826 dic,
1986 1776 2080 1813 oro
2114 1772 2186 1826 te,
2213 1761 2489 1832 quomodo
2523 1760 2694 1829 possit
2726 1760 2777 1814 itt
2812 1759 2971 1814 nobis
3004 1759 3254 1815 habitare
3282 1759 3459 1829 Spiri-

1847 1864 1931 1906 ius
1955 1862 2171 1905 sanctus
2203 1854 2515 1921 paraclitus,
2545 1852 2589 1907 si
2625 1862 2775 1906 tuam
2805 1851 2890 1907 vel
2922 1852 3091 1922 patris
3119 1851 3197 1906 tui
3229 1851 3456 1908 fecisse-

105 1954 363 2025 junuam,
400 1952 593 2019 inquii.
641 1970 819 2023 pastor
843 1964 916 2006 est
949 1956 1119 2006 ovium
1146 1972 1163 2008 :
1193 1956 1313 2007 huic
1342 1956 1583 2008 ostiarius
1610 1973 1733 2022 αρε-
1768 1952 1812 2010 Β
1842 1962 1960 2000 tuus
1991 1946 2361 1999 voluntatem?
2387 1945 2526 1999 Infra
2554 1947 2741 2011 etiam,
2769 1944 2873 2013 Qui
2898 1945 3067 2012 audit,
3097 1945 3293 2016 inquit,
3321 1961 3461 2017 prte-

114 2044 215 2103 rit.
249 2056 303 2123 et
340 2060 456 2097 ot'es
496 2045 717 2098 audiunt
745 2062 917 2097 vocem
942 2050 1086 2117 ejus,
1120 2057 1164 2099 et
1196 2064 1315 2100 suas
1341 2066 1453 2103 oves
1482 2058 1627 2100 vocat
1650 2065 1741 2100 no-

116 2139 385 2198 minatim.
410 2148 460 2190 et
476 2139 644 2191 educit
669 2140 813 2199 illas;
834 2150 881 2191 et
909 2157 1026 2192 cum
1048 2158 1168 2193 suas
1186 2159 1359 2194 omnes
1384 2144 1610 2212 ejecerit.
1627 2144 1693 2193 ttd
1715 2154 1734 2179 ε

114 2228 249 2283 illas
272 2230 434 2292 vadit,
460 2240 508 2283 et
554 2247 670 2285 ores
713 2248 829 2284 eum
850 2244 1155 2299 sequuntur,
1187 2236 1309 2303 quia
1332 2245 1585 2288 noverunt
1612 2232 1635 2271 ἀ
1660 2251 1739 2287 co-

117 2339 234 2378 cem
266 2327 409 2397 ejus;
439 2326 657 2377 alterum
699 2342 799 2379 non
831 2339 1139 2394 sequuntur,
1168 2333 1257 2380 sed
1298 2328 1502 2399 fugiunt
1532 2328 1592 2379 ab
1624 2328 1737 2391 illo,

114 2418 250 2485 qnia
280 2420 513 2470 nesciunt
538 2421 652 2490 ejus
680 2434 851 2471 uocem
881 2416 1025 2488 (Ibid
1080 2418 1160 2488 2).
1194 2419 1326 2487 Quia
1365 2421 1523 2488 igitur
1551 2430 1604 2472 tu
1634 2436 1738 2471 nou

118 2508 428 2565 intraveris
458 2526 553 2581 per
580 2514 801 2579 jauuatn
837 2516 888 2565 iu
942 2514 1252 2567 εςειυρὶειιιι.
1290 2515 1425 2567 latro
1460 2531 1584 2567 esse
1610 2530 1742 2567 eou-

116 2603 361 2674 δρία-θείς
394 2616 559 2673 atque
592 2606 675 2658 lnr
705 2622 718 2659 :
747 2622 851 2660 uon
884 2608 1028 2660 enim
1050 2607 1192 2660 nosti
1224 2607 1316 2660 Dei
1347 2608 1541 2661 l-‘tlium
1574 2620 1627 2660 ιιι
1661 2608 1740 2661 di-

116 2704 293 2750 caste
320 2696 553 2750 intrasse
584 2712 681 2766 pt-r
702 2697 917 2767 i-tnuatu
953 2716 964 2752 :
997 2700 1264 2767 Siquidem
1300 2700 1389 2753 ille
1410 2716 1507 2755 eos
1533 2701 1742 2755 diceret

119 2797 185 2842 et
207 2788 359 2841 fures
388 2798 442 2841 et
467 2791 729 2846 latrones.
750 2794 874 2860 quia
905 2801 960 2845 et
993 2801 1123 2845 tunc
1150 2808 1253 2843 uno
1286 2797 1508 2847 luerunt
1540 2795 1590 2846 in
1623 2794 1741 2863 ejus

119 2881 478 2937 cletuentiam
514 2885 754 2937 divinam
788 2886 1110 2943 credentes.
1146 2902 1245 2940 nec
1271 2888 1530 2954 deinceps
1554 2898 1743 2943 essent

120 2976 422 3041 credituri,
456 2990 510 3033 et
545 2981 703 3033 aliter
737 2982 970 3036 inissent
1008 2984 1231 3036 erudire
1264 2999 1396 3037 oves
1438 2984 1589 3038 illius
1623 2996 1740 3039 ten—

121 3072 322 3125 tatm-i.
354 3070 518 3141 Igitur
539 3088 662 3127 cum
692 3090 745 3127 tn
780 3074 903 3129 hinc
930 3086 951 3111 ε
976 3076 1278 3129 duetrioam
1308 3093 1571 3147 spargens
1599 3079 1740 3131 insa-

119 3178 254 3218 natn
282 3165 392 3228 sis,
423 3166 564 3234 quod
595 3168 738 3219 enim
769 3184 875 3220 non
922 3172 973 3222 ιιι
1017 3186 1140 3224 eum
1185 3170 1521 3234 credideris,
1555 3174 1739 3239 utique

117 3272 250 3314 esse
278 3258 420 3313 latro
445 3260 536 3315 ille
562 3273 725 3332 atque
748 3262 855 3326 fur,
888 3264 979 3331 qui
1006 3265 1113 3330 jam
1141 3277 1266 3319 tunc
1300 3267 1740 3332 prrenSIendeba-

1845 2058 1993 2113 cepta
2021 2042 2034 2080 ¹
2072 2062 2211 2106 mea,
2250 2054 2297 2096 et
2320 2044 2537 2097 custodit
2566 2053 2603 2079 ω
2629 2043 2753 2106 illa,
2785 2042 2874 2096 ille
2906 2052 2980 2096 est
3017 2042 3108 2111 qui
3149 2059 3229 2096 nte
3260 2042 3453 2114 diligit.

1848 2139 1949 2205 Qui
1980 2149 2147 2191 autem
2176 2154 2257 2189 me
2283 2136 2475 2207 diligit,
2507 2136 2753 2207 diligetur
2782 2152 2814 2189 a
2836 2134 2996 2188 Patre
3025 2151 3159 2199 meo,
3188 2144 3235 2187 et
3258 2150 3349 2205 ego
3378 2135 3461 2189 di-

1846 2232 2190 2301 ligamillunt,
2231 2241 2279 2284 et
2307 2231 2571 2285 ostendam
2602 2229 2683 2283 illi
2723 2229 3000 2296 nteipsum.
3034 2228 3117 2280 Ait
3157 2227 3237 2280 illi
3280 2224 3453 2282 ludas

1845 2342 1947 2379 non
1978 2324 2218 2380 Scarioth
2242 2334 2268 2361 ιι
2302 2341 2320 2377 :
2351 2324 2570 2377 Domine
2594 2323 2720 2393 quid
2750 2325 2947 2393 {actum
2973 2330 3048 2374 est
3068 2361 3082 2383 .
3110 2320 3250 2390 quod
3279 2322 3452 2375 mani-

1846 2422 2003 2489 festas
2030 2430 2076 2470 te
2104 2419 2266 2482 nobis,
2298 2427 2346 2470 et
2370 2435 2468 2470 nou
2499 2417 2620 2469 huic
2648 2416 2883 2469 mundo?
2912 2414 3195 2486 Respondit
3226 2411 3383 2468 Iesus
3404 2424 3456 2469 et

1844 2513 1977 2567 dixit
2003 2514 2079 2566 illi
2110 2529 2128 2566 :
2158 2514 2216 2567 Si
2254 2513 2369 2581 quis
2396 2528 2478 2563 me
2518 2510 2724 2581 diligit,
2758 2524 3046 2563 sermonem
3082 2522 3253 2560 meum
3278 2518 3452 2561 custo-

1844 2609 1969 2675 diet,
1995 2619 2042 2661 et
2075 2607 2235 2661 Pater
2255 2624 2395 2662 meus
2419 2607 2594 2677 diliget
2618 2606 2791 2670 illum,
2815 2615 2865 2657 et
2894 2602 2963 2655 ad
2991 2601 3143 2655 illum
3168 2602 3451 2668 veniemus,

1844 2717 1889 2759 et
1921 2706 2061 2775 apud
2090 2723 2200 2758 cunt
2228 2707 2568 2758 m'tnebimus.
2597 2704 2700 2768 Qui
2728 2721 2829 2756 non
2857 2719 2936 2755 nte
2966 2701 3159 2771 diligit.
3189 2716 3450 2755 sermones

1845 2816 1979 2851 meos
2032 2816 2133 2851 non
2172 2798 2393 2850 custodit
2438 2796 2630 2863 (Ibid,
2670 2794 2786 2865 21).
2823 2795 2898 2848 lix
2948 2793 3033 2847 his
3073 2792 3285 2846 Domini
3322 2810 3448 2861 pro-

1846 2892 2306 2952 nuntiationilms.
2337 2906 2496 2961 quam
2531 2891 2780 2943 inimicus
2810 2899 2993 2941 noster
3017 2887 3325 2952 exstiteris,
3361 2903 3457 2955 po-

1847 2998 1950 3043 test
1979 2988 2174 3053 c0nitci
2204 3005 2215 3039 :
2249 2986 2351 3051 Qui
2377 2986 2524 3039 audit
2566 2987 2815 3038 mandata
2853 3001 2964 3037 mea
2990 2992 3037 3037 et
3067 2983 3291 3037 custodit
3320 2984 3450 3050 illa,

1842 3081 1933 3134 ille
1955 3092 2029 3133 est
2059 3081 2145 3150 qui
2176 3096 2254 3131 me
2281 3080 2451 3150 diligit
2483 3077 2705 3149 (lbid.).
2736 3075 3024 3143 Quomodo
3057 3076 3316 3129 dilexisse
3350 3090 3451 3130 nos

1843 3190 1965 3229 eum
1998 3174 2457 3237 monstrabatuus,
2487 3172 2554 3237 si,
2587 3180 2645 3225 ut
2676 3182 2753 3235 tu,
2781 3170 3032 3223 mandata
3063 3168 3182 3237 ejus
3208 3169 3452 3223 calcare-

1845 3269 1989 3322 mus?
2016 3268 2231 3322 ealcans
2261 3284 2319 3321 es
2347 3268 2547 3321 etenim
2578 3264 2848 3319 dominica
2893 3264 3175 3329 mandata;
3219 3279 3453 3343 ctnuque

118 3353 225 3415 ris.
248 3371 313 3407 es
341 3353 672 3421 blasphemis
700 3354 717 3392 τ
749 3356 852 3409 tuis
873 3356 1317 3413 manilosti~situe
1339 3360 1732 3428 comprobaris.
1766 3354 1811 3415 C
1844 3363 1933 3417 ille
1954 3363 2161 3416 servari
2184 3362 2457 3423 sanxerit,
2476 3370 2527 3413 tu
2553 3375 2656 3413 non
2682 3367 2887 3412 tantum
2915 3374 3021 3410 non
3044 3372 3163 3411 esSe
3183 3356 3452 3410 servanda

117 3444 282 3511 Quod
315 3444 388 3498 ita
420 3460 544 3500 esse
592 3448 787 3516 prohat
828 3451 1111 3517 sequentia
1156 3460 1179 3497 ε
1224 3452 1685 3520 pronuntiationis
1720 3470 1733 3507 :

116 3540 200 3593 ait
230 3538 299 3592 ad
326 3540 450 3593 illos
477 3539 638 3593 Jesus
666 3559 677 3592 :
710 3542 890 3603 Amen,
921 3560 1069 3595 auten
1094 3544 1236 3596 dicos
1265 3545 1424 3609 vobis,
1454 3562 1546 3614 ego
1568 3543 1595 3580 δ
1624 3562 1735 3599 sum

104 3632 288 3702 jauua
320 3634 507 3686 ovium.
540 3630 731 3687 Omnes
760 3635 1066 3703 quicumque
1092 3648 1333 3691 venerunt
1360 3648 1479 3690 ante
1512 3637 1525 3673 ί
1560 3655 1655 3701 mc,
1687 3646 1736 3691 et

114 3728 269 3795 fures
291 3735 408 3778 sunt
435 3736 480 3779 et
508 3726 757 3789 latrones,
777 3728 867 3781 sed
892 3746 991 3781 non
1017 3731 1292 3782 audierunt
1316 3732 1432 3783 illos
1456 3747 1590 3783 oves.
1619 3731 1732 3799 Ego

112 3834 238 3872 sum
254 3822 428 3889 janua
458 3820 472 3868 l
498 3834 512 3883 ;
542 3821 586 3871 si
624 3822 738 3887 quis
770 3838 861 3887 per
892 3840 969 3874 me
994 3823 1293 3887 intraverit,
1324 3824 1495 3877 salvus
1524 3827 1649 3888 erit,
1680 3834 1729 3877 et

112 3911 351 3971 intrabit,
374 3920 420 3963 et
440 3928 631 3981 pascua
658 3913 903 3977 int'eniet;
934 3918 1018 3980 {ur
1047 3932 1145 3967 non
1176 3918 1329 3979 venit,
1360 3918 1458 3969 nisi
1502 3928 1555 3968 ut
1588 3921 1726 3988 fure-

113 4012 204 4057 tttr
232 3997 402 4066 (Ibid.
456 4001 535 4072 7).
567 4000 612 4056 Ο
664 4015 719 4055 ιιι
765 4006 949 4072 itaque
995 4004 1099 4069 fur,
1134 4008 1222 4074 qui
1264 4007 1329 4061 ad
1363 4007 1465 4061 hoc
1498 4010 1730 4064 intrasse

112 4094 218 4149 Dei
246 4096 541 4149 inventaris
563 4098 725 4159 ovile.
752 4108 809 4152 ut
838 4098 1086 4154 videlicet
1116 4101 1311 4155 fuisses
1339 4104 1542 4156 Iuratus
1572 4115 1624 4158 et
1653 4105 1734 4158 in-

113 4192 422 4255 terliceres,
448 4208 550 4261 qua
582 4194 762 4247 adhuc
791 4211 922 4249 VOCt2
953 4199 1155 4264 poteris
1186 4198 1368 4251 dicere
1394 4215 1405 4249 :
1443 4197 1604 4252 Debrt
1626 4217 1726 4252 non

109 4298 228 4337 esse
254 4285 519 4356 episcopus
546 4287 857 4341 Athanasius
904 4292 1400 4357 Alexandrinorum,
1443 4293 1533 4346 sed
1564 4292 1728 4348 Geor-

108 4378 256 4448 gius.
281 4379 500 4447 quaudo
527 4381 709 4433 videas
734 4393 784 4435 te
815 4382 1131 4450 Georgium,
1166 4389 1245 4439 vel
1280 4398 1506 4440 etutctos
1537 4402 1727 4441 consa-

110 4474 353 4543 crilchs
374 4482 587 4528 vestros
610 4490 714 4527 non
749 4490 870 4528 esse
892 4476 1038 4529 ttItUd
1070 4478 1171 4531 nisi
1205 4480 1349 4532 lures
1378 4493 1441 4533 ac
1462 4479 1728 4534 iilll'OllC‘a?

1848 3458 2092 3517 mandes,
2117 3458 2209 3510 sed
2234 3466 2289 3510 et
2313 3456 2484 3525 ipsum
2510 3455 2693 3524 negari
2721 3454 3035 3521 principias:
3060 3462 3147 3504 aut
3173 3451 3449 3521 quomodo

1843 3569 1930 3607 me
1964 3554 2123 3607 Pater
2146 3554 2333 3622 ipsius,
2366 3561 2646 3621 pmpterea
2670 3549 2810 3620 quod
2838 3549 3169 3601 servaverint
3195 3547 3452 3600 mandata

1842 3646 1959 3699 Filii
2007 3649 2153 3710 ejus,
2184 3661 2366 3699 amare
2414 3645 2641 3713 poterit,
2676 3645 2719 3696 si
2764 3643 3017 3697 damnent
3065 3642 3451 3696 innocentem?

1843 3739 1977 3791 Dicit
2012 3738 2178 3792 Filius
2210 3739 2301 3792 Dei
2334 3755 2345 3790 :
2376 3738 2439 3791 Si
2478 3739 2591 3804 quis
2628 3754 2706 3789 nte
2735 3737 2935 3806 diligit,
2964 3751 3246 3788 sermonem
3276 3751 3444 3787 meum

1836 3832 2116 3895 custodiet,
2149 3840 2195 3884 et
2233 3830 2386 3884 Pater
2412 3847 2554 3883 meus
2593 3830 2768 3899 diliget
2799 3829 2977 3887 illum,
3019 3837 3064 3878 et
3096 3827 3162 3879 ttd
3186 3826 3333 3879 illum
3364 3842 3447 3879 tte-

1838 3926 2064 3990 niemus,
2096 3936 2142 3977 et
2183 3923 2324 3993 apud
2365 3924 2514 3976 illum
2560 3922 2875 3974 manebimus
2909 3918 3076 3991 (Ibid.
3108 3918 3245 3989 25):
3289 3928 3345 3973 et
3389 3929 3444 3973 ιιι

1836 4017 1996 4082 dicis,
2027 4033 2148 4071 esea
2196 4015 2335 4086 ignis
2366 4026 2606 4083 apostuta
2631 4057 2645 4075 ,
2677 4013 2933 4067 Damnate
2958 4023 3296 4065 innocentem.
3328 4011 3449 4080 Quo

1835 4125 2034 4179 genere
2061 4109 2153 4163 Dei
2186 4110 2414 4177 dtligere
2440 4108 2638 4160 inventi
2671 4105 2962 4159 fuissmnus
2994 4103 3216 4165 Filium,
3245 4117 3449 4179 8100ηῄ-

1836 4212 1914 4255 tra
1947 4202 2196 4253 mandata
2228 4202 2397 4269 ipsius
2425 4201 2800 4268 jugulat-emus
2829 4199 3005 4251 virum
3034 4198 3275 4266 justum?
3301 4177 3445 4263 Quo;

1835 4293 1997 4346 modo
2024 4292 2138 4347 ﬁeri
2168 4303 2378 4361 poterat
2404 4304 2455 4345 nl
2491 4294 2739 4361 diligeret
2767 4306 2864 4345 ιιος
2891 4290 3077 4353 Pater,
3109 4302 3159 4343 et
3192 4290 3448 4348 venirent

1837 4390 1995 4442 Pater
2016 4399 2071 4443 et
2094 4388 2283 4453 Filius,
2304 4400 2359 4443 et
2384 4388 2675 4442 mansitare
2695 4387 2901 4455 dignati
2929 4386 3155 4440 fuissent
3182 4388 3232 4439 in
3263 4387 3441 4452 nobis,

1833 4484 1879 4537 si
1914 4484 2282 4537 rescindeutes
2311 4483 2522 4536 Duuini
2568 4481 2818 4534 mandata
2842 4521 2856 4541 .
2894 4492 2977 4532 qu
3013 4480 3265 4551 Sacrilegi
3299 4496 3442 4551 prin-

192 4647 219 4676 ι
250 4638 412 4715 γει-ε.
449 4640 578 4693 Ant.
613 4639 775 4692 Amen
802 4639 1011 4691 dico....
1042 4639 1095 4692 in
1118 4649 1401 4693 cortent....
1437 4642 1527 4692 sed
1554 4658 1731 4695 asceu-
1757 4646 1811 4705 D
1836 4641 1961 4697 Cum
1993 4656 2159 4698 autem
2190 4662 2400 4699 πει...
2424 4643 2750 4715 produxerit,
2780 4652 2898 4694 ante
2928 4642 3046 4694 illas
3070 4640 3234 4693 vadet.
3261 4641 3437 4696 Crzrc.

110 4712 171 4765 di
225 4710 335 4764 alia
372 4725 539 4781 parte.

188 4781 217 4821 δ
250 4789 605 4850 Quantopere
644 4798 671 4833 τι
700 4782 919 4848 Georgii
951 4784 1335 4835 communione
1365 4783 1729 4837 althorrcrent

109 4854 504 4916 Alrxztntlrtnt,
528 4857 630 4921 ipsi
659 4865 929 4908 tt'stnlttur
960 4856 1011 4907 ἱιι
1049 4855 1229 4907 liliello
1259 4855 1418 4921 paulo
1448 4867 1575 4909 ante
1617 4872 1726 4907 mu-

111 4933 338 4979 ntorato
372 4942 381 4972 :
416 4923 476 4978 Si
506 4926 726 4977 edictum
757 4928 1005 4991 principis
1032 4938 1128 4983 est.
1152 4938 1207 4978 ut
1238 4928 1289 4978 in
1320 4944 1412 4978 nos
1444 4930 1726 4997 persecutio

110 4997 284 5065 ﬁeret.
320 4998 487 5057 parati
514 5012 689 5048 sumus
711 5013 886 5050 omnes
913 5003 980 5049 att
1005 5001 1306 5067 martyrium
1332 4999 1723 5053 subeundum...

110 5068 578 5127 obsecrantusque.
614 5078 665 5118 ut
705 5068 1056 5128 oblitteumus,
1093 5086 1152 5120 ne
1191 5070 1299 5121 illis
1342 5071 1557 5121 liberum
1602 5071 1721 5133 ﬁat,

111 5141 279 5192 alium
304 5137 622 5209 Episcopum
639 5139 986 5202 introducere;
1004 5141 1143 5207 quod
1167 5159 1228 5193 ne
1249 5142 1392 5209 ﬁeret
1422 5144 1725 5205 restitimus,

111 5211 463 5263 Athamtsinm
503 5212 977 5263 ret'erendissimum
1010 5213 1379 5275 desiderantes,
1410 5230 1559 5277 quem
1591 5212 1728 5266 Deus

110 5288 178 5334 ab
208 5280 361 5334 initio
408 5283 555 5333 nobis
599 5284 741 5336 dedit
780 5286 1062 5353 rectmdum
1110 5287 1481 5335 successionem
1524 5294 1727 5353 patrum

111 5363 433 5415 nostrorum,
464 5370 612 5419 quem
656 5357 767 5423 ipse
802 5351 1131 5407 Constantius
1165 5351 1588 5422 re‘igiOsissimus
1620 5355 1728 5408 Au-

110 5436 299 5496 gustus
326 5440 443 5475 cum
471 5425 657 5477 litteris
678 5426 1087 5494 juramentisqu'
1116 5426 1214 5477 huc
1244 5426 1401 5478 misit.
1433 5427 1566 5490 ρυςυ
1597 5441 1727 5478 ννιό

111 5495 410 5549 consecmn
443 5507 562 5547 Sunt
583 5535 598 5556 ,
630 5499 843 5559 civiles,
872 5496 1095 5558 C\§lila,
1130 5495 1527 5565 pttblit-utionos
1560 5499 1729 5549 Itono-

111 5582 258 5629 rutu,
296 5568 733 5631 proseriptiont-s
782 5570 832 5619 iu
862 5577 974 5621 tota
1018 5566 1187 5621 ferme
1215 5569 1569 5622 Alexandrini
1604 5570 1728 5633 Epi-

114 5647 380 5706 anpatus
424 5639 650 5693 dicarem
701 5639 909 5705 integro
940 5641 1110 5693 t't-rnte
1150 5654 1415 5693 sexennio
1443 5656 1617 5706 usque
1660 5642 1727 5694 ad

114 5714 356 5766 reditum
389 5711 668 5762 Athanasii
693 5710 830 5762 satis
853 5712 1159 5776 declarant,
1186 5718 1405 5779 paratus
1434 5710 1599 5763 inisse
1621 5712 1725 5765 (Ja-

117 5781 359 5837 thulicus
409 5782 533 5834 illus
577 5795 823 5834 exn-emo
863 5797 1091 5850 ψιεῐξιιυιι
1141 5784 1405 5837 inalortnu
1440 5791 1718 5848 oppetere,

115 5870 277 5925 quam
302 5867 425 5904 cuin
449 5851 685 5922 Georgio
705 5851 866 5904 ullam
891 5852 1031 5908 inire
1058 5855 1340 5925 religionis
1365 5868 1429 5908 ac
1444 5868 1723 5908 sacrorum

116 5926 465 5981 Societatetn.

197 6006 222 6037 ο
254 5994 408 6051 Ante.
433 5993 615 6051 Latin.
644 6004 701 6053 et
720 5994 969 6052 Galland.
997 5997 1131 6052 utin
1154 5994 1311 6053 Vers.
1342 6002 1494 6061 Ant.,
1517 5995 1569 6051 in
1595 6009 1720 6066 qua,

1834 4718 2021 4774 ἐκϐάλῃ

1903 4786 1928 4823 d
1960 4778 2112 4842 \i‘rs.
2140 4790 2267 4843 Ant.
2301 4787 2601 4843 Sriuut.....
2631 4787 2852 4840 alienum
2878 4795 3114 4838 autem...
3140 4784 3203 4838 ab
3224 4800 3308 4851 eo,
3334 4794 3439 4840 etc.

1906 4868 1929 4895 ε
1962 4858 2135 4913 Hanc.
2188 4860 2291 4913 ΤιΙ.

1908 4926 1926 4965 τ
1962 4929 2333 4996 Blaspltemiis.
2367 4930 2445 4986 Id.

1904 5011 1927 5046 κ
1965 4999 2197 5074 Ιῖηιὸιιηι
2242 5004 2525 5074 sequentia,
2575 5002 2661 5055 vel
2706 5000 2966 5069 sequentia
2992 4997 3313 5054 femininum
3360 4999 3443 5055 Ia-

1830 5072 1921 5125 cit.
1974 5072 2061 5125 Id.

1906 5140 1930 5217 l}
1965 5145 2115 5217 γει-ξ
2154 5145 2280 5199 Ant.
2316 5145 2451 5211 Quia
2478 5161 2574 5217 ego
2605 5159 2716 5196 sum
2749 5143 3345 5217 ostium.....guotqttot.

1911 5213 1925 5295 ξ
1964 5215 2040 5295 ita
2073 5216 2448 5295 ϐιυςςριις,λτρὸ
2476 5212 2622 5295 ὶριοῦ.ξ
2655 5215 2795 5284 quod
2826 5217 2979 5295 abem
3007 5228 3036 5293 a
3070 5212 3389 5294 Vers..Attt.

1908 5287 1920 5334 ι
1964 5286 2120 5339 Vers.
2154 5290 2281 5340 Αιιι.
2321 5284 2542 5341 omum.
2578 5285 2680 5338 Per
2707 5303 2785 5338 me
2806 5286 2853 5337 si
2874 5300 2986 5348 outs
3014 5284 3297 5348 introierit,
3328 5284 3438 5339 sal-

1831 5356 2029 5411 t'almur
2054 5374 2072 5411 :
2097 5370 2142 5409 et
2174 5359 2427 5417 introibit.
2458 5370 2505 5412 et
2535 5360 2685 5418 exiel,
2715 5367 2761 5408 et
2790 5373 2932 5414 uasc.

1904 5425 1925 5463 ιί
1967 5429 2118 5481 Vers.
2145 5428 2272 5483 Atti.
2305 5430 2568 5498 l’rtecepta
2595 5445 2704 5480 mra
2725 5427 3067 5480 custodita...
3094 5428 3431 5498 spiritttm....

1830 5498 1914 5551 Itic
1941 5501 2284 5555 mundus...”
2318 5503 2553 5569 quia.....
2585 5516 2721 5564 eum,
2755 5516 2845 5552 nec
2870 5500 3128 5571 «agnoscit
3151 5515 3263 5553 eum
3294 5514 3312 5551 :
3342 5514 3431 5553 vos

1828 5582 1998 5641 autem
2024 5575 2186 5627 nostis
2215 5573 2387 5635 illum,
2413 5573 2533 5641 quia
2555 5613 2569 5635 ,
2602 5584 2708 5625 etc.

1907 5640 1924 5679 1
1964 5643 2174 5698 Lucifer
2202 5644 2334 5697 infra
2364 5640 2640 5706 mandata,
2673 5653 2719 5696 et
2745 5648 2883 5713 apud
2910 5640 3058 5693 illum
3087 5640 3424 5696 manebimus.

1900 5722 1941 5750 ω
1979 5716 2108 5769 Vers
2164 5720 2288 5768 Ant.
2321 5714 2504 5768 Servat
2531 5724 2747 5769 εσυ..ιί
2786 5714 3119 5781 ιιιαιιὶίειεαὺο
3150 5714 3290 5765 ei.-.
3322 5730 3425 5767 non

1829 5783 1919 5837 ille
1948 5785 2242 5851 Scariotltu,
2269 5787 2356 5840 sed
2386 5785 2616 5841 alius....
2649 5788 2768 5855 quia
2791 5783 2931 5836 nobis
2961 5784 3145 5853 incipis
3172 5785 3424 5855 manifesf

1830 5866 1940 5910 tare
1980 5860 2311 5925 teipsum.....
2361 5860 2486 5911 dicit
2523 5853 2669 5912 ei....
2710 5855 3043 5910 servavit"...
3074 5869 3226 5921 eum,
3266 5853 3321 5907 ct
3353 5853 3423 5906 ad

1827 5942 2030 5983 ειιηι....
2056 5944 2435 5982 manemus.....
2466 5946 2568 5984 non
2591 5938 2773 5985 servat.

1899 6006 1927 6033 ιι
1956 5998 2212 6054 Iscartoth
2242 6001 2372 6069 legit
2401 6001 2589 6056 Sabat.
