3854 6386
157 419 264 477 937

736 421 824 476 DE
861 418 999 475 NON
1039 417 1404 477 PARCENDO
1449 418 1513 472 ΙΝ
1553 417 1740 474 ὒΕυΜ
1785 417 2385 483 DELINQUENTIBUS
2427 415 2625 473 LIBER
2667 416 2869 476 UNUS.

3338 422 3440 477 938

157 539 318 594 nobis
352 549 541 594 contra
581 541 786 592 monita
809 556 1083 595 sacrarum
1123 541 1508 604 ςριὶιιιιιτητιιιιι
1549 548 1739 591 contu-
1772 550 1818 606 Α
1847 540 2105 592 exarserit
2139 539 2256 592 zelo
2284 539 2590 593 devotionis
2619 540 2868 592 incensus
2901 537 3134 592 Phinees
3164 537 3442 600 sacerdos,

158 634 377 686 meliam
405 633 576 687 :dicis
595 650 689 686 nos
714 635 1012 687 ἱιιεηιρηιρς
1037 636 1307 688 exstitisse
1327 633 1470 686 circa
1497 643 1567 692 te,
1591 646 1746 698 quem

158 725 412 779 honorari
447 725 710 780 decuerit.
745 726 798 781 Si
823 730 1102 796 quisquam
1143 729 1232 779 llei
1268 728 1534 779 cultuttun
1561 741 1750 793 peper-

156 819 230 871 cit
263 827 286 854 ⁸
320 821 600 887 apostatis,
646 820 755 872 sint
784 835 909 873 vera
941 837 1057 889 qum
1106 821 1240 872 dicis
1283 819 1348 872 de
1381 819 1555 872 nobis.
1597 816 1749 871 L'nde

155 913 461 974 ordiamur,
487 925 538 965 ut
569 923 622 964 ιιι
653 929 793 967 nunc
824 930 850 965 a
876 915 1031 967 nobis
1061 914 1375 979 corriperis,
1404 914 1473 964 ita
1495 926 1614 963 esse
1633 927 1750 963 cor-

157 1013 343 1073 reptos
372 1019 560 1057 omnes
579 1006 840 1058 erraticos
871 1022 963 1074 per
989 1007 1079 1057 hei
1107 1006 1364 1064 cultores,
1389 1021 1494 1072 quo
1523 1004 1750 1070 probare

154 1097 463 1166 possimus?
493 1099 668 1151 unde?
697 1101 797 1152 nisi
832 1116 860 1152 a
898 1099 1058 1151 Mosis
1095 1099 1189 1151 Dei
1215 1099 1356 1150 servi
1385 1097 1613 1148 actibus.
1652 1094 1750 1149 Le-

151 1193 334 1261 gimus
386 1192 438 1244 iu
488 1191 698 1256 Exodo,
748 1194 1058 1246 ascentli~so
1107 1202 1341 1244 montem
1398 1191 1578 1243 Mosvn
1630 1200 1751 1258 post

153 1293 536 1338 teStamentum
571 1269 671 1338 sibi
705 1287 980 1344 traditum,
1028 1295 1080 1337 et
1115 1286 1377 1351 plurimos
1411 1284 1748 1336 interfecisse

151 1391 344 1430 eorum
389 1386 611 1448 propter
665 1380 983 1431 idololatria:
1033 1390 1261 1431 reatum.
1326 1378 1499 1438 Stetit,
1555 1379 1746 1441 inquit,

153 1468 326 1523 Moses
349 1469 375 1506 “
403 1472 665 1540 adportas
708 1484 1012 1530 castrorum,
1043 1484 1086 1525 ct
1113 1474 1241 1524 dixit
1273 1491 1282 1524 :
1317 1472 1440 1536 Quis
1473 1474 1540 1523 ad
1566 1471 1746 1535 Domi-

149 1578 276 1613 num
304 1573 514 1629 paratus
538 1564 704 1615 veniat
733 1565 800 1615 ad
825 1566 929 1616 me?
960 1564 1022 1615 Et
1042 1566 1466 1616 conveneruntad
1493 1581 1604 1615 cum
1639 1580 1747 1615 om-

146 1671 235 1706 nes
270 1655 366 1721 ﬁlii
397 1654 536 1717 Levi,
581 1665 625 1708 et
667 1655 796 1708 dixit
829 1659 899 1709 eis
931 1674 946 1710 :
987 1656 1110 1708 "(ec
1139 1657 1264 1707 dicit
1311 1655 1561 1708 Dominus
1609 1656 1748 1709 Deus

145 1748 318 1802 Israel
359 1765 376 1801 :
427 1747 611 1802 Ponite
646 1752 992 1817 unusquisque
1032 1751 1260 1818 gladium
1289 1767 1434 1803 suum
1477 1745 1750 1818 in'femore

141 1861 264 1906 suo,
315 1855 366 1897 et
413 1847 742 1913 per:ransite,
786 1856 830 1898 ct
873 1847 1238 1898 rerertiminia
1281 1858 1428 1914 porta
1473 1862 1632 1913 usque
1681 1847 1748 1898 ad

1853 644 2133 702 propterea
2160 634 2243 687 vel
2270 633 2498 686 maxime
2523 633 2664 701 quod
2689 631 2871 700 gladio
2894 629 3247 686 idololatresd
3265 630 3443 684 media

1852 727 1902 779 in
1950 742 2218 796 synagoga
2275 727 2632 787 :ziteremerit,
2676 725 2813 778 adeo
2855 723 3054 792 placuit
3096 724 3228 785 Deo,
3278 733 3336 775 ut
3380 723 3454 775 sit

1851 823 2111 890 scriptum
2152 822 2216 874 ad
2266 822 2365 874 hoc
2417 821 2615 873 factum
2663 820 2875 873 Domini
2925 819 3250 890 indignantis
3287 817 3444 885 quic-

1852 915 1990 968 visse
2021 915 2179 978 iram,
2209 923 2260 968 et
2293 915 2466 981 ipsum
2505 915 2674 966 nimio
2713 914 3040 980 pra‘cipuum
3083 911 3222 976 aptul
3267 910 3449 962 Domi-

1855 1024 1982 1061 num
2000 1008 2150 1060 ellect
2165 1023 2284 1060 nm:
2313 1005 2374 1057 lit
2393 1010 2593 1058 locutus
2613 1017 2685 1058 est
2709 1005 2957 1057 Dominus
2974 1005 3039 1055 ad
3059 1002 3239 1054 Mosen
3255 1005 3446 1054 dicens.

1855 1099 2072 1152 I’hinees
2089 1099 2230 1167 ﬁlius
2256 1098 2477 1150 Eleazar
2506 1099 2602 1165 lilii
2633 1099 2807 1150 Aaron
2831 1097 3112 1150 sacerdotis
3137 1094 3447 1165 compescuit

1857 1202 1877 1228 ι’
1902 1195 2030 1244 iram
2049 1208 2213 1245 meam
2235 1209 2267 1244 a
2285 1192 2410 1258 [iliis
2435 1189 2624 1251 Israel,
2655 1194 2711 1243 in
2739 1189 2757 1226 ί
2789 1207 2847 1244 eo
2878 1190 3010 1257 quod
3033 1189 3225 1241 solatus
3248 1199 3322 1241 est
3340 1187 3448 1246 zelo

1850 1289 1903 1340 in
1923 1288 2082 1345 cis.ut
2161 1304 2261 1338 non
2295 1285 2581 1338 occiderem
2608 1285 2743 1350 ﬁlios
2774 1284 2940 1336 Israel
2963 1283 3136 1335 inzelo
3159 1297 3266 1335 meo
3297 1297 3314 1334 :
3347 1290 3392 1332 et
3423 1275 3453 1314 λ

1852 1398 1962 1434 ecce
1977 1381 2108 1432 dabo
2126 1381 2170 1432 ei
2191 1389 2543 1432 testamentum
2567 1394 2758 1440 meum,
2785 1389 3141 1429 testamentum
3166 1377 3306 1438 pacis
3328 1375 3376 1426 ei
3396 1384 3444 1425 et

1851 1474 2030 1525 semini
2053 1475 2165 1540 ejus
2182 1489 2296 1523 cum
2314 1472 2425 1533 ipso
2438 1472 2490 1524 in
2510 1479 2868 1523 testamentum
2883 1468 3158 1520 sacerdotii
3173 1477 3443 1526 internum,

1851 1567 2096 1634 quoniam
2130 1564 2143 1600 ί
2191 1565 2385 1617 zelatus
2419 1573 2494 1616 est
2538 1560 2648 1614 Deo
2680 1578 2791 1626 suo,
2840 1571 2886 1613 ct
2929 1560 3156 1613 exoravit
3195 1574 3305 1626 pro.
3329 1558 3452 1624 ﬁliis

1857 1656 2023 1708 Israel
2059 1653 2246 1722 (Num.
2296 1669 2424 1716 xxv,
2464 1653 2576 1720 10).
2611 1653 2678 1705 Et
2711 1662 2762 1705 tu
2799 1666 2896 1706 nos
2935 1651 3224 1704 arbitraris
3262 1657 3453 1702 contu-

1855 1763 2035 1802 maces
2058 1750 2177 1815 quia
2204 1745 2300 1799 tibi
2329 1745 2532 1799 erranti
2568 1759 2690 1796 vera
2717 1743 3000 1797 dicamus?
3025 1740 3302 1795 existimas
3325 1754 3449 1792 eum

1855 1841 1947 1893 tibi
1977 1840 2330 1908 displicemus
2362 1853 2468 1892 non
2499 1850 2600 1890 nos
2631 1846 2761 1889 tunc
2793 1835 2902 1888 Deo
2939 1831 3187 1902 placere?
3217 1831 3324 1886 Sed
3355 1845 3453 1885 oro

141 1948 350 2005 portant
400 1954 488 2005 per
533 1948 723 2002 castra,
777 1949 822 1991 et
873 1941 1088 1992 occidite
1137 1941 1488 2009 unusquisque
1535 1941 1744 2008 fratrem
1778 1927 1822 1985 Β
1853 1941 1904 1985 te
1936 1933 2104 1997 dicas,
2135 1930 2450 1991 Constanti,
2494 1944 2597 1998 qua
2639 1927 2965 1982 auctoritate
3007 1926 3144 1979 viam
3179 1924 3452 1992 iustorum

141 2047 320 2093 suum,
351 2042 397 2083 et
440 2033 785 2099 unusquisque
813 2034 1157 2099 prapinquum
1198 2048 1366 2092 suum,
1401 2042 1445 2084 et
1476 2033 1746 2101 unusquis-

138 2139 245 2190 que
274 2122 568 2188 proximum
595 2139 763 2176 suum.
798 2123 863 2175 Et
893 2130 1117 2190 fecerunt
1156 2126 1252 2191 ﬁlii
1288 2123 1427 2186 Levi,
1459 2125 1586 2177 sicut
1617 2126 1749 2176 dixit

140 2215 218 2266 eis
244 2213 432 2267 Moses.
463 2214 527 2266 Et
557 2216 848 2267 ceciderunt
871 2217 931 2266 de
964 2219 1154 2284 populo
1179 2218 1228 2267 in
1259 2216 1352 2268 illa
1377 2217 1456 2269 die
1484 2217 1627 2284 quasi
1650 2218 1748 2268 tria

140 2307 312 2359 millia
340 2306 626 2360 hominum.
659 2308 722 2360 Et
752 2309 881 2360 dixit
901 2311 971 2359 eis
1000 2309 1168 2361 Moses
1194 2326 1210 2360 :
1243 2307 1501 2376 Implestis
1537 2322 1555 2346 ο
1597 2311 1748 2362 hodie

141 2415 330 2452 manus
354 2398 575 2454 Domino
609 2403 953 2468 unusquisque
975 2401 1026 2452 in
1047 2403 1155 2460 ﬁlio
1183 2412 1270 2452 aut
1296 2403 1347 2451 in
1376 2401 1664 2466 [ratredari
1694 2402 1748 2453 in

136 2491 286 2544 vobis
306 2491 701 2546 benedictionem
719 2491 844 2562 (Ex.
873 2509 1052 2554 xxxvx,
1077 2493 1191 2560 9.6).
1221 2494 1421 2546 Sumus
1439 2494 1533 2545 tibi
1559 2501 1746 2547 contu-

137 2585 353 2638 meliosi
375 2597 428 2637 ut
446 2583 545 2637 fuit
567 2585 740 2638 Moses
761 2586 956 2653 popqu
973 2585 1175 2637 insulso
1193 2587 1265 2638 illi
1289 2603 1298 2636 :
1319 2601 1492 2652 neque
1515 2585 1617 2639 illis
1633 2585 1748 2654 pla-

138 2680 344 2732 cebant
370 2679 458 2732 illa
478 2679 948 2748 qucedicebantur,
970 2679 1312 2731 autﬁchanta
1335 2677 1502 2742 Mose,
1531 2678 1745 2744 quando

130 2770 255 2840 jam
286 2771 614 2840 delegissent
647 2787 752 2825 non
793 2774 995 2825 servire
1036 2773 1163 2834 Deo,
1204 2773 1291 2841 qui
1323 2788 1418 2826 eos
1459 2775 1748 2838 eripuisset

138 2867 215 2921 de
261 2874 529 2933 potestate
561 2865 880 2926 Pharaonis,
912 2866 1004 2919 sed
1033 2867 1106 2919 illi
1147 2865 1315 2920 vitulo
1343 2881 1501 2934 quem
1533 2865 1636 2918 illis
1666 2867 1748 2917 lu-

138 2956 306 3012 derat
334 2957 468 3026 ignis
496 2976 508 3010 :
537 2959 607 3009 ita
651 2967 704 3011 ct
738 2967 791 3009 tu
816 2958 927 3026 jam
969 2974 1072 3011 non
1115 2958 1226 3010 Deo
1263 2958 1620 3025 mancipatus,
1652 2957 1746 3012 sed

140 3051 264 3106 Arii
313 3049 653 3114 idololatrim,
693 3051 782 3120 qui
813 3066 1024 3105 errasse
1055 3053 1317 3120 arguaris,
1359 3053 1575 3121 indigne
1612 3052 1740 3116 fers,

138 3152 502 3198 contumaces
545 3157 644 3197 nos
685 3144 956 3206 clamitas,
995 3145 1128 3197 dicis
1161 3145 1436 3212 indignum
1471 3158 1568 3197 nos
1599 3144 1744 3198 circa

140 3222 198 3282 ιο
230 3231 441 3286 laeinus
479 3242 837 3304 perpetratos,
883 3242 939 3285 ut
980 3233 1290 3301 imperatori
1317 3235 1542 3288 Romani
1587 3235 1738 3302 regni

137 3321 331 3378 dicere
354 3323 678 3380 auderemus
705 3343 716 3377 :
745 3324 907 3388 Male,
933 3325 1216 3385 Constanti.
1245 3328 1370 3390 lacis
1395 3327 1740 3379 idololatrium

136 3415 474 3469 introducere
502 3417 556 3469 iu
587 3418 879 3471 ecclesiam.
917 3417 1092 3471 Mosrs
1116 3418 1320 3485 primus
1355 3417 1736 3486 prophetarum

135 3505 239 3561 ille
263 3506 373 3561 Deo
394 3511 801 3564 amantissimus
825 3509 1005 3577 gladio
1033 3520 1114 3564 est
1134 3520 1444 3580 perseeutus
1464 3526 1579 3575 eos,
1608 3526 1742 3580 quo-

134 3615 268 3654 rum
304 3610 354 3654 te
379 3602 656 3656 instituisti
697 3602 1051 3667 imitatorem,
1089 3613 1144 3658 et
1167 3620 1264 3673 ego
1293 3615 1585 3659 contumax
1617 3620 1740 3660 esse

137 3699 310 3745 notor
337 3708 366 3746 a
414 3701 488 3759 te,
536 3695 660 3763 quia
702 3695 932 3748 dixerim
966 3696 1133 3749 Deum
1168 3707 1216 3749 te
1263 3696 1641 3765 dereliquisse,
1686 3707 1740 3752 et

136 3784 473 3840 idololatria:
518 3796 689 3843 temet
731 3790 1104 3857 mancipasse?
1150 3789 1339 3843 Adhuc
1395 3789 1533 3843 ﬁlios
1574 3790 1738 3844 Israel

132 3876 651 3937 fornicatosclamat
665 3894 818 3934 saera
840 3882 1104 3949 scriptura
1121 3882 1171 3934 in
1194 3882 1330 3934 ﬁlias
1355 3882 1734 3949 Moabitarum,

134 3979 199 4024 ct
221 3971 366 4038 quod
399 3972 572 4026 vocati
596 3972 666 4026 ab
701 3974 784 4027 eis
825 3974 1273 4030 manducaverint
1315 3977 1591 4030 immolata
1624 3978 1739 4031 ido-

130 4065 232 4131 lis,
275 4075 330 4121 et
360 4066 552 4122 eadam
592 4067 849 4125 adorasse
891 4069 1062 4134 idola;
1092 4080 1279 4125 contra
1321 4085 1457 4141 quos
1499 4073 1623 4142 quia
1668 4073 1736 4126 ita

132 4268 270 4339 quia
319 4282 493 4338 neque
533 4270 786 4324 Arianam
826 4270 1216 4339 blaSphemiam
1259 4272 1522 4340 protiteri,
1562 4286 1736 4338 neque

130 4355 268 4395 cum
304 4340 522 4394 Arianis
547 4343 966 4404 communicare,
1004 4359 1174 4412 neque
1204 4343 1255 4395 in
1281 4341 1558 4395 Athanasii
1589 4344 1735 4395 dam-

131 4413 422 4464 nationem
455 4412 802 4465 subscribere
834 4428 895 4466 se
929 4429 1176 4480 umquam
1223 4416 1362 4480 passi
1386 4424 1508 4466 sunt
1539 4412 1736 4467 Catho-

130 4481 235 4535 lici
270 4481 575 4545 Antistites,
607 4498 726 4551 qua!
759 4485 856 4536 tria
889 4484 939 4535 iu
982 4486 1356 4536 \ledtnlanensi
1387 4484 1652 4547 C0ttt‘ili0,
1683 4494 1737 4539 et

1858 2025 2307 2094 patriarcharum,
2341 2024 2751 2094 prophetarum,
2796 2022 3165 2090 apostolorum
3196 2036 3258 2076 ac
3304 2035 3448 2074 nutr-

1853 2129 2026 2189 tyrum
2045 2132 2144 2171 nos
2168 2119 2404 2170 volueris
2427 2117 2700 2180 deserere,
2719 2125 2771 2168 et
2788 2112 3256 2182 comprehendere
3286 2114 3444 2166 istaut

1855 2221 1997 2264 tuam
2036 2227 2252 2276 novatn,
2285 2227 2442 2279 quam
2489 2226 2586 2280 per
2618 2209 2802 2262 Arium
2843 2207 3448 2262 institueratdiaholus.

1851 2303 2250 2370 Numquidnam
2283 2303 2492 2355 somnio
2521 2317 2580 2355 es
2608 2303 2921 2354 admonitus
2947 2308 3004 2354 et
3029 2300 3230 2352 dictum
3263 2307 3345 2352 est
3381 2297 3448 2351 ad

1852 2405 1923 2458 te,
1951 2410 2016 2449 ne
2054 2395 2275 2460 patiaris
2301 2394 2501 2446 Christi
2535 2408 2633 2446 nos
2659 2402 2845 2445 tenere
2869 2392 3035 2454 viam,
3065 2406 3223 2462 quam
3257 2399 3452 2443 tenue—

1853 2497 1980 2541 runt
2028 2486 2186 2548 Abel,
2257 2485 2424 2546 Enoc.
2482 2486 2614 2548 Noe,
2672 2484 3093 2546 Melchisedech,
3150 2485 3445 2544 Abraham,

1850 2579 2023 2644 Isaac,
2058 2590 2106 2635 et
2137 2579 2324 2644 Jacob,
2355 2578 2580 2647 Joseph,
2621 2578 2816 2638 Moses,
2845 2577 3050 2639 Aaron,
3085 2575 3246 2630 Jesns
3278 2574 3442 2639 Nave,

1849 2673 1971 2734 Job.
2000 2672 2241 2736 Judices,
2268 2681 2323 2726 et
2355 2672 2540 2726 ueteri
2575 2686 2750 2739 reges,
2784 2671 2885 2722 hoc
2921 2677 3024 2727 est,
3058 2667 3248 2730 David,
3287 2666 3448 2720 Josa-

1853 2765 2001 2836 phul,
2036 2766 2321 2828 Ezechias,
2349 2765 2548 2828 Josias,
2589 2780 2749 2832 quam
2797 2772 3086 2817 tenuerunt
3107 2762 3286 2814 cuncti
3323 2775 3446 2830 pro-

1850 2861 2052 2930 phetm,
2093 2861 2346 2926 apostoli,
2380 2875 2441 2912 ac
2486 2869 2777 2927 martyres,
2805 2873 2964 2925 quam
3001 2866 3296 2910 tenuerunt
3325 2871 3444 2909 om-

1850 2969 1948 3008 nes
1990 2955 2079 3022 qui
2129 2953 2240 3006 Deo
2287 2952 2636 3005 inveniuntur
2666 2950 2979 3019 placuisse?
3017 2949 3072 3003 Si
3125 2949 3226 3002 hoc
3279 2948 3373 3000 tibi
3416 2962 3444 2999 a

1847 3047 2157 3100 d:emonum
2185 3045 2387 3098 dictum
2412 3053 2494 3097 est
2523 3043 2785 3112 principe,
2829 3042 2952 3094 audi
2985 3040 3113 3109 quid
3146 3039 3261 3092 ﬁeri
3301 3040 3444 3092 Deus

1846 3140 2094 3195 statuerit
2122 3137 2189 3192 de
2221 3149 2274 3193 te
2306 3153 2399 3203 per
2437 3138 2731 3206 gloriosum
2765 3135 3083 3203 prophetam
3115 3133 3298 3187 Mosen
3336 3151 3346 3184 :
3384 3133 3446 3186 Si

1847 3242 2018 3286 autem
2055 3233 2335 3285 surrexerit
2366 3235 2379 3279 ι
2429 3231 2483 3282 in
2514 3241 2558 3282 te
2587 3230 2852 3299 prapheta,
2895 3237 2983 3279 aut
3012 3228 3268 3279 somnium
3311 3242 3447 3278 som-

1768 3305 1812 3366 C
1846 3325 2015 3386 nians,
2061 3333 2106 3377 et
2138 3323 2336 3376 dederit
2383 3323 2586 3394 signum
2615 3333 2702 3373 aut
2748 3320 3064 3390 prodigium,
3105 3328 3150 3370 ct
3200 3314 3442 3370 veneritk

1845 3420 1993 3490 signa
2038 3418 2232 3486 faciens
2278 3426 2364 3470 αιιι
2407 3416 2668 3488 prodigia,
2715 3425 2760 3467 et
2790 3413 2981 3466 dixerit
3018 3413 3086 3465 ad
3115 3423 3180 3474 te,
3215 3413 3393 3464 dicens
3421 3429 3438 3464 :

1847 3513 2043 3566 Eamus
2074 3524 2121 3566 et
2151 3513 2432 3566 serviamus
2472 3510 2572 3564 diis
2623 3506 2641 3545 ‘-
2679 3509 2883 3570 alienis,
2912 3524 3038 3571 quos
3069 3506 3308 3572 nescitis;
3344 3522 3444 3558 non

1842 3607 2059 3661 audietis
2098 3606 2304 3658 verbum
2333 3605 2598 3675 propheta:
2635 3603 2796 3665 illius,
2846 3610 2936 3653 aut
2966 3599 3290 3662 somniantis,
3323 3615 3450 3668 quo-

1840 3704 1978 3755 niam
2007 3712 2165 3755 tentat
2193 3698 2444 3752 Dominus
2465 3709 2503 3734 ηι
2522 3697 2660 3750 Deus
2687 3713 2772 3749 vos
2795 3695 2982 3758 videre,
3006 3696 3051 3747 si
3074 3694 3310 3763 diligatis
3332 3691 3443 3746 Do-

1842 3800 2037 3847 minum
2076 3793 2243 3846 Deum
2273 3803 2495 3847 vestrum
2531 3807 2594 3844 ex
2622 3801 2727 3843 toto
2756 3787 2906 3841 corde
2944 3795 3130 3852 vestro,
3164 3797 3208 3838 et
3249 3802 3311 3839 ex
3341 3796 3446 3839 tota

1844 3889 2016 3941 animo
2043 3896 2210 3939 vestra
2237 3903 2253 3938 :
2282 3895 2397 3954 post
2427 3892 2454 3919 ιι
2486 3883 2762 3936 Dominum
2790 3881 2954 3934 Deum
2975 3892 3193 3935 vestrum
3217 3879 3443 3941 abibitis,

1845 3989 1892 4032 et
1921 3980 2087 4049 ipsum
2136 3987 2158 4012 ο
2205 3978 2465 4043 timebitis,
2503 3985 2551 4030 et
2587 3975 2831 4029 mandata
2873 3976 2985 4043 ejus
3030 3974 3346 4036 custodietis,
3397 3981 3445 4025 et

1847 4087 2013 4126 vocem
2054 4073 2166 4141 ejus
2211 4071 2450 4136 audietis,
2496 4078 2544 4122 et
2573 4069 2654 4122 illi
2682 4068 3015 4138 apponemini
3045 4084 3064 4120 :
3104 4076 3150 4120 et
3190 4067 3442 4136 propheta

1842 4286 1942 4324 vox
1985 4276 2238 4352 corrupta
2270 4279 2353 4325 est
2384 4270 2437 4324 in
2465 4266 2600 4324 Cod.
2633 4269 2808 4324 Vatie.
2867 4269 3019 4324 Vers.
3067 4272 3193 4326 Ant.
3248 4281 3294 4326 et
3335 4290 3438 4328 nou

1843 4358 2212 4396 consummavi.

1914 4411 1938 4449 δ
1972 4413 2128 4467 Vers.
2159 4415 2286 4466 Ant.
2318 4412 2468 4467 Sicut
2495 4414 2623 4466 dixi.
2651 4412 2783 4467 Ecce
2806 4429 2898 4482 ego
2919 4413 2985 4467 do
3007 4416 3052 4467 ei
3077 4424 3434 4470 testamentum

1846 4486 2008 4551 pacis,
2059 4495 2104 4540 et
2131 4486 2228 4538 erit
2270 4485 2349 4536 illi
2390 4497 2436 4538 et
2469 4485 2648 4537 semini
2695 4489 2806 4554 ejus
2845 4495 2956 4554 post
2998 4502 3113 4538 eum
3163 4498 3438 4541 testamen-

131 4553 212 4606 ab
255 4552 384 4631 ipsis
427 4556 740 4649 praesertim.
772 4554 1044 4649 [:ontilicis
1089 4556 1280 4624 legatis
1319 4567 1644 4624 exquuere
1683 4558 1732 4610 vi
1763 4590 1813 4649 Β
1843 4567 2105 4649 tuonuetc.

131 4625 294 4677 omni
326 4626 502 4677 conati
537 4624 745 4678 fuerant
775 4626 982 4678 Ariani.

218 4704 243 4729 ⁸
276 4692 329 4747 Id
355 4706 459 4758 est,
481 4711 580 4747 non
605 4706 679 4748 est
701 4707 966 4761 apostatas
992 4698 1284 4756 insectatus,
1309 4706 1361 4748 ut
1388 4698 1464 4750 vel
1481 4699 1550 4750 ad
1565 4715 1734 4752 verum

135 4763 253 4839 D_ei‘
290 4765 485 4817 cultum
515 4768 760 4833 redirent,
794 4769 869 4821 vel
897 4769 959 4820 ab
991 4769 1290 4822 lacessendo
1320 4784 1438 4823 vera
1488 4772 1735 4839 religione

133 4836 467 4888 desisterent.

186 4905 243 4987 ει)
278 4905 485 4975 Moyses
518 4907 644 4975 legit
687 4909 872 4964 Sabat.
916 4919 990 4973 et,
1051 4910 1178 4974 Quis
1214 4911 1282 4962 ad
1313 4908 1627 4966 Dominum?
1655 4930 1734 4966 ve-

137 4989 280 5038 ntal,
309 4987 412 5030 etc.
1517 5035 1519 5037 ,

219 5059 241 5087 ε
272 5047 345 5101 Ita
380 5049 505 5116 legit
553 5049 738 5105 Sabat.
766 5069 779 5108 :
809 5051 1153 5105 Consecrastis
1203 5053 1354 5104 hodie
1401 5071 1582 5106 manus
1627 5072 1735 5108 ves-

134 5132 344 5174 tras....
382 5122 434 5172 in
468 5124 624 5190 fratre
665 5139 776 5184 suo,
815 5134 870 5174 ut
909 5125 1056 5174 detur
1102 5126 1241 5176 vobis
1282 5124 1596 5188 benedicu'o;
1640 5127 1732 5180 sed

135 5190 491 5270 nostraedit.
525 5196 775 5270 convenit
806 5194 856 5270 in
879 5194 980 5270 his
1009 5195 1341 5270 cuanra'c.
1375 5198 1732 5270 inlnpcbaarc,

135 5263 470 5338 implevistis,
497 5276 550 5318 et
577 5263 777 5323 δοθῆναι
821 5265 891 5336 ἐφ’
921 5266 1056 5334 ὑμᾶς
1085 5267 1334 5338 εὐλογίαν,
1369 5268 1484 5320 duri
1505 5263 1565 5321 ἰιι
1597 5269 1735 5321 vobis

131 5333 565 5387 benedictionem.

214 5402 238 5438 ι¹
273 5401 610 5459 Idololatras.
646 5406 798 5460 Latin
810 5449 820 5459 .

219 5487 241 5546 ξ·
282 5474 437 5546 yers.
464 5479 587 5529 Aut.
620 5477 834 5532 Setluxit
861 5482 1082 5546 furorem
1106 5495 1293 5532 meum.

220 5543 237 5582 ί
278 5545 508 5622 Propius
538 5549 601 5622 ad
631 5549 803 5622 Crtec.
831 5543 879 5604 ei
910 5560 980 5620 τῷ
1011 5551 1234 5614 ζηλῶσαὶ
1258 5574 1354 5622 μου
1385 5554 1468 5608 τὸν
1501 5556 1644 5618 ζὴ).ον
1685 5556 1733 5606 ἐν

132 5619 341 5677 αὐτοῖς.
383 5614 535 5670 Vers.
569 5620 698 5674 Ant.
745 5621 807 5672 In
857 5638 915 5673 eo
956 5614 1095 5689 quod
1135 5614 1404 5676 a’mulutus
1454 5614 1526 5677 esi
1567 5628 1732 5678 zelum

133 5704 318 5742 meum
345 5690 398 5738 in
431 5689 556 5742 illis.

218 5769 241 5801 π
279 5757 348 5811 Ut
382 5775 481 5831 non
505 5761 826 5822 ἐξανέλουσα.
857 5762 1025 5816 V'atic.
1059 5764 1113 5816 In
1134 5766 1299 5817 veteri
1321 5765 1453 5818 Cod.
1477 5766 1730 5831 habetur,

136 5844 198 5886 ut
231 5846 337 5883 non
366 5830 676 5892 ἐξανήλωσα.
707 5844 760 5886 et
789 5836 892 5886 alia
924 5850 1081 5887 manu
1114 5838 1166 5888 in
1198 5834 1499 5897 inteilinea,
1534 5839 1734 5890 occide-

134 5920 273 5960 rem.
300 5899 408 5956 Til.
433 5901 510 5955 Ita
536 5911 621 5956 est
645 5903 700 5955 in
723 5904 932 5966 Graeco.
969 5909 1278 5974 ἐξανήλωσα,
1311 5911 1589 5974 consumsi,
1612 5924 1731 5978 quas

529 5995 794 6056 PATROL.
846 5996 1019 6058 Xlll.

1918 4629 1930 4663 ί
1963 4627 2113 4680 Vers.
2142 4626 2268 4678 Ant.
2286 4623 2507 4694 Pr0pter
2532 4626 2670 4686 quod
2685 4627 2958 4679 cetntilatus
2983 4638 3053 4680 est
3072 4626 3238 4680 Deum
3258 4645 3427 4694 suum,

1837 4708 1884 4751 et
1913 4715 2012 4751 non
2048 4707 2297 4757 t’IOl‘twtl,
2330 4709 2432 4749 etc.
2470 4697 2684 4751 Lucifer
2707 4714 2827 4750 cunt
2858 4699 3050 4751 ϐαι-ρο
3077 4717 3088 4750 :
3116 4701 3328 4763 ἐζήλωσε
3359 4711 3432 4763 τῷ

1836 4777 1944 4839 Θεῷ
1996 4771 2179 4831 αὐτοῦ,
2227 4771 2311 4822 καὶ
2362 4769 2646 4835 ἐξιλάσατο,
2691 4769 3079 4838 depropitiovit,
3113 4761 3164 4824 id
3193 4785 3277 4825 est
3306 4761 3428 4826 e10.-

1836 4851 1982 4891 ναιιιι.

1911 4911 1923 4959 i
1967 4911 2325 4965 Resurreaerit
2355 4911 2483 4981 legit
2514 4911 2697 4965 Sabat.
2717 4910 3050 4985 _Vers._Ant.
3084 4912 3144 4966 Si
3176 4914 3284 4981 ipse
3311 4932 3430 4985 pro-

1837 4983 2010 5048 phetes
2041 4985 2508 5037 exsurrexerit...”
2541 4994 2586 5035 et
2626 4981 2828 5035 dederit
2859 4982 2946 5033 tibi
2981 4984 3186 5051 signum
3219 4981 3319 5037 vel
3345 5005 3430 5041 os-

1836 5063 2048 5106 lentum.

1913 5123 1938 5160 ιι
1974 5125 2128 5179 Vers.
2167 5125 2292 5178 Ant.
2331 5123 2395 5176 Et
2445 5126 2682 5186 evenerit,
2733 5134 2780 5177 et
2827 5125 3051 5180 disserit:
3087 5125 3280 5181 Eamus
3321 5137 3426 5184 etc.

1836 5195 2077 5269 Graecus,
2110 5197 2239 5269 πρὸς
2270 5217 2358 5269 σε...
2382 5196 2449 5246 ad
2479 5207 2548 5258 te,
2583 5212 2635 5250 ιιι
2670 5195 2830 5269 Lucii

1913 5265 1927 5302 ι
1967 5267 2116 5320 νυτε.
2149 5265 2274 5319 Aut.
2312 5265 2604 5322 Eamus....
2653 5269 2750 5319 diis
2780 5267 2896 5320 aliis
2926 5284 3052 5336 quos
3097 5286 3196 5322 non
3227 5272 3368 5324 scitis
3414 5289 3424 5323 :

1835 5353 1897 5389 ne
1931 5339 2158 5391 audiatis
2200 5353 2578 5392 sermonem...
2613 5349 2700 5390 aut
2729 5343 3056 5393 somniatorts
3100 5342 3265 5408 illius,
3307 5345 3428 5410 quia

1833 5417 1943 5462 εις.

1907 5489 1942 5515 η·
1975 5479 2127 5534 Vers.
2165 5481 2288 5532 Aut.
2322 5479 2575 5532 Dominus
2605 5480 2744 5532 Deus
2780 5491 2962 5542 vester,
3017 5494 3070 5536 ut
3113 5486 3258 5546 sciat,
3291 5487 3336 5537 si
3367 5502 3427 5538 ea:

1835 5559 1938 5625 toto
1953 5554 2103 5603 corde
2129 5561 2234 5604 etc.
2257 5551 2471 5603 timeatis
2496 5550 2684 5625 Deum.
2709 5551 2881 5625 Graec.
2913 5553 3112 5615 εἰδέναι,
3132 5559 3173 5607 εἰ
3189 5559 3424 5625 ἀγαπᾶτε

1837 5621 2040 5745 ἱκῦρὶρν
2079 5625 2161 5677 τὸν
2200 5637 2268 5675 ex
2311 5637 2439 5676 mss.
2482 5623 2637 5676 Alex.
2675 5633 2730 5677 et
2761 5624 2967 5694 Oxon.)
3015 5629 3134 5679 Θεὸν
3174 5621 3335 5697 ὑμῶν,
3367 5637 3426 5682 ιιι

1883 5712 1965 5745 υρι
1999 5733 2010 5744 .

1883 5699 2010 5747 uctl'.

1904 5777 1932 5803 ιι
1964 5764 2116 5818 Vers.
2149 5767 2274 5817 Aut.
2319 5762 2434 5816 Post
2466 5763 2631 5818 Deum
2658 5776 2762 5820 etc.
2796 5767 2970 5821 Graec.
3003 5783 3121 5822 cum
3153 5769 3323 5824 Lucil.

1909 5844 1934 5871 °
1962 5834 2121 5890 Vers.
2152 5835 2276 5888 Ant.
2315 5834 2562 5890 Ilunc....
2595 5848 2641 5890 et
2682 5851 3029 5908 pracepta....
3062 5841 3375 5909 adjiciemini
3400 5857 3418 5894 :

1836 5909 2102 5976 praphetes
2133 5916 2300 5960 autent
2326 5916 2370 5960 et
2391 5909 2691 5975 somniator,
2716 5919 2821 5965 etc.

2914 6005 2992 6066 30
