3854 6388
444 372 549 427 933

1529 366 1855 427 LUCIFERI
1897 370 2205 430 EPISCOI‘I
2244 368 2672 429 CALARITANI
3616 382 3704 440 9U

440 484 608 537 libera
660 496 792 537 voce
834 481 1015 538 dicere
1053 482 1296 553 potuisse
1340 491 1390 537 te
1423 496 1545 538 esse
1574 484 1922 555 sacrilegum,
1951 485 2043 556 qui
2072 489 2120 547 Α
2151 486 2292 541 illius
2335 488 2470 541 misit
2518 484 2545 523 ἀ
2581 487 2651 541 ad
2700 487 3038 557 auferendum
3070 496 3226 558 caput
3255 506 3415 545 meum
3454 489 3543 562 (IV
3591 493 3709 565 Reg.

443 577 545 630 nisi
575 577 912 631 converteris
943 586 1110 632 tentet
1150 577 1213 630 ad
1247 576 1439 641 Deum,
1470 576 1611 645 quod
1642 576 1713 630 sit
1743 587 1793 631 te
1819 577 1885 631 ad
1914 576 2052 631 nihi-

440 670 547 723 lum
587 669 944 724 redacturtts?
970 670 1023 725 Si
1056 686 1161 724 non
1206 680 1257 724 te
1286 670 1582 724 fuissemus
1609 669 1831 732 hortati,
1864 671 1908 724 si
1941 686 2049 725 non

440 764 506 815 ad
534 762 964 817 satisfactionem
990 778 1436 832 provocaremus.
1455 764 1652 816 merito
1670 761 1888 817 diceres
1909 762 2048 817 odiri

441 868 493 910 te
522 873 549 910 a
577 858 879 912 nobis.Aut
910 873 1033 911 cum
1064 858 1254 911 audias
1283 872 1381 911 nos
1409 857 1619 920 dicere,
1646 855 1931 919 Paenitere,
1954 858 2049 909 im-

440 960 669 1019 perator,
729 950 930 1021 corrige
968 954 1076 1005 vias
1115 961 1252 1015 tuas,
1298 960 1352 1004 ut
1402 951 1769 1003 misericordia:
1814 950 2047 1003 invenias

441 1046 630 1108 locum,
664 1045 899 1101 arbitror
920 1047 1271 1101 considerare
1303 1056 1353 1101 te
1376 1046 1706 1117 oportuisse,
1734 1046 1877 1116 quod
1900 1046 2046 1101 enim

436 1136 682 1205 diligatis
731 1154 757 1189 a
820 1137 999 1204 nobis,
1043 1139 1244 1192 amaris
1286 1154 1314 1192 a
1358 1138 1542 1203 nobis;
1576 1148 1631 1193 et
1674 1147 1727 1191 tu
1760 1140 1810 1192 in
1851 1153 1917 1192 eo
1949 1152 2048 1191 nos

438 1230 781 1293 exsecraris;
810 1246 909 1286 cur
938 1247 1258 1287 maneamus
1290 1234 1342 1286 in
1377 1233 1481 1288 lide
1513 1232 1835 1303 apostolica,
1863 1230 2049 1286 reddis

440 1324 578 1376 mala
612 1338 712 1395 pro
744 1324 922 1380 boois.
959 1324 1074 1379 Non
1108 1327 1392 1391 miramur,
1420 1326 1463 1380 si
1496 1342 1615 1389 vos,
1646 1341 1712 1379 ex
1743 1339 1850 1392 quo
1896 1339 2050 1379 rece-

440 1414 568 1470 ditis
591 1434 618 1469 a
651 1417 746 1472 Dei
777 1419 1073 1482 voluntate,
1107 1430 1160 1473 et
1192 1419 1375 1474 facere
1413 1436 1519 1473 non
1552 1416 1805 1473 desinitis
1828 1418 2048 1473 deside-

437 1510 577 1563 rium
630 1512 857 1575 diaboli,
913 1512 1052 1567 bene
1100 1512 1258 1567 vobis
1310 1512 1431 1567 ﬁeri
1476 1513 1831 1583 poscentibus
1881 1513 2048 1567 Deum

440 1611 601 1671 atque
640 1603 989 1672 cupientibus
1034 1606 1449 1675 reprmsentetis
1490 1608 1663 1669 mala;
1709 1602 2051 1675 quandoqui-

439 1696 562 1750 dem
605 1697 676 1750 sit
701 1697 853 1751 vobis
882 1697 1104 1750 insitum
1132 1701 1271 1752 male
1297 1714 1480 1767 agere,
1511 1698 1712 1769 quippe
1740 1698 1829 1767 qui
1859 1698 2052 1751 abono

438 1789 503 1843 ad
538 1790 741 1844 malum
781 1791 1022 1846 feceritis
1064 1792 1374 1858 transitum,
1410 1794 1511 1848 hoc
1542 1792 1719 1847 estad
1751 1792 2048 1847 diabolum.

2153 596 2228 645 vt.
2280 580 2396 652 59.),
2448 580 2643 636 merito
2686 590 2747 636 ut
2794 596 2946 637 reum
2988 597 3075 638 me
3125 583 3436 654 injuriarum
3490 600 3712 658 peteres.

2154 673 2359 743 Spiritu
2387 682 2575 729 sancto
2619 673 2810 744 plenus
2837 674 3097 745 propheta
3140 676 3417 734 homicida:
3444 680 3602 738 lilium
3625 699 3713 737 vo-

2151 766 2295 820 cavit
2342 782 2522 836 regem
2566 765 2754 834 Israel,
2784 766 2887 823 hoc
2912 777 2994 823 est
3025 767 3190 824 lilium
3234 770 3443 840 diaboli,
3472 790 3573 829 non
3600 775 3714 843 quia

2150 866 2360 928 patrem
2394 858 2540 913 illius
2567 859 2845 914 carnalem
2869 859 3098 915 dixisset
3119 861 3458 929 homicidam,
3489 865 3580 921 sed
3608 864 3713 920 dia-

2150 951 2354 1017 bolum,
2390 952 2543 1023 cujus
2579 967 2638 1009 sc
2672 953 2843 1008 lilium
2890 969 3032 1017 esse.
3075 963 3135 1009 ut
3174 964 3225 1009 tu
3259 972 3396 1013 nunc
3433 966 3486 1013 te
3523 958 3716 1014 actibus

2152 1045 2259 1099 tuis
2298 1047 2500 1115 aperis,
2532 1055 2588 1101 et
2634 1046 2729 1103 ille
2758 1062 2819 1103 se
2864 1061 2985 1103 esse
3031 1047 3364 1103 monstrabat
3406 1049 3499 1105 Dei
3542 1065 3715 1121 perse-

2151 1140 2368 1210 quendo
2406 1154 2621 1204 servos,
2654 1138 2948 1210 prophetas
2996 1140 3142 1196 illius
3179 1141 3475 1197 clementia:
3522 1143 3716 1199 interli-

2151 1247 2276 1288 cere
2292 1232 2563 1287 audeudo.
2590 1232 2781 1288 Omnia
2812 1233 2925 1288 lucc
2952 1242 3009 1287 ut
3031 1232 3258 1300 faciatis,
3290 1233 3527 1290 diabolus
3551 1245 3715 1290 vestra

2152 1325 2375 1395 instigat
2399 1326 2586 1381 corda.
2613 1325 2766 1394 Quod
2792 1326 2864 1381 ita
2891 1339 3010 1382 esse
3034 1327 3218 1398 accipe
3249 1328 3521 1383 Dominum
3544 1328 3719 1383 dicen-

2155 1430 2259 1475 tem
2308 1418 2512 1475 Judtcis
2560 1419 2612 1474 in
2654 1420 2949 1491 Evangelio
2991 1438 3005 1474 :
3060 1420 3163 1477 Vos
3209 1431 3232 1460 ο
3263 1424 3327 1476 de
3359 1422 3553 1476 diabolo
3581 1432 3717 1492 patre

2154 1514 2261 1566 nati
2289 1513 2433 1575 estis,
2482 1522 2531 1566 et
2560 1513 3007 1582 concupiscentiae
3039 1512 3210 1569 Patris
3237 1514 3385 1569 clatri
3422 1519 3580 1585 facere
3616 1516 3719 1570 ναι-

2152 1608 2215 1660 tis
2245 1625 2263 1661 :
2293 1609 2382 1662 ille
2414 1608 2551 1661 enim
2586 1609 2844 1663 homicida
2870 1609 2969 1678 fuit
3004 1610 3067 1663 ab
3094 1610 3239 1664 initio
3270 1607 3441 1680 (Joan.
3470 1627 3578 1679 vm,
3609 1610 3715 1683 44).

2155 1700 2424 1771 Propheta
2455 1703 2671 1772 inqnant
2721 1702 2929 1757 Domini
2963 1703 3152 1772 plenus
3194 1701 3394 1772 Spiritu
3423 1716 3601 1759 sancto
3641 1720 3717 1760 re-

2155 1808 2276 1864 gem
2324 1794 2483 1849 Israel
2518 1794 2808 1850 homicida:
2847 1793 3013 1849 lilium
3040 1793 3354 1870 vocat,_boc
3392 1806 3473 1851 est
3506 1795 3712 1860 diaboli.

438 1884 493 1939 Si
520 1898 618 1938 nos
642 1893 696 1937 ttt
722 1886 1070 1953 persequeris
1085 1886 1379 1956 diligentes
1398 1896 1473 1951 te,
1497 1887 1681 1940 omnia
1707 1884 1803 1939 tibi
1828 1898 2046 1938 summa
2076 1875 2126 1937 Β
2153 1897 2209 1941 ct
2238 1902 2337 1943 nos
2365 1888 2651 1942 arbitraris
2679 1888 3063 1942 contumeliam
3095 1887 3190 1942 tibi
3220 1886 3413 1953 facere,
3439 1888 3555 1958 quia
3581 1887 3715 1942 dica-

438 1978 721 2047 cupientes
804 1980 1114 2048 provenire,
1191 1997 1297 2035 non
1356 1996 1609 2051 magnum
1669 1994 1770 2034 nec
1825 1993 2050 2045 novum,

438 2071 657 2139 quando
687 2080 740 2125 et
788 2072 950 2125 istum
991 2072 1212 2128 Samuel
1252 2074 1572 2144 praphetam
1603 2084 1765 2140 atque
1797 2071 2052 2126 sacerdo-

438 2171 547 2217 tem
598 2160 811 2215 Domini
846 2162 972 2217 Sanl
1019 2164 1176 2217 fuerit
1218 2175 1559 2232 persecutus.
1610 2163 2054 2233 I’ersequcbatur

437 2270 586 2319 eum,
623 2270 718 2324 per
747 2271 908 2326 quem
937 2266 990 2311 et
1030 2256 1082 2310 in
1124 2272 1308 2327 regem
1343 2268 1536 2312 unctus
1567 2256 1770 2324 fuerat,
1820 2266 1873 2310 ct
1900 2258 2053 2325 cujus

439 2365 631 2419 preces
678 2349 745 2403 ad
790 2350 1080 2405 Dominum
1117 2352 1231 2421 jugi
1263 2354 1647 2408 obsecratione
1678 2352 2052 2423 dirigebantur

436 2460 535 2513 pro
571 2444 949 2499 incolumitate
978 2446 1164 2513 utique
1196 2448 1350 2501 istius
1384 2447 1770 2517 persecutoris.
1807 2445 1865 2500 Si
1894 2444 2050 2500 nobis

436 2552 543 2591 non
597 2537 780 2591 credis
818 2537 1006 2592 dolere
1051 2539 1210 2592 nobis
1262 2538 1645 2592 sacerdotibus
1694 2538 1788 2591 Dei
1829 2552 1927 2607 pro
1974 2544 2049 2603 te,

433 2644 721 2701 propterea
752 2630 897 2700 quod
954 2642 1132 2685 tantas
1186 2632 1436 2687 hauseris
1477 2647 1732 2686 errorum
1774 2631 2051 2694 tenebras,

434 2726 577 2795 quod
609 2726 687 2780 sic
740 2735 910 2782 tentet
963 2727 1038 2781 sis
1067 2738 1338 2793 mactans,
1385 2728 1497 2781 Deo
1539 2725 1740 2781 dicenti
1788 2725 1953 2781 crede
1984 2724 2052 2779 ad

436 2817 657 2874 Samuel
690 2832 915 2890 propter
957 2820 1089 2875 Saul
1116 2836 1128 2871 :
1169 2819 1443 2890 Usqttt’qllo
1476 2829 1500 2857 δ
1537 2820 1677 2890 luges
1707 2830 1759 2871 tu
1791 2820 1843 2872 in
1874 2819 2053 2875 Sanl?

441 2910 575 2965 Ecce
650 2930 742 2982 ego
814 2914 1021 2983 expello
1089 2914 1238 2967 illum
1312 2930 1373 2966 ne
1440 2924 1617 2984 regnet
1679 2929 1835 2982 super
1883 2909 2053 2965 Israel

430 3004 473 3073 (l
507 3003 637 3077 Reg.
665 3021 773 3070 xvt,
808 3006 884 3076 1).
911 3006 980 3060 Et
1001 3022 1161 3075 supra
1186 3024 1198 3058 :
1230 3004 1297 3060 Et
1325 3006 1519 3074 factum
1549 3005 1574 3043 ι)
1607 3017 1677 3060 est
1707 3006 1917 3059 verbum
1942 3003 2052 3059 Do-

439 3097 568 3150 mini
599 3098 667 3150 ad
712 3097 949 3158 Samuel.
991 3098 1205 3152 dicens:
1257 3096 1479 3151 Ptcttitct
1509 3114 1588 3151 me
1615 3098 1754 3167 quod
1783 3098 2054 3151 constitue-

438 3189 537 3243 rint
561 3206 732 3261 regem
760 3188 918 3255 Saul,
943 3191 1407 3259 quoniamaversns
1431 3200 1501 3243 est
1525 3206 1557 3241 a
1579 3205 1680 3250 nte,
1702 3199 1748 3242 et
1771 3188 1921 3241 verba
1943 3203 2053 3241 mea

2159 1997 2280 2036 mus
2300 1992 2351 2037 te
2380 1996 2501 2036 esse
2524 1981 2929 2036 interfectorem
2956 1994 3233 2036 servormu
3254 1981 3364 2047 Dei,
3387 1995 3506 2037 esse
3520 1978 3713 2035 carnifi-

2166 2088 2285 2128 cem
2317 2086 2606 2141 corporum
2635 2080 3107 2138 nostrorunt,essc
3135 2082 3186 2128 te
3217 2072 3374 2127 totius
3396 2071 3712 2143 cogitationis

2157 2166 2327 2221 virum
2395 2165 2713 2236 injustitiae,
2778 2167 3172 2223 dcstructorem
3232 2165 3511 2236 religionis,
3566 2179 3714 2235 nega-

2157 2268 2331 2314 torem
2356 2258 2504 2313 unici
2544 2258 2666 2312 Filii
2700 2258 2827 2313 Dei?
2854 2258 2984 2327 Qua:
3015 2267 3068 2313 te
3096 2256 3271 2314 facere
3298 2257 3576 2319 cernimus.
3606 2257 3714 2313 haec

2156 2351 2389 2407 dicimus
2436 2349 2455 2391 ῐ
2476 2368 2491 2417 ;
2534 2349 2679 2423 quod
2719 2365 2800 2417 es,
2850 2350 2955 2406 hoc
2994 2359 3045 2406 te
3092 2365 3211 2407 esse
3240 2351 3543 2405 clamamus.
3580 2349 3713 2405 Dicis

2158 2458 2262 2499 nos
2294 2443 2619 2514 petulantes,
2651 2442 2906 2513 quoniam
2934 2442 3153 2513 quidem
3184 2442 3322 2511 quod
3348 2450 3429 2498 est
3451 2441 3542 2498 tibi
3579 2441 3713 2495 dica-

2158 2555 2297 2593 mus.
2328 2538 2486 2591 Dicas
2517 2537 2705 2603 velim,
2740 2536 2884 2593 unde
2913 2537 3220 2593 meruerita
3244 2535 3467 2591 Domino
3488 2535 3603 2591 talia
3629 2549 3713 2590 au-

2156 2631 2271 2686 dire
2294 2646 2386 2685 rex
2414 2630 2615 2687 Israel?
2638 2627 2931 2701 Eapropter
2952 2630 3088 2701 quod
3108 2629 3270 2695 fecisti
3291 2630 3415 2683 bona
3438 2645 3595 2683 coram
3618 2643 3706 2693 me,

2157 2735 2202 2778 et
2251 2723 2416 2794 fecisti
2458 2724 2741 2778 secundum
2767 2739 2855 2777 cor
2884 2739 3071 2787 meum,
3105 2732 3151 2777 et
3198 2723 3466 2776 secundum
3507 2725 3712 2774 animant

2157 2831 2342 2880 meam,
2372 2816 2549 2869 domui
2582 2814 2753 2868 Achab
2794 2832 2813 2869 :
2852 2815 2950 2884 ﬁlii
2997 2816 3069 2868 tui
3109 2824 3288 2885 quarta
3328 2813 3559 2886 progenie
3582 2813 3713 2867 κάει

2158 2910 2281 2962 bunt
2304 2910 2394 2963 tibi
2422 2910 2473 2962 in
2494 2913 2679 2963 throno
2701 2906 2958 2981 Israel(lV
2979 2906 3110 2980 Reg.
3137 2923 3189 2973 x,
3212 2906 3324 2977 50).
3346 2907 3460 2971 Dic,
3487 2907 3708 2975 inquam,

2157 3016 2255 3055 cur
2306 3001 2421 3055 lucc
2465 3001 2658 3056 audire
2704 3016 2731 3054 a
2784 3000 2896 3055 Deo
2935 2998 3227 3055 meruerit?
3266 3000 3385 3068 quia
3432 2996 3713 3069 pepercerit

2158 3094 2252 3150 Dei
2308 3094 2575 3149 inimicis?
2631 3109 2697 3147 an
2749 3093 2874 3163 quia
2917 3107 3011 3148 eos
3057 3106 3217 3162 quam
3262 3090 3514 3147 acerrime
3564 3088 3715 3144 fuerit

2159 3190 2321 3243 etiam
2350 3188 2532 3258 gladio
2561 3185 2916 3256 persecutus?
2945 3200 3011 3239 an
3038 3184 3160 3253 quia
3199 3182 3523 3238 interfecerit
3556 3181 3710 3235 lilium

438 3299 540 3336 non
584 3286 783 3335 statuit.
832 3281 898 3335 Et
938 3285 1270 3337 contristatus
1299 3292 1372 3335 est
1403 3281 1617 3335 Samuel
1642 3292 1688 3334 et
1720 3280 1958 3334 clamavit
1989 3279 2056 3333 ad
2084 3268 2129 3332 C
2161 3280 2347 3335 Achab
2375 3278 2717 3334 idololatrant
2737 3286 2794 3333 et
2817 3275 3166 3345 quadraginta
3188 3275 3303 3345 ejus
3321 3271 3712 3329 lilioslleaabe-

437 3373 719 3428 Dominum
743 3386 849 3429 tota
878 3386 1025 3430 nocte
1045 3386 1094 3428 et
1120 3385 1240 3429 ante
1263 3376 1309 3427 lt-
1322 3392 1428 3429 cent
1460 3373 1625 3445 (Ibid.
1659 3391 1750 3437 xv,
1774 3374 1889 3445 10).
1915 3374 2047 3429 Cum

440 3468 558 3523 ltmc
592 3480 814 3538 propter
856 3467 989 3523 Saul
1028 3471 1176 3539 regis
1224 3468 1660 3523 incolutttilatem
1704 3468 1923 3522 Samuel
1965 3482 2050 3521 sa-

440 3559 634 3614 cerdos
664 3561 861 3631 egerit,
894 3570 1072 3614 tamen
1113 3561 1238 3616 Sattl
1275 3572 1459 3629 postea
1493 3562 1924 3630 persequebatur
1949 3559 2049 3614 Sa-

442 3652 697 3716 muelem,
742 3666 843 3705 nec
892 3666 1231 3722 cognoscens
1283 3656 1469 3719 miser,
1522 3653 1667 3722 quod
1723 3652 2048 3722 prophetam

441 3756 602 3815 atque
654 3745 998 3800 sacerdotem
1035 3757 1458 3816 persequeretur
1499 3747 1750 3800 Domini:
1801 3748 1874 3800 ita
1912 3760 1965 3801 et
1996 3756 2051 3801 tu

440 3842 702 3907 ignorans
734 3836 862 3907 quid
896 3836 1101 3891 faciens
1150 3841 1247 3902 sis,
1299 3839 1645 3908 persequeris
1693 3852 1813 3904 nos,
1862 3838 1954 3907 qui
2001 3847 2054 3895 te

439 3931 660 3998 placere
691 3930 803 3985 Deo
830 3931 1133 3999 cupiamus,
1178 3943 1231 3986 et
1260 3948 1412 3985 amas
1446 3946 1541 3986 eos
1573 3932 1664 4001 qui
1686 3947 1872 3987 Secum
1905 3941 1955 3987 te
1986 3930 2051 3987 ad

438 4033 700 4079 :eternatn
728 4034 960 4079 mortem
994 4023 1235 4088 trahant,
1263 4024 1328 4079 ad
1360 4038 1679 4095 perpetuam
1721 4024 1935 4079 Domini
1966 4024 2051 4079 0f-

444 4122 650 4173 l'cnsam
679 4136 691 4171 :
728 4118 1029 4187 indignaris
1053 4134 1149 4173 cur
1174 4134 1300 4173 vera
1332 4118 1542 4183 audias,
1573 4136 1697 4173 cum
1728 4119 1917 4174 videas
1947 4120 2048 4173 Sa-

447 4211 588 4263 muel
621 4209 962 4264 sacerdotem
1004 4210 1217 4264 Domini
1262 4227 1371 4265 non
1404 4210 1682 4265 adulatum
1736 4222 1756 4249 ε
1788 4211 1904 4281 regi
1936 4211 2053 4265 ani-

446 4318 611 4356 mum.
633 4302 771 4369 Quid
797 4302 1055 4357 decuerat
1082 4301 1231 4356 aliud
1260 4318 1629 4369 prcccessores
1649 4313 1887 4367 nostros,
1907 4302 2051 4358 aliud

448 4414 545 4452 nos
574 4398 773 4468 agerc?
803 4398 911 4451 Cur
938 4397 1033 4452 tibi
1066 4412 1194 4451 vera
1224 4397 1499 4462 dicamus,
1528 4398 1745 4467 superbi
1777 4397 1873 4450 tibi
1904 4398 2055 4451 vide-

447 4507 583 4545 mur.
624 4490 766 4556 Quid
810 4504 838 4542 a
886 4490 1046 4543 nobis
1081 4488 1311 4542 audisti?
1345 4504 1541 4557 nempe
1585 4490 1729 4559 quod
1781 4487 2051 4543 homicida

448 4586 521 4638 sis
552 4601 564 4636 :
613 4584 657 4637 si
690 4583 1006 4647 mentimur,
1041 4592 1169 4636 tunc
1211 4582 1617 4647 contutncliOsi,
1655 4591 1782 4637 tunc
1829 4582 2051 4653 superbi

447 4688 591 4730 recte
622 4674 860 4729 dicimur
880 4693 907 4727 a
942 4684 993 4729 te
1022 4692 1032 4727 :
1065 4676 1110 4729 si
1142 4690 1271 4729 vero
1300 4691 1412 4729 rem
1442 4674 1692 4730 dicamus
1710 4691 1917 4741 veram,
1942 4692 2047 4730 non
2074 4652 2128 4713 D

445 4785 630 4825 sumus
658 4768 1067 4830 contumeliosi.
1100 4769 1193 4825 sed
1234 4769 1311 4835 hi,
1355 4771 1445 4839 qui
1478 4772 1752 4823 imitemur
1782 4771 1929 4835 illos,
1958 4770 2049 4840 qui

445 4866 750 4921 commissis
780 4863 882 4917 sibi
908 4880 1013 4917 non
1039 4863 1330 4925 adulando,
1362 4862 1457 4917 sed
1482 4878 1577 4915 eos
1604 4864 1897 4916 salubriter
1914 4878 2049 4932 pra:-

450 4960 742 5025 monendo,
773 4960 863 5012 Dei
895 4960 1033 5013 ellici
1068 4959 1371 5012 meruerint
1395 4956 1759 5012 dilectissimi.
1793 4956 1874 5011 Ad
1908 4956 2054 5012 llcli-

448 5070 597 5110 senm
624 5051 1064 5107 interficiendum
1094 5052 1414 5119 prOphetam
1446 5059 1503 5105 ut
1544 5066 1636 5106 rex
1679 5050 1827 5106 misit
1858 5050 2046 5120 Israel,

446 5150 490 5202 si
527 5150 748 5203 minimc
780 5147 1010 5217 legisses
1053 5145 1257 5200 dixisse
1289 5145 1564 5200 llcliseum
1606 5145 1673 5199 ad
1701 5160 1817 5210 eos,
1849 5146 1938 5215 qtti
1967 5162 2051 5202 sc-

446 5244 862 5305 itum-fuissent,
916 5240 975 5295 Si
1022 5240 1250 5305 vidistis,
1298 5241 1541 5309 quoniam
1589 5241 1731 5309 ﬁlius
1779 5240 2052 5297 homicida:

523 5370 546 5397 λ
583 5360 857 5426 Quousque
880 5354 1041 5409 habet
1076 5353 1273 5407 ibidem
1301 5354 1511 5409 Lucifer
1535 5369 1631 5423 pro
1663 5370 1944 5426 usquequo.

521 5433 545 5469 δ
574 5424 783 5485 Eadem
814 5427 932 5480 vide
961 5427 1013 5479 in
1046 5426 1136 5478 lib.
1162 5427 1353 5498 eodem
1386 5427 1729 5498 pag._5'2(ltic
1753 5424 1853 5479 col.
1889 5426 2040 5498 79]),

452 5503 540 5555 tibi
563 5502 856 5557 Snmuelrm
900 5515 994 5566 pro
1024 5497 1259 5561 Samuel,
1306 5508 1359 5550 et
1392 5497 1458 5550 ad
1504 5496 1670 5550 Deum
1705 5514 1801 5563 pro
1836 5497 1905 5549 ad
1934 5495 2043 5551 Do-

447 5577 660 5626 minam.
695 5577 783 5625 Sic
805 5587 1019 5641 quoque
1048 5572 1207 5623 verba
1240 5578 1508 5633 postrema
1536 5570 1998 5639 intet'pnnguntttr
2028 5589 2037 5622 :

452 5644 580 5698 Ton
610 5654 792 5696 nocte:
818 5654 862 5694 et
891 5652 1009 5694 tmte
1040 5644 1224 5693 lucent.

522 5729 542 5754 ε
594 5722 768 5769 Lnt'tts
812 5728 1116 5777 cut‘rupttts,
1156 5710 1324 5781 inquit
1357 5710 1459 5767 Til.
1489 5727 1649 5782 quem
1676 5711 1772 5783 Vita
1821 5711 2048 5783 corrigit

447 5786 619 5840 Latin.
642 5787 910 5836 udulntnm
936 5801 1062 5853 regi.
1087 5786 1163 5835 An
1192 5783 1439 5849 numquId
1459 5798 1566 5837 etc.
1590 5782 1684 5837 sed
1719 5798 1822 5835 non
1845 5782 2045 5837 abhor-

442 5872 560 5912 t'ent
587 5856 893 5925 hujnsmodt
913 5855 1253 5908 locutionesa
1275 5856 1413 5924 styln
1433 5856 1669 5909 Luciferi
1692 5871 1704 5907 :
1729 5854 1843 5909 huic
1859 5869 2042 5909 autem

441 5931 659 5984 retineri
682 5938 878 5995 potest,
896 5928 938 5981 si
964 5927 1035 5982 ita
1057 5928 1225 5996 legas;
1252 5942 1355 5981 non
1386 5929 1659 5981 adutatum
1686 5942 1794 5982 esse
1814 5928 2045 5981 animum

2155 3375 2259 3428 lem
2275 3389 2491 3444 quoque
2520 3371 2765 3441 reginam
2790 3369 2932 3440 quod
2945 3371 3261 3424 exstinctam
3284 3365 3708 3438 projeceritcani-

2152 3468 2274 3535 bus,
2307 3481 2607 3536 omnesque
2636 3478 2825 3520 servos
2859 3463 2984 3517 Baal
3011 3477 3131 3518 cum
3161 3460 3408 3517 omnibus
3431 3458 3712 3516 sacerdoti-

2153 3562 2255 3617 bus
2300 3571 2356 3616 et
2388 3559 2668 3631 prephctis
2699 3555 3036 3613 confusionis
3064 3570 3159 3611 ore
3202 3553 3511 3611 exstinxerit
3537 3550 3711 3623 gladii,

2152 3653 2295 3724 quod
2338 3652 2632 3708 simulacra
2675 3649 3023 3713 destruxerit,
3061 3648 3238 3717 placet
3276 3647 3400 3701 Deo.
3452 3644 3555 3700 No:
3594 3642 3714 3713 quid

2154 3761 2316 3818 agere
2345 3746 2487 3801 circa
2531 3753 2583 3799 te
2622 3741 2901 3807 decuerat,
2947 3756 3014 3796 ne
3064 3754 3161 3795 nos
3205 3739 3537 3794 contumelia:
3577 3736 3714 3791 desi-

2154 3856 2350 3911 gnares
2424 3853 2548 3894 reos
2603 3848 2654 3893 te
2707 3837 2890 3903 circa,
2966 3849 3126 3905 quem
3179 3834 3360 3890 Achab
3410 3842 3464 3889 et
3511 3829 3713 3887 Iezabel

2155 3934 2270 3987 vias
2325 3940 2599 3987 tenentem
2671 3929 2954 3985 videmus?
3008 3944 3116 3984 non
3187 3937 3268 3983 est
3327 3941 3513 3983 novum
3578 3923 3714 3996 quod

2154 4026 2269 4098 agis
2323 4025 2503 4081 facere
2562 4032 2754 4079 contra
2808 4022 3019 4089 Deum,
3076 4021 3387 4093 impugnare
3453 4018 3565 4089 ejus
3626 4018 3716 4072 do-

2154 4136 2323 4186 mum,
2388 4118 2640 4190 persequi
2690 4116 2808 4185 ejus
2862 4114 3133 4171 antistites
3179 4130 3291 4180 eos,
3350 4126 3441 4183 per
3486 4124 3615 4179 quos
3669 4118 3718 4165 te

2156 4222 2341 4269 monet
2396 4223 2452 4266 ut
2503 4212 2597 4267 tibi
2647 4212 2934 4274 consulas,
2993 4221 3051 4265 ut
3097 4208 3223 4263 dum
3269 4216 3351 4263 est
3406 4207 3550 4262 locus
3602 4218 3717 4275 pa:-

2156 4308 2424 4371 nitentirc,
2443 4313 2613 4361 tentet
2639 4304 2824 4361 trahas
2853 4320 2882 4359 a
2912 4303 3072 4359 malo.
3092 4301 3325 4358 Fuerunt
3348 4299 3437 4356 tibi
3459 4310 3578 4356 ante
3593 4299 3717 4379 tein

2156 4398 2444 4470 sacrilegio
2471 4398 2679 4454 similes
2708 4399 2789 4454 sic
2822 4397 2979 4453 idolis
3005 4395 3299 4451 servientes
3335 4392 3584 4448 derelicto
3609 4391 3717 4447 Deo

2159 4505 2370 4566 patrum
2415 4508 2660 4549 suorum.
2711 4492 2770 4547 In
2817 4491 2958 4547 libro
3006 4487 3241 4545 secundo
3294 4486 3715 4555 Paralipomenon

2158 4590 2433 4648 Amasiant
2489 4599 2513 4637 ε
2565 4602 2747 4658 regem
2795 4585 2944 4641 Judae
2997 4583 3372 4639 communitum
3419 4596 3449 4637 a
3490 4579 3602 4635 Deo
3626 4593 3715 4647 per

2159 4684 2478 4756 prephctam
2500 4724 2515 4749 ,
2550 4697 2621 4736 ne
2650 4696 2716 4735 ex
2746 4679 2870 4735 ﬁliis
2914 4676 3109 4745 Israel,
3140 4691 3270 4749 quos
3308 4686 3514 4733 centum
3559 4671 3714 4728 milli-

2159 4779 2259 4834 bus
2297 4775 2325 4816 ιι
2370 4776 2588 4831 talentis
2631 4772 2838 4844 argenti
2884 4770 3248 4836 conduxerat,
3280 4782 3453 4826 secum
3501 4764 3714 4819 fuissent

2160 4872 2386 4943 profecti
2417 4870 2483 4924 ad
2526 4868 2761 4933 bellum,
2806 4874 3088 4936 propterea
3119 4864 3365 4921 videlicet
3397 4857 3532 4930 quod
3579 4858 3711 4914 Deus

2156 4965 2540 5034 dereliquisset
2570 4961 2756 5027 Israel,
2800 4958 3053 5029 quoniam
3080 4957 3292 5029 quidem
3318 4951 3712 5022 dereliquisseut

2158 5061 2365 5125 Deum,
2417 5068 2469 5113 et
2529 5054 2689 5110 idolis
2744 5053 3059 5109 serviissent
3123 5068 3135 5102 :
3192 5043 3567 5116 obtemperavit
3622 5056 3709 5097 rex

2154 5150 2437 5223 protihetm
2486 5148 2700 5211 verbis,
2742 5143 2971 5202 credidit
3014 5142 3108 5198 Dei
3157 5138 3315 5195 fuisse
3362 5134 3710 5193 comminatio-

2156 5259 2306 5301 nem.

2153 5359 2430 5431 reg‘i.__pro
2456 5355 2630 5408 animo
2658 5353 2810 5431 regis.
2843 5346 3156 5431 Gallandius
3182 5344 3461 5403 assentitur
3485 5340 3704 5399 Latinio.

2225 5425 2251 5466 δ
2287 5428 2440 5481 Vcrs.
2472 5432 2597 5480 Ant.
2635 5425 2854 5496 Auferre
2882 5429 3047 5496 caput?
3064 5434 3247 5496 meum.

2228 5510 2251 5538 ο
2267 5478 2605 5554 Eadcm'vide
2619 5478 2671 5551 in
2692 5478 2827 5550 lib."
2842 5478 3006 5561 proS.
3025 5490 3215 5545 Athan.
3236 5504 3351 5560 pag.
3379 5486 3476 5543 HS
3494 5494 3546 5541 et
3562 5478 3698 5539 noLl

2152 5572 2259 5645 (hic
2285 5569 2381 5645 col.
2417 5571 2544 5645 88".,
2574 5579 2622 5623 et
2646 5578 2751 5621 no‘.
2782 5577 2803 5604 ε
2833 5563 2933 5645 c_ol.
2955 5563 3112 5645 S83):
3214 5633 3245 5645 η
3268 5632 3300 5645 η
3336 5632 3346 5644 ,
3506 5627 3565 5645 η

2230 5641 2247 5680 ί
2283 5642 2411 5697 lltrc
2436 5625 2675 5704 dicimus,
2699 5652 2820 5691 cum
2853 5636 3029 5690 Latin.
3057 5625 3168 5689 Hoc
3191 5632 3475 5686 didicimus.
3506 5625 3605 5683 ‘I'il.

2225 5724 2251 5783 β
2291 5715 2511 5781 Suhjiee
2544 5713 2763 5783 legimus
2784 5705 3181 5783 CUIII‘Gttllattd.
3212 5774 3252 5783 __
3291 5775 3304 5783 _
3412 5770 3444 5783 Α
3479 5767 3519 5783 Ἀ
3562 5782 3571 5783 7
3610 5766 3641 5783 ν

2225 5782 2252 5821 δ
2294 5766 2525 5839 Mtlltbus
2548 5766 2801 5837 dctnitut'
2838 5794 2868 5835 a
2894 5777 3071 5834 Latin.
3115 5792 3179 5834 ex
3212 5774 3383 5847 Vulg.,
3410 5770 3447 5827 2
3479 5766 3696 5837 Paralip.

2152 5872 2278 5927 xxv,
2310 5864 2363 5930 υ,
2394 5866 2449 5913 et
2477 5853 2695 5911 Grzco.
