3854 6390
187 416 288 474 915

755 419 846 477 DE
884 420 1024 478 NON
1065 421 1428 480 PARCENDO
1467 422 1535 479 lN
1574 421 1764 479 DEUM
1805 421 2403 490 DELINQUENTIBUS
2442 422 2647 480 LIBER
2686 422 2889 481 UNUS.

3368 424 3479 479 946

185 532 322 601 Quid
344 542 371 571 ι
392 532 482 590 hic
512 534 677 590 facit?
703 536 1063 609 Posteaquam
1094 539 1439 595 adversarios
1487 555 1617 595 suos
1643 539 1768 595 sub-
1794 544 1845 603 Α
1873 550 1985 595 tace
2008 557 2072 594 ne
2096 541 2398 611 ﬂagelleris.
2426 539 2540 593 Non
2569 549 2650 595 est
2673 555 2700 592 a
2732 540 2891 595 nobis
2918 538 3148 609 primum
3179 540 3401 608 factum,
3428 542 3477 595 si

188 628 311 698 igit,
352 630 669 686 eorutndetn
723 632 864 686 idola
914 634 1171 700 tollenda,
1202 647 1363 705 atque
1420 634 1488 690 ad
1552 652 1775 707 regnum

186 733 339 775 suum
359 723 736 777 transferenda
759 727 987 791 putavit,
1005 738 1057 779 ct
1080 728 1193 796 ipsa
1219 728 1515 793 adoranda;
1535 728 1619 783 cui
1651 730 1776 797 quia

185 809 383 866 dixerit
427 811 522 867 ille
564 815 655 868 Dei
702 814 900 881 homo,
933 833 1039 869 non
1088 818 1223 872 bene
1276 820 1424 871 illum
1480 822 1675 889 egisse,
1720 829 1777 874 ut

185 906 350 962 Deum
380 907 765 980 derelinquens
810 912 951 966 idola
1000 913 1203 968 coleret
1242 917 1525 985 gentium,
1565 915 1775 972 fortiter

182 1010 265 1055 est
289 1001 497 1057 Domini
524 1004 843 1074 prophetam
868 1006 968 1061 iste
988 1022 1081 1063 rex
1110 1018 1442 1077 persecutus.
1471 1012 1769 1079 CODSpiClS.

181 1092 324 1161 quod
354 1093 409 1147 in
441 1095 595 1150 vobis
624 1100 904 1151 conversis
938 1100 988 1151 in
1018 1101 1350 1168 apostasiam
1386 1117 1605 1169 semper
1631 1120 1771 1158 unus

182 1183 344 1239 fuerit
371 1185 587 1241 animus
622 1187 687 1242 ad
724 1191 1131 1259 persequendos
1178 1207 1272 1247 eos
1292 1235 1307 1259 ,
1335 1195 1424 1263 qui
1456 1194 1606 1249 vobis
1636 1196 1769 1251 bene

178 1279 364 1334 velint.
401 1279 468 1333 Et
495 1284 692 1351 factum
717 1293 826 1350 est,
852 1285 980 1338 dicit
1022 1287 1289 1355 scriptura
1320 1300 1505 1341 saneta
1525 1329 1538 1352 ,
1562 1300 1767 1356 postea-
1844 1340 1847 1341 ,

174 1388 331 1441 quam
379 1374 514 1427 venit
562 1375 798 1429 Amusius
844 1388 1103 1447 percutere
1156 1377 1477 1445 ldunta'am,
1506 1390 1551 1433 et
1596 1382 1767 1435 attulit

171 1464 295 1517 inde
312 1464 438 1519 deos
458 1467 644 1519 montis
673 1467 793 1522 Seir
816 1508 831 1533 ,
862 1479 909 1522 et
936 1471 1110 1523 statuit
1136 1488 1221 1523 eos
1257 1471 1353 1524 sibi
1378 1472 1431 1523 in
1460 1472 1580 1524 deos
1597 1514 1611 1538 ,
1638 1482 1686 1525 et
1712 1474 1764 1526 in

171 1567 439 1627 conspectu
464 1573 643 1612 eorum
676 1561 927 1614 adorabat
952 1604 967 1625 ,
997 1573 1043 1615 et
1080 1564 1189 1629 ipse
1230 1564 1301 1616 eis
1341 1564 1657 1617 immolabat.
1696 1564 1763 1617 Et

168 1654 309 1721 facta
336 1661 411 1705 est
441 1668 598 1723 super
636 1651 664 1691 ι»
693 1669 809 1707 eunt
830 1656 909 1707 ira
939 1652 1153 1708 Domini
1179 1657 1233 1708 in
1264 1658 1525 1711 Antasium
1546 1700 1560 1722 ,
1588 1668 1635 1709 et
1662 1660 1761 1711 nti-

167 1744 234 1796 tit
273 1743 343 1797 ad
385 1759 503 1798 eum
532 1746 836 1815 prophetam
880 1744 1142 1810 Danaam,
1169 1749 1398 1818 dixitque
1443 1750 1487 1802 ei
1516 1746 1716 1804 Baneus
1742 1766 1762 1803 :

168 1834 311 1903 Quid
330 1837 560 1906 quasisti
586 1838 705 1891 deos
728 1840 908 1907 pepuli
934 1880 947 1903 ,
977 1840 1065 1905 qui
1094 1856 1194 1893 non
1227 1840 1564 1895 liberaverunt
1593 1858 1759 1909 popu-

1880 634 2120 690 dicamus
2178 635 2272 688 tibi
2328 636 2564 701 erranti,
2611 635 2943 689 ordinationi
2994 635 3088 690 Dei
3156 636 3475 701 resistenti,

1880 742 2047 782 novas
2079 727 2189 781 vias
2219 728 2559 781 constituere
2593 726 2859 781 laboranti
2888 745 2900 779 :
2937 725 3080 781 Male
3107 730 3236 797 facis
3265 745 3367 781 non
3398 728 3473 783 ire

1877 836 1967 890 per
2006 820 2135 871 riunt
2164 860 2177 883 ,
2209 835 2299 886 per
2343 834 2497 883 quam
2540 834 2714 871 omnes
2747 815 2844 869 Dei
2888 819 3109 870 cultores
3138 819 3203 869 ad
3246 818 3473 871 ctrlestia

1876 929 2032 983 regna
2071 922 2427 983 perrenet‘ttnl.
2461 911 2665 981 Legisti
2696 909 2883 964 Oziam
2914 919 2937 955 ε
2982 924 3163 979 regem
3191 909 3469 979 jnrgatum

1875 1020 1904 1058 a
1927 1005 2300 1059 sacerdotibus
2334 1004 2581 1066 Domini,
2614 1018 2712 1057 cur
2743 1004 2933 1070 illicita
2961 1002 3150 1056 fuisset
3186 1016 3349 1055 ausus
3373 1018 3469 1071 ge-

1875 1112 2035 1150 rere:
2072 1096 2135 1149 Et
2189 1099 2439 1161 intrauit,
2502 1096 2679 1165 inquit
2734 1094 3052 1161 Scriptura,
3111 1094 3163 1146 in
3222 1094 3471 1160 templum

1873 1187 2079 1242 Domini
2106 1190 2368 1242 incensum
2396 1202 2587 1255 ponere
2614 1203 2768 1255 super
2802 1186 2966 1239 altare
2992 1201 3007 1238 :
3040 1194 3087 1239 et
3115 1186 3326 1238 intravit
3358 1195 3472 1255 post

1872 1299 1986 1336 eum
2020 1282 2173 1337 Ozias
2202 1279 2230 1317 ⁸³
2257 1280 2498 1336 sacerdos
2520 1322 2535 1347 ,
2568 1292 2613 1333 et
2644 1297 2758 1333 cum
2784 1282 2897 1348 ipso
2932 1280 3225 1333 sacerdotes
3260 1278 3473 1333 Domini

1870 1378 2083 1447 triginta
2128 1377 2140 1413 ί
2194 1378 2292 1445 ﬁlii
2339 1377 2570 1439 virtutis,
2600 1384 2649 1428 et
2696 1382 3035 1427 surrexerunt
3081 1390 3235 1442 super
3284 1372 3471 1426 Odium

1867 1489 2037 1544 regem
2062 1488 2080 1525 .'
2110 1482 2155 1524 et
2184 1472 2419 1525 dixerunt
2458 1472 2505 1525 ei
2531 1488 2548 1524 :
2579 1469 2701 1524 Non
2740 1470 2856 1523 licet
2910 1468 3000 1521 tibi
3037 1467 3172 1522 Odia
3198 1469 3469 1525 incendere

1869 1564 2112 1629 Domino,
2138 1564 2227 1616 sed
2253 1562 2597 1616 sacerdotibus
2628 1563 2752 1630 ﬁliis
2786 1562 2991 1623 Aaron,
3029 1561 3116 1629 qui
3158 1560 3479 1652 sanctiﬁcati

1863 1668 1982 1711 sunt
2008 1669 2064 1711 ut
2089 1658 2385 1711 incendant.
2429 1654 2531 1709 Exi
2578 1656 2641 1707 de
2668 1656 2860 1706 sanctis
2886 1694 2899 1716 ,
2931 1654 3173 1721 quoniam
3212 1653 3462 1705 recessisti

1864 1766 1895 1803 a
1917 1748 2159 1815 Domino,
2180 1758 2344 1802 etnon
2371 1748 2466 1802 erit
2488 1748 2578 1799 tibi
2601 1746 2740 1798 istud
2770 1746 2824 1797 in
2846 1746 3082 1798 Itonorea
3107 1743 3333 1798 Domino
3360 1742 3468 1795 Dco

1865 1843 1971 1915 (Ib.
1995 1841 2246 1904 sxvr,16,
2271 1840 2425 1911 seq.).
2460 1838 3047 1893 Diciscontumeliosos
3066 1836 3174 1889 illii
3203 1834 3465 1889 fuissere-

165 1927 275 1979 lum
296 1942 444 1979 suum
459 1928 523 1980 de
535 1944 687 1981 manu
711 1939 795 1981 tua
812 1929 837 1981 .’
868 1928 933 1981 Et
964 1933 1155 1998 factum
1178 1942 1272 1997 est,
1297 1941 1349 1983 ut
1372 1934 1665 2000 loqueretur
1686 1934 1753 1995 ei,
1786 1931 1837 1992 Β
1861 1937 1911 2007 gi
1934 1935 2145 1989 Domini
2164 1934 2493 1995 sacerdotes,
2519 1933 2727 1986 necne?
2747 1932 2803 1985 Si
2829 1945 2926 1985 nec
2944 1930 3068 1983 dum
3091 1928 3309 1983 fuerunt
3327 1943 3458 1983 con-

164 2022 300 2075 dixit
320 2024 389 2075 ad
409 2038 524 2075 eunt
541 2039 558 2076 :
576 2022 845 2093 Numquid
856 2026 1208 2079 consiliarium
1233 2028 1365 2096 regis
1379 2028 1494 2079 dedi
1512 2026 1587 2081 te?
1603 2043 1721 2079 care
1737 2039 1757 2064 ε

170 2112 266 2167 tibi
281 2114 634 2184 neﬂagelleris
658 2114 986 2183 (llPurulip.
1022 2117 1357 2188 xxv,H,set/.
1371 2121 1407 2188 ).
1421 2120 1452 2169 γ
1466 2119 1597 2184 ides,
1615 2120 1757 2173 Con-

157 2206 349 2270 stanti,
364 2220 527 2277 quam
547 2220 788 2264 amentes
814 2210 1149 2272 efficiamini,
1170 2219 1357 2280 postea
1372 2227 1531 2281 quant
1550 2213 1761 2280 placue-

156 2298 395 2353 ritvobis
406 2299 623 2355 diabolo
641 2304 822 2356 vivere
834 2304 1157 2369 servientes,
1181 2314 1530 2373 posteaquam
1551 2305 1757 2372 placue-

151 2393 227 2447 rit
251 2392 406 2449 vobis
436 2398 649 2449 nescire
667 2394 835 2449 Deum
869 2406 1038 2449 totum
1074 2407 1371 2464 potentem,
1406 2408 1757 2467 posteaquam

151 2484 439 2554 elegeritis
464 2486 621 2540 vobis
651 2488 703 2540 in
732 2490 1115 2543 contumeliam
1144 2489 1235 2543 llei
1258 2505 1351 2542 vos
1376 2500 1627 2560 oportere
1649 2498 1757 2543 sta.

151 2584 310 2630 tuere
341 2576 726 2633 idololatriam.
761 2578 828 2633 Ut
850 2582 993 2633 enim
1025 2581 1113 2635 ille
1139 2581 1275 2635 dixit
1302 2600 1314 2635 :
1348 2580 1615 2650 Numquid
1642 2583 1693 2635 in
1727 2580 1753 2618 δ

148 2670 516 2723 consiliarium
571 2674 703 2743 regis
759 2675 878 2727 dedi
920 2676 1009 2727 te.’
1055 2692 1175 2728 cure
1232 2677 1322 2729 tibi
1374 2693 1435 2728 ne
1474 2677 1756 2747 ﬂugelleris

148 2757 267 2831 (Ib.
296 2760 411 2832 i6);
441 2762 513 2815 ita
534 2773 588 2818 et
607 2773 693 2817 tu:
718 2762 983 2833 Numquid
1006 2782 1090 2819 vos
1114 2766 1241 2819 mihi
1259 2768 1585 2820 consiliarios
1604 2769 1753 2839 elegi,

145 2852 325 2917 dicis,
360 2863 519 2906 utnon
564 2864 719 2925 prout
764 2858 889 2909 milii
941 2858 1187 2927 placitum
1228 2868 1301 2911 est
1328 2874 1502 2929 geram
1526 2899 1540 2922 ,
1568 2868 1623 2909 ut
1652 2874 1754 2911 non

145 2947 286 2998 [tunc
330 2956 524 2999 teneam
552 2949 686 3000 riam
712 2965 869 3018 quam
900 2953 1114 3003 tenuerit
1148 2952 1330 3004 Arius?
1356 2952 1462 3006 Nec
1479 2952 1754 3019 conspicis

141 3054 259 3109 quo
281 3040 537 3109 exemplo
568 3041 839 3097 interierit
862 3041 1349 3110 Arins‘lquontodo
1372 3043 1424 3097 in
1449 3059 1572 3097 eum
1604 3043 1705 3097 fuit
1728 3054 1750 3080 ο

141 3129 487 3184 vindicatum
538 3131 832 3187 divinitus?
880 3133 1130 3199 Interea,
1164 3137 1289 3203 quia
1333 3136 1467 3189 dicis
1514 3150 1611 3188 nos
1656 3136 1750 3189 tibi

139 3239 275 3279 esse
310 3225 773 3293 contumeliosos,
816 3227 939 3283 vide
987 3227 1130 3282 hunc
1179 3228 1273 3282 Dei
1323 3228 1595 3283 hominem
1643 3245 1750 3282 noti

142 3318 461 3387 pepercisse
484 3318 861 3388 consacrilego
881 3330 971 3373 tun
998 3321 1073 3373 illi
1100 3322 1209 3389 regi
1232 3361 1246 3385 ,
1272 3320 1365 3373 sed
1394 3331 1745 3391 posteaquam
1774 3313 1819 3375 C

137 3408 355 3464 dictum
368 3420 452 3465 est
473 3410 545 3478 ei,
565 3410 697 3465 Tace
712 3428 773 3464 ne
786 3410 1234 3483 ﬂagellcris(lb.),
1250 3412 1450 3465 dixisse
1472 3414 1537 3466 ad
1560 3415 1707 3467 illum
1733 3433 1745 3468 :

140 3503 277 3557 Scio
296 3520 390 3575 ego
405 3510 648 3574 quoniam
664 3504 917 3558 Dominus
937 3505 1073 3557 Deus
1104 3507 1362 3575 disperdet
1391 3518 1455 3564 te.
1480 3509 1565 3575 qui
1584 3509 1748 3577 fecisti

135 3595 319 3661 istud,
357 3607 403 3650 et
444 3612 547 3651 non
589 3598 846 3651 obundisti
886 3599 1159 3651 consilium
1206 3616 1389 3651 meum.
1434 3597 1490 3651 lu
1538 3614 1639 3669 qua
1690 3616 1745 3653 re

138 3703 251 3743 nos
282 3691 453 3742 sentis
480 3691 947 3743 contumeliosos?
972 3705 1167 3758 nempe
1196 3692 1317 3759 quia
1351 3691 1577 3744 dicimus
1614 3692 1741 3744 tibi:

137 3780 265 3834 Nos
287 3782 475 3834 scimus
502 3823 517 3848 ,
545 3785 682 3850 quod
704 3785 862 3848 enim,
888 3786 986 3836 nisi
1013 3786 1101 3836 tibi
1130 3785 1412 3853 provideris
1455 3795 1506 3837 ut
1539 3802 1745 3839 concer-

133 3872 275 3925 taris
304 3871 372 3925 ad
422 3872 605 3938 Deum,
637 3874 701 3927 sit
745 3885 791 3927 te
839 3874 1087 3927 Dominus
1142 3877 1208 3927 ad
1256 3886 1495 3929 wteruutn
1545 3893 1745 3945 pomum

131 3969 486 4020 damnaturus
504 3967 852 4036 (lbid.).lla:c
868 3979 951 4023 est
968 3970 1322 4031 contumelia,
1346 3968 1460 4023 haec
1475 3972 1649 4023 omnis
1666 3972 1745 4023 in-

122 4060 449 4132 juria,qnia
465 4060 896 4132 tibidicmnrper
916 4062 1006 4114 Dei
1023 4062 1316 4125 antistites,
1343 4062 1393 4115 in
1415 4072 1675 4116 aeternum
1696 4074 1743 4116 te

131 4154 492 4208 interiturum
517 4196 530 4220 ,
558 4155 659 4209 nisi
698 4156 1002 4210 correxeris
1037 4157 1145 4209 tias
1181 4166 1315 4207 tuas.
1367 4155 1481 4208 Non
1514 4158 1745 4211 credidit

130 4248 240 4303 ille
284 4264 376 4301 rex
421 4248 627 4302 homini
672 4249 791 4304 Dei.
833 4249 969 4315 Quid
1003 4249 1181 4302 statim
1213 4250 1260 4302 ei
1293 4250 1583 4314 auiderit,
1617 4252 1743 4305 dicit

127 4351 331 4397 sancta
381 4343 651 4408 scriptura
696 4344 772 4396 sic
805 4361 817 4396 :
852 4342 912 4395 Et
957 4345 1008 4395 in
1051 4354 1273 4413 tempore
1300 4386 1313 4408 ,
1367 4361 1469 4412 quo
1515 4346 1744 4398 discessit

128 4435 383 4489 Amusius
413 4451 445 4486 a
492 4432 747 4498 Domino,
788 4436 1176 4489 insurrexerunt
1223 4439 1292 4489 ad
1331 4454 1447 4491 eum
1487 4440 1745 4494 insurrec-

124 4530 302 4581 tione.
334 4526 397 4581 Et
416 4527 547 4597 fugit
566 4528 627 4581 ab
656 4526 975 4585 Hierusalem
1000 4531 1050 4579 in
1071 4528 1274 4592 Lac/tis,
1307 4542 1352 4583 et
1381 4532 1744 4601 interfecerunt

126 4636 260 4676 eum
279 4620 331 4672 in
349 4618 535 4673 thcltis
552 4616 933 4689 (lbid.i7).Sic
948 4632 999 4671 et
1020 4630 1069 4673 te
1090 4622 1353 4674 malorum
1370 4633 1585 4676 tuorum
1607 4624 1741 4677 facta

1867 2028 2163 2090 tumeliosi,
2180 2041 2278 2081 nec
2295 2042 2391 2079 nos
2412 2025 2508 2078 tibi
2532 2021 3283 2091 videamur,quandoquidem
3306 2022 3462 2074 simi-

1864 2123 1931 2176 lia
1964 2120 2150 2173 audias
2174 2135 2202 2171 a
2231 2118 2388 2172 nobis
2416 2132 2536 2186 qua:
2559 2115 2866 2169 audieritct
2891 2114 2979 2167 ille
3005 2129 3020 2167 :
3051 2111 3172 2166 Non
3204 2114 3318 2166 licet
3348 2112 3460 2177 tibi,

1863 2214 2163 2268 Constanti:
2185 2214 2375 2266 Ariano
2404 2228 2519 2264 cum
2548 2210 2648 2263 Dei
2665 2210 2932 2263 convenire
2956 2208 3172 2279 populo.
3200 2206 3317 2260 Non
3341 2209 3460 2260 licet

1864 2307 1954 2359 tibi
1981 2304 2292 2358 idololatria:
2318 2305 2524 2355 Ariona:
2552 2302 2759 2355 nteresis
2792 2301 3023 2364 auctori,
3063 2299 3297 2367 negaturi
3320 2298 3460 2349 unici

1864 2397 1995 2452 Filii
2015 2395 2112 2449 Dei
2124 2396 2187 2449 de
2200 2394 2293 2448 Dei
2310 2394 2660 2447 sacerdotibus
2671 2392 2936 2462 judicare,
2951 2390 3203 2459 sacrilego
3217 2387 3243 2424 ¹ί
3264 2389 3464 2458 ﬁngens

1860 2504 1908 2548 te
1926 2491 2275 2547 Christianum
2304 2507 2417 2543 cum
2446 2489 2516 2542 sis
2540 2486 2844 2540 Antichristi
2868 2500 3180 2553 pra’cursor.
3217 2481 3339 2535 Non
3362 2484 3460 2534 erit

1857 2586 1949 2638 tibi
1970 2585 2155 2637 bonum
2180 2624 2195 2649 ,
2226 2592 2281 2635 ut
2307 2579 2405 2634 Dei
2439 2581 2626 2633 tollens
2653 2578 2945 2631 sacerdotes
2983 2576 3191 2628 ordines
3227 2572 3241 2609 ¹
3278 2576 3459 2626 adver-

1858 2681 2023 2735 sarios
2052 2682 2165 2749 ejus
2191 2718 2205 2740 ,
2237 2677 2458 2745 collegas
2507 2674 2701 2727 scilicet
2724 2671 2983 2741 sacrilegii
3033 2671 3129 2723 tui.
3162 2667 3296 2723 Cum
3341 2668 3459 2721 lucc

1858 2772 2044 2836 audis,
2070 2770 2324 2825 irasceris
2356 2768 2546 2821 nobis:
2580 2766 2750 2820 iratus
2772 2774 2857 2819 est
2888 2772 2945 2817 et
2977 2762 3089 2816 illis
3118 2770 3248 2815 tunc
3274 2775 3461 2814 sacer-

1858 2865 2078 2921 dotibus
2124 2861 2334 2917 Domini
2380 2859 2545 2913 Odias
2593 2872 2733 2912 rex:
2766 2858 2863 2911 sed
2913 2854 3139 2909 adverte
3182 2854 3305 2907 illos
3348 2853 3461 2906 Dco

1857 2960 2071 3013 dicatos
2136 2962 2459 3024 perpetuum
2509 2960 2678 3005 status
2724 2950 2806 3002 sui
2866 2948 3107 3002 tenuisse
3159 2948 3451 3009 honorem,

1855 3052 2043 3105 Odiatu
2101 3064 2235 3102 vero
2288 3044 2353 3098 ad
2414 3042 2766 3113 opprobriunt
2834 3040 3229 3107 sempiternum
3289 3039 3455 3105 lepra:

1855 3143 2140 3199 c0nlestim
2166 3139 2434 3193 varietate
2460 3134 2810 3188 maculatum.
2840 3131 2905 3184 Et
2936 3133 3103 3183 iratus
3133 3140 3228 3193 est,
3251 3130 3449 3198 inquit,

1858 3236 2050 3299 Odias,
2077 3244 2123 3288 et
2148 3234 2201 3286 in
2226 3247 2376 3284 ntanu
2403 3230 2515 3300 ejus
2542 3236 2649 3281 erat
2689 3226 2854 3278 altare
2879 3233 2942 3287 ιιι,
2976 3233 3030 3275 ut
3078 3222 3365 3275 incenderet
3396 3224 3449 3275 in

1849 3348 1941 3383 ara
1958 3339 1983 3365 τι
2001 3344 2017 3382 ;
2032 3338 2077 3381 et
2103 3330 2246 3394 lepra
2268 3322 2509 3395 apparuit
2528 3322 2579 3372 in
2598 3322 2768 3389 [route
2786 3320 2899 3389 ejus
2918 3318 2970 3369 in
2985 3326 3263 3383 conspectu
3276 3330 3444 3367 sacer-

1850 3422 2026 3475 dotum
2047 3421 2101 3473 in
2128 3418 2279 3470 domo
2303 3411 2694 3481 Dontini(!bid.
2726 3409 2834 3480 19).
2859 3410 2979 3471 ΙΙῳε
3004 3408 3077 3461 ita
3099 3416 3254 3469 sunt,
3282 3418 3333 3459 et
3356 3422 3445 3460 ar-

1849 3514 2067 3571 bitraris
2103 3524 2152 3565 te
2177 3519 2555 3565 eontutnacem
2585 3506 3059 3575 pra'varicatorem
3090 3516 3195 3555 non
3231 3498 3449 3554 trahere

1847 3610 2109 3662 oll‘ensam
2144 3604 2283 3673 apud
2318 3616 2442 3656 eum
2468 3641 2481 3665 ,
2516 3601 2607 3662 qui
2640 3612 2741 3651 nos
2764 3610 2874 3650 suae
2901 3595 3212 3649 claritudini
3248 3609 3441 3663 perpe-

1848 3713 1937 3757 tuo
1967 3700 2290 3771 praeceperit
2316 3694 2609 3751 sacerdotii
2639 3701 3038 3763 reprmsentare
3066 3688 3276 3742 ofﬁcia?
3307 3688 3441 3753 Quie

1846 3796 1948 3849 ista
1987 3803 2175 3849 nostra
2200 3834 2214 3857 ,
2244 3790 2560 3850 Constanti,
2595 3785 2847 3855 superbia
2902 3792 2985 3836 est
3007 3823 3021 3847 ,
3054 3796 3245 3851 qumve
3278 3796 3436 3835 arro-

1846 3885 2063 3956 gantia?
2091 3886 2133 3937 si
2158 3926 2170 3946 ,
2196 3883 2321 3952 quia
2351 3891 2403 3934 te
2434 3879 2710 3933 videamus
2738 3875 3044 3930 morbidum
3076 3888 3199 3928 esse
3221 3914 3234 3937 ,
3271 3874 3439 3941 pesti-

1847 3979 2017 4032 ferum
2044 4018 2057 4041 ,
2098 3976 2297 4045 quippe
2339 3973 2632 4033 Arianum,
2668 3967 3037 4037 elephantiatn
3092 3966 3146 4020 in
3202 3977 3253 4019 te
3294 3981 3439 4032 esse,

1845 4070 1968 4140 quia
1998 4070 2155 4122 istam
2178 4064 2590 4119 consideremus
2618 4061 2762 4114 illam
2786 4075 2945 4128 quam
2970 4058 3132 4112 Arius
3156 4058 3434 4121 habuerit,

1845 4160 1986 4230 quod
2017 4173 2307 4229 urgeamus
2338 4167 2390 4210 te
2418 4153 2675 4208 secedere
2716 4168 2747 4206 e
2781 4152 2978 4220 populo
3022 4151 3155 4213 Dei,
3190 4154 3326 4204 sicut
3362 4152 3439 4205 illi

1844 4253 2155 4308 sacerdotes
2204 4250 2420 4303 Domini
2469 4247 2659 4301 Odiam
2707 4244 2773 4299 de
2822 4244 3027 4310 templo
3074 4243 3437 4311 compulerint

1846 4345 2026 4416 egredi
2047 4385 2062 4406 ,
2093 4344 2215 4413 quia
2243 4352 2294 4395 te
2326 4342 2401 4395 ita
2450 4354 2703 4408 cogamus
2733 4336 2866 4390 dare
2908 4334 3020 4389 Deo
3061 4334 3345 4388 honorem.
3380 4333 3438 4389 Si

1848 4440 1989 4494 enim
2013 4438 2201 4491 Odiam
2222 4436 2315 4488 Dei
2347 4435 2664 4487 sacerdotes
2693 4431 2895 4483 idcirco
2921 4428 3193 4496 pellebant
3218 4444 3285 4482 ex
3314 4428 3435 4481 aula

1848 4533 1976 4596 Dei,
2010 4532 2133 4602 quia
2162 4528 2540 4583 meminissent
2572 4524 2835 4579 divinitus
2864 4533 3228 4591 praeceptum,
3258 4521 3437 4589 lepro-

1846 4643 1937 4683 sos
1977 4636 2103 4680 ante
2146 4623 2511 4692 expiationem
2559 4618 2766 4688 ingredi
2808 4617 3066 4683 templum
3102 4614 3435 4684 prohibitos,

125 4721 437 4779 potuerunt
466 4725 812 4774 coiiscrvare.
840 4712 1000 4773 tueri,
1027 4725 1087 4765 ac
1116 4712 1433 4780 defendere,
1464 4716 1736 4783 quomodo
1773 4688 1821 4747 ί)
1846 4730 2047 4788 quanto
2078 4718 2249 4786 magis
2277 4730 2375 4768 nos
2403 4714 2566 4775 digne
2591 4722 2641 4765 te
2666 4753 2679 4773 ,
2721 4709 2976 4777 conspiee
3009 4717 3033 4742 ο
3059 4748 3073 4771 ,
3104 4723 3171 4759 ex
3200 4708 3431 4761 ecclcsia

120 4812 190 4856 et
217 4802 409 4863 illum,
438 4802 528 4871 qni
560 4802 696 4856 dixit
721 4802 923 4857 homini
954 4803 1051 4857 Dei
1084 4820 1180 4873 pro
1227 4810 1401 4861 salute
1446 4808 1618 4877 ipsius
1653 4811 1731 4863 lo-

118 4893 330 4966 quenti
368 4910 381 4947 :
419 4892 691 4964 Numquid
731 4895 1085 4950 consiliarium
1128 4909 1175 4950 te
1228 4899 1338 4968 regi
1380 4903 1623 4956 constitui
1676 4901 1736 4955 ‘?

208 5087 240 5115 ι
284 5076 361 5131 lta
396 5090 517 5131 cum
550 5074 728 5130 Latin.
763 5086 932 5129 reete.
968 5073 1272 5145 Legebatur
1304 5084 1485 5141 antea,
1520 5077 1640 5145 quia
1662 5076 1744 5130 hic

150 5150 301 5203 'acit.
325 5157 430 5203 etc.

114 5149 457 5289 “gnatm
480 5234 601 5272 eum
645 5217 816 5289 demit
860 5214 1039 5289 Latin.
1067 5256 1084 5289 ,
1112 5216 1267 5289 abest
1295 5225 1349 5269 et
1376 5230 1407 5289 a
1432 5216 1644 5271 Crteco.

207 5299 232 5326 ο
283 5285 437 5359 Legit
463 5301 574 5344 tace
606 5288 766 5358 paulo
796 5286 1021 5341 inl'erius
1074 5286 1214 5341 idem
1247 5285 1493 5352 Lucifer;
1525 5289 1619 5341 sed
1647 5302 1740 5357 ap-

116 5362 247 5433 tius
287 5375 409 5414 cave
436 5362 546 5413 tibi.
570 5402 584 5424 ,
614 5360 790 5414 Gra‘c.
811 5360 1076 5433 irrpotrsls.

202 5379 247 5414 ts
287 5379 409 5414 cave
436 5379 546 5413 nos.
570 5402 584 5424 ,
614 5379 790 5414 ura‘c.
818 5379 1076 5482 προσεὶι.

202 5430 234 5469 ιι
283 5433 349 5483 In
374 5433 576 5483 omittit
607 5447 769 5499 supra
808 5430 953 5484 idem
1044 5429 1214 5483 ucil’er
1235 5471 1248 5494 ,
1274 5438 1329 5483 et
1362 5429 1524 5498 paulo
1572 5428 1730 5483 infra.

207 5514 237 5542 ο
277 5500 473 5557 Fuerit.
513 5500 684 5554 Vatic.

208 5574 233 5614 ι
286 5572 415 5627 Dedi
445 5571 605 5625 habet
636 5585 796 5639 supra
833 5571 970 5625 idem
1000 5569 1212 5624 Lucifer
1246 5585 1345 5639 pro
1390 5571 1650 5623 constitui.

204 5656 235 5694 ιι
284 5644 560 5698 Librarius
610 5639 727 5693 ha-e
778 5641 1082 5696 immutavit
1114 5659 1126 5696 :
1160 5652 1314 5694 vetus
1362 5641 1505 5694 enim
1556 5641 1730 5695 codex

113 5718 274 5785 legit
322 5714 516 5769 Odium
566 5729 769 5785 regem,
810 5713 1093 5785 etﬂOziam
1138 5711 1448 5785 sacerdotem
1492 5712 1731 5785 appellat

112 5781 237 5861 prii
264 5785 478 5861 Asteria.
505 5781 849 5861 Tli.:0dialll,‘
874 5784 1050 5839 Valle.
1077 5795 1133 5839 et
1155 5785 1325 5839 Latin.
1364 5781 1523 5836 Odius
1548 5783 1591 5837 is
1622 5792 1726 5845 est,

110 5848 222 5931 ἣυῇ
264 5848 504 5931 ἰμΔΥυΙδ.
536 5856 694 5931 Osiris
720 5869 834 5931 rex:

202 5927 233 5965 ³
278 5923 428 5980 Idem
458 5923 547 5992 qui
582 5926 794 5978 Azarins
819 5924 870 5979 itt
902 5924 1050 5994 Vulg.

1844 4811 2049 4880 pellere
2076 4806 2312 4870 Christi,
2338 4804 2404 4858 de
2444 4804 2607 4857 domo
2634 4801 2847 4854 Domini
2871 4839 2886 4863 ,
2914 4799 3038 4866 quia
3070 4813 3178 4851 non
3213 4798 3281 4849 sit
3312 4797 3434 4850 lici-

1844 4914 1956 4957 tum
1992 4900 2308 4957 haereticum
2334 4893 2636 4952 convenire
2661 4908 2784 4948 cum
2829 4890 3142 4956 catholicis,
3184 4890 3432 4944 insanum

1926 5079 1941 5115 ί
1986 5093 2152 5139 Lxxx,
2181 5074 2354 5128 Latin.
2388 5086 2454 5126 ex
2480 5070 2691 5125 Grarco.

1921 5146 2349 5204 illlos.Latin.
2462 5213 2486 5215 Α
2595 5212 2624 5215 Α
2765 5209 2785 5215 _
3094 5205 3126 5215 ,,

1918 5217 1939 5256 ἐ
1985 5218 2307 5287 Sucrilegus.
2341 5215 2416 5267 Id.
2449 5212 2721 5287 sacrilego
2749 5209 2969 5287 ﬁngere,
3002 5206 3215 5287 melius.

1919 5287 1934 5325 ι
1984 5290 2107 5343 ll:cc
2152 5273 2219 5341 de
2267 5273 2842 5356 Ερίευῡρίεηᾼῆξηύεξ
2895 5292 3049 5356 quos.
3078 5273 3428 5356 Constantius

1839 5360 2133 5415 Calhnlicis
2166 5346 2422 5412 Ecclv'siis
2450 5346 2649 5421 praefici
2674 5354 2945 5419 jusserat;
2978 5346 3051 5400 uti
3078 5346 3191 5413 jam
3222 5347 3420 5399 dictum

1838 5433 1893 5486 in
1928 5432 2076 5485 libris
2108 5428 2516 5496 supet'iuribusg
2582 5495 2585 5496 ν
2670 5492 2698 5496 _
2876 5488 2891 5496 -
2988 5484 3031 5496 .-
3090 5486 3101 5496 .
3330 5486 3340 5496 .
3414 5484 3426 5494 .

1906 5484 1953 5539 ων
1986 5484 2274 5557 Contendit
2299 5495 2544 5551 Galland.
2578 5495 2631 5547 in
2659 5492 2849 5545 Graeco
2876 5484 3103 5540 Luciferi
3132 5484 3429 5555 exemplari

1841 5574 2097 5626 mendose
2142 5574 2399 5638 scriptum
2449 5566 2617 5619 τιεί-μθ
2648 5563 3041 5638 θυσιαστήρφν,
3087 5558 3278 5638 altare,
3331 5571 3427 5638 pro

1838 5647 2167 5719 θυμιατήριον
2189 5684 2201 5703 ,
2236 5630 2578 5719 titut'ibttlttnt,
2605 5648 2675 5719 tttt

1838 5696 2201 5769 t'oite'seiisus'
2220 5725 2338 5774 est,
2362 5709 2592 5762 inanibus
2622 5703 2819 5758 tenebat
2856 5700 3053 5761 altare;
3079 5714 3133 5751 et
3160 5697 3299 5751 idem
3325 5696 3422 5749 ha-

1842 5786 1928 5839 bet
1960 5785 2141 5839 subat.

1912 5866 1937 5889 υ
1977 5858 2079 5907 Ara
2106 5870 2197 5905 sua
2222 5896 2236 5912 ,
2270 5852 2439 5905 Vatic.

1910 5930 1931 5953 ε’
1977 5923 2239 5986 ϐοηδρὶεἰκ
2264 5963 2276 5977 .
2306 5922 2457 5974 Latin
