3854 6388
426 395 528 449 947

1527 392 1850 451 LUCIFERI
1891 392 2199 450 EPISCOPI
2237 393 2663 454 CALARITANI

3607 402 3700 459 958

428 523 550 563 cum
579 509 759 575 sanis,
790 510 1013 579 plenum
1043 509 1336 565 immundis
1366 510 1649 579 spiritibus
1679 526 1804 565 cum
1829 511 1942 573 eis.
1977 510 2030 564 in
2059 512 2104 571 Α
2139 521 2240 566 tres
2268 500 2429 566 nostri
2459 514 2609 567 verba
2636 511 2753 566 libri
2784 511 2941 576 liuius
2964 513 3240 566 secundum
3264 514 3433 567 omnia
3454 515 3635 587 scripta
3654 511 3703 569 ιιι

431 600 630 670 quibus
660 600 931 655 inhabitat
957 601 1185 672 spiritus
1227 602 1350 657 Dei!
1379 600 1511 670 Quae
1543 601 1661 656 lucc
1698 602 2030 657 contumelia

431 701 515 745 est
535 733 549 758 ,
571 695 613 745 si
645 694 963 749 sacerdotes
994 694 1211 749 Domini
1237 695 1357 748 zelo
1384 709 1452 748 eo
1492 694 1739 759 accensi,
1769 709 1877 765 quo
1907 703 2034 748 sunt

428 799 649 853 semper
683 785 1119 853 prmdecessores
1150 786 1353 851 nostri,
1380 785 1479 839 tibi
1504 784 1735 839 dicimus
1761 801 1881 855 quae
1907 799 2032 838 nos-

432 888 529 931 tra:
557 878 868 933 conducant
919 894 983 933 ac
1015 890 1120 933 tua:
1164 878 1364 934 saluti?
1398 877 1652 933 Petulans
1683 888 1785 940 est,
1821 878 2029 948 inquis,

427 970 663 1041 Lucifer.
699 973 832 1027 Ilinc
862 973 1142 1042 petulans,
1177 972 1303 1043 quia
1333 982 1384 1027 te
1423 988 1639 1043 urgeam
1668 971 2031 1040 elepltantiam

435 1063 667 1132 rejicere
696 1066 806 1119 Arii
829 1108 841 1129 ,
870 1075 1034 1136 atque
1062 1082 1159 1135 per
1191 1066 1331 1120 hanc
1351 1108 1363 1128 ,
1391 1080 1553 1136 quam
1598 1064 2035 1134 praedicaverunt

432 1158 668 1226 apostoli
701 1160 1003 1214 beatissimi
1054 1159 1249 1221 tidem.
1281 1175 1554 1230 quamque
1595 1174 1693 1213 nos
1734 1175 1921 1213 sumus
1953 1158 2035 1229 (ut

431 1250 637 1320 cernis)
669 1259 943 1318 tenentes,
966 1260 1073 1307 tua:
1097 1252 1265 1307 menti
1292 1267 1351 1306 es
1379 1260 1403 1287 ει
1434 1252 1664 1321 adeptus
1686 1250 2032 1319 sospitatem,

434 1354 592 1413 teque
619 1354 788 1399 totum
816 1355 1063 1414 ereptum
1087 1363 1117 1402 e
1143 1346 1351 1416 laqueis
1369 1345 1574 1399 diaboli
1601 1353 1769 1400 temet
1797 1346 1848 1399 in
1876 1355 2035 1399 arter-

435 1450 562 1488 num
611 1435 850 1505 gaudeas
900 1437 1012 1492 Deo
1040 1436 1350 1507 quaesitum.
1383 1436 1489 1501 Tu,
1529 1438 1620 1506 qui
1657 1450 1754 1491 nos
1803 1436 2037 1507 ingentis

429 1530 711 1599 supercilii
754 1546 879 1585 esse
927 1530 1139 1601 ﬂagitas
1162 1573 1176 1594 ,
1215 1530 1466 1585 invenisti
1499 1531 1796 1599 scriptum,
1833 1528 1974 1599 quod
2006 1525 2033 1566 δ

429 1622 609 1677 Josias
639 1638 735 1678 rex
755 1622 908 1678 Judx
940 1625 1009 1679 de
1035 1623 1431 1694 consacrilegis
1455 1624 1647 1680 iecerit
1676 1624 1779 1676 tuis
1801 1664 1816 1688 ,
1847 1622 1917 1676 de
1949 1630 2031 1675 ta-

431 1716 575 1770 libus
603 1719 781 1786 Qualis
806 1728 861 1771 tu
894 1732 1018 1774 esse
1047 1717 1212 1773 hodie
1242 1718 1575 1788 conspiceris
1594 1759 1607 1783 ,
1635 1716 1910 1785 quomodo
1935 1731 2034 1771 e0-

436 1824 556 1862 rum
586 1811 1020 1879 quamplurimas
1051 1811 1211 1865 etiam
1246 1819 1367 1879 post
1392 1821 1622 1864 mortem
1649 1809 1811 1864 fuerit.
1845 1824 2035 1879 perse-

2131 605 2379 673 [acerent.
2407 604 2474 659 Et
2501 607 2627 660 abiit
2658 604 2869 659 Elrhias
2894 606 3136 661 sacerdos
3161 617 3208 659 et
3236 606 3435 661 Acicam
3470 606 3523 672 ί,
3547 620 3589 662 et
3614 609 3704 665 Sa-

2136 697 2306 763 phan.
2331 708 2377 750 et
2403 697 2533 752 Joas
2562 698 2630 752 ad
2659 698 2847 751 Oldam
2879 697 3290 768 prophetissam,
3334 717 3536 756 uxorem
3561 701 3703 756 Sella!

2131 789 2231 858 ﬁlii
2260 788 2617 845 Tacuellarum
2645 798 2671 838 8
2698 832 2713 855 ,
2749 792 2899 846 vestis
2928 792 3186 846 custodem
3211 834 3225 857 ,
3256 802 3302 847 et
3329 794 3437 865 ipsa
3462 794 3703 848 habitabat

2132 880 2187 933 in
2237 879 2527 935 Jerusalem
2558 897 2575 935 :
2610 892 2654 937 et
2687 883 2841 937 locuti
2889 894 3005 936 sunt
3040 885 3108 937 ad
3139 900 3249 938 eam
3275 888 3549 940 secundum
3582 886 3700 943 hac.

2136 972 2204 1026 Et
2234 976 2362 1028 dixit
2390 977 2462 1029 eis
2490 992 2509 1030 :
2538 975 2666 1029 Haec
2700 977 2823 1029 dicit
2857 975 3108 1032 Dominus
3150 976 3290 1034 Deus
3318 978 3512 1046 Israel,
3552 983 3652 1034 viro
3676 981 3703 1017 δ

2134 1066 2223 1135 qui
2252 1067 2387 1119 misit
2416 1084 2502 1121 vos
2541 1072 2609 1121 ad
2652 1084 2769 1134 me,
2797 1069 2921 1122 dicit
2960 1070 3207 1125 Dominus
3246 1070 3417 1127 :Ecce
3466 1075 3703 1127 adducant

2134 1160 2273 1213 mala
2301 1177 2455 1228 super
2479 1161 2613 1214 hanc
2643 1162 2811 1215 locum
2831 1205 2845 1229 ,
2872 1172 2919 1215 et
2939 1179 3093 1231 super
3120 1163 3452 1220 inhabitantes
3482 1167 3530 1218 in
3553 1182 3662 1218 cum
3682 1205 3700 1232 ,

2136 1253 2416 1305 secundum
2442 1254 2612 1306 omnia
2643 1256 2790 1308 verba
2821 1255 2935 1308 libri
2962 1257 3119 1324 hujus
3146 1273 3258 1327 qua:
3278 1257 3393 1328 legit
3423 1274 3508 1313 rex
3532 1258 3703 1321 Juda;

2136 1359 2230 1413 pro
2257 1344 2438 1415 quibus
2464 1345 2841 1414 dereliquerunt
2887 1365 2965 1401 me
2987 1389 3001 1413 ,
3036 1358 3079 1401 et
3106 1350 3425 1403 intenderunt
3453 1351 3548 1403 diis
3585 1352 3703 1405 alie-

2137 1437 2218 1489 nis
2242 1478 2255 1501 ,
2290 1447 2337 1517 et
2380 1438 2805 1492 exacerbaverunt
2846 1456 2923 1493 me
2966 1441 3019 1492 in
3058 1441 3291 1511 aperibns
3320 1459 3556 1496 manuum
3593 1451 3701 1498 sua-

2138 1516 2251 1580 i-nm
2282 1516 2367 1582 :et
2395 1530 2602 1583 incensa
2632 1539 2703 1583 est
2729 1531 2808 1583 ira
2831 1547 2942 1585 mea
2969 1532 3021 1585 in
3044 1532 3139 1586 hoc
3164 1533 3301 1598 loco,
3323 1545 3370 1588 et
3395 1551 3490 1588 non
3519 1538 3702 1589 exstin-

2138 1632 2337 1691 guetur.
2373 1621 2437 1674 Et
2467 1622 2534 1674 ad
2560 1638 2725 1693 regem
2751 1620 2894 1676 Iuda
2923 1624 3009 1693 qui
3039 1625 3171 1678 misit
3192 1641 3278 1679 vos
3303 1667 3318 1691 ,
3350 1636 3403 1679 ut
3430 1629 3704 1697 querentis

2138 1726 2170 1761 a
2214 1708 2469 1776 Domino,
2512 1711 2621 1766 hazc
2673 1713 2848 1767 dicetis
2893 1730 2911 1767 :
2954 1713 3079 1769 Ιιιεο
3124 1716 3245 1770 dicit
3292 1716 3534 1771 Dominus
3573 1718 3704 1773 Deus

2142 1802 2307 1858 Israel
2336 1821 2353 1858 .'
2398 1803 2555 1858 Verba
2584 1821 2695 1859 mea
2730 1822 2844 1875 qua:
2872 1807 3063 1860 audisti
3091 1816 3138 1860 et
3166 1810 3402 1861 reveritus
3432 1826 3479 1862 es
3523 1826 3553 1861 a
3582 1810 3705 1879 facie

432 1912 591 1957 cuius
615 1946 629 1968 ,
661 1919 785 1958 ossa
839 1905 1159 1960 earumdem
1209 1904 1424 1975 ignibus
1464 1918 1813 1960 consumens.
1854 1903 1961 1958 Sed
2011 1913 2032 1942 ο
2064 1896 2113 1956 Β
2142 1901 2252 1951 mea
2274 1937 2287 1959 ,
2317 1898 2439 1965 quia
2463 1898 2655 1951 audisti
2680 1914 2793 1962 qua:
2818 1900 3057 1969 loquutus
3087 1917 3199 1954 sum
3224 1902 3275 1954 in
3299 1903 3462 1955 locum
3492 1902 3505 1939 ί
3538 1904 3702 1968 istum,

432 1994 582 2049 illum
613 1997 792 2049 decuit
827 2012 1009 2065 regem
1052 2007 1203 2051 tanto
1233 1997 1352 2052 zelo
1390 1998 1641 2066 persequi
1678 1998 1769 2050 Dei
1804 2002 2028 2061 hostes;

433 2102 533 2142 nos
568 2090 853 2158 episcopos
875 2131 889 2155 ,
920 2104 1022 2145 nos
1058 2090 1153 2145 Dei
1190 2091 1504 2147 sacerdotes
1550 2090 1828 2160 indignum
1862 2090 2033 2143 luerat

434 2181 528 2233 tibi
580 2182 877 2247 resistere,
918 2182 1285 2238 idololatriam
1328 2182 1695 2237 introducenti
1745 2183 1798 2235 in
1853 2181 2030 2237 eccle-

434 2272 569 2325 siam
598 2288 611 2337 ;
649 2274 741 2327 ille
763 2273 943 2343 gladio
974 2272 1250 2330 interfecit
1279 2275 1683 2345 consacrilegos
1716 2283 1837 2329 tuos
1857 2314 1871 2339 ,
1903 2272 2031 2327 reli-

432 2365 589 2432 quias
631 2364 796 2419 etiam
828 2366 956 2419 olim
999 2365 1244 2436 sepultas
1286 2375 1370 2420 est
1411 2376 1768 2435 persecutus.
1809 2368 2035 2435 cupiens

433 2457 614 2510 cultor
667 2457 898 2511 inveniri
963 2458 1054 2513 Dei
1111 2458 1493 2523 ﬁdelissimus;
1543 2473 1642 2519 nos
1690 2467 1880 2511 contra
1936 2470 2036 2510 nec

438 2548 607 2603 verba
637 2549 729 2603 tibi
760 2551 1025 2605 resistere
1052 2560 1393 2621 Oportucrat,
1422 2550 1516 2605 tibi
1544 2550 1640 2604 Dei
1670 2549 1876 2604 inimici
1903 2548 2038 2603 ami-

435 2656 499 2696 co
519 2682 533 2707 ,
562 2641 660 2695 tibi
688 2642 937 2696 omnium
969 2643 1258 2697 carissimo
1289 2643 1341 2696 in
1372 2642 1704 2713 apostasiam
1743 2654 2036 2696 converso-

436 2748 552 2786 rutn
582 2734 901 2804 angelorum
932 2731 957 2770 ἀ
980 2776 995 2802 ,
1034 2734 1126 2790 tibi
1159 2735 1248 2804 qui
1283 2733 1456 2790 factus
1486 2750 1545 2789 es
1589 2749 1683 2804 per
1714 2734 1855 2787 banc
1894 2732 2038 2787 blas-

436 2827 706 2894 pbemiam
730 2838 879 2881 tuam
911 2827 1023 2883 Deo
1048 2828 1319 2882 inimicus.
1347 2828 1548 2896 Accipe
1580 2828 1742 2898 igitur
1766 2827 1819 2881 in
1842 2835 2038 2896 quarto

442 2918 752 2988 ltegnorum
788 2920 963 2985 libro,
988 2936 1109 2990 qua:
1142 2934 1364 2990 prapter
1398 2920 1519 2984 illa,
1552 2935 1670 2988 qum
1701 2919 1845 2973 circa
1869 2918 2042 2972 coim-

443 3014 673 3066 mundos
736 3024 861 3066 tuos
917 3015 1145 3082 gesserit
1200 3014 1379 3068 Josins
1434 3028 1624 3067 servus
1674 3011 1883 3065 Domini
1938 3026 2034 3066 rex

436 3106 638 3161 Iudaeae
666 3119 712 3172 θ,
746 3107 976 3178 adeptus
1005 3106 1200 3171 fuerit;
1232 3117 1287 3162 et
1313 3106 1528 3162 tandem
1567 3105 1755 3161 desine
1784 3105 1853 3159 de
1884 3104 2039 3159 nobis

439 3201 623 3256 dicere
643 3241 660 3265 ,
687 3200 911 3269 Superbi
933 3211 1051 3255 sunt
1072 3211 1223 3269 atque
1246 3202 1623 3255 cantumeliosi.
1654 3198 1822 3264 Fecit,
1843 3200 2038 3269 inquit,

2135 2000 2181 2043 et
2207 1987 2549 2042 inhabitantes
2576 1989 2630 2041 in
2660 1988 2672 2038 i
2713 1989 2879 2053 illaut,
2914 1991 3026 2059 ﬁeri
3055 1993 3107 2045 in
3140 1990 3160 2028 ιε
3194 2008 3377 2059 eremo,
3408 2006 3452 2048 et
3480 1996 3530 2048 in
3558 1997 3705 2049 malc-

2135 2081 2451 2147 dictionem;
2481 2094 2527 2133 et
2558 2081 2758 2135 scidisti
2785 2084 3077 2139 vestimenta
3099 2096 3188 2140 tua
3207 2128 3221 2152 ,
3251 2097 3296 2141 et
3346 2090 3553 2153 plorasti
3596 2104 3707 2145 ante

2135 2182 2460 2240 conspectum
2490 2189 2653 2226 meum
2676 2214 2690 2240 ,
2714 2183 2761 2227 et
2791 2191 2883 2247 ego
2910 2176 3084 2230 audivi
3103 2219 3117 2241 ,
3143 2178 3272 2232 dixit
3302 2178 3540 2234 Dominus
3560 2183 3706 2235 virtu-

2137 2274 2243 2316 tum
2272 2280 2289 2318 :
2319 2276 2526 2335 prapter
2554 2266 2650 2319 hoc
2682 2282 2772 2337 ego
2801 2266 2998 2322 abduco
3031 2268 3046 2305 ι
3081 2278 3127 2324 te
3155 2272 3294 2340 apud
3317 2284 3480 2341 patres
3506 2283 3639 2330 tuos.
3663 2281 3705 2327 et

2137 2358 2412 2431 adaugeris
2443 2362 2495 2413 in
2523 2376 2648 2427 pace
2673 2402 2686 2426 ,
2716 2372 2761 2415 et
2788 2372 2826 2399 ιη
2857 2364 3095 2417 videbunt
3117 2366 3249 2418 acuti
3282 2367 3354 2419 tni
3381 2370 3545 2420 omnia
3581 2369 3707 2422 mala

2138 2468 2253 2521 qua:
2274 2469 2366 2524 ego
2388 2454 2573 2507 induco
2593 2456 2620 2484 ⁸³
2641 2455 2693 2506 in
2723 2455 2891 2508 locum
2921 2458 3077 2509 istum
3101 2498 3115 2522 ,
3141 2467 3189 2510 et
3212 2474 3361 2528 super
3385 2459 3705 2512 inhabitantes

2137 2544 2191 2597 in
2217 2553 2240 2580 ο
2270 2546 2379 2599 illo.
2414 2546 2480 2599 Et
2506 2548 2770 2613 respondit
2795 2549 2901 2619 regi
2927 2548 3159 2615 uerbum,
3191 2562 3236 2605 et
3257 2552 3389 2605 misit
3415 2569 3501 2607 rex
3522 2550 3703 2619 Josias,

2139 2648 2185 2692 et
2216 2640 2422 2709 collegit
2449 2640 2517 2693 ad
2540 2657 2591 2695 se
2623 2658 2797 2696 omnes
2824 2643 3139 2713 presbyteros
3161 2640 3197 2696 Ι
3204 2644 3305 2698 uda
3358 2646 3408 2697 in
3434 2642 3705 2699 Jerusalem

2142 2729 2192 2801 (1
2203 2732 2249 2784 b.
2269 2747 2423 2795 XXIII,
2450 2732 2505 2804 I)
2534 2743 2580 2785 et
2607 2732 2832 2787 ascendit
2859 2750 2951 2787 rex
2970 2738 3035 2787 ad
3056 2734 3346 2800 Dominmn,
3371 2747 3413 2789 ct
3436 2753 3598 2791 antites
3617 2738 3705 2791 viri

2141 2823 2171 2877 J
2183 2824 2304 2890 uda,
2322 2835 2366 2879 et
2392 2826 2701 2891 sacerdotes,
2720 2838 2763 2879 et
2789 2827 2973 2891 (curtae,
2998 2836 3045 2880 et
3072 2829 3235 2883 omnis
3256 2831 3510 2901 populnsa
3532 2830 3705 2900 pusillo

2142 2934 2299 2987 usque
2318 2919 2388 2971 ad
2410 2923 2655 2991 majorem
2681 2937 2698 2972 :
2725 2931 2773 2973 et
2795 2922 2915 2991 legit
2936 2939 3026 2975 rex
3050 2922 3099 2975 in
3126 2923 3328 2977 auribus
3354 2926 3527 2994 pepuli
3550 2924 3707 2977 omnia

2142 3010 2293 3063 verba
2317 3010 2437 3063 libri
2464 3013 3126 3083 testamenti,quiinventus
3150 3026 3223 3068 est
3251 3016 3304 3067 in
3326 3018 3469 3068 domo
3492 3015 3703 3069 Domini.

2145 3100 2211 3152 Et
2262 3106 2398 3155 stetit
2433 3118 2525 3156 rex
2565 3102 2633 3155 ad
2665 3104 2976 3166 columnam.
3009 3118 3055 3158 et
3098 3108 3346 3174 disposuit
3376 3116 3707 3159 testamentum

2143 3195 2284 3263 quod
2307 3206 2333 3244 Ρ
2351 3196 2611 3250 inventum
2632 3197 2686 3250 in
2710 3197 2861 3250 domo
2891 3195 3101 3252 Domini
3132 3209 3249 3252 ante
3273 3210 3585 3269 conspectum
3606 3196 3705 3252 Do-

440 3294 577 3359 quod
600 3304 794 3349 rectum
826 3304 901 3348 est
929 3304 1047 3347 ante
1067 3305 1397 3361 conspectim
1424 3291 1637 3346 Domini
1658 3334 1671 3356 ,
1692 3303 1737 3344 et
1763 3291 2044 3344 ambulavit
2074 3285 2118 3348 C
2150 3291 2297 3353 mini,
2326 3291 2402 3342 ire
2422 3299 2449 3339 τι
2471 3299 2585 3358 post
2605 3289 2965 3357 Dominum,et
2991 3291 3253 3346 observare
3275 3294 3509 3347 mandata
3527 3295 3707 3364 ejus,et

437 3390 490 3440 in
517 3389 596 3440 via
610 3388 774 3457 patris
795 3387 879 3444 sui
899 3386 1087 3449 David,
1104 3396 1265 3439 etnon
1288 3386 1563 3438 declinavit
1586 3387 1766 3438 dextra
1782 3393 1871 3437 aut
1887 3383 2043 3437 sinis-

443 3492 527 3533 ira
556 3479 646 3550 (IV
671 3479 803 3549 Reg.
837 3495 966 3542 xxii,
992 3477 1069 3544 2).
1101 3478 1233 3533 Itctn
1269 3478 1427 3543 infra,
1470 3490 1820 3546 posteaquam
1850 3475 2046 3529 domos

446 3571 801 3624 reaedilicavit
827 3571 1059 3635 Domini,
1077 3582 1129 3624 et
1147 3586 1291 3624 sacer
1308 3571 1407 3622 dos
1427 3572 1666 3623 misisset
1696 3570 1828 3637 legis
1848 3567 2039 3623 librum

446 3668 511 3717 :ttl
540 3681 723 3735 regem
751 3663 853 3717 :Et
882 3670 1076 3735 factum
1108 3676 1200 3729 est,
1227 3683 1341 3718 cum
1371 3666 1597 3718 audisset
1630 3680 1721 3715 rex
1752 3680 1825 3716 vei
1841 3662 1903 3715 ba
1927 3662 2044 3715 libri

449 3760 596 3829 legis,
616 3760 865 3812 conscidit
886 3762 1177 3812 restimenta
1201 3775 1298 3812 sua
1321 3757 1429 3829 (Ib.
1450 3759 1537 3828 II}
1556 3776 1568 3811 :
1587 3769 1633 3811 et
1662 3758 1925 3811 mandavit
1951 3773 2044 3811 rex

451 3850 681 3905 Helchia:
708 3854 988 3918 sacerdoti,
1012 3851 1307 3905 etAlchina:
1328 3852 1440 3921 [ilio
1458 3850 1734 3921 Josaphat,
1760 3861 1806 3904 et
1828 3850 2044 3904 Achilia'

450 3943 563 4011 [ilio
602 3942 875 4003 Melchiw.
910 3954 956 3996 et
1000 3943 1231 4014 Sapham
1275 3942 1477 4005 scribat,
1510 3951 1557 3994 et
1587 3940 1716 3994 Joas
1745 3940 1854 4009 [ilio
1886 3940 2041 4009 regis,

447 4037 621 4090 dicens
641 4052 658 4089 .·
686 4036 912 4102 Quterite
932 4054 964 4089 a
986 4036 1208 4090 Domino
1231 4054 1327 4106 pro
1357 4052 1434 4089 me
1458 4048 1504 4087 et
1532 4049 1627 4102 pro
1648 4033 1883 4088 erunibus
1900 4030 1936 4085 Ι
1944 4032 2047 4086 uda

447 4130 509 4181 de
538 4128 703 4183 verbis
734 4128 853 4182 libri
884 4128 1043 4197 huius
1070 4131 1261 4183 inventi
1278 4169 1292 4194 ,
1318 4127 1561 4199 quoniam
1587 4142 1781 4198 magna
1815 4126 1895 4179 ira
1932 4124 2045 4179 Da-

448 4222 574 4275 mini
603 4237 821 4275 accensa
848 4232 920 4276 est
949 4223 1002 4275 in
1037 4221 1213 4287 nobis,
1240 4221 1485 4291 quoniam
1508 4237 1609 4274 non
1633 4219 1917 4273 audierunt
1944 4234 2045 4289 pa-

514 4432 540 4460 λ
581 4422 711 4485 Tua:
736 4424 920 4478 mentis
945 4422 1212 4491 adeptum.
1249 4419 1328 4475 Id.
1360 4419 1581 4474 [tectius
1610 4418 1681 4472 ita
1704 4432 1904 4491 censeo
1925 4432 2048 4471 cor-

444 4495 760 4565 rigendum,
795 4507 897 4565 tute
930 4494 1115 4547 mentis
1146 4493 1363 4562 adeptus
1389 4498 1494 4565 ,ut
1523 4504 1717 4565 sensus
1763 4490 1866 4565 sit;
1898 4499 2048 4559 atque

442 4561 618 4634 itt'per
648 4565 781 4619 hanc
814 4562 1090 4633 ﬁdem...”
1134 4561 1448 4618 iuramentis
1480 4561 1693 4631 adeptus
1718 4562 2043 4630 sospitatem,

448 4645 1135 4774 squteéotznijreptus.....
1160 4634 1407 4704 gaudeas,
1432 4641 1539 4687 etc.

640 4726 688 4760 ui
737 4748 749 4760 .
836 4747 847 4759 .

525 4790 547 4817 ε
591 4779 673 4833 Si.
699 4778 777 4832 Id.

518 4845 542 4885 d
585 4850 702 4916 Quo
727 4848 945 4903 nomine
972 4845 1258 4916 Episcopus
1282 4846 1479 4911 innuit,
1504 4844 1597 4915 qui
1624 4859 1651 4897 a
1677 4842 1809 4916 Fide
1830 4839 2046 4916 Nicaana

448 4910 785 4975 desciverant
815 4936 827 4972 :
863 4919 933 4973 ita
975 4910 1213 4973 Ioannes
1245 4918 1439 4986 Apost.
1468 4910 1537 4971 in
1589 4912 1913 4985 Apocalypsi
1946 4910 2048 4965 hoc

451 4992 677 5045 honoris
703 5006 763 5044 ac
794 4990 1073 5057 dignitatis
1105 4988 1325 5063 nomine
1359 4987 1642 5063 Episcorios
1672 4986 1879 5063 donat:
1911 4989 2050 5063 atta-

451 5077 571 5115 men
601 5072 655 5115 et
685 5052 906 5131 Angelos
928 5069 1190 5129 apostatas
1217 5101 1230 5124 ,
1265 5058 1316 5113 id
1355 5052 1441 5114 est
1478 5052 1752 5112 Daemones
1796 5058 1936 5111 forte
1966 5052 2053 5107 hic

456 5133 728 5201 intelligit.

525 5214 547 5239 ε
592 5202 754 5257 Juda.
797 5201 974 5257 Latin.

530 5276 554 5346 (ἓ
592 5274 665 5328 tta
717 5274 894 5329 Gra-c.
926 5273 1182 5346 ’Axrxe'zp.
1223 5270 1411 5329 Sabal.
1456 5271 1589 5341 legit
1636 5270 1836 5324 Ahican
1859 5313 1873 5337 ,
1908 5279 1966 5325 ut
1997 5268 2049 5325 ib

459 5343 617 5415 Vulg.

526 5410 903 5470 SvGallandius
948 5415 1174 5485 corrigit
1218 5431 1283 5470 ex
1317 5413 1511 5470 Graeco
1553 5412 1708 5468 Alex.
1751 5410 1889 5468 Cod.
1924 5410 2052 5467 Filii

459 5484 659 5555 Thecue
683 5528 698 5550 ,
721 5488 818 5555 [tlii
846 5486 978 5541 Aras
1005 5527 1020 5551 ,
1044 5484 1153 5541 etc.

525 5554 552 5593 ιι
598 5553 762 5611 Dicite
783 5558 913 5621 viro,
933 5558 1020 5626 qui
1043 5559 1177 5611 misit
1204 5572 1292 5609 vos
1316 5555 1385 5611 ad
1410 5571 1523 5609 me:
1546 5553 1673 5609 Illac
1694 5556 1841 5626 dicit.
1861 5555 2049 5612 Sabat.

536 5626 548 5663 ί
598 5628 665 5682 Ut
713 5630 764 5697 i_n
814 5624 1037 5692 Grieco,
1070 5630 1156 5683 ἰπὶ
1196 5630 1282 5684 τὸν
1330 5627 1489 5685 τόπον
1530 5634 1745 5697 τοῦτον,
1780 5624 1952 5681 Vatic.
1997 5634 2053 5682 et

458 5695 644 5751 Sabnt.
669 5738 683 5763 ,
712 5695 774 5751 In
800 5701 912 5753 loco
942 5701 1061 5754 isto.

532 5766 661 5821 I'Itt
693 5769 801 5821 illo.
836 5769 1020 5825 S.tbat.

526 5836 551 5874 κ
593 5839 617 5891 I
629 5856 659 5889 η
679 5849 954 5908 stuporem.
991 5841 1069 5895 Id.

526 5908 538 5953 l
587 5904 1023 5981 Apud'Sabat.,
1059 5910 1172 5981 Ego
1218 5912 1549 5982 colligatio...
1597 5921 1642 5965 et
1681 5904 1937 5981 Calligeris
1982 5906 2049 5958 ad

2076 4722 2128 4782 D

2147 3382 2552 3448 testiﬁcationes,
2586 3392 2633 3435 et
2676 3393 2932 3451 praecepta
2989 3384 3097 3455 eius
3129 3385 3180 3438 in
3222 3394 3323 3439 tato
3352 3385 3500 3438 corde
3527 3389 3629 3443 eius
3662 3394 3702 3449 ι’,

2148 3482 2193 3526 et
2226 3483 2331 3527 tota
2370 3474 2563 3535 anima,
2599 3483 2822 3527 statuere
2852 3476 3022 3527 omnia
3060 3478 3207 3529 t-erba
3255 3477 3526 3529 testamenti
3569 3475 3705 3527 istius

2146 3564 2340 3632 scripta
2368 3564 2422 3617 in
2449 3564 2578 3617 libro
2605 3565 2725 3618 ista.
2755 3562 2820 3616 Et
2858 3567 3086 3618 transivit
3118 3566 3279 3620 omnis
3300 3565 3508 3637 papulas
3532 3566 3580 3617 in
3608 3576 3705 3617 tes-

2147 3666 2458 3723 tamentnm,
2514 3656 2651 3727 quod
2708 3657 2958 3724 disposuit
3017 3673 3110 3711 rex
3171 3674 3231 3711 ex
3284 3658 3428 3711 libro.
3474 3656 3535 3709 Et
3572 3672 3706 3707 matt-

2151 3747 2291 3802 duvit
2343 3764 2434 3802 rex
2481 3748 2713 3803 Helchia:
2746 3750 2997 3802 sacerdoti
3041 3765 3259 3820 magno,
3292 3759 3337 3802 et
3382 3747 3707 3802 sacerdotibus

2150 3842 2467 3895 secundariis
2500 3881 2517 3906 ,
2597 3851 2644 3895 et
2707 3841 3106 3896 custodientibus
3171 3840 3334 3911 ephod
3367 3883 3382 3909 ,
3444 3850 3493 3894 ut
3563 3842 3706 3911 ejice-

2152 3942 2263 3985 rent
2336 3934 2399 3985 de
2468 3934 2617 3986 doma
2700 3930 2907 3987 Dontini
2975 3933 3144 3987 omnia
3221 3950 3338 3987 rasa
3417 3948 3523 4004 qua:
3593 3933 3709 4003 fecit

2153 4025 2220 4077 ad
2273 4024 2406 4079 Baal
2463 4034 2507 4078 et
2550 4023 2710 4078 Ascra
2765 4034 2786 4061 ⁸
2814 4066 2828 4088 ,
2889 4036 2936 4080 et
2995 4027 3130 4079 omni
3186 4027 3377 4081 militia:
3450 4024 3554 4080 cali
3602 4042 3620 4078 :
3666 4034 3709 4078 et

2150 4119 2426 4173 combussit
2450 4118 2544 4172 illa
2574 4122 2716 4188 foras
2739 4126 2883 4172 extra
2911 4115 3199 4172 Jerusalem
3228 4118 3281 4171 in
3322 4117 3340 4152 ι
3370 4118 3593 4171 incendio
3621 4118 3711 4170 risi

2153 4213 2374 4269 Cedron.
2398 4209 2465 4265 Et
2496 4211 2713 4281 sumpsit
2736 4210 2932 4264 cineres
2956 4209 3182 4277 illorum,
3194 4220 3245 4293 ει
3267 4210 3447 4279 sparsit
3469 4211 3518 4260 in
3542 4212 3710 4273 ririmt,

2155 4414 2445 4484 sepulcrum
2489 4422 2632 4466 tuum
2669 4413 2722 4466 in
2772 4428 2895 4481 pace
2917 4452 2934 4477 ,
2962 4421 3009 4465 et
3038 4428 3136 4484 non
3172 4408 3404 4484 uidebunt
3426 4449 3441 4471 ,
3462 4407 3712 4484 etc-Gal-

2156 4478 2375 4540 Iandius
2402 4485 2644 4554 currigit,
2676 4478 2879 4538 adduco
2907 4494 2953 4537 te
2977 4499 2993 4545 ;
3019 4483 3112 4537 scd
3142 4480 3469 4554 retinendum
3492 4478 3709 4542 abduco;

2154 4558 2206 4611 id
2235 4566 2352 4627 est,
2381 4553 2581 4609 abduco
2607 4566 2653 4609 te
2680 4571 2705 4609 e
2732 4555 2843 4609 loco
2867 4555 3166 4627 afflictionis
3191 4553 3258 4605 ad
3294 4563 3454 4619 patres
3466 4561 3606 4627 _tu_os.

2227 4637 2266 4663 ω
2300 4626 2617 4682 Gallandius
2641 4627 2827 4693 adjicit
2859 4620 2959 4680 non
2986 4641 3050 4679 ex
3079 4624 3286 4683 Graeco.
3316 4636 3430 4676 cum
3463 4620 3638 4676 Salntt.

2227 4698 2254 4726 “
2289 4698 2422 4772 Qum
2438 4699 2647 4772 Graeco
2668 4699 2881 4772 ,ἐπάγω
2902 4739 2916 4765 ,
2947 4696 3131 4752 Sabat.
3152 4736 3166 4761 ,
3188 4695 3436 4748 inducam.

2227 4776 2251 4804 ο
2293 4767 2359 4822 1η
2385 4770 2548 4823 illum.
2585 4767 2755 4821 Vatic.

2225 4849 2252 4888 P
2282 4840 2435 4905 Quod
2462 4841 2717 4892 inventum
2742 4849 2835 4893 est.
2863 4837 2937 4892 Id.
2961 4851 3083 4893 cum
3111 4836 3292 4892 Sabat.

2226 4920 2253 4960 τι
2290 4919 2389 4966 Τοῦ
2419 4909 2759 4986 ποριῦεσραε,
2789 4911 2841 4986 in
2875 4909 3081 4986 Geteco.
3116 4908 3180 4964 Ut
3209 4911 3421 4986 irent.._..
3474 4906 3707 4986 eratuer-

2152 4992 2347 5048 varent,
2375 4977 2516 5047 etc.',
2538 4982 2677 5050 apud
2710 4982 2892 5035 Sabat.
2933 4979 3028 5035 Hic
3049 5020 3064 5046 ,
3099 4992 3153 5035 ut
3180 4996 3320 5050 sa‘pe
3347 4979 3497 5039 alias,
3523 4977 3708 5029 littera:

2153 5054 2384 5109 inhaeret
2424 5052 2657 5107 Lucifer.
2692 5051 2938 5107 Galland.

2230 5126 2254 5155 τ
2297 5122 2465 5178 Corde
2490 5140 2603 5177 suo.
2641 5164 2676 5177 ..
2708 5122 3020 5179 Statuerent.
3055 5120 3237 5179 Sabat.

2232 5201 2252 5228 '
2295 5195 2448 5250 Haud
2480 5196 2770 5261 mendose,
2830 5205 2887 5250 ut
2930 5205 3078 5249 notat
3125 5186 3705 5261 Gaumtditls.-A8D€T¢D

2156 5264 2502 5322 Sidoniorum
2548 5256 2999 5335 numen’aliquod
3050 5266 3209 5319 fuisse
3247 5260 3426 5335 probat
3455 5256 3707 5335 Settlettus

2156 5348 2428 5408 syntagm.
2469 5336 2534 5402 2,
2576 5352 2696 5409 cap.
2738 5337 2803 5409 2,
2847 5331 2915 5392 de
2947 5336 3055 5409 Diis
3099 5334 3285 5409 Syris;
3328 5331 3495 5409 idqui:
3517 5331 3704 5409 eatultr-

2158 5399 2268 5464 mat
2319 5399 2557 5479 Beyertis
2602 5399 2657 5461 III
2705 5399 3085 5479 additameutis
3127 5399 3419 5479 adglibrun't
3465 5399 3700 5479 seltleni;

2156 5481 2241 5535 vel
2306 5471 2537 5533 Aslierah
2592 5480 2875 5534 simulacra
2936 5478 3108 5545 lignea
3175 5471 3704 5546 signiﬁcotLAstlto-

2133 5551 2276 5614 .,retb
2325 5549 2549 5604 Sidenio
2598 5551 2803 5605 numini
2845 5542 3054 5609 dicata,
3094 5547 3166 5601 uti
3216 5542 3405 5601 ibidem
3455 5542 3702 5614 Seldenus

2155 5624 2271 5692 ipse
2295 5620 2710 5692 animadvertit.
2739 5619 2986 5692 Mendum
3016 5616 3474 5692 ortltograpbicum
3504 5613 3698 5665 soluto-

2154 5685 2321 5764 modo
2348 5692 2510 5756 inest,
2536 5706 2589 5747 et
2620 5691 2855 5764 Ashetjah
2885 5690 2964 5764 vel
2995 5685 3196 5764 Ashera
3216 5685 3566 5764 scribendum.

2229 5767 2247 5801 ⁸
2292 5762 2358 5818 In
2403 5754 2634 5819 convalle
2676 5762 2899 5818 Cedron.
2929 5757 3115 5816 Snbut.
3162 5757 3224 5813 In
3264 5754 3489 5813 incendio
3534 5763 3696 5805 tamen

2651 5847 2710 5889 ro
2760 5835 2897 5903 loco,
2952 5833 3037 5893 ubi
3085 5838 3409 5891 mortuorum
3452 5820 3694 5884 cadavera

2152 5842 2302 5892 recte
2349 5835 2565 5906 legitur,
2592 5847 2710 5961 (pro
2760 5835 2819 5887 IOt

2154 5906 2558 5963 cremabantur.
2639 5904 2819 5963 alland

2154 5906 2558 5968 cremabantur.
