3854 6398
466 380 565 438 951
642 430 645 434 Α

1536 374 1863 434 LUCIFEBI
1902 373 2212 435 EPISCOPI
2250 372 2675 433 CALARITANI

3660 375 3774 431 952

460 496 578 551 erit.
623 494 693 548 Et
732 494 1004 564 respondit
1054 494 1234 559 Amos,
1268 501 1314 546 et
1344 492 1475 546 dixit
1514 492 1582 545 ad
1608 491 1875 546 Amasiam
1896 507 1916 546 :
1945 490 2064 546 Non
2096 499 2152 558 Α
2176 489 2298 544 mihi
2328 492 2576 545 remansit
2603 491 2719 561 plus
2748 507 2903 561 quam
2934 508 3064 546 uxor
3090 507 3201 545 utea
3228 492 3395 555 Anna,
3429 491 3614 546 Tobias
3646 489 3677 527 ιι
3707 493 3773 561 ﬁ'

468 605 609 643 erant
639 588 895 658 prOpIteta
932 596 980 655 ⁸,
1030 604 1191 657 neque
1219 587 1363 656 ﬁlius
1393 586 1658 656 prophette
1684 602 1799 638 sum
1837 602 1952 657 ego,
1983 585 2072 638 sed

467 692 646 752 pastor
678 698 819 735 eram
847 697 1125 752 caprarum
1148 679 1417 744 vellicans,
1445 690 1493 733 et
1520 679 1797 748 assumpsit
1815 677 1840 715 ι)
1861 694 1938 731 me
1964 676 2074 731 Do-

466 776 638 827 minus
664 774 728 826 de
760 772 935 827 oribus
961 789 978 826 :
1010 785 1055 826 et
1097 773 1229 826 dixit
1254 772 1322 825 ad
1356 788 1474 825 me:
1514 770 1656 824 Vade
1685 774 1996 842 prophetare
2021 770 2072 823 in

467 868 666 938 plebem
694 883 859 920 meam
891 864 1081 920 Israel.
1116 864 1181 918 Et
1212 881 1346 917 nunc
1378 864 1503 917 nudi
1533 866 1739 918 uerbum
1772 875 1795 903 ο
1824 863 2073 918 Domini:

469 958 551 1011 Tu
584 959 757 1012 dicis:
795 957 918 1011 Non
959 956 1292 1027 prophetabis
1332 956 1387 1009 in
1418 955 1606 1022 Israel,
1645 966 1823 1010 etnon
1863 972 2076 1025 congre-

468 1053 676 1123 gabitur
704 1053 755 1105 in
797 1054 949 1106 domo
985 1050 1167 1104 Jacob.
1208 1050 1430 1119 Propter
1476 1052 1571 1103 hoc
1601 1047 1626 1086 (ἶ
1658 1051 1767 1105 lucc
1811 1051 1935 1104 dicit
1966 1050 2073 1105 Do-

469 1149 641 1202 minus
673 1148 813 1203 Deus
840 1165 857 1202 :
890 1148 1039 1203 Uxor
1068 1159 1157 1201 tua
1183 1148 1237 1200 in
1263 1148 1470 1200 civitate
1495 1147 1770 1216 prostabit,
1796 1157 1841 1200 et
1869 1148 1969 1217 ﬁlii
1999 1148 2075 1200 tui

469 1250 518 1296 et
553 1242 679 1310 ﬁlia:
709 1252 811 1295 tua:
855 1240 1035 1311 gladio
1065 1239 1325 1305 decident,
1360 1250 1495 1293 terra
1526 1252 1615 1291 tua
1647 1240 1881 1310 funiculo
1920 1250 2075 1294 mete-

471 1334 631 1399 bitur,
661 1343 709 1386 et
739 1344 794 1385 tu
824 1333 878 1385 in
906 1342 1044 1385 terra
1089 1331 1357 1385 immunda
1395 1332 1651 1396 morieris,
1699 1329 1868 1387 Israel
1907 1345 2076 1388 autem

469 1430 703 1494 captivus
745 1426 964 1480 duretur
991 1444 1022 1479 a
1066 1437 1203 1480 terra
1236 1443 1331 1480 sua
1366 1436 1413 1478 θ.
1443 1423 1580 1480 Cum
1613 1425 1731 1480 hinc
1760 1441 1883 1482 esse
1934 1426 2073 1482 facta

466 1516 679 1573 videris
700 1518 769 1571 ab
794 1533 882 1580 eo.
914 1519 1005 1586 qui
1035 1518 1320 1571 veritatem
1346 1526 1400 1570 et
1432 1518 1844 1588 correptionem
1878 1518 2076 1588 populo

469 1624 570 1665 suo
614 1610 825 1664 erranti
859 1610 1115 1664 voluerat
1162 1610 1432 1675 nuntiari,
1466 1626 1563 1665 cur
1593 1610 1745 1665 dicas
1778 1626 1880 1664 uos
1927 1611 2076 1665 inso-

468 1704 673 1769 lentes,
707 1719 807 1759 cur
851 1704 1313 1768 centomeliosos,
1362 1704 1490 1772 quia
1530 1720 1651 1772 qua:
1682 1712 1810 1757 sunt
1839 1705 2079 1759 erratico

470 1799 571 1854 tibi
600 1813 732 1854 vera
765 1798 1059 1852 dicamus?
1087 1799 1213 1865 quia
1244 1812 1349 1851 non
1392 1809 1536 1851 tuam
1569 1797 1856 1852 audiamus
1884 1812 2077 1852 vocem

2180 587 2281 641 lius
2306 602 2468 639 meus.
2504 584 2573 638 Et
2606 584 2620 621 ί
2656 586 2869 657 contigit
2888 596 3003 657 post
3024 587 3132 640 dies
3153 585 3495 656 quadraginta
3520 587 3772 655 quinque,

2178 678 2475 732 occiderunt
2505 693 2675 748 regem
2714 679 2865 732 illum
2908 678 3006 747 ﬁlii
3032 682 3167 751 ejus,
3196 689 3241 732 et
3268 680 3493 749 regnauit
3532 678 3771 732 Arccdo-

2180 788 2358 826 uossar
2377 772 2515 837 ﬁlius
2538 774 2647 843 ejus
2676 791 2771 843 pro
2801 790 2859 828 eo
2882 774 3012 828 illic.
3042 772 3109 827 Et
3138 775 3149 823 i
3190 790 3300 827 cum
3329 774 3566 827 venissem
3596 775 3649 826 in
3678 773 3775 826 doc

2178 883 2260 919 mo
2290 884 2421 932 mea,
2455 878 2501 921 et
2525 866 2731 922 reddita
2760 878 2834 922 est
2865 866 2890 905 ¹ί
2920 868 3043 921 mihi
3066 884 3196 921 uxor
3226 885 3334 921 mea
3361 868 3526 925 Anna.
3550 877 3600 920 et
3625 867 3771 936 ﬁlius

2178 976 2319 1014 meus
2376 960 2583 1015 Tobias.
2626 960 2693 1015 In
2732 959 3033 1016 Pentecoste
3073 960 3157 1014 die
3200 964 3328 1030 festo
3360 973 3550 1029 nostro,
3578 962 3668 1031 qui
3700 970 3771 1012 est

2176 1063 2387 1107 sanctus
2404 1069 2466 1108 ea:
2486 1052 2504 1090 ι
2523 1055 2845 1126 septimanis,
2861 1060 3055 1125 factunt
3070 1063 3143 1109 est
3158 1056 3279 1107 mihi
3286 1055 3550 1122 prandium
3580 1055 3769 1107 bonum

2179 1144 2341 1214 (Tob.
2404 1163 2460 1209 ιι,
2519 1148 2595 1217 1),
2655 1156 2703 1202 et
2755 1148 2988 1201 discubui
3046 1158 3101 1200 ut
3136 1146 3475 1218 prenderem,
3523 1157 3568 1200 et
3601 1147 3767 1215 posita

2178 1248 2253 1291 est
2296 1239 2422 1293 mihi
2455 1256 2649 1301 mensa.
2687 1248 2735 1293 et
2774 1240 2878 1293 vidi
2916 1240 3258 1311 pulmentaria
3285 1241 3692 1309 quamplurima,
3723 1249 3767 1291 et

2180 1329 2290 1384 dixi
2332 1330 2507 1385 Tobitz
2549 1332 2659 1399 ﬁlio
2702 1348 2813 1386 meo
2847 1350 2864 1386 :
2913 1332 3052 1387 Vade
3094 1342 3142 1385 et
3194 1333 3361 1386 adduc
3408 1348 3765 1401 quemcumque

2181 1440 2459 1491 pauperem
2486 1425 2737 1478 inveneris
2756 1441 2817 1478 ea:
2847 1426 3094 1495 fratribus
3124 1426 3309 1478 nostris
3330 1425 3417 1486 qui
3436 1436 3553 1477 sunt
3585 1426 3765 1495 captiti

2178 1518 2233 1568 in
2265 1514 2317 1569 Ν
2323 1517 2471 1581 inire,
2510 1518 2597 1586 qui
2625 1528 2793 1571 tamen
2821 1517 2876 1570 in
2904 1518 3068 1572 mente
3096 1516 3277 1571 habent
3305 1526 3343 1553 ιη
3373 1515 3536 1570 Deum
3577 1519 3634 1571 in
3665 1526 3762 1569 toto

2182 1609 2337 1664 corde
2360 1627 2453 1664 suo
2473 1627 2491 1677 ;
2516 1610 2651 1664 hunc
2670 1609 2866 1677 adduc;
2888 1621 2932 1663 et
2948 1611 3217 1665 manducet
3240 1612 3431 1679 pariter
3449 1626 3648 1665 mecum
3675 1613 3761 1662 hoc

2184 1705 2457 1773 prandium
2486 1720 2504 1759 :
2528 1722 2641 1760 ecce
2665 1707 2890 1760 sustineo
2917 1715 2986 1773 te,
3017 1707 3112 1777 ﬁli,
3145 1706 3304 1760 donec
3331 1709 3522 1761 uenias.
3552 1705 3623 1759 Et
3647 1706 3762 1758 exiit

2183 1807 2209 1834 υ
2245 1798 2429 1854 Tobias
2457 1801 2714 1866 inquirere
2739 1800 2960 1870 aliquem
2990 1817 3263 1870 pauperem
3289 1801 3541 1869 captivum
3568 1815 3633 1852 ea:
3661 1803 3764 1867 fra-

471 1891 774 1956 dicentem,
805 1890 984 1944 Nolite
1003 1892 1209 1944 credere
1226 1889 1718 1944 sicuticrcdiderunt
1739 1891 2076 1961 patriarchw,
2110 1900 2157 1958 Β
2185 1890 2346 1943 tribus
2387 1892 2595 1954 nostris,
2628 1905 2676 1944 et
2704 1907 2931 1945 reversus
2960 1891 3086 1943 dixit
3123 1892 3246 1944 mihi
3272 1908 3288 1943 ε
3317 1888 3495 1943 Pater.
3527 1888 3594 1942 Et
3623 1889 3730 1942 dixi
3748 1905 3763 1940 :

471 1982 755 2054 pt‘OpheltB,
798 1982 1045 2051 apostoli,
1075 2000 1135 2036 ac
1165 1994 1439 2053 martyres,
1478 1983 1570 2036 sed
1601 1984 1793 2037 credite
1820 1985 2076 2053 quomodo

470 2078 745 2131 tradiderit
791 2079 943 2132 Arius
971 2080 996 2132 Ρ
1026 2078 1080 2131 In
1113 2079 1314 2149 quibus
1363 2080 1527 2133 rebus
1575 2078 1718 2147 apud
1768 2090 1820 2133 te
1851 2080 2076 2148 superbi

469 2169 831 2224 invenimur?
855 2170 959 2224 nisi
996 2169 1049 2224 in
1076 2170 1179 2224 hoc
1208 2170 1353 2239 quod
1384 2170 1671 2239 sacrilegia
1702 2179 1791 2221 tua
1821 2185 2080 2224 exsecre-

473 2276 621 2326 mur,
657 2271 1041 2330 prmceptaque
1070 2270 1159 2314 tua
1184 2270 1243 2314 ut
1264 2262 1476 2330 gladios
1507 2271 1672 2330 atque
1700 2276 1913 2315 venena
1943 2262 2078 2316 vite-

472 2371 618 2410 mus.
652 2354 774 2409 Non
809 2354 912 2409 hoc
941 2354 1144 2409 factum
1194 2371 1223 2409 a
1255 2355 1414 2411 nobis
1442 2365 1528 2410 est
1568 2357 1838 2425 primum:
1888 2370 2080 2410 omnes

470 2451 573 2517 illi,
623 2452 716 2519 qui
752 2451 869 2521 jam
914 2451 1025 2505 Deo
1056 2452 1382 2516 placuerunt
1415 2449 1556 2504 hanc
1601 2459 1852 2504 tenentes
1883 2449 2078 2514 ﬁdem,

469 2560 636 2615 quam
669 2560 769 2599 nos
802 2544 1192 2614 praedicamus.
1228 2544 1372 2598 istud
1406 2544 1696 2609 fecerunt;
1738 2558 1900 2598 nemo
1933 2557 2081 2597 mor-

472 2647 585 2693 tem
612 2637 796 2691 timuit
824 2636 1108 2706 suscipere
1139 2652 1236 2705 pro
1282 2637 1393 2691 Deo
1425 2652 1491 2691 ex
1534 2635 1654 2705 ejus
1683 2636 1883 2703 servis,
1920 2649 2081 2690 nemo

469 2731 809 2786 faiiiulorum
854 2731 976 2800 ejus
999 2731 1259 2801 cogitavit
1289 2740 1690 2784 tormentorum
1722 2744 1924 2799 genera
1961 2745 2083 2799 qua:

473 2839 505 2878 a
534 2824 692 2881 vobis
721 2824 1032 2879 inferuntur
1060 2824 1330 2894 tyrannis,
1361 2823 1458 2878 sed
1485 2823 1636 2877 illius
1657 2833 1932 2894 praecepta
1956 2835 2084 2879 ante

474 2922 669 2976 oculos
693 2920 906 2974 habuit.
935 2920 1025 2975 Sic
1053 2919 1255 2973 Tobias
1280 2918 1560 2988 gloriosus
1590 2918 1901 2988 pra-cipuus
1932 2918 2085 2973 iuve-

477 3017 630 3071 nitur
680 3017 859 3069 faCtus
894 3014 1037 3084 apud
1088 3015 1400 3079 Dominum,
1432 3013 1560 3067 dum
1609 3029 1717 3068 nou
1750 3014 2083 3082 comperditi

474 3110 550 3164 tui
582 3108 731 3178 regis
762 3108 918 3160 timet
946 3106 1208 3172 edictum,
1252 3106 1347 3160 sed
1380 3106 1560 3159 solum
1593 3116 1766 3159 totum
1800 3114 2079 3174 potentem

473 3200 672 3255 Deum.
708 3196 833 3251 llzuc
873 3198 947 3251 ita
981 3213 1107 3251 esse
1134 3197 1241 3265 ipsi
1284 3204 1449 3251 crede
1481 3196 1669 3249 Tubiﬂ}
1699 3197 1904 3250 dicenti
1934 3213 1947 3249 :
1985 3196 2083 3250 Ubi

2184 1981 2322 2046 Quid
2364 1992 2461 2045 est,
2490 1981 2613 2051 ﬁli?
2642 1980 2711 2034 Et
2758 1982 2885 2036 dixit
2930 1980 3096 2035 mihi:
3128 1980 3258 2036 Ecce
3304 1998 3434 2034 unus
3463 1982 3526 2034 de
3568 1981 3766 2033 natione

2182 2086 2356 2128 nostra
2383 2075 2580 2129 occisus
2604 2076 2788 2144 laqueo
2814 2075 3433 2146 circi.induto,-projectus
3461 2083 3552 2127 est.
3585 2071 3651 2125 Et
3670 2072 3765 2124 exii

2178 2167 2359 2221 relicto
2374 2168 2594 2238 prandio
2612 2184 2747 2234 meo,
2774 2180 3043 2235 antequam
3064 2167 3261 2233 aliquid
3286 2183 3349 2221 ex
3368 2167 3461 2220 illo
3481 2176 3759 2235 gustarem;

2179 2270 2227 2313 et
2257 2268 2297 2299 ον
2349 2260 2474 2314 tollo
2502 2260 2647 2313 illum
2679 2260 2743 2315 de
2786 2260 2955 2330 platea
3000 2260 3053 2312 in
3080 2276 3237 2313 unum
3282 2260 3446 2313 locum
3486 2256 3623 2326 apud
3664 2272 3757 2318 me,

2183 2352 2343 2407 donec
2366 2354 2444 2406 sol
2471 2353 2747 2415 occideret,
2764 2365 2816 2405 ut
2834 2354 2979 2407 illum
2998 2355 3261 2423 sepelirent
3285 2369 3301 2406 :
3323 2364 3371 2407 et
3392 2360 3617 2406 reversus
3640 2352 3755 2413 tari,

2184 2456 2229 2499 et
2255 2447 2565 2500 manducaui
2600 2447 2877 2517 prandium
2910 2462 3073 2499 meum
3101 2462 3217 2498 cum
3246 2446 3406 2507 luctu,
3436 2456 3481 2498 et
3522 2458 3757 2497 rememo-

2183 2550 2327 2591 ratus
2366 2555 2480 2591 sum
2517 2554 2811 2592 sermonum
2843 2540 3103 2607 pr0pltette
3132 2538 3308 2603 Amos,
3349 2555 3470 2607 quos
3508 2547 3533 2587 Ρ
3562 2538 3753 2590 locutus

2182 2642 2259 2685 est
2288 2632 2340 2685 in
2380 2629 2583 2696 Bethel,
2614 2631 2829 2685 dicens:
2858 2629 3220 2685 Conoertentur
3250 2630 3357 2684 dies
3392 2631 3503 2701 festi
3531 2630 3680 2683 restri
3708 2630 3753 2680 in

2184 2726 2398 2791 luctum,
2427 2735 2472 2778 et
2519 2725 2691 2778 omnia
2724 2725 2927 2778 cantica
2958 2733 3121 2777 vestra
3161 2725 3214 2777 in
3242 2723 3646 2776 lamentationem
3669 2738 3688 2773 :
3712 2732 3752 2772 et

2186 2818 2499 2888 lacrymatus
2528 2833 2660 2871 sum.
2700 2815 2767 2869 Et
2796 2827 3063 2885 postquam
3087 2816 3165 2869 sol
3192 2815 3395 2878 occidit,
3428 2814 3525 2867 abii
3549 2824 3595 2867 et
3625 2814 3749 2882 fodi,

2186 2924 2233 2963 et
2256 2910 2467 2978 sepelivi
2500 2910 2646 2962 illum
2668 2924 2688 2961 :
2715 2919 2761 2962 et
2787 2924 2959 2971 omnes
2991 2908 3211 2976 proximi
3236 2908 3332 2959 mei
3363 2905 3653 2959 deridebant
3676 2920 3751 2956 me

2186 3003 2408 3057 dicentes
2434 3019 2454 3057 :
2496 3001 2768 3069 Quomodo
2809 3020 2910 3055 non
2962 3002 3103 3057 timet
3132 3003 3213 3055 hic
3252 3002 3401 3055 honto
3427 3001 3452 3054 Ρ
3468 3002 3577 3070 jam
3624 3000 3747 3053 enim

2188 3099 2462 3166 inquisitus
2480 3107 2550 3151 est
2578 3099 2730 3169 hujus
2756 3098 2830 3150 rei
2846 3114 3027 3150 caussa
3055 3106 3108 3149 ut
3130 3096 3515 3162 interﬁceretur,
3537 3104 3580 3147 et
3601 3093 3745 3162 fugit,

2189 3202 2213 3238 ιι
2246 3202 2289 3243 et
2338 3192 2520 3243 iterum
2570 3189 2783 3259 sepelire
2812 3191 2962 3258 erepit
3008 3201 3255 3243 mortuos.
3298 3191 3428 3243 Cum
3458 3186 3747 3256 conspicias

479 3290 499 3329 ί
523 3290 1183 3353 venitSennaclterimrex,
1213 3288 1483 3343 deludam
1506 3289 1704 3358 fugiens
1728 3288 1881 3357 (Tob.
1914 3304 1951 3351 ι,
1984 3288 2077 3357 Eli)
2109 3284 2154 3345 C
2186 3282 2371 3351 itaque
2401 3282 2494 3337 Dei
2538 3298 2724 3337 ενι-νος
2756 3297 2861 3336 non
2896 3292 3137 3337 vestram
3163 3279 3531 3335 crudelitatem
3562 3289 3742 3349 tyran-

471 3398 684 3459 propter
716 3385 1063 3456 defensionem
1081 3400 1234 3453 quam
1264 3384 1383 3450 fecit
1400 3399 1463 3436 ea:
1488 3384 1592 3435 illis
1620 3382 1888 3445 Dominus,
1922 3400 2078 3451 prop-

472 3491 548 3535 ter
580 3479 920 3548 blasphemias
965 3477 1106 3530 illius
1138 3490 1253 3544 qua:
1293 3477 1687 3541 blasphemnvit,
1717 3486 1763 3527 et
1805 3475 1993 3526 occidit
2026 3475 2078 3527 in

472 3573 553 3625 ira
581 3588 678 3624 sua
705 3570 892 3622 multos
915 3585 979 3622 ex
1002 3569 1130 3637 ﬁliis
1163 3565 1327 3619 Israel
1355 3582 1371 3619 :
1402 3582 1496 3633 ego
1522 3577 1692 3618 autem
1718 3581 1940 3633 corpora
1958 3566 2079 3618 illo-

474 3680 593 3716 rum
624 3660 937 3722 involabam,
979 3670 1023 3712 et
1066 3658 1408 3727 sepeliebam:
1455 3668 1500 3710 et
1549 3666 1571 3702 ε
1618 3658 1970 3710 renuntiatum
2007 3666 2079 3709 est

474 3756 607 3826 regi,
631 3754 873 3823 quoniam
893 3752 1107 3821 sepelio,
1134 3762 1180 3803 et
1199 3751 1455 3819 quazrebat
1480 3760 1531 3802 ut
1552 3750 1808 3803 occideret
1838 3765 1935 3801 me.
1967 3747 2078 3819 Ego

470 3859 642 3902 autem
664 3846 797 3916 fugi,
822 3855 868 3899 et
898 3846 1100 3915 direpta
1128 3854 1200 3897 est
1218 3844 1381 3896 omnis
1403 3844 1693 3896 substantia
1720 3859 1849 3909 mea,
1879 3853 1924 3895 et
1948 3843 2078 3896 nihil

474 4011 681 4064 omisso
712 4009 826 4061 erit.

544 4090 572 4118 ι
618 4080 875 4147 Pmpheta
902 4094 1016 4146 ego,
1051 4091 1210 4147 neque
1257 4076 1401 4145 ﬁlius
1442 4074 1743 4147 praphetaz:
1775 4074 1865 4127 sed
1896 4081 2073 4143 pastor

475 4153 718 4206 vellicans
747 4152 1033 4219 sycamina.
1068 4147 1219 4202 Ead.‘

542 4222 570 4261 Β
614 4222 679 4274 Et
708 4217 916 4273 Μίαν..
942 4238 1002 4273 ea:
1024 4222 1195 4272 ovibus
1223 4234 1239 4270 :
1268 4229 1312 4270 et
1339 4218 1470 4271 dixit
1501 4217 1848 4270 Dominus....
1880 4226 1923 4269 et
1952 4231 2072 4284 pro-

475 4296 677 4364 pltetiza
707 4310 859 4359 super
884 4294 1130 4364 populum
1161 4301 1468 4364 inmunem.
1499 4289 1629 4341 End.

550 4376 571 4402 ε
617 4357 931 4418 Sermonem.
950 4357 1009 4414 ζ..
1049 4360 1174 4413 Noli
1200 4359 1510 4426 prophetare
1540 4376 1693 4423 snper
1717 4357 1904 4425 Israel,
1935 4371 1983 4413 et
2013 4374 2076 4411 ne

466 4452 742 4506 congreqes
762 4435 1025 4487 audientes
1055 4444 1233 4484 contra
1263 4432 1470 4483 domum
1495 4430 1680 4483 Iacob.
1714 4429 1845 4482 Earl.

541 4506 565 4544 ἀ
610 4506 987 4567 Propterea....
1030 4502 1325 4556 Dominus:
1362 4502 1600 4555 υτον-..η
1629 4502 1879 4570 fornicabi

661 4516 987 4567 ropterea....
1030 4510 1325 4556 Dominus:
1362 4510 1600 4555 υτον-..η
1629 4510 2065 4567 fornicabitur....

464 4582 517 4632 in
537 4578 713 4649 gladio
744 4579 946 4635 cadent,
979 4585 1114 4649 et....
1148 4574 1493 4649 dividelttr....
1519 4575 1581 4627 de
1601 4585 1757 4649 terra,
1793 4584 1899 4627 etc.
1934 4571 2067 4649 End.

474 4650 523 4722 In
542 4643 766 4709 'Grusco,
787 4648 1312 4722 καταμετρηθήσςται,
1338 4645 1794 4710 dimensurabitur,
1819 4659 1941 4698 cum
1969 4643 2075 4697 Lu-

467 4721 560 4775 cii.
594 4729 828 4772 metetur.

543 4803 566 4829 ο
610 4790 675 4843 In
708 4802 901 4843 terram
934 4805 1083 4841 suam
1112 4788 1239 4857 legit
1271 4787 1457 4841 Sabat.
1492 4787 1603 4839 hic.

544 4862 563 4899 ί
609 4862 763 4915 Vers.
799 4865 924 4913 Ant.
968 4860 1107 4925 Quos
1138 4860 1404 4912 occidisset
1455 4858 1825 4912 Sen’nacherim
1852 4875 2063 4912 τρίτη...

465 4935 723 4987 Dominus
749 4932 861 4985 coeli
906 4932 969 4983 de
1012 4931 1126 4996 illo,
1170 4932 1230 4983 ob
1278 4931 1625 4999 blnsphemms
1679 4930 1843 4999 illius,
1877 4931 2069 4982 multos

465 5009 601 5057 enim
633 5005 857 5068 ﬁliorum
893 5001 1058 5053 Israel
1087 5003 1273 5054 occidit
1318 4998 1481 5053 inira
1522 5018 1637 5053 sua.
1688 4998 1801 5064 Ego
1851 5016 2069 5063 corpora

465 5078 675 5129 illorum
698 5073 1012 5125 involvebat"
1045 5089 1062 5124 .'
1094 5084 1138 5123 et
1173 5072 1429 5140 quivrebal
1460 5072 1554 5125 illa
1582 5088 1690 5126 rex.
1724 5081 1770 5123 et
1794 5088 1893 5123 nou
1922 5072 2065 5123 iure-

464 5148 654 5199 niebat.
704 5144 830 5198 Hoc
877 5154 1057 5196 autem
1099 5159 1164 5195 cx
1212 5142 1385 5197 Lucil'.
1434 5158 1550 5212 qua:
1592 5142 1983 5209 btusplwmavit,
2015 5151 2069 5195 ct

462 5218 775 5273 involabam.
836 5213 1009 5267 ferme
1058 5230 1179 5266 cum
1233 5230 1362 5266 mss.
1417 5214 1607 5281 Regia.
1665 5215 1823 5266 Suec.
1878 5215 2061 5283 quibus

462 5287 853 5354 blasphemavit,
881 5298 934 5337 et
953 5284 1135 5337 Germ.
1158 5285 1349 5337 occulte
1366 5285 1686 5350 auferebam,
1710 5283 1851 5352 aliud
1871 5288 2055 5339 Subat.

465 5358 608 5411 Idem
642 5360 771 5425 legit
799 5354 1149 5409 Senum/teri!)
1180 5357 1229 5408 iu
1261 5356 1535 5409 Lucifero.

534 5439 558 5475 ις
599 5424 786 5479 Sullat.
835 5427 1038 5478 habet:
1081 5428 1201 5495 quia
1247 5428 1576 5494 8.’pcllt’l)tttlt.
1614 5427 1772 5481 Vers.
1816 5426 1942 5479 Ant.
1991 5424 2058 5477 Et

456 5502 807 5552 renuntiatum
830 5510 899 5549 est
922 5496 997 5548 illi
1017 5500 1257 5564 quoniam
1281 5515 1371 5564 ego
1393 5500 1696 5563 sepeliebnm
1723 5498 1866 5559 illos,
1887 5512 1965 5549 me
1982 5512 2061 5549 oc-

455 5572 641 5640 cidere.
672 5570 765 5622 Μκ.
790 5559 1130 5640 Gt:rttt._rrgi.
1150 5559 1527 5629 Gre-cibario).
1549 5572 1755 5640 sepelio,
1781 5572 1857 5621 uti
1876 5566 2055 5640 Lucii.

533 5638 572 5722 ll.
604 5640 667 5691 Et
713 5640 920 5691 Tobias.
977 5637 1131 5692 Vera“.
1169 5642 1292 5692 Aut.
1343 5640 1487 5694 Uxor
1528 5637 1674 5695 Anna
1707 5642 1840 5709 legit
1868 5638 2055 5694 Sabat.

464 5725 671 5764 Olltlwsu
700 5726 830 5764 mea.

533 5781 547 5818 ί
596 5780 753 5836 Vers.
802 5786 927 5834 Aut.
967 5779 1033 5833 Et
1063 5781 1276 5848 contigit
1320 5783 1443 5833 dum
1485 5785 1795 5837 laterem....
1825 5781 1932 5833 duo
1956 5780 2057 5849 ﬁlii

460 5854 554 5917 sui,
590 5864 635 5905 ct
680 5855 921 5920 fugerunt
948 5853 998 5903 in
1030 5862 1248 5906 montem
1296 5854 1537 5911 Araratlt.
1568 5853 1638 5907 Et
1670 5854 1897 5924 regnavit
1940 5864 2053 5919 post

450 5938 563 5979 cum
587 5924 1125 5979 Archedonrtssur...”
1158 5940 1249 5991 pro
1279 5924 1389 5977 illo.
1422 5927 1546 5979 31.55.
1572 5926 1757 5980 Germ.
1789 5925 1901 5979 lltﬂc
1924 5939 2048 5979 cum

2095 4722 2150 4781 D

2186 3394 2382 3431 norum
2412 3393 2627 3446 semper
2658 3377 2929 3442 timuisse,
2963 3392 3025 3431 ac
3055 3392 3196 3430 lllllic
3233 3376 3422 3429 timere
3451 3388 3624 3444 posse,
3653 3373 3743 3427 sed

2184 3481 2455 3541 prmccpta
2487 3469 2761 3539 cogitasse
2785 3468 2996 3523 Domini
3024 3483 3087 3523 ac
3112 3469 3369 3537 cogitare,
3400 3464 3660 3537 quomodo
3688 3475 3741 3517 tu

2186 3579 2290 3618 nos
2334 3562 2577 3632 dignaris
2611 3563 2923 3631 petulantes
2957 3560 3249 3630 judicare?
3279 3574 3464 3629 nempe
3506 3558 3621 3627 quia
3663 3556 3741 3609 la-

2184 3659 2363 3712 ciente
2393 3658 2505 3713 Deo
2541 3668 2685 3710 tuam
2713 3656 2988 3711 calcemus
3015 3664 3070 3708 ut
3099 3654 3267 3708 lutum
3296 3652 3573 3722 potentiam
3599 3668 3611 3702 :
3642 3649 3739 3702 hoc

2187 3766 2293 3805 non
2311 3749 2515 3805 faciunt
2528 3750 2672 3805 vires
2687 3758 2906 3813 nostrae,
2925 3747 3019 3802 sed
3036 3746 3218 3801 tribuit
3234 3745 3376 3799 illius
3391 3740 3737 3797 misericordia

2183 3859 2346 3913 quem
2374 3843 2645 3899 exsecrari
2667 3841 2903 3913 dignaris
2928 3841 2979 3895 in
3013 3840 3189 3894 nobis.
3219 3839 3353 3893 Dicit
3375 3836 3511 3891 Deus
3531 3835 3593 3889 ad
3616 3835 3739 3888 Eze-

2181 4002 2431 4056 Lucil‘ero
2457 4018 2474 4055 :
2507 4000 2574 4055 Et
2601 4001 2812 4069 contigit
2844 4010 2894 4051 ut
2920 4010 3030 4070 post
3053 4001 3158 4051 dies
3179 3998 3511 4068 quadraginta
3536 4007 3578 4049 et
3597 3996 3735 4065 quin-

2180 4090 2278 4144 que
2304 4074 2599 4126 occiderunt
2616 4089 2785 4144 regem
2807 4072 2956 4144 illum
2980 4071 3271 4144 ﬁliiAipsius.

2255 4147 2268 4194 l
2322 4144 2460 4198 Foro
2488 4158 2610 4196 cum
2665 4134 2858 4198 Grmco
2885 4160 2897 4195 ε
2926 4134 3043 4197 Ὀτι
3066 4134 3122 4196 δέ
3140 4140 3375 4198 κατῆλθον
3394 4140 3479 4198 ἐἰς
3504 4140 3584 4193 τὸν
3612 4134 3731 4192 οἶκόν

2180 4237 2302 4287 μου,
2321 4222 2406 4271 ναὶ
2431 4213 2673 4273 ἀπεδόθη.
2701 4224 2809 4287 etc.
2838 4212 3009 4287 Vrers.‘
3028 4211 3172 4287 Atll_..
3191 4222 3467 4287 postquam
3503 4211 3730 4287 q‘uJ'tlattl

2180 4278 2281 4341 alia
2312 4288 2534 4352 adjecit,
2567 4304 2685 4351 qtuu
2707 4286 2913 4338 omittit
2940 4283 3101 4339 etiam
3134 4281 3354 4352 Vulgata
3380 4302 3391 4336 :
3428 4278 3484 4333 Ει
3510 4281 3729 4332 descendi

2182 4360 2233 4412 in
2272 4358 2456 4410 Ninive
2477 4360 2528 4411 in
2553 4357 2758 4410 domum
2790 4373 2972 4410 meant.

2246 4427 2274 4464 κ
2317 4429 2535 4483 Reddita
2562 4438 2711 4482 esset.
2743 4426 2916 4481 Vatic.

2254 4501 2269 4536 ι
2316 4502 2450 4553 Cum
2500 4514 2601 4554 ms.
2670 4498 2856 4554 Germ.
2903 4515 2934 4551 a
2962 4497 3275 4567 septimanis.
3312 4494 3459 4548 Vers.
3492 4495 3622 4567 Ant.
3673 4491 3725 4567 In

2182 4573 2612 4626 Pentecosten....
2666 4587 2699 4624 a
2741 4580 2934 4640 septem
2982 4565 3150 4633 annis,
3200 4578 3362 4621 et.....
3415 4565 3724 4633 pulmentaria

2182 4646 2468 4715 complura.

2246 4706 2399 4768 'u'lta
2452 4728 2556 4768 ms.
2604 4714 2789 4768 Germ.
2846 4711 2937 4765 ubi
2987 4719 3034 4762 et
3075 4709 3360 4761 manducet.
3410 4706 3557 4760 Vers.
3604 4706 3715 4759 Ant.

2182 4786 2466 4865 Habet"...
2507 4794 2573 4865 ut
2608 4781 3117 4865 manducelupariter
3160 4781 3432 4833 uobiscum.
3467 4778 3716 4832 Sabatier.

2172 4860 2300 4927 legit
2332 4856 2479 4908 habet
2504 4857 2667 4909 etiam
2696 4854 2749 4907 in
2776 4854 3054 4927 Lucifero.

2243 4920 2271 4965 λι
2313 4928 2439 4981 llrcc
2469 4942 2592 4981 cum
2625 4940 2727 4979 ms.
2763 4925 2946 4979 Germ.
3002 4933 3049 4975 et
3078 4923 3198 4976 exiit
3230 4920 3403 4975 Tobias
3441 4920 3712 4987 inquirere;

2170 5015 2295 5054 cum
2327 4998 2539 5059 Gnaeo,
2579 4995 2648 5058 εἷς
2679 5000 2732 5051 ἐκ
2770 5002 2858 5052 τοῦ
2889 4998 3076 5067 γένοὶκςΔ
3105 4996 3260 5064 ἡμῶν,
3309 5007 3433 5043 unus
3473 4990 3531 5042 de
3557 5004 3713 5058 genere

2171 5083 2367 5124 nostro.
2402 5068 2562 5124 Vers.
2612 5069 2739 5140 Ant.
2797 5064 2931 5121 Abiit
2984 5064 3165 5118 Tobias
3190 5077 3523 5140 querere"...
3570 5069 3610 5140 et
3636 5074 3712 5127 ego

2171 5143 2396 5195 dixi.....
2442 5150 2489 5193 et
2519 5141 2590 5192 ait
2632 5138 2875 5191 mihi.....
2911 5154 3039 5190 unus
3084 5152 3144 5190 ea:
3176 5135 3408 5204 fratribus
3435 5135 3707 5204 nostris.....

2174 5216 2433 5284 projectus
2452 5214 2596 5283 jacet
2619 5212 2673 5264 in
2706 5210 2930 5279 publico.
2963 5206 3032 5261 Et
3061 5203 3347 5261 exsiliet...
3383 5203 3633 5271 quicquam
3657 5216 3707 5251 er

2172 5286 2285 5338 illo.
2302 5294 2408 5337 etc.

2247 5326 2285 5390 δ’
2304 5326 2579 5408 Gouvenit
2604 5369 2723 5413 cum
2751 5368 2852 5406 ms.
2883 5350 3068 5404 Germ.
3094 5358 3138 5400 et
3162 5345 3283 5399 tollo
3306 5344 3442 5397 illum
3487 5344 3545 5395 de
3563 5344 3703 5411 platea

2170 5429 2223 5479 in
2243 5442 2399 5478 unum
2412 5428 2579 5479 locum
2596 5424 2737 5493 apud
2766 5439 2865 5476 me.
2886 5421 3039 5474 Vcrs.
3060 5420 3187 5493 Aut.
3205 5416 3443 5493 et_s_us_tuti
3469 5416 3699 5493 utatur“.

2169 5499 2222 5550 in
2255 5498 2463 5550 domum
2490 5506 2597 5551 etc.
2630 5485 2833 5551 Sustuli
2863 5494 3028 5546 etiam
3061 5492 3113 5543 in
3147 5488 3313 5543 Lucii.
3348 5487 3518 5556 legere
3544 5485 3703 5539 Sabat.

2172 5569 2465 5694 Wl‘uil'zrs.
2496 5642 2623 5694 Aut.
2647 5638 2797 5704 Quod
2820 5636 3017 5690 locutus
3038 5643 3109 5688 est
3130 5634 3180 5687 in
3204 5629 3537 5685 Bethleem...
3560 5640 3697 5677 omnes

2167 5711 2275 5831 duris
2300 5722 2629 5854 perdidit
2658 5779 2995 5854 substantiam
3039 5794 3205 5854 suam.2
3250 5770 3456 5854 additur
3490 5767 3689 5854 iu“.’ers.

2164 5856 2290 5906 Ant.
2322 5839 2439 5921 quin
2473 5865 2652 5908 tamen
2680 5852 2877 5906 absunt
2902 5853 3064 5905 etiam
3101 5864 3130 5902 a
3166 5839 3369 5901 Grzcco.
3405 5839 3691 5896 Occidam?

2164 5938 2261 5992 pro
2285 5925 2653 5994 interﬁceretur
2684 5922 2845 5978 habet
2872 5922 3085 5977 ca’dcui.
