3854 6426
142 418 241 474 953

721 416 810 473 DE
848 416 986 474 NON
1024 416 1390 475 PARCENDO
1428 416 1507 474 IN
1549 417 1739 475 DEUM
1781 417 2377 487 DEUNQUENTIBUS
2418 416 2625 474 LIBER
2663 416 2867 477 UNUS.

3300 420 3409 477 954

138 534 368 589 cbielem
409 533 728 604 prophetam
782 534 996 605 (Eucti.
1042 552 1100 600 tt,
1150 536 1205 605 ὅ)
1251 552 1265 589 :
1313 535 1421 588 Fili
1465 536 1708 602 hominis,
1740 538 1910 607 Abel
1950 537 2210 592 solidatos
2256 546 2415 607 atque
2459 536 2697 593 ﬁrmatos
2726 538 2793 591 ad
2839 547 2983 591 tuam
3015 536 3411 592 contumaciam

138 628 281 681 mitto
300 636 347 679 te
374 628 443 680 ad
474 628 684 681 domum
711 624 881 681 Israel
906 668 921 694 ,
954 629 1076 697 quia
1115 630 1527 681 amaricarerunt
1568 636 1593 664 α
1640 644 1719 680 me

134 722 235 785 ipsi
251 731 339 785 ,et
391 733 565 785 patres
615 738 793 775 eorum
845 739 1002 791 usque
1039 723 1090 775 in
1113 722 1417 775 hodiernum
1467 723 1623 775 diem.
1652 718 1719 773 Et

134 816 269 868 dices
306 814 376 868 ad
413 817 531 870 illos
572 833 589 869 :
622 815 746 869 Illuc
790 817 911 869 dicit
939 816 1190 869 Dominus
1223 834 1238 868 :
1269 816 1604 871 Siaudierint
1630 824 1719 867 aut

133 907 497 976 trepidaverint
540 910 780 977 quoniam
825 910 1007 961 domus
1056 910 1347 960 amaricans
1369 918 1474 972 est,
1524 918 1569 959 et
1599 922 1721 976 ceg-

132 1010 342 1054 noscent
368 1002 612 1069 quoniam
635 1000 883 1070 praplteta
904 1018 958 1053 es
984 1010 1035 1051 tu
1066 1001 1120 1052 in
1149 1002 1312 1053 medio
1337 1014 1513 1051 eorum
1533 1007 1608 1051 :et
1640 1008 1715 1059 tu,

131 1091 208 1157 ﬁli
252 1092 496 1156 hominis,
528 1108 589 1144 ne
618 1092 850 1145 timueris
871 1108 978 1155 eos,
1004 1108 1164 1160 neque
1193 1090 1572 1161 trepidaverisa
1589 1089 1721 1158 {acie

129 1198 329 1243 eorum,
348 1184 621 1251 quoniame
639 1183 1009 1249 lfuriabuntur,
1034 1193 1080 1235 et
1098 1191 1401 1235 concurrent
1414 1197 1568 1249 super
1593 1190 1639 1233 te
1664 1180 1719 1232 in

130 1275 371 1340 circuitu,
402 1289 450 1328 et
482 1278 533 1328 in
560 1279 727 1328 medio
750 1276 1079 1345 scarpionunt
1102 1286 1156 1327 tu
1202 1274 1491 1337 inltabitas;
1529 1287 1718 1324 sermo-

130 1382 216 1420 nes
263 1383 440 1420 eorum
481 1384 543 1420 ne
570 1368 821 1431 timueris,
856 1378 900 1419 et
925 1386 953 1419 a
977 1369 1108 1434 [acie
1150 1383 1324 1420 eorum
1357 1382 1418 1418 ne
1440 1364 1716 1432 trepidave-

128 1459 197 1512 ris
216 1499 236 1523 ,
268 1461 514 1529 quoniam
542 1464 722 1515 domus
758 1464 1051 1515 amaricuns
1082 1474 1152 1515 est
1182 1478 1198 1515 :
1225 1474 1267 1515 et
1308 1460 1533 1529 loqueris
1569 1462 1718 1512 verba

128 1564 243 1600 mea
284 1549 353 1601 ad
388 1566 498 1613 eos,
556 1553 599 1604 si
660 1555 791 1619 forte
848 1553 1105 1604 audierint
1146 1552 1225 1603 uel
1257 1552 1559 1619 expaverint
1593 1564 1718 1615 quo-

128 1640 266 1693 niam
299 1642 482 1693 damus
525 1644 821 1695 amaricans
850 1652 948 1695 est.
978 1642 1339 1696 Coutumaccs
1372 1642 1617 1696 videmur
1656 1644 1720 1699 ti-

126 1733 197 1797 bi,
236 1743 293 1787 ut
316 1733 419 1788 iste
446 1734 556 1788 Deo
580 1736 679 1789 soli
713 1736 923 1789 dicatus
967 1736 1255 1789 videbatur
1294 1735 1553 1803 propheta
1585 1735 1715 1801 illis,

124 1842 357 1896 quorum
388 1838 441 1881 tu
471 1828 724 1881 tenebras
753 1831 1033 1899 sequeris;
1068 1844 1263 1897 nempe
1304 1828 1429 1881 hinc
1469 1828 1716 1881 Ezechiel

1823 631 2217 687 retundendam
2272 630 2380 685 tiso
2422 631 2588 700 gradu
2614 639 2761 685 stare
2786 639 2975 685 contra
3006 637 3147 683 tuam
3180 628 3408 697 rabiem,

1823 721 2125 777 tmmobiles
2156 732 2212 777 ut
2235 737 2363 776 saxa
2392 724 2531 777 mole
2554 722 2731 776 solent
2757 721 2980 777 robusta
3010 736 3194 789 tequor
3219 730 3410 775 contra

1824 813 2121 869 tumidum?
2153 815 2285 869 llinc
2333 828 2431 869 nos
2455 814 2665 883 jUdlCilS
2696 812 2881 867 hostes
2907 822 3050 877 tuos,
3083 812 3205 880 quia
3235 820 3288 867 te
3317 827 3412 866 ur-

1823 921 2040 979 geamus
2073 906 2164 962 Dei
2191 907 2309 962 ﬁeri
2336 921 2554 961 servom
2582 921 2647 961 ex
2676 904 2985 975 scorpione.
3029 902 3181 957 Nunc
3209 903 3409 957 etenim

1824 1014 1986 1053 unum
2006 1007 2056 1052 te
2069 1013 2190 1053 esse
2211 1014 2275 1053 es
2301 998 2680 1068 scorpionibus
2703 1013 2810 1051 non
2834 994 2853 1033 τ
2877 995 3073 1065 poterit
3096 994 3329 1050 dubitari
3344 1010 3411 1050 ex

1824 1094 1952 1157 illis,
1971 1092 2172 1146 dictum
2191 1092 2259 1147 de
2276 1091 2475 1162 quibus
2488 1091 2683 1145 audisti
2709 1092 2985 1161 prophetae
3001 1105 3031 1145 a
3048 1090 3276 1144 Domino
3304 1106 3316 1141 :
3342 1086 3411 1141 Et

1822 1196 1898 1251 tu,
1918 1187 2249 1255 ﬁliltotttittis,
2275 1204 2338 1241 ne
2357 1188 2584 1240 tinmeris
2616 1196 2641 1233 ε
2672 1202 2832 1253 neque
2859 1186 3192 1255 trepidaveris
3220 1202 3251 1239 a
3279 1183 3413 1249 [acie

1822 1296 2019 1345 eorum,
2052 1281 2292 1345 quoniant
2321 1278 2719 1346 eﬁ'uriabuntur,
2760 1290 2808 1333 et
2836 1288 3147 1333 concurrent
3184 1291 3336 1347 super
3365 1286 3416 1330 te

1820 1373 1873 1424 in
1890 1373 2133 1430 circuitu.
2157 1383 2203 1426 et
2229 1373 2280 1425 in
2298 1373 2463 1426 medio
2475 1373 2807 1442 scorpionum
2824 1382 2878 1424 tu
2897 1364 3233 1440 Itabitti's‘tlb.
3255 1367 3411 1437 11,6).

1824 1461 1957 1516 Hinc
1981 1461 2080 1516 tibi
2098 1462 2344 1531 injuriosi
2368 1477 2575 1527 sumus,
2600 1461 2727 1532 quia
2746 1462 2931 1515 videas
2954 1470 3005 1515 te
3027 1475 3057 1513 a
3081 1459 3236 1513 nobis
3264 1471 3415 1513 scor-

1821 1559 1965 1627 pium
1998 1558 2196 1611 vocari.
2218 1557 2277 1611 Si
2311 1572 2416 1610 non
2441 1566 2492 1610 te
2527 1570 2649 1611 csso
2683 1554 3203 1624 scorpiuntdisisset
3239 1552 3412 1619 Deus,

1819 1653 2013 1707 uterito
2041 1667 2123 1704 mc
2139 1652 2349 1706 diceres
2369 1649 2816 1705 contumeliosum
2840 1667 2852 1702 :
2887 1662 3028 1703 nunc
3058 1662 3188 1702 vero
3204 1644 3416 1700 actibus

1821 1756 1872 1799 te
1902 1744 2005 1797 tuis
2051 1741 2362 1797 manifestas
2390 1755 2515 1797 esse
2550 1742 2847 1809 scorpium,
2875 1748 2931 1792 ct
2967 1752 3029 1792 es
3066 1738 3265 1791 frustra
3303 1735 3417 1790 cla-

1820 1838 2017 1893 mitans
2036 1837 2420 1891 contumeliam
2454 1844 2507 1888 te
2531 1834 2636 1902 pati
2653 1848 2685 1887 a
2706 1832 2885 1896 nobis,
2910 1831 3051 1885 Deus
3074 1839 3125 1883 te
3140 1828 3412 1899 scorpium

125 1920 391 1989 prOpbeta
428 1924 571 1989 apud
600 1920 815 1976 Iud-.eos
866 1932 1210 1991 coapostatas
1250 1932 1371 1975 tuos
1402 1931 1713 1986 coiitumax,

1822 1945 1940 1985 esse
1968 1930 2117 1994 dicit,
2143 1938 2198 1983 et
2225 1928 2355 1982 utibi
2383 1926 2634 1981 irasceris
2654 1941 2753 1980 cur
2775 1934 2828 1979 te
2851 1938 2919 1979 eo
2938 1938 3123 1977 vocem
3160 1920 3414 1977 nomine?

124 2011 248 2066 ltinc
277 2014 549 2081 superbus
583 2016 799 2083 regibus
821 2016 1100 2069 ridebatur
1122 2015 1309 2077 Israel,
1351 2016 1472 2084 quia
1513 2016 1719 2068 Domini

121 2104 378 2173 impleret
416 2106 691 2169 mandata,
722 2107 810 2175 qui
837 2107 1043 2160 eisdem
1076 2108 1389 2173 loqueretur
1419 2123 1537 2175 qua:
1580 2122 1721 2175 pne-

120 2195 358 2261 cepisset
402 2210 525 2249 eum
568 2196 711 2265 loqui
765 2199 923 2250 Deus.
957 2196 1123 2251 Recte
1180 2214 1275 2250 nos
1325 2199 1587 2263 superbos
1624 2213 1719 2267 apo

123 2288 321 2355 pellas,
359 2303 483 2351 nos,
519 2304 615 2357 per
641 2302 777 2354 quos
807 2290 987 2343 omnia
1021 2299 1287 2357 pra-cepta
1318 2306 1412 2342 sua
1441 2290 1611 2342 voluit.
1653 2288 1721 2343 ad

120 2385 442 2449 papuloruut
473 2382 807 2436 credentium
840 2382 1063 2451 perferri
1094 2383 1336 2435 notitiam
1375 2399 1387 2433 :
1430 2394 1604 2443 recte,
1639 2382 1719 2435 in-

118 2487 304 2542 quam,
333 2474 624 2529 insolentes
656 2475 907 2543 designas
932 2491 1027 2528 nos
1059 2476 1148 2527 Dei
1199 2478 1485 2538 antistites,
1535 2476 1578 2527 si
1622 2490 1718 2527 nos

119 2579 178 2619 ea
212 2567 311 2619 tibi
344 2566 608 2628 dicamus,
643 2584 763 2635 quae
794 2568 1025 2622 voluetit
1054 2568 1193 2621 Deus
1216 2568 1319 2619 dici
1352 2569 1417 2619 ad
1444 2583 1554 2619 vos.
1587 2567 1715 2620 Odis

120 2668 368 2711 amantes
396 2666 468 2723 te,
506 2659 846 2726 persequeris
878 2660 1014 2712 bene
1046 2660 1137 2712 tibi
1162 2661 1458 2727 cupientes,
1488 2658 1580 2711 scd
1610 2673 1714 2710 non

122 2760 365 2804 metuere
397 2765 684 2818 possumus
716 2751 993 2804 frendores
1027 2752 1352 2805 cartttlicium
1390 2761 1515 2803 tuae.
1550 2750 1717 2803 Audis

120 2844 326 2897 etenim
354 2843 637 2897 Dominum
658 2844 845 2898 dicere
871 2861 882 2896 :
912 2843 975 2896 Et
1003 2857 1077 2906 tu,
1104 2845 1179 2912 ﬁli
1202 2844 1717 2907 Itontinis,netitnue-

118 2935 189 2987 ris
243 2952 355 2999 eos,
405 2951 565 3003 neque
607 2935 938 3001 trepidareris
988 2952 1018 2986 a
1067 2936 1199 3004 facie
1242 2952 1438 2996 eorum,
1470 2936 1715 3002 quoniam

122 3024 519 3092 eﬁuriabuntur,
568 3037 613 3078 et
660 3038 965 3078 concurrent
1020 3044 1168 3095 super
1198 3036 1243 3079 te
1274 3026 1321 3091 lt,
1365 3038 1409 3079 et
1455 3024 1716 3079 innuedio

118 3120 453 3187 scorpionum
476 3130 529 3171 tu
559 3120 757 3173 ltabitas
788 3135 805 3171 :
833 3136 1087 3172 sermones
1114 3136 1286 3171 eorum
1318 3135 1379 3170 ne
1403 3120 1648 3181 timueris,
1682 3134 1714 3169 a

120 3212 252 3279 [acie
279 3226 456 3263 carum
484 3227 545 3263 ne
578 3211 931 3281 trepidtweris,
956 3211 1195 3278 quoniam
1216 3211 1397 3261 domis
1428 3210 1714 3260 amaricans

1824 2026 1953 2091 Quae
1982 2025 2095 2077 bzrc
2115 2021 2439 2076 contumelia
2470 2029 2571 2084 est,
2598 2019 2645 2073 si
2671 2017 2883 2072 dicatur
2906 2015 3004 2071 tibi
3028 2033 3043 2068 :
3076 2013 3194 2068 Nisi
3224 2023 3273 2068 te
3295 2028 3413 2067 ver-

1824 2118 1941 2169 teris
1956 2117 2021 2167 ad
2036 2114 2222 2177 Deum,
2239 2115 2338 2167 eris
2355 2128 2557 2181 semper
2583 2128 2715 2164 unus
2743 2120 2797 2163 ut
2827 2125 2966 2163 nunc
2978 2124 3030 2163 es
3053 2123 3116 2162 ea:
3125 2106 3413 2175 scorpioni—

1823 2209 1937 2273 bus,
1967 2224 2030 2259 ea:
2056 2206 2353 2259 rastissimis
2381 2221 2513 2258 unus
2526 2204 2749 2257 inimicis
2763 2201 2863 2254 Dei
2878 2202 2904 2255 .’
2917 2201 3183 2256 Percurre
3203 2198 3412 2267 reliqua

1824 2299 2072 2353 Ezechiel
2102 2301 2462 2366 propheta-,et
2484 2294 2622 2349 aude
2642 2308 2728 2349 me
2749 2293 2933 2348 dicere
2952 2291 3295 2352 insolentem,
3319 2302 3412 2342 su-

1824 2391 2067 2458 perbum,
2090 2388 2980 2451 contumeliosum,contumacem:
3008 2380 3075 2435 Et
3106 2382 3301 2448 lactant
3335 2388 3411 2432 est

1818 2482 1923 2552 (Ib.
1938 2499 2014 2547 ιιι,
2027 2484 2044 2535 l
2058 2482 2323 2550 6)verbum
2338 2480 2542 2533 Domini
2555 2484 2622 2531 ad
2636 2496 2714 2531 me
2730 2473 3042 2530 dicens:1"ili
3054 2472 3415 2535 hominis,ecce

1818 2577 1939 2628 dedi
1964 2586 2010 2628 te
2028 2575 2396 2646 speculatorem
2422 2572 2603 2625 domus
2626 2569 2814 2633 Israel,
2839 2578 2885 2621 et
2904 2566 3084 2620 audies
3104 2565 3169 2617 de
3189 2578 3277 2617 ore
3302 2577 3415 2615 mro

1815 2684 2116 2731 sermonem,
2137 2676 2185 2719 et
2204 2664 2589 2719 comminaberis
2610 2663 2679 2715 eis
2701 2678 2732 2714 a
2758 2662 2973 2713 meineo
2991 2658 3133 2728 quod
3152 2658 3323 2710 dicam
3343 2656 3413 2707 ad

1817 2762 2120 2814 sceleratum
2139 2775 2157 2812 :
2180 2769 2339 2811 morte
2367 2758 2596 2809 morieris
2622 2771 2637 2807 :
2660 2764 2819 2807 etnon
2842 2750 3123 2805 distinxisti
3146 2748 3413 2813 illi,ueque

1817 2855 2016 2906 locutus
2034 2869 2107 2914 cs,
2128 2862 2180 2903 ut
2198 2850 2535 2917 distinguercs
2550 2847 2799 2899 scelerato
2817 2854 3044 2898 avertere
3058 2860 3089 2895 a
3107 2842 3200 2895 riis
3215 2839 3343 2904 suis,
3357 2848 3412 2891 ut

1818 2947 1970 3009 t'ivat,
1994 2946 2080 2997 ille
2096 2945 2370 2997 sceleratus
2384 2943 2435 2995 in
2458 2941 2715 3003 iniustitia
2735 2956 2830 2991 sua
2847 2938 3113 2998 morietur,
3128 2945 3176 2987 rt
3192 2932 3411 3003 sangui-

1814 3056 1928 3092 nem
1957 3042 2067 3108 ejus
2090 3038 2154 3090 de
2174 3053 2325 3089 manu
2350 3046 2437 3087 tua
2457 3034 2709 3103 inquiram
2732 3048 2751 3085 :
2771 3043 2817 3083 et
2841 3042 2893 3082 tu
2918 3030 2964 3082 si
2989 3026 3284 3080 distinxeris
3305 3041 3413 3077 sce-

1814 3136 1995 3194 lerato,
2023 3142 2069 3183 et
2100 3148 2200 3184 non
2227 3138 2487 3182 aversatus
2509 3128 2663 3197 fuerit
2680 3127 2743 3178 ab
2771 3125 2962 3177 scelere
2982 3139 3095 3182 suo,
3118 3128 3166 3172 et
3191 3120 3269 3171 ria
3290 3134 3407 3183 sua,

1814 3228 2089 3279 sceleratus
2115 3223 2201 3275 ille
2236 3223 2287 3274 in
2319 3222 2568 3292 injustitia
2602 3234 2695 3271 sua
2731 3217 2996 3278 morietur,
3031 3224 3076 3265 et
3100 3222 3152 3264 tu
3186 3212 3409 3264 animant

118 3316 191 3359 est
222 3304 392 3373 (Ibid.
438 3304 514 3374 ii).
557 3304 693 3367 Non,
734 3308 971 3373 inquam,
1015 3319 1299 3373 possumus
1340 3314 1577 3357 metuere
1617 3302 1713 3354 tui-

1822 3330 1957 3371 tuam
1980 3314 2213 3370 liberabis
2236 3331 2253 3367 :
2277 3324 2323 3365 et
2345 3314 2395 3365 in
2423 3330 2499 3376 eo,
2515 3313 2568 3365 in
2584 3328 2685 3381 quo
2701 3315 3001 3363 adversatur
3015 3309 3186 3378 justus
3208 3321 3237 3355 a
3248 3304 3413 3373 justi-

121 3411 217 3450 nas
242 3396 455 3465 imperii
482 3397 577 3461 ttti,
602 3396 726 3465 quia
749 3397 905 3449 nulla;
930 3408 1049 3449 sont
1073 3398 1213 3449 vires
1237 3407 1336 3449 tux
1360 3396 1665 3463 scorpiaces
1692 3406 1713 3432 ε

119 3490 410 3545 adversum
443 3507 565 3554 nos,
598 3506 734 3559 quos
775 3491 869 3543 Dei
920 3492 1115 3543 virtute
1160 3492 1263 3559 tegi
1304 3506 1527 3555 cernas,
1584 3504 1718 3557 quo-

117 3597 239 3639 rum
284 3599 409 3639 esse
455 3583 796 3639 defensotetn
828 3600 889 3637 ac
932 3594 1290 3652 protectorem
1332 3586 1495 3638 Detttu
1527 3583 1719 3636 adver-

118 3686 220 3731 tas.
267 3676 384 3731 Non
420 3678 598 3747 itaque
657 3678 986 3731 cessabimus
1028 3679 1120 3731 tibi
1172 3678 1381 3731 Domini
1424 3676 1716 3746 ingerendo

120 3780 415 3838 prmcepta,
435 3768 1141 3822 illisolitnetuniservantes
1162 3771 1402 3833 timores,
1429 3770 1516 3835 qui
1546 3768 1712 3821 dicit:

120 3862 229 3916 Fili
248 3860 594 3927 ltominis(Ib.
624 3877 701 3926 Ill,
729 3860 807 3931 4),
839 3862 1105 3931 ingredere
1130 3862 1196 3914 ad
1214 3863 1421 3914 dontunt
1451 3859 1636 3923 Israel,
1668 3870 1714 3913 et

116 3955 331 4025 loquere
356 3970 613 4008 sermones
642 3971 775 4007 meos
805 3955 870 4004 ad
885 3971 989 4019 eos,
1014 3956 1251 4022 quoniam
1268 3954 1446 4007 nonad
1468 3954 1715 4023 populum

116 4048 213 4101 alti
256 4048 508 4101 sermonis
546 4058 599 4100 tu
638 4048 853 4100 mitteris
886 4050 951 4099 ad
984 4048 1169 4111 Israel,
1206 4067 1365 4117 neque
1390 4051 1457 4101 ad
1495 4048 1715 4117 populos

116 4141 311 4195 multos
342 4143 462 4196 alite
492 4142 629 4195 vocis
665 4154 755 4195 aut
801 4143 920 4195 alia:
951 4144 1160 4211 ιιιιςιιιε,
1211 4159 1369 4207 neque
1407 4160 1585 4213 graves
1628 4142 1715 4209 qui

114 4236 217 4289 sint
250 4237 304 4289 in
328 4236 527 4303 lingua,
564 4253 781 4304 quorum
811 4253 913 4286 non
946 4236 1121 4287 audies
1146 4251 1429 4287 sermonem
1456 4251 1475 4287 :
1504 4249 1551 4287 et
1580 4235 1622 4286 si
1644 4234 1713 4285 ad

114 4332 243 4385 tales
269 4330 520 4382 misissent
543 4339 611 4391 te,
646 4330 722 4381 illi
748 4329 969 4395 forsitan
998 4328 1526 4381 uudissentsermones
1556 4339 1669 4379 tuos
1694 4343 1712 4379 :

114 4425 304 4475 domus
333 4433 504 4475 autem
535 4420 701 4473 Israel
744 4420 915 4473 nolent
944 4416 970 4455 ⁶¹
999 4422 1181 4473 audire
1230 4432 1297 4478 te.
1336 4423 1578 4489 quoniam
1622 4437 1714 4473 no-

112 4516 229 4568 lunt
258 4514 445 4567 audire
462 4530 562 4578 me,
581 4514 823 4581 quoniam
853 4523 958 4565 tota
980 4514 1161 4565 domus
1185 4511 1352 4565 Israel
1379 4514 1711 4565 contentiusi'

110 4619 257 4671 sunt,
318 4616 367 4659 et
416 4607 535 4659 duri
564 4607 741 4660 corde.
778 4605 823 4657 E
873 4622 989 4659 ecce
1016 4606 1135 4657 dedi
1164 4606 1346 4672 faciem
1374 4616 1511 4657 tuam
1536 4617 1712 4675 poten-

1819 3412 1902 3463 tiis
1924 3410 2058 3471 suis,
2084 3419 2132 3460 et
2153 3408 2302 3477 faciet
2335 3407 2609 3458 delictum:
2633 3414 2678 3455 et
2699 3402 2847 3454 'dubo
2869 3408 3173 3453 tormentum
3193 3399 3244 3450 in
3283 3398 3415 3466 [acie

1818 3508 1950 3577 ejus,
1982 3504 2091 3569 ipse
2136 3502 2399 3563 morietur,
2440 3497 2679 3567 quoniam
2706 3512 2807 3547 non
2838 3492 3116 3545 distinxisti
3147 3491 3248 3553 illi,
3284 3500 3328 3543 et
3360 3490 3413 3541 in

1817 3597 2033 3666 peccatis
2050 3597 2158 3648 suis
2181 3593 2509 3654 morietur,eo
2527 3590 2661 3657 quod
2683 3604 2781 3639 non
2796 3586 2897 3637 sint
2918 3585 2968 3636 in
2989 3584 3285 3635 memoriam
3294 3583 3413 3652 jus-

1816 3692 1941 3744 litim
1954 3694 2063 3761 ejus
2074 3700 2137 3751 ,et
2150 3688 2448 3757 sanguinem
2473 3688 2584 3754 ejus
2600 3684 2662 3735 de
2678 3700 2828 3734 manu
2845 3691 2933 3733 tua
2948 3681 3210 3749 exquiram
3227 3694 3245 3731 :
3258 3687 3309 3730 tu
3322 3694 3411 3730 au-

1815 3792 1912 3836 tem
1931 3784 1973 3836 si
1987 3779 2279 3833 distinxeris
2295 3781 2439 3851 justo
2459 3792 2521 3829 ne
2542 3771 2925 3843 derelinquat“,
2948 3781 2995 3825 et
3016 3772 3126 3837 ipse
3146 3786 3245 3823 non
3268 3769 3414 3821 dere-

1817 3874 2037 3944 linquat,
2057 3876 2230 3944 justus
2282 3871 2371 3923 ille
2426 3870 2594 3921 rimus
2642 3866 2767 3920 vivet
2794 3906 2809 3926 ,
2848 3863 3090 3934 quoniam
3132 3860 3414 3914 distinxisti

1815 3968 1938 4029 illi,
1987 3976 2033 4018 et
2070 3976 2123 4017 tu
2172 3964 2400 4017 anintant
2436 3972 2577 4013 tuam
2616 3957 2857 4011 salvabis.
2902 3954 3065 4021 Quid,
3105 3951 3410 4016 Constanti,

1817 4057 1954 4111 dicis
1980 4057 2043 4110 ad
2086 4056 2232 4109 haec?
2262 4055 2621 4109 tacendumne
2651 4048 3023 4103 sacerdotibus
3079 4044 3172 4097 Dei
3203 4046 3325 4105 erit,
3358 4054 3412 4095 ct

1818 4149 2067 4203 mandata
2102 4148 2278 4201 celare
2320 4146 2498 4199 divina
2540 4143 2653 4197 eis?
2694 4145 2771 4194 Att
2811 4138 3033 4207 dignum
3073 4145 3159 4190 est
3198 4133 3413 4203 aperire

1817 4242 1909 4295 tibi
1954 4250 2148 4295 cuncta
2200 4246 2469 4307 przecepta
2520 4233 2765 4288 Domini?
2806 4246 3023 4285 omnem
3078 4228 3411 4280 voluntatem

1819 4332 2150 4402 perferemus
2174 4346 2239 4383 ne
2269 4329 2360 4382 Dei
2382 4328 2447 4381 ad
2470 4343 2562 4379 vos
2586 4328 2738 4379 nobis
2759 4321 3193 4376 commissos?au
3216 4334 3332 4372 eam
3348 4318 3413 4369 ad

1816 4435 2031 4480 uosmet
2071 4422 2396 4493 jugulandos
2436 4422 2586 4474 vobis
2635 4414 3039 4471 fraudabiutur?
3080 4411 3411 4481 Sanguinem

1816 4519 2018 4574 ctenim
2047 4527 2194 4570 tuum
2222 4514 2351 4569 dicit
2378 4513 2636 4566 Dominus
2654 4509 3073 4579 requisituruma
3104 4518 3190 4558 me
3214 4519 3227 4555 :
3252 4503 3412 4571 quiu-

1818 4612 1984 4666 ittttno
2009 4610 2053 4662 si
2100 4622 2207 4662 non
2245 4605 2518 4661 obcdieris
2549 4602 2855 4669 Deo,cujus
2879 4597 3089 4652 nostibi
3118 4594 3415 4665 ingerimus

111 4709 214 4753 lem
244 4698 492 4750 adversus
516 4699 673 4767 facies
694 4713 894 4759 eorum,
920 4708 966 4749 et
985 4699 1323 4749 constantiam
1346 4707 1486 4749 luant
1508 4698 1715 4764 confor—
1743 4690 1795 4750 Ι)
1821 4703 2003 4757 divina
2024 4702 2227 4755 monita
2246 4741 2260 4763 ,
2288 4708 2342 4752 tu
2374 4700 2424 4751 in
2456 4709 2545 4752 tuo
2577 4697 2827 4749 morieris
2856 4693 3153 4747 sceleratus
3180 4690 3411 4753 scelere,

111 4792 232 4842 tabo
262 4790 508 4842 adrersus
544 4789 917 4841 contentionem
947 4805 1143 4851 eorum,
1174 4802 1220 4840 et
1264 4790 1364 4840 eris
1394 4805 1592 4856 semper
1620 4790 1710 4857 ﬁr-

110 4884 245 4935 mior
273 4891 441 4951 petra,
468 4898 529 4933 ne
564 4883 793 4933 timueris
822 4884 882 4935 ab
909 4884 1006 4946 eis,
1041 4899 1197 4949 neque
1229 4883 1493 4951 expat'eris
1520 4899 1550 4933 a
1581 4884 1712 4951 [acie

109 4990 298 5027 eorum
344 5012 357 5036 ,
408 4973 649 5040 quoniam
701 4972 881 5023 domus
947 4974 1234 5025 amuricans
1306 4986 1402 5027 est.
1474 4974 1714 5029 Meluere

112 5073 163 5121 te
222 5066 350 5136 quis
409 5066 607 5135 poterit
677 5073 919 5118 nostrum
954 5104 967 5129 ,
1032 5080 1171 5133 quos
1224 5066 1407 5120 videas
1477 5067 1713 5134 potentia

183 5299 210 5327 ³
263 5288 314 5343 ld
349 5296 451 5350 est,
484 5290 585 5357 ipsi
610 5304 691 5340 me
718 5286 1105 5350 eaacerbarunt,
1133 5296 1181 5339 et
1210 5296 1605 5353 exasperarunt,
1637 5304 1717 5340 me

107 5376 357 5414 amarum
407 5356 526 5429 erga
574 5362 713 5425 ipsos
758 5358 1111 5429 reddiderunt.
1170 5356 1559 5425 Sa-penumero
1614 5358 1716 5429 hoc

106 5438 285 5485 verbo
316 5427 509 5495 utitur,
540 5430 704 5482 etiam
738 5428 791 5481 iu
828 5427 1133 5495 participio,
1168 5438 1225 5479 ut
1269 5430 1517 5497 sequitur
1550 5428 1714 5497 paulo

108 5501 352 5557 inferius
380 5518 391 5551 :
429 5502 685 5565 Quoniam
712 5500 897 5553 domus
928 5500 1212 5553 amaricans
1240 5509 1334 5552 est.
1369 5499 1473 5553 Til.

181 5571 209 5609 ι’
245 5571 424 5640 Super
461 5582 507 5624 te
540 5572 592 5624 in
624 5572 859 5623 circuitu.
918 5571 1087 5625 Vatic.
1122 5569 1196 5622 uti
1240 5570 1399 5637 paulo
1443 5570 1713 5638 superius,

109 5643 201 5698 ubi
230 5642 566 5695 innubilus...
600 5652 648 5694 et
671 5658 699 5691 a
732 5645 880 5703 facie,
911 5658 1006 5709 pro
1030 5643 1292 5695 habitas...
1327 5658 1358 5693 a
1381 5643 1531 5708 facie.

186 5724 211 5751 ο
245 5712 402 5765 Hand
426 5723 572 5766 recte
595 5712 905 5767 Gallandins
928 5714 1171 5781 corrigit,
1195 5712 1395 5779 scorpio
1425 5722 1479 5762 tu
1501 5729 1589 5775 es;
1616 5728 1717 5766 nec

108 5785 329 5840 Tiliana
362 5782 531 5836 editio
560 5782 715 5837 habet
765 5786 1028 5851 scorpiace
1065 5802 1136 5844 es.
1179 5784 1271 5837 sed
1310 5782 1612 5851 scorpiaces,
1661 5783 1713 5837 id

113 5868 190 5912 est
227 5855 366 5907 vires
412 5864 515 5906 tua!
554 5856 876 5920 srorpiaces;
916 5854 1006 5907 ubi
1055 5856 1246 5907 melius
1290 5853 1525 5921 legerent
1566 5869 1711 5907 scor-

96 5931 302 5997 ‘piacar,
328 5924 579 5980 nimirum
604 5926 803 5997 scorpio
830 5926 1038 5990 similes,
1071 5928 1158 5994 qui
1190 5926 1439 5989 latenter,
1472 5924 1564 5979 sed
1590 5940 1712 5994 gra-

121 6056 140 6073 1

1820 4804 1871 4847 et
1910 4808 1940 4847 ιι
1994 4792 2151 4848 nobis
2198 4791 2307 4860 jam
2364 4806 2468 4843 non
2526 4786 2831 4856 requiretur
2865 4786 3011 4837 salus
3040 4781 3232 4835 animm
3271 4788 3411 4839 tuas;

1820 4885 2072 4955 quoniam
2103 4884 2319 4953 quidem
2346 4883 2502 4936 minis
2537 4880 2641 4933 tuis
2668 4894 2774 4932 non
2804 4877 3065 4930 fuerimus
3092 4872 3287 4936 territi,
3316 4874 3408 4925 sed

1823 4979 1995 5031 solum
2050 4977 2383 5029 timuerintus
2431 4987 2577 5035 eum,
2635 4972 2725 5039 qui
2778 4977 2971 5038 pra-ter
3028 4983 3087 5019 se
3142 4964 3412 5019 neminem

1824 5067 2093 5122 mandarit
2128 5066 2452 5129 timendum;
2487 5062 2740 5133 quoniam
2773 5060 2989 5131 quidem
3018 5067 3074 5112 ut
3108 5066 3273 5111 temet
3303 5056 3409 5110 cri-

1818 5288 1957 5341 viter
1982 5287 2141 5340 ferit:
2173 5286 2270 5340 sed
2297 5285 2544 5339 Lucifero
2574 5298 2681 5336 non
2711 5279 2952 5335 insolens
2990 5288 3075 5335 est
3114 5293 3249 5332 nova
3287 5294 3412 5349 pro-

1817 5358 2022 5412 cudere
2047 5357 2286 5412 nomina.

1893 5428 1918 5464 ἀ
1952 5427 2015 5484 Ut
2040 5429 2093 5481 in
2125 5428 2337 5487 Graeco.
2365 5432 2433 5497 μή
2460 5426 2776 5497 θελήσωσιν.
2812 5422 3000 5476 Sabat.
3034 5422 3234 5497 nolunt.

1895 5509 1918 5536 θ
1954 5498 2079 5553 Item
2111 5514 2231 5552 cum
2275 5491 2486 5568 Graeco,
2518 5496 2777 5568 90.6mm
2805 5496 2935 5556 εἰσι,
2955 5496 3049 5568 ’καὶ
3086 5491 3403 5568 σκληροκάρ-

1820 5569 1939 5625 διοι.
1965 5569 2119 5635 Apud
2151 5568 2334 5622 Sabat.
2367 5563 2700 5620 Contentiosa
2731 5575 2825 5631 est,
2855 5573 2905 5617 et
2929 5563 3059 5615 duro
3084 5564 3260 5615 corde.

1898 5640 1919 5679 τ
1953 5640 2073 5694 Νοιι
2105 5639 2309 5708 poteris.
2346 5636 2515 5692 Vatic.

1895 5722 1920 5758 κ
1954 5711 2055 5765 Eos
2083 5710 2227 5763 addit
2258 5722 2442 5775 supra.

1891 5780 1918 5817 ¹ι
1947 5782 2237 5850 Delinqttat,
2288 5774 2517 5850 utroque
2570 5780 2622 5834 in
2665 5778 2783 5834 loco
2828 5775 2968 5848 apud
3021 5776 3205 5833 Sabat.
3241 5774 3397 5829 Forte

1822 5853 2071 5907 tuendum
2094 5850 2389 5908 inest'edit.
2424 5859 2642 5907 nostrm.
