3854 6410
173 415 272 467 9⁸17

741 407 829 463 DE
870 405 1004 462 NON
1049 403 1411 460 PARCENDO
1454 404 1514 457 LV
1561 403 1745 458 neu.“
1783 403 2383 472 DELINQUENTIBUS
2424 403 2625 459 LIBER
2663 403 2868 461 UNUS.

3345 400 3450 458 958

175 529 564 596 Numquidnam
612 526 813 594 poteris
862 524 1037 576 dicere
1085 533 1204 590 post
1251 523 1387 575 hanc
1421 520 1530 574 Deo
1588 521 1760 573 fusam
1790 523 1838 581 Α
1868 521 2144 590 pastores?
2175 521 2309 573 Dicit
2342 521 2592 574 Dominus
2624 523 2673 573 in
2709 520 2997 589 Evangelio
3029 518 3210 589 (Joan.
3239 535 3298 584 ι,
3330 519 3445 587 11);

173 631 356 674 contra
405 618 682 686 religionis
715 615 900 668 hostes
943 614 1406 674 obsecrationem,
1440 611 1582 680 quod
1611 611 1756 664 enim

177 729 271 766 nos
301 713 444 765 malo
488 709 677 763 ordine
732 718 780 760 te
833 716 1017 759 contra
1053 708 1309 769 nitantur,
1356 705 1478 771 quia
1518 705 1765 757 dicamus

178 806 293 867 tibi,
322 804 420 856 Ant
446 803 641 871 corrige
671 801 776 852 vias
809 810 920 851 tuas
954 816 1155 866 prat'as,
1190 807 1235 849 et
1265 798 1368 848 noli
1403 797 1492 849 tibi
1523 798 1573 849 in
1605 798 1765 866 impe-

175 899 237 951 rii
287 899 358 950 tui
408 897 611 966 placere
645 895 890 960 potentia,
930 905 1014 945 aut
1062 908 1309 963 c0gnosce
1345 893 1411 943 ad
1459 891 1677 943 nihilum
1717 901 1764 944 te

177 987 576 1056 perventurum?
603 987 738 1053 Quid
769 986 912 1038 aliud
944 1001 1038 1039 nos
1073 985 1229 1037 hodie
1263 983 1488 1036 facimus
1525 982 1614 1035 Dei
1647 997 1763 1035 scr-

178 1082 250 1145 vi,
279 1083 398 1148 ejus
453 1079 649 1133 divinas
708 1079 1089 1146 magnitudinis
1140 1078 1474 1136 sacerdotes,
1512 1077 1612 1128 nisi
1646 1087 1766 1141 qua:

175 1174 425 1228 fecerunt
459 1173 555 1234 illi,
595 1187 826 1240 quarunt
856 1175 1106 1238 Cupimus
1155 1171 1379 1222 inveniri
1427 1166 1767 1220 imitatores?

179 1266 311 1319 Puto
338 1263 540 1319 etenim
591 1263 812 1332 dignutn
863 1277 986 1316 esse
1022 1279 1125 1314 non
1158 1262 1544 1327 derelinquere
1599 1275 1766 1329 popu-

181 1358 264 1411 los
293 1358 450 1411 nobis
479 1358 802 1410 commiSsos
831 1355 880 1408 in
918 1365 1059 1408 tanta
1094 1356 1191 1407 hac
1223 1374 1248 1406 a
1286 1365 1335 1408 te
1384 1354 1532 1407 illata
1587 1368 1768 1422 perse-

177 1450 419 1512 ciitione,
474 1449 568 1502 sed
606 1465 699 1503 eos
732 1447 958 1509 hortari,
1006 1456 1028 1479 η
1059 1447 1202 1515 quod
1265 1447 1408 1499 enim
1461 1457 1650 1514 potens
1698 1445 1769 1500 sit

176 1542 331 1609 cujus
379 1556 566 1594 sumus
611 1555 712 1594 nos
763 1542 975 1607 eripere
1035 1538 1102 1592 de
1151 1537 1496 1593 inimicorum
1551 1552 1767 1591 suorum

178 1633 455 1693 manibus,
489 1646 594 1684 non
641 1644 762 1683 esse
805 1640 856 1683 te
912 1629 1259 1684 metuendum
1305 1632 1512 1682 hostem
1549 1629 1641 1682 Dei
1675 1629 1770 1680 do-

177 1741 333 1787 mus;
394 1723 783 1776 advertendum
833 1722 974 1792 quod
1024 1726 1097 1776 sis
1151 1722 1306 1786 nihil,
1351 1721 1475 1792 quia
1523 1722 1774 1776 videlicet

178 1825 367 1869 noster
400 1817 535 1869 Deus
564 1832 625 1868 ac
679 1815 937 1869 Dominus
967 1815 1147 1868 omnia
1203 1827 1391 1883 potens
1422 1813 1487 1867 ad
1541 1814 1768 1867 nihilum

1870 612 2054 666 Pastor
2082 613 2242 666 bonus
2268 614 2492 665 animum
2540 628 2682 664 suam
2710 612 2854 682 ponit
2900 621 2922 648 °
2951 625 3046 680 pro
3083 609 3258 664 ovibus
3292 626 3310 662 :
3356 609 3443 679 qui

1873 702 1890 741 ί
1924 706 2264 758 mercenarius
2294 713 2387 768 cst,
2418 714 2463 758 et
2505 719 2603 756 non
2631 713 2703 756 est
2753 712 2945 771 pastor.
2995 705 3145 773 cujus
3177 717 3279 755 non
3330 712 3452 756 sunt

1867 815 1981 852 ores
2025 799 2267 869 prapritc,
2296 799 2426 851 videt
2449 799 2627 866 lupum
2646 799 2948 858 venientem,
2971 807 3017 850 et
3047 797 3289 866 relinquit
3316 812 3454 863 oves,

1869 902 1914 944 ct
1955 893 2213 962 fugin-et
2264 896 2416 960 lupus
2461 892 2598 959 rapit
2631 891 2748 944 illas
2795 901 2842 944 et
2891 893 3156 962 dispergit,
3209 892 3454 960 quoniam

1870 999 1892 1035 ε
1919 990 2257 1042 mercenarius
2286 999 2378 1050 est,
2424 999 2471 1041 et
2520 1005 2620 1040 non
2665 989 2879 1059 pertinet
2910 989 2976 1040 ad
3023 1004 3136 1040 eum
3165 987 3228 1041 de
3263 987 3461 1042 ovibus.

1869 1082 2003 1147 Quid
2027 1090 2199 1149 itaque
2220 1083 2369 1135 nobis
2389 1093 2500 1136 erat
2521 1081 2840 1151 gerendum,
2867 1096 2932 1136 ne
2963 1080 3058 1135 tibi
3077 1078 3458 1134 contumeliosi

1869 1175 2147 1229 exstitisse
2177 1177 2482 1228 titleremnr
2506 1173 3194 1244 ?Cognovimustelupum,
3226 1171 3460 1226 vidimus

1870 1268 1936 1319 ad
1987 1282 2116 1319 mes
2159 1278 2208 1320 te
2255 1267 2544 1321 tetendisse
2586 1265 2800 1319 Domini
2825 1279 3033 1331 manus,
3080 1263 3464 1334 conspeximus

1873 1369 1922 1412 te
1946 1372 2053 1412 uno
2083 1367 2322 1427 tempore
2343 1368 2595 1411 cenatum
2629 1357 2836 1410 laniare
2876 1366 3097 1408 cunctos
3138 1355 3348 1408 Domini
3382 1355 3466 1407 in-

1874 1464 2127 1507 vocantes
2174 1467 2390 1507 nomen.
2427 1451 2823 1520 Numquidnam
2875 1449 3048 1504 fuerat
3093 1449 3312 1519 dignum
3357 1463 3465 1504 non

1875 1556 2140 1614 pastores,
2171 1543 2263 1597 sed
2297 1543 2660 1596 mercenarios
2688 1542 2944 1596 exhibere
2977 1541 3107 1594 nos?
3138 1539 3298 1595 Petro
3335 1539 3467 1594 dicit

1875 1637 2033 1692 beato
2063 1655 2074 1688 :
2112 1635 2273 1688 Pasce
2302 1633 2329 1672 ιι
2357 1652 2515 1706 agnos
2545 1651 2680 1688 meos
2714 1633 2819 1704 (111.
2849 1650 2958 1699 xxi,
2993 1634 3097 1702 16).
3133 1634 3196 1688 Et
3222 1633 3413 1688 iterum
3449 1650 3464 1687 :

1879 1727 2041 1781 Pasce
2069 1728 2293 1782 oviculas
2345 1744 2480 1781 meas
2504 1725 2668 1799 (Ibid.
2701 1728 2812 1797 17).
2850 1727 2914 1781 Et
2961 1737 3015 1780 tu
3047 1728 3272 1780 veniens
3306 1726 3467 1794 lupus

1875 1823 1956 1875 vis
1987 1836 2098 1881 eos.
2131 1822 2218 1890 qui
2252 1834 2596 1874 successores
2625 1819 2900 1872 exstitisse
2933 1819 3279 1872 inveniuntur
3307 1818 3469 1870 beato

176 1908 498 1962 redueturus
550 1906 619 1960 sit
651 1907 829 1959 omnia
872 1918 1062 1960 Contra
1110 1906 1224 1974 ejus
1261 1905 1478 1958 domum
1527 1903 1764 1956 instituta
1798 1913 1844 1972 Β
1875 1914 2052 1978 [δρα-υ.
2087 1916 2254 1966 vicem
2287 1927 2474 1982 gerere
2516 1911 3014 1964 mercenariormn?
3043 1923 3137 1964 eos
3165 1923 3300 1978 quos
3323 1910 3464 1978 jam.

176 1998 349 2062 impia
383 2009 468 2049 tua
493 1997 802 2051 cooamina.
830 1998 960 2063 Quae
991 1998 1074 2050 hic
1102 1999 1197 2051 11111
1224 1999 1416 2064 injurta
1440 1998 1494 2048 fit
1524 2013 1552 2049 a
1580 1997 1772 2050 nobis?

175 2104 300 2156 quin
351 2088 614 2155 ingeritur
669 2088 985 2158 Imperatori
1036 2089 1278 2142 Romam)
1325 2091 1652 2144 Contumelia
1705 2091 1772 2143 ab

174 2179 519 2233 antistitibus
553 2179 644 2234 Dei
672 2181 800 2245 vivi,
826 2183 868 2232 si
892 2191 948 2234 ut
973 2191 1064 2234 aut
1089 2181 1248 2234 vitam
1274 2194 1538 2235 mternatu
1572 2182 1772 2234 habeas

175 2271 387 2339 rogaris
438 2280 532 2324 aut
576 2270 790 2324 dicatur
825 2272 917 2324 tibi
953 2283 1232 2340 propterea
1267 2273 1409 2341 quod
1458 2284 1646 2327 contra
1677 2273 1773 2327 Dei

174 2361 490 2430 susceperis
521 2377 668 2416 arma
694 2363 938 2426 domum,
974 2365 1074 2417 nisi
1115 2376 1162 2418 te
1210 2367 1534 2428 eorrexeris,
1568 2365 1776 2436 ingenti

175 2455 352 2508 exitio
381 2458 455 2508 sis
508 2456 866 2510 interiturus?
895 2457 1007 2524 Qua
1039 2458 1235 2511 etenim
1269 2458 1336 2512 de
1383 2475 1439 2512 re
1474 2461 1566 2512 tibi
1610 2475 1777 2514 cunc-

176 2557 360 2601 torum
379 2548 472 2602 Dei
502 2549 700 2602 domus
738 2548 1084 2603 inimicorum
1112 2551 1777 2620 proferimusjnteritum?

177 2641 285 2694 nisi
329 2650 494 2694 utaut
527 2652 672 2695 metu
711 2642 800 2695 Dei
837 2645 1057 2695 territus
1088 2651 1256 2696 temet
1286 2653 1486 2708 mutes,
1522 2657 1612 2698 aut
1649 2660 1774 2699 cum

177 2743 351 2784 temet
374 2731 424 2784 in
454 2741 714 2786 internum
739 2748 859 2786 esse
890 2732 1083 2786 feceris
1107 2733 1132 2769 ι)
1160 2735 1424 2802 punitum,
1461 2750 1558 2789 nos
1599 2738 1778 2791 securi

177 2840 248 2876 ex
285 2826 432 2877 omni
463 2825 862 2895 triumphamus
894 2839 1084 2896 parte;
1117 2828 1240 2898 quia
1271 2842 1322 2882 ct
1354 2841 1473 2882 tuus
1506 2833 1726 2900 sanguis
1750 2846 1780 2885 a

178 2917 344 2972 nobis
369 2934 474 2971 non
502 2919 673 2986 pos~it
701 2934 727 2970 a
755 2919 867 2972 Deo
896 2919 1120 2987 requiri,
1146 2932 1196 2973 et
1224 2921 1346 2990 quia
1381 2922 1661 2976 interitum
1688 2924 1784 2976 ad-

176 3013 554 3065 versariorum
604 3013 856 3065 ecclesia:
911 3013 1029 3079 ejus
1098 3014 1414 3067 viderimus.
1489 3017 1779 3070 Persevera

175 3105 421 3174 denique
473 3107 526 3156 in
560 3105 658 3156 hac
713 3114 799 3156 tua
836 3104 1122 3171 injustitia,
1169 3114 1224 3158 et
1279 3105 1521 3160 invenies
1559 3123 1676 3174 qua:
1733 3119 1781 3162 te

179 3213 284 3266 pro
318 3197 482 3249 tantis
532 3195 887 3264 consequitur
921 3206 941 3232 ε
991 3197 1220 3248 meritis.
1273 3196 1530 3264 Superbia
1571 3199 1784 3266 inflatus

1879 2009 2082 2076 pridem
2114 2021 2203 2076 per
2226 2005 2512 2059 Jeretuiattt
2547 2004 2869 2072 promiserat
2893 2003 3093 2072 populo
3128 2016 3226 2055 suo
3248 2002 3470 2055 dicens:

1877 2099 1942 2152 Et
1984 2100 2114 2151 dabo
2145 2098 2283 2150 vobis
2328 2107 2556 2165 pastores
2588 2094 2869 2148 secundum
2919 2111 3005 2146 cor
3052 2109 3241 2151 meum.
3273 2105 3319 2145 et
3349 2109 3471 2163 pas-

1876 2201 1986 2243 cent
2013 2206 2097 2242 vos
2124 2198 2380 2259 pascentes
2403 2204 2518 2239 cum
2533 2187 2808 2256 disciplina
2834 2184 2848 2220 ί
2882 2203 2894 2238 :
2917 2195 2974 2239 et
3003 2200 3108 2239 non
3133 2183 3263 2238 dixit
3286 2200 3299 2236 :
3329 2182 3476 2236 Dabo

1879 2281 2014 2332 vobis
2047 2277 2403 2330 Constantium
2431 2278 2811 2346 imperatorem,
2851 2276 2940 2345 qui
2968 2291 3055 2327 vos
3083 2274 3242 2345 possit
3274 2275 3325 2327 in
3355 2274 3474 2326 dia-

1881 2371 1981 2424 boli
2032 2380 2225 2423 vertere
2274 2368 2501 2437 praedam
2536 2367 2669 2438 (δεῖ.
2721 2382 2802 2429 111,
2837 2366 2947 2435 15).
2981 2366 3136 2421 Dicas
3188 2380 3286 2419 nos
3331 2364 3476 2418 male

1880 2478 2064 2531 agere,
2101 2463 2223 2532 quia
2272 2459 2556 2530 satrilegio
2609 2469 2699 2513 tuo
2752 2459 3069 2513 resistamus
3109 2459 3304 2512 virtute
3348 2472 3476 2526 pro-

1882 2558 2008 2610 tecti
2048 2554 2162 2608 Dei.
2185 2554 2476 2609 Videamus
2500 2553 2627 2623 quid
2660 2555 2822 2607 etiam
2850 2563 3116 2620 tempore,
3153 2567 3261 2618 quo
3288 2557 3478 2619 conty-

1880 2660 2080 2701 rannns
2093 2655 2214 2699 tuus
2234 2644 2527 2698 Antiochus
2543 2653 2858 2713 persecutor
2876 2657 3074 2698 nostra
3091 2642 3366 2712 religionis
3379 2654 3478 2692 ex-

1882 2740 2158 2809 stititquid
2195 2739 2418 2793 fecerint
2445 2737 2522 2801 hi,
2557 2737 2648 2806 qui
2675 2738 3034 2790 meminerant
3074 2747 3265 2804 prazter
3300 2734 3472 2789 Deum

1885 2831 2152 2884 neminem
2201 2829 2515 2883 timendum.
2564 2827 2668 2882 Sed
2700 2827 2851 2897 prius
2899 2838 2982 2881 est
3011 2840 3329 2896 cognoscas,
3359 2840 3478 2892 qua:

1886 2922 1994 2984 ille,
2025 2925 2106 2975 cui
2140 2931 2193 2974 tu
2238 2921 2424 2974 similis
2456 2934 2531 2985 es,
2569 2919 2880 2990 scripserit;
2915 2920 2994 2974 sic
3039 2921 3238 2973 etenim
3277 2918 3480 2985 poteris

1885 3014 2183 3082 intelligere
2216 3013 2335 3066 illos
2375 3012 2469 3065 Dei
2497 3027 2703 3076 servos,
2745 3012 2996 3081 quoniam
3030 3014 3042 3060 l
3101 3025 3198 3064 nos
3232 3012 3479 3079 cupimus

1888 3115 2118 3168 inveniri
2150 3115 2458 3182 participes,
2493 3114 2757 3167 restitisse
2783 3112 3037 3166 Antiochi
3062 3111 3481 3179 sacrilegio,sic-

1889 3229 1942 3268 nt
1987 3225 2041 3268 et
2079 3228 2178 3267 nos
2229 3214 2322 3266 tibi
2376 3212 2484 3265 Deo
2536 3212 2767 3280 propitio
2819 3211 3156 3265 resistamus.
3217 3211 3480 3278 Loquitur

177 3301 275 3352 est,
325 3290 524 3356 inquis,
560 3289 812 3357 Lucifer;
846 3289 966 3357 quia
999 3305 1120 3342 vera
1166 3291 1256 3342 11111
1296 3291 1462 3345 dicat.
1509 3291 1646 3358 Quid
1694 3309 1776 3347 me

1898 3325 2065 3370 iuncta
2099 3314 2361 3384 scriptura
2410 3313 2594 3366 dicens
2647 3314 2697 3364 in
2732 3310 3160 3365 Machabmorum
3203 3311 3373 3376 primo
3419 3309 3481 3360 li-

172 3382 410 3450 juliebas
443 3381 619 3436 ficere
655 3395 896 3450 tempore
929 3385 1051 3442 isto,
1081 3399 1186 3452 quo
1218 3396 1270 3437 tu
1300 3384 1605 3437 antichristi
1643 3402 1778 3454 prm-

177 3490 378 3528 cnrsor
406 3474 472 3526 ad
502 3489 599 3528 nos
629 3473 1036 3528 interficiendos
1063 3490 1210 3526 arma
1241 3487 1429 3528 contra
1467 3477 1554 3531 llei
1586 3478 1778 3531 levasti

178 3569 454 3622 domum?
488 3582 728 3634 tempore
781 3582 886 3636 quo
920 3568 1174 3621 exstitisti
1210 3568 1350 3622 unici
1397 3570 1513 3622 Filii
1563 3572 1650 3624 liei
1691 3587 1781 3625 ne-

178 3677 210 3730 g
237 3661 384 3714 itor"
411 3659 788 3714 Taeeremne?
828 3671 877 3714 et
930 3669 979 3713 te
1014 3661 1196 3728 lupum
1241 3663 1541 3714 \enientein
1576 3663 1638 3714 ad
1685 3662 1779 3716 Dei

183 3755 510 3806 vastandum
543 3768 760 3820 gregem
793 3753 1068 3805 sinerem?
1100 3755 1177 3804 An
1207 3753 1426 3821 dignum
1463 3753 1626 3806 fuisse
1657 3770 1784 3807 cen-

182 3861 276 3898 ses
305 3845 518 3897 obviam
548 3857 794 3912 pastores
824 3844 914 3896 tibi
951 3847 1149 3897 iremus
1180 3845 1339 3897 siccis
1387 3857 1568 3912 parato
1615 3846 1780 3899 fauci-

184 3940 289 3992 lms
318 3937 384 3990 ad
407 3945 622 3989 nosmet
647 3937 926 3990 nobiscum
942 3935 966 3970 τί
984 3937 1310 3991 commissos
1331 3939 1779 3992 transvorandos‘l

183 4027 514 4096 hlagnalium
548 4025 724 4080 fuerat
746 4027 898 4091 satis,
931 4039 986 4080 ut
1019 4027 1213 4081 mulier
1253 4029 1351 4081 ista
1407 4030 1514 4082 Deo
1559 4032 1787 4098 cupiens

187 4123 411 4190 placere
449 4118 636 4174 Judtllt
661 4135 821 4174 manu
863 4121 1196 4174 itttetitueret
1220 4139 1313 4174 sua
1350 4123 1577 4183 hostem,
1610 4133 1661 4174 et
1689 4137 1788 4177 nos

185 4213 498 4280 iiequidem
527 4214 692 4268 verbo
717 4213 854 4268 tibia
882 4214 1110 4268 Domino
1140 4215 1525 4269 restitissemus
1556 4216 1788 4270 instituti

263 4338 291 4364 ει
335 4327 520 4388 Forte,
559 4327 694 4396 quod
726 4341 840 4379 cum
866 4335 1056 4396 potens
1101 4326 1162 4378 sit
1206 4324 1358 4386 Deus,
1406 4329 1551 4395 cujus
1593 4345 1789 4396 sumus,

187 4415 312 4462 nos,
344 4409 450 4454 etc.
494 4397 745 4452 Gallaud.
781 4395 875 4450 sed
911 4397 1156 4449 Lucifero
1190 4400 1444 4465 Irequens
1475 4409 1556 4450 est
1588 4395 1791 4454 locutio

184 4471 333 4539 quod
362 4473 501 4524 enim
530 4484 624 4534 pro
649 4470 804 4539 quia;
845 4482 952 4536 quo
991 4468 1040 4520 111
1076 4467 1195 4521 loco
1219 4483 1413 4522 sensus
1455 4479 1556 4530 est,
1586 4474 1675 4523 sed
1705 4488 1790 4525 eos

187 4491 331 4593 7ND“
362 4491 501 4524 erum
530 4491 624 4534 μΓο
649 4491 804 4539 qum;
845 4491 952 4536 quu
991 4491 1040 4520 Ill
1076 4491 1195 4521 IUCU
1219 4491 1413 4522 DCIISUS
1455 4491 1556 4530 (ςδι,
1586 4491 1674 4523 sea
1705 4491 1788 4525 808

207 4543 420 4605 tortari,
445 4542 567 4605 quia
593 4550 799 4610 potens,
819 4551 950 4601 etc.,
977 4553 1076 4610 non
1098 4551 1206 4610 esse
1236 4548 1282 4591 te
1307 4541 1651 4610 metuendum,
1677 4553 1788 4596 etc.

185 4616 259 4666 ait
309 4619 545 4666 mentem
593 4608 722 4664 vero
765 4608 1040 4664 Gallandii
1080 4611 1149 4662 ita
1196 4609 1480 4677 legendum
1526 4621 1789 4677 praeterea

187 4690 378 4738 esset'
408 4682 498 4737 sed
528 4697 611 4736 eos
639 4681 874 4746 hortari;
914 4680 1074 4747 quod,
1098 4695 1234 4743 eum,
1267 4692 1400 4748 etc.,
1429 4692 1482 4735 tu
1507 4697 1608 4734 non
1637 4699 1689 4738 es
1718 4685 1785 4736 ti-

189 4753 439 4816 mendus,
469 4763 576 4807 etc.

267 4824 296 4862 δ
339 4824 565 4878 Sciveris
595 4823 931 4893 puniendum.
964 4821 1209 4878 Galland.
1243 4822 1418 4876 minus
1453 4835 1634 4886 recte;
1667 4839 1791 4879 sen-

191 4913 292 4950 sus
326 4897 470 4949 enim
503 4902 604 4957 est,
647 4910 763 4947 cum
781 4898 896 4965 jam
929 4896 981 4946 in
1012 4906 1258 4948 wternum
1284 4898 1554 4948 damnatus
1582 4901 1682 4949 eris
1706 4907 1793 4949 tua

190 4970 374 5036 culpa,
412 4976 517 5022 etc.

276 5034 300 5078 ὃ
343 5041 746 5105 Consequentur.
773 5034 889 5089 Lat.
915 5046 969 5089 et
991 5035 1237 5090 Galland.
1256 5035 1662 5107 Consequuntur.
1691 5038 1794 5093 Til.

193 5110 285 5166 vel
317 5110 646 5178 cansequitur
672 5122 839 5178 paena.

269 5179 298 5217 ἀ
342 5176 767 5234 111ιιι1ηοὺὶσὸιι111
801 5179 1165 5249 importunum
1197 5176 1410 5231 videtur
1438 5196 1450 5230 :
1481 5188 1574 5231 aut
1607 5179 1796 5249 legen-

193 5255 330 5308 dum
378 5251 626 5304 nobismet
675 5249 1003 5313 commissos,
1060 5248 1321 5300 nobiscum
1372 5248 1795 5304 transvortmilos.

195 5323 458 5378 (ialland.
494 5322 588 5375 sed
628 5321 896 5375 correctio
937 5321 1002 5371 ad
1049 5319 1252 5372 calcem
1286 5319 1537 5372 editionis
1570 5321 1798 5376 Ttlianx

201 5396 406 5455 habet,
440 5403 638 5444 nosmet
668 5393 933 5444 nobiscum
963 5391 1278 5457 commissos,
1316 5389 1368 5442 id
1401 5401 1478 5444 est
1506 5432 1518 5455 ,
1550 5391 1682 5445 inter
1709 5410 1802 5447 nos

200 5465 493 5520 discordes.

280 5545 306 5572 ο
348 5533 525 5588 ϐτςιξο.
558 5534 772 5591 τίθησιν.
806 5529 964 5585 Vers.
999 5531 1126 5584 Ant.
1160 5532 1267 5582 dat.

284 5604 302 5642 ί
353 5603 706 5658 Mercenarius
733 5613 922 5666 autem,
961 5610 1007 5654 ct
1039 5603 1124 5668 qui
1163 5617 1263 5653 non
1287 5610 1360 5653 est
1391 5612 1684 5668 pastor.....
1719 5605 1773 5657 di
1786 5635 1803 5645 -

203 5677 363 5732 mittit
411 5691 648 5736 oves....,
680 5690 765 5726 eas
786 5715 802 5738 ,
841 5682 889 5726 et
921 5673 1285 5741 disperguntur
1310 5686 1444 5725 oves.
1487 5672 1640 5727 Vers.
1674 5676 1800 5728 Ant.

203 5744 569 5822 'l‘ertull._lib_.
603 5745 846 5822 deAlt‘uga
877 5745 1167 5822 inpersec.
1198 5743 1518 5822 dercljnqttit.
1549 5743 1712 5822 Cypr.
1747 5748 1800 5805 in

207 5816 469 5898 epistLad
497 5816 640 5898 Cler.
674 5813 1140 5898 Carili.ndispe_rgit
1167 5829 1289 5898 cum
1324 5813 1492 5898 Lucil.

286 5903 309 5939 4
355 5887 556 5949 Eadem
611 5887 662 5946 111
715 5903 815 5946 ins.
865 5885 1176 5965 Cautabiig.
1237 5887 1386 5948 Vet's.
1441 5891 1565 5948 Ant.
1613 5889 1796 5951 addit:

1887 3419 1980 3470 ltro
2016 3434 2028 3470 :
2057 3415 2121 3468 Et
2147 3416 2349 3486 scripsit
2373 3431 2462 3467 rea:
2489 3413 2512 3449 ¹ι
2541 3415 2681 3466 omni
2712 3430 2867 3481 regno
2898 3430 3011 3474 suo,
3037 3423 3093 3465 ut
3119 3421 3250 3466 esset
3279 3413 3482 3464 univer-

1881 3537 1965 3572 sas
1993 3517 2213 3587 poitulus
2243 3533 2392 3579 unus,
2429 3526 2474 3568 ct
2495 3517 2837 3584 relinquerent
2865 3516 3214 3584 unusquisque
3246 3515 3481 3584 legitima

1881 3637 1994 3673 sua.
2049 3617 2114 3670 Et
2145 3616 2160 3654 ι
2197 3625 2496 3685 receperunt
2525 3632 2699 3668 omnes
2743 3623 2916 3686 gentes
2949 3614 3232 3666 secundum
3274 3613 3481 3666 verbum

1882 3719 2037 3789 regis,
2076 3729 2122 3771 et
2170 3719 2320 3770 multi
2368 3734 2430 3770 ex
2459 3715 2628 3770 Israel
2675 3725 3044 3768 consenserunt
3075 3723 3111 3749 η’
3157 3715 3311 3766 simul
3365 3729 3481 3766 cum

1888 3823 2013 3883 illis,
2065 3830 2110 3873 et
2157 3821 2454 3890 polluerunt
2503 3818 2792 3872 sabbatum.
2829 3817 2891 3869 Et
2943 3817 3081 3868 misit
3123 3831 3216 3869 rex
3243 3816 3402 3868 libros
3431 3816 3483 3868 in

1885 3934 1910 3959 ιι
1959 3940 2111 3976 manu
2149 3923 2446 3974 nuntiorum
2481 3919 2803 3985 Jerusalem,
2848 3929 2892 3971 et
2941 3919 3170 3970 civitates
3207 3914 3382 3977 ludat,
3430 3921 3486 3968 ut

1887 4014 2018 4066 irent
2041 4021 2156 4082 post
2189 4012 2417 4080 legitima
2448 4022 2633 4065 extera:
2663 4024 2830 4074 (errat,
2862 4018 2908 4062 et
2949 4009 3221 4077 prohibere
3268 4017 3291 4042 ο
3335 4006 3485 4059 holo-

1887 4127 2088 4177 causta,
2115 4125 2161 4168 et
2187 4114 2524 4182 sacri/icium,
2547 4122 2592 4164 et
2631 4111 2930 4165 libotionem
2955 4110 3020 4162 de
3056 4108 3480 4176 sanctiﬁcatione,

1889 4229 1915 4267 ρ
1944 4218 2288 4270 contaminare
2330 4215 2542 4269 sabbata
2579 4225 2626 4267 et
2665 4213 2773 4266 dies
2805 4213 3079 4277 solemnes,
3122 4219 3168 4262 et
3205 4219 3232 4257 q
3258 4209 3490 4277 polluere

1899 4332 2240 4384 mercenarius
2261 4339 2428 4383 autem
2452 4330 2582 4399 fugit
2606 4330 2760 4396 :quia
2783 4326 3148 4399 conductitius,
3175 4333 3281 4379 etc.
3306 4322 3485 4379 Gra'c.

1899 4404 2169 4474 μισθωτὸς,
2201 4397 2722 4474 mercettarius,_curn
2752 4397 2927 4474 Lucif.

1970 4471 1997 4510 ιι
2043 4473 2204 4526 l‘asce
2225 4489 2339 4525 oves
2361 4487 2516 4524 meas.
2549 4470 2706 4523 Vers.
2735 4473 2858 4523 Ant.
2897 4480 3126 4536 utroque
3158 4465 3210 4518 in
3241 4465 3382 4518 loco.

1975 4544 1988 4580 ί
2039 4543 2174 4597 Dixit
2203 4542 2418 4597 Lucifer
2439 4558 2553 4594 cum
2577 4541 2874 4608 disciplina,
2900 4554 3009 4609 quo
3032 4537 3295 4591 scientiam
3312 4545 3362 4591 et
3388 4536 3479 4588 do-

1817 4645 1868 4705 1)
1896 4611 2538 4705 61111112111111111ιεί111..².1.11
2566 4612 2750 4665 Cet-da.

1968 4685 1980 4734 i
2035 4687 2284 4750 Quorum.
2323 4681 2501 4737 thlitl.

1967 4754 1990 4792 ¹ί
2038 4745 2186 4808 Ῠθτε.
2221 4757 2348 4808 Ant.
2379 4751 2491 4808 Rea:
2520 4754 2870 4807 Antiochus...
2913 4750 3288 4812 relinqueret...
3329 4745 3486 4817 legem

1897 4838 2055 4880 tuam.
2088 4826 2186 4878 Ms.
2225 4827 2379 4879 Alex.
2416 4825 2616 4879 omittit
2656 4824 2957 4884 Antiochus,
2999 4822 3073 4874 uti
3103 4819 3274 4874 Lucif.
3307 4817 3484 4873 Griec.

1897 4901 1961 4954 τὰ
1986 4894 2174 4968 νόμιμα
2213 4899 2372 4952 αὐτοῦ
2404 4912 2524 4951 cum
2572 4893 2740 4949 Lucif.
2790 4893 3117 4961 Iielinqueret
3156 4889 3284 4959 legit
3324 4891 3485 4943 etiam

1907 4970 1993 5022 hic
2022 4971 2089 5020 Sa
2100 4971 2351 5021 batierttts
2365 5009 2375 5019 .

1978 5037 1994 5075 ι
2041 5039 2196 5092 Vers.
2232 5041 2356 5091 Alit.
2393 5038 2831 5091 Consenserunt...
2861 5035 2994 5106 regis
3025 5031 3285 5086 Antiochi.
3320 5031 3490 5084 Abest

1906 5125 1932 5162 a
1965 5109 2179 5172 Graeco,
2222 5109 2480 5172 Antiochi,
2510 5109 2583 5160 uti
2618 5124 2643 5158 a
2677 5107 2848 5160 Lucil.

1973 5190 2009 5215 τυ
2052 5170 2424 5232 Consenserunt
2452 5170 2679 5232 servituti
2707 5182 2837 5249 ejus,
2861 5186 2906 5229 et
2930 5174 3349 5240 sacriﬁcaverunt
3375 5170 3488 5222 ido-

1906 5253 1990 5313 lis,
2022 5261 2066 5303 et
2093 5251 2568 5316 coinquinavermtt,
2601 5260 2704 5302 etc.
2727 5247 2892 5301 'Vt-rs.
2923 5252 3051 5300 Ant.

1975 5331 2000 5356 ιι
2045 5320 2143 5374 Per
2167 5315 2347 5372 manus
2370 5321 2671 5373 nunciorum
2695 5321 2746 5371 in
2767 5317 3076 5376 Jerusalem,
3101 5325 3146 5367 et
3170 5315 3220 5365 in
3245 5329 3488 5366 omnes...

1912 5404 1963 5446 ut
2002 5403 2329 5460 sequerentur
2359 5394 2490 5460 leges
2519 5390 2743 5459 gentiam
2775 5399 2943 5442 terrm.
2969 5386 3126 5450 Ead.;
3159 5399 3260 5437 ltlS.
3303 5385 3487 5437 Germ.

1909 5463 2167 5518 convenit
2193 5463 2415 5516 omnino
2442 5477 2562 5513 cum
2594 5460 2766 5514 Lucil.

1981 5541 2003 5567 °
2049 5534 2123 5589 Ita
2157 5535 2206 5586 in
2233 5533 2440 5587 Graeco.
2475 5529 2628 5584 Vers.
2657 5533 2784 5584 Ant.
2811 5527 2878 5582 Et
2907 5526 3229 5597 prohiberent
3255 5523 3495 5597 et_sarri-

1904 5604 2022 5671 [ἰδία
2045 5615 2089 5658 et
2115 5605 2423 5670 plucationes
2447 5602 2561 5669 ﬁeri
2580 5602 2635 5654 in
2657 5600 2846 5670 templo
2872 5593 2982 5652 Dei.
3009 5598 3074 5653 Sa
3086 5599 3190 5648 bat.
3219 5593 3344 5662 legit
3370 5610 3489 5662 pro-

1905 5674 2132 5728 hiberent
2165 5676 2216 5728 in
2247 5673 2414 5727 Lucil.

1974 5756 2000 5797 r
2045 5745 2199 5800 Vers.
2251 5744 2374 5802 Ant.
2432 5743 2497 5798 Et
2540 5745 2865 5813 prohiberent
2910 5735 3153 5793 celebrari
3196 5734 3484 5813 sabbatum.

1904 5817 2086 5892 Graec.
2115 5831 2241 5892 cuin
2274 5815 2436 5874 Lucii.
2476 5804 2668 5892 iniquo
2697 5814 3098 5892 contaminarent
3130 5806 3268 5892 apud
3294 5804 3483 5892 Saltat.

1973 5898 1996 5945 11
2042 5887 2106 5947 Et
2132 5888 2445 5967 polluerunt.
2469 5883 2658 5950 Sabat.
2688 5885 2924 5968 Etjusslt
2950 5883 3267 5959 coinquinari
3286 5889 3484 5949 sancta,
