3854 6416
140 421 226 477 9o!

705 417 792 472 DE
832 415 971 473 NON
1011 415 1377 473 PARCENDO
1415 415 1481 472 IN
1523 413 1713 474 DEUM
1757 413 2354 486 DELINQUENTIBUS
2393 411 2594 471 LIBER
2635 411 2841 473 UNUS.

3315 415 3424 472 969.

140 545 339 589 ruerunt
364 551 416 588 se
440 534 640 600 ciliciis,
667 546 711 587 et
738 535 928 587 luctunt
949 535 1232 589 habuerunt
1253 536 1419 590 valde.
1442 535 1506 588 Et
1529 545 1554 572 ι
1575 552 1723 588 vcne-
1751 540 1800 598 Α
1830 547 1949 590 tate.
1980 536 2117 604 Quid
2149 537 2257 590 tale
2287 551 2314 588 τι
2345 535 2500 590 nobis
2526 535 2723 590 factum
2753 533 3116 605 conspexisti,
3145 541 3204 589 ut
3234 533 3428 606 digne-

138 639 249 680 rttnt
280 630 367 697 qui
394 638 538 680 erant
567 644 596 678 η
644 643 780 696 rege,
827 636 872 677 et
895 628 1264 693 compellebant
1295 629 1652 680 discessionem
1683 628 1732 678 in

139 721 332 774 Modiiu
381 721 633 772 civitatem
677 729 730 771 ut
771 721 1122 785 sacriﬁcarent
1165 736 1182 771 :
1223 729 1268 771 et
1295 719 1321 756 δ
1372 721 1521 772 multi
1566 718 1735 774 Israel

136 823 455 868 accesserunt
485 815 551 864 ad
583 829 688 868 eos.
743 810 804 862 Et
835 811 1112 865 .llatathias
1151 822 1197 862 et
1227 812 1323 878 ﬁlii
1369 813 1478 878 ejus
1519 826 1733 881 congre-

138 907 234 976 gati
262 915 384 958 sunt
419 921 434 956 :
467 901 532 955 Et
567 915 584 938 ε
622 903 992 973 responderunt
1022 905 1108 972 qui
1138 919 1167 953 a
1195 918 1313 971 rege
1340 905 1483 955 missi
1508 905 1732 966 fuerant,

138 1010 182 1052 et
201 1001 350 1052 aiunt
376 996 650 1051 Matathia'
679 997 900 1050 dicentes
928 1015 943 1050 :
974 995 1218 1064 Princeps
1250 1008 1296 1047 et
1333 997 1516 1048 nobilis
1542 1006 1588 1048 ct
1626 1011 1737 1048 ma-

136 1108 262 1161 gnus
308 1107 360 1143 es
396 1091 448 1141 in
499 1089 700 1141 civitate
730 1091 846 1147 ista.
889 1098 934 1141 et
961 1089 1299 1154 conﬁrmatus
1338 1084 1362 1121 ἀ
1393 1087 1517 1154 ﬁliis
1551 1103 1568 1139 :
1600 1102 1736 1139 nunc

141 1191 161 1216 ε’
198 1181 385 1233 accede
433 1181 648 1244 primus.
699 1190 744 1231 et
788 1185 868 1248 fac
909 1179 1178 1244 imperium
1223 1179 1376 1247 regis,
1425 1179 1558 1230 sicut
1605 1178 1737 1245 fece-

139 1287 253 1329 runt
281 1291 455 1329 omnes
483 1285 679 1343 gentes,
714 1286 758 1328 et
788 1277 879 1327 viri
917 1273 950 1326 .l
957 1277 1058 1326 uda
1088 1286 1134 1327 et
1161 1273 1245 1341 qui
1272 1273 1500 1326 derelicti
1541 1282 1657 1326 sunt
1681 1275 1735 1327 in

141 1365 346 1431 Israel;
394 1379 440 1419 et
497 1369 594 1420 eris
643 1377 695 1419 tu
742 1378 787 1420 et
835 1368 930 1435 ﬁlii
981 1367 1054 1417 tui
1111 1367 1262 1417 amici
1308 1367 1440 1435 regis
1493 1376 1539 1419 el
1583 1376 1637 1419 lu
1687 1376 1736 1420 et

136 1461 230 1525 ﬁlii
281 1459 356 1511 tui
399 1460 697 1528 gloriantini
742 1459 1003 1529 {argento
1047 1470 1094 1511 et
1147 1474 1297 1515 auro.
1353 1467 1400 1511 et
1440 1459 1734 1512 muneribus

139 1551 344 1604 multis.
386 1550 670 1616 Respondit
708 1549 989 1602 .llatathias
1012 1567 1132 1602 t'oce
1157 1565 1364 1618 magna,
1393 1560 1439 1601 et
1467 1550 1597 1602 dixit
1625 1565 1643 1600 :
1674 1548 1737 1604 Si

140 1651 162 1688 8
195 1659 370 1696 omnes
418 1655 593 1713 gentes
624 1657 738 1710 qua:
785 1644 834 1694 in
863 1643 1012 1694 domo
1062 1643 1193 1711 regis
1243 1642 1459 1693 audiunt
1508 1657 1646 1704 eum,
1679 1650 1734 1694 ut

139 1727 377 1791 discedat
411 1738 758 1806 unusquisque
780 1737 842 1789 ab
870 1737 1044 1804 officio
1070 1745 1274 1803 patrum
1299 1751 1534 1794 suorum,
1560 1746 1605 1786 et
1634 1735 1738 1788 ele-

139 1843 324 1902 gerunt
357 1832 408 1885 in
440 1832 682 1884 mandata
711 1835 844 1902 ejus,
872 1841 916 1882 et
951 1847 1042 1900 ego
1077 1832 1100 1864 ἰ
1127 1841 1171 1882 et
1204 1830 1300 1896 lilii
1341 1831 1435 1880 mei
1468 1827 1649 1880 ibimus
1682 1828 1736 1880 iit

1837 630 1911 682 ris
1943 629 2130 683 dicere
2163 628 2571 682 :Contnmeliam
2616 629 2743 681 mihi
2777 629 2892 696 fecit
2923 626 3161 695 Lucifer?
3185 625 3278 680 Ille
3310 626 3428 697 gla-

1836 720 1924 774 dio
1948 721 2149 775 occidit
2171 721 2314 790 regis
2339 719 2668 784 ministrum,
2695 718 2789 773 sed
2815 730 2866 772 et
2889 735 3009 772 eum
3029 732 3189 788 quem
3214 718 3433 772 viderat

1835 814 1900 868 de
1929 813 2132 882 populo
2162 828 2262 867 suo
2287 813 2431 882 regis
2462 813 2643 867 edicto
2672 823 2698 861 P
2721 827 2882 881 quam
2919 811 3011 865 Dei
3049 822 3424 879 temperasse;

1835 919 1960 974 ego,
2010 905 2135 973 quia
2177 903 2273 958 tibi
2320 919 2383 958 ac
2424 902 2530 956 tuis
2557 903 2729 958 verbo
2771 902 2973 958 resisto
3015 912 3068 956 et
3108 903 3254 967 dico,
3309 899 3432 954 Non

1837 998 2136 1065 derelinquo
2166 998 2506 1066 apostolicam
2542 1006 2694 1065 atque
2733 997 3074 1066 evangelicaiu
3125 997 3300 1063 ﬁdem,
3352 996 3430 1049 sic

1837 1087 1990 1142 credo
2020 1089 2278 1153 quomodo
2309 1087 2639 1141 crediderunt
2669 1089 2952 1153 Abraham,
2981 1086 3157 1153 Isaac,
3190 1099 3238 1143 et
3267 1087 3432 1143 Iacob

1838 1191 2008 1250 patres
2032 1181 2226 1246 nostri;
2255 1180 2382 1236 inde
2403 1179 2547 1250 apud
2581 1191 2633 1235 te
2653 1196 2778 1235 reus
2795 1182 3260 1236 contumeliarum
3285 1197 3429 1236 sum.

1839 1275 1893 1330 Si
1947 1274 2146 1329 fuisses
2207 1275 2349 1329 inter
2396 1289 2592 1329 manus
2650 1274 2922 1329 Matatluiae
2991 1275 3148 1330 istius
3203 1274 3430 1331 zelamis

1840 1367 2032 1428 Deum,
2081 1373 2175 1420 aut
2228 1366 2280 1420 in
2323 1381 2487 1421 manu
2519 1365 2779 1432 Phinees,
2828 1369 2910 1421 cui
2962 1368 3330 1422 tesumonium
3377 1369 3434 1424 in

1836 1460 2092 1516 Numeris
2121 1460 2262 1530 apud
2296 1461 2514 1532 Moysen
2544 1460 2800 1529 perbibet
2826 1461 2993 1523 Deus,
3020 1471 3070 1515 et
3098 1462 3439 1531 alienigena-

1837 1571 1954 1610 rum
2001 1568 2156 1609 more
2189 1555 2374 1609 vivere
2417 1562 2684 1619 tentares,
2732 1554 2852 1608 sine
2889 1564 2915 1603 τι
2955 1553 3120 1609 dubio
3165 1563 3216 1610 te
3255 1554 3439 1623 gladio

1839 1646 2233 1707 interficerent,
2277 1646 2353 1700 illi
2379 1654 2430 1700 te
2459 1646 2639 1714 gladio
2667 1645 2881 1700 fuerant
2902 1646 3245 1701 iuterfecturi
3271 1664 3283 1700 :
3311 1662 3434 1718 ego,

1842 1739 1966 1808 quia
1998 1737 2166 1792 verbo
2197 1738 2437 1790 animum
2471 1737 2623 1792 illum
2658 1749 2807 1791 tuum
2848 1753 3050 1793 cruore
3095 1737 3438 1794 Christiano-

1843 1845 1965 1884 rum
1999 1829 2334 1884 madidatum
2371 1830 2624 1893 voluero,
2665 1845 2794 1884 reus
2820 1829 3041 1898 judicor
3072 1830 3443 1884 contumelia-

141 1936 503 1980 testainentum
546 1937 750 1994 patrum
803 1938 1118 1978 nostrorum.
1186 1925 1439 1978 Dominus
1482 1925 1734 1995 prapitius
1766 1935 1813 1994 Β
1841 1938 1957 1977 rum
1991 1938 2019 1976 a
2049 1931 2122 1976 te.
2151 1920 2280 1983 Cur,
2316 1923 2644 1991 imperator,
2673 1937 2780 1975 non
2814 1922 3106 1976 ulcisceris
3137 1931 3191 1978 te
3221 1921 3287 1977 de
3319 1921 3446 1976 me?

142 2019 288 2070 nobis
322 2019 408 2080 sit,
443 2034 544 2070 non
579 2018 587 2051 ί
621 2018 1026 2084 derelinqucmus
1052 2019 1209 2087 legem
1238 2028 1284 2070 et
1305 2017 1739 2088 justiﬁcationes:

142 2111 393 2163 uerbumt
436 2111 570 2179 regis
610 2125 709 2162 non
757 2110 1046 2174 audiemus,
1074 2125 1174 2162 non
1221 2108 1586 2162 declinabimns
1615 2107 1740 2175 ofﬁ-

143 2205 281 2256 cium
306 2204 662 2257 deservitionis
694 2214 884 2256 nostra?
909 2205 1089 2255 dextra
1119 2204 1193 2254 rel
1221 2204 1451 2254 sinistra.
1491 2201 1556 2255 Ut
1587 2200 1610 2236 ¹ί
1633 2217 1743 2255 ces-

142 2297 276 2347 savit
299 2296 438 2363 loqui
470 2312 729 2348 sermones
753 2298 896 2359 istos,
921 2298 1131 2347 accessit
1160 2295 1234 2346 uir
1259 2292 1473 2346 Judwus
1501 2294 1551 2345 in
1581 2294 1744 2345 oculis

144 2391 380 2442 omnium
435 2390 725 2456 sacrificare
762 2390 813 2441 in
876 2388 1074 2442 .llodiin
1103 2387 1385 2440 secundum
1436 2398 1747 2455 prarceptum

146 2482 279 2552 regi.
308 2492 395 2534 :et
433 2480 444 2517 ι
481 2483 606 2533 uidit
654 2480 961 2540 Mutat/tias,
1009 2492 1056 2533 et
1087 2481 1277 2532 :elatus
1309 2489 1403 2542 est,
1452 2489 1500 2530 et
1540 2490 1744 2531 contre-

147 2584 388 2626 muerunt
410 2589 552 2626 renes
573 2576 707 2644 ejus,
734 2583 778 2625 et
805 2573 975 2623 attulit
1001 2574 1131 2622 iram
1156 2570 1433 2623 secundum
1451 2570 1708 2641 judicium
1729 2583 1749 2622 :

145 2675 194 2716 et
224 2680 506 2716 accurrens
549 2666 617 2714 ad
647 2679 795 2714 aram
823 2663 1078 2730 interfecit
1103 2678 1242 2724 eum,
1286 2670 1331 2714 et
1359 2670 1396 2695 η’
1425 2662 1588 2712 t'irum
1616 2661 1750 2729 regis

148 2759 238 2823 qui
273 2757 482 2827 cogebat
511 2757 802 2819 immolare,
834 2757 1021 2808 occidit
1051 2757 1102 2808 in
1135 2755 1225 2808 illo
1254 2765 1502 2824 tempore,
1538 2766 1585 2809 et
1607 2771 1754 2808 aram

149 2849 439 2910 destruxit,
464 2859 508 2902 et
530 2851 802 2901 centulatus
828 2858 851 2883 η
876 2859 948 2901 est
976 2849 1027 2901 in
1057 2849 1186 2917 lege,
1220 2849 1350 2901 sicut
1376 2850 1493 2917 fecit
1532 2847 1754 2902 Phinees

149 2937 412 2992 Jambrim
457 2940 568 3004 ﬁlio
619 2939 822 2994 Saloni.
865 2938 932 2991 Et
966 2948 988 2970 θ
1017 2941 1320 2993 exclamavit
1376 2940 1658 2993 Matathias
1700 2943 1754 2993 in

151 3031 368 3083 civitate
400 3046 516 3084 t'oce
546 3047 733 3101 magna
763 3031 940 3084 dicens
981 3049 997 3083 :
1038 3029 1218 3083 Omnis
1261 3032 1475 3084 (rutulus
1526 3043 1757 3084 statuens

153 3132 523 3176 testamentum
547 3133 692 3176 exeat
724 3133 838 3192 post
862 3141 959 3177 me.
993 3122 1058 3176 Et
1086 3126 1215 3194 fugit
1239 3135 1286 3177 et
1318 3125 1427 3193 ipse
1452 3134 1497 3176 et
1529 3125 1625 3192 ﬁlii
1646 3130 1758 3196 ejus

153 3215 210 3267 in
230 3226 480 3282 montem,
507 3224 551 3268 et
575 3215 888 3283 reliquerunt
915 3231 1244 3284 qua'cumqne
1271 3215 1521 3268 habebant
1545 3217 1596 3268 in
1635 3217 1759 3267 ciri-

1841 2031 1936 2070 cur
1965 2015 2328 2070 contumelias
2364 2024 2483 2068 tuas
2504 2029 2612 2069 non
2637 2014 2882 2085 digneris
2907 2014 3232 2081 defendere,
3265 2014 3448 2068 vindi-

1841 2121 1968 2160 care
1995 2115 2047 2161 te
2076 2107 2143 2161 de
2168 2107 2389 2160 homine
2414 2106 2708 2161 mendico?
2733 2121 2835 2161 cur
2865 2120 2970 2160 non
3001 2106 3138 2160 satis
3179 2120 3347 2174 agens
3374 2115 3394 2142 τ
3420 2105 3444 2158 3

1844 2215 1951 2253 non
1978 2200 2104 2268 quia
2134 2201 2298 2265 nolis,
2329 2199 2424 2254 sed
2453 2201 2579 2268 quia
2617 2198 2716 2253 tibi
2742 2199 2923 2253 adhuc
2963 2214 3071 2253 non
3122 2198 3286 2252 fuerit
3316 2197 3445 2253 data

1851 2301 2096 2362 potestas
2145 2293 2212 2347 ab
2255 2307 2342 2359 eo,
2385 2293 2544 2362 cujus
2580 2308 2668 2348 me
2695 2308 2818 2348 esse
2857 2294 3142 2348 confidens
3187 2292 3288 2348 tibi
3320 2292 3442 2348 haec

1851 2383 2025 2438 libera
2072 2383 2197 2437 dico
2240 2398 2396 2448 voce,
2442 2400 2563 2452 quae
2592 2384 2810 2452 quidem
2835 2385 2987 2453 juxta
3021 2394 3143 2438 tuos
3175 2383 3444 2439 nefandos

1850 2482 2006 2529 actus
2037 2489 2201 2542 prava
2234 2474 2366 2527 milii
2414 2473 2724 2528 videantur.
2755 2474 2876 2530 Tibi
2908 2476 3272 2546 omnibusque
3309 2474 3450 2529 divi-

1853 2569 1942 2622 tiis
1990 2568 2144 2637 regni
2193 2568 2290 2632 tui,
2325 2568 2465 2636 patri
2492 2575 2511 2601 '
2556 2582 2775 2638 quoque
2817 2577 2912 2623 tuo
2959 2570 3310 2624 renuntiasse
3347 2583 3450 2623 nos

1853 2675 1976 2715 cum
2009 2661 2236 2724 videris,
2271 2669 2324 2716 et
2353 2675 2382 2713 a
2413 2659 2523 2715 fide
2546 2660 2702 2715 nullo
2727 2670 2888 2730 pacto
2919 2675 3264 2727 recessuros,
3297 2660 3453 2729 polli-

1852 2754 1994 2808 citus
2043 2757 2060 2789 ί
2111 2753 2440 2822 inspexeris,
2494 2753 2725 2806 multum
2771 2752 3027 2807 misereri
3058 2761 3085 2787 ιι
3129 2767 3230 2806 nos
3280 2750 3448 2819 scias,

1857 2846 2001 2915 quod
2049 2860 2174 2900 eum
2207 2860 2302 2900 ore
2327 2845 2493 2915 gladii
2521 2845 2706 2900 soleas
2755 2844 3121 2913 displiceotes
3160 2843 3256 2897 tibi
3284 2841 3454 2897 devo-

1861 2955 2006 3005 rare,
2037 2939 2193 2994 nobis
2214 2949 2240 2975 ν
2267 2953 2482 3008 parcas.
2507 2936 2688 2993 Credo
2717 2947 2743 2974 ι
2773 2939 2992 3008 pietatis
3021 2952 3208 3002 causa,
3243 2945 3298 2992 et
3330 2951 3460 3006 pos-

1857 3043 2045 3083 sumus
2077 3028 2216 3082 istud
2250 3029 2461 3084 sentire
2501 3029 2571 3084 de
2601 3038 2688 3083 tua
2719 3029 2964 3085 lenitate.
2995 3028 3214 3084 Nullum
3245 3029 3451 3084 etenim

1860 3131 1912 3175 te
1937 3120 2302 3184 interfecisse,
2333 3137 2399 3176 ex
2429 3131 2456 3170 γ
2482 3121 2644 3176 nimia
2679 3132 2769 3177 tua
2799 3121 3136 3191 benignitate
3158 3119 3313 3192 potui
3339 3119 3456 3175 col-

1861 3215 2052 3283 Iigere.
2090 3215 2260 3280 Dicis,
2291 3216 2538 3283 superbus
2567 3225 2661 3269 est.
2693 3215 2850 3271 Unde
2877 3216 2977 3271 tibi
3015 3215 3289 3285 superbus
3329 3227 3460 3270 esse

237 3363 262 3388 ³
290 3353 366 3406 lla
393 3352 448 3406 in
469 3353 680 3408 Grmco.
711 3352 864 3425 Vm.
902 3352 1025 3406 Ant.
1056 3352 1310 3406 Venerunt
1337 3354 1486 3420 illuc,
1509 3354 1594 3424 qui
1620 3355 1762 3407 missi
1787 3352 1832 3416 C
1856 3357 2084 3425 jussum,
2111 3362 2220 3409 etc.

155 3435 309 3478 erant
340 3442 372 3477 α
395 3441 510 3493 rege
533 3424 811 3496 dntioclto.
837 3435 892 3476 ut
915 3437 1150 3496 coqerent
1175 3442 1280 3489 eos,
1304 3426 1390 3493 qui
1418 3430 1758 3496 confugerant

155 3498 213 3548 in
245 3497 504 3549 civitatem
537 3494 743 3558 Modin,
777 3494 1061 3560 immolare,
1096 3507 1140 3549 et
1169 3496 1444 3550 accendere
1471 3494 1620 3561 tura,
1653 3507 1699 3550 et
1728 3514 1759 3550 a

159 3567 278 3635 lege
311 3565 405 3619 Dei
433 3567 561 3619 disc:
575 3565 714 3619 dere.

239 3637 266 3675 δ
296 3637 434 3708 Fere
465 3653 587 3690 cum
614 3651 713 3689 tus.
744 3636 928 3691 Germ.
966 3637 1120 3692 Vers.
1149 3639 1272 3693 Ant.
1311 3636 1376 3690 Et
1408 3640 1556 3692 multi
1581 3641 1644 3693 de
1670 3656 1762 3708 po-

160 3709 296 3775 pulo
338 3707 509 3761 Israel
555 3710 923 3762 consentientes
963 3718 1283 3761 accesserunt
1322 3711 1389 3761 ad
1429 3726 1512 3764 eos
1551 3726 1568 3763 :
1600 3707 1758 3765 sed...

158 3788 468 3832 constanter
491 3788 754 3831 steterunt.

245 3860 266 3886 ο
299 3847 368 3901 Et
419 3851 784 3917 respondentes
829 3851 917 3918 qui
967 3851 1110 3903 missi
1152 3863 1295 3905 erant
1348 3851 1409 3902 ab
1466 3853 1760 3916 Antiocho,

161 3922 416 3974 dixerunt
447 3917 717 3972 illatathia!
746 3935 762 3971 :
801 3918 1051 3986 Princeps
1083 3932 1129 3974 et
1167 3922 1554 3977 clarissimus...
1593 3926 1644 3976 in
1669 3923 1765 3974 hac

163 3995 398 4050 civitate,
433 3999 480 4042 et
513 4000 725 4042 ornatus
766 3992 890 4058 ﬁliis
934 4005 978 4044 et
1021 3992 1286 4058 fratribus.
1319 3993 1472 4045 Vers.
1505 3995 1630 4048 Ant.
1672 3992 1768 4046 Di-

164 4074 413 4116 centes...
445 4071 492 4114 ct
520 4061 702 4114 nobilis
725 4079 844 4115 cum
869 4061 1089 4126 Cranen;
1119 4064 1491 4133 responderunt
1517 4081 1636 4120 cum
1661 4079 1761 4118 ms.

163 4133 368 4189 Germ.

245 4202 276 4240 ἀ
307 4203 658 4270 Conﬁrmatus
680 4204 826 4272 ﬁliis,
851 4214 897 4257 et
923 4204 1189 4272 fratribus.
1216 4206 1387 4260 Vatic.
1414 4221 1533 4260 cum
1553 4205 1762 4261 Grteco.

252 4285 278 4311 ν
309 4273 467 4328 Vers.
500 4277 622 4347 ᾼηι.
663 4277 799 4344 Ergo
827 4277 1011 4329 accede
1035 4280 1242 4343 prior...
1267 4279 1541 4347 jussum...
1570 4294 1768 4330 reman-

163 4348 452 4421 serunt_in
497 4343 808 4408 Jerusalem,
840 4357 883 4398 et
926 4349 1094 4399 eris...
1129 4343 1280 4401 inter'
1302 4352 1492 4402 amicos
1536 4351 1689 4421 regis,
1722 4359 1771 4402 et

169 4417 534 4486 ampliﬁcatos
557 4433 687 4468 auro
716 4428 759 4470 et
790 4427 1017 4486 argenta.

261 4435 534 4486 ’puflcalos
557 4435 687 4468 auro
716 4435 759 4470 ει
790 4435 847 4468 ar
883 4435 1017 4470 c‘illO.

261 4487 282 4525 ί
329 4492 431 4541 tuo
453 4488 817 4556 gloriabimini.
840 4435 942 4542 'lil.
970 4487 1064 4543 sed
1090 4489 1344 4543 mendum
1373 4492 1517 4545 inest
1544 4490 1773 4545 fortasse

172 4561 236 4612 in
292 4559 422 4613 edit.
457 4559 600 4626 quod
633 4558 948 4613 Gallandius
993 4561 1154 4613 etiam
1210 4561 1437 4631 corrigit
1483 4562 1548 4616 ad
1594 4561 1772 4617 Grtcc.

169 4631 584 4686 δοξασθήσεσθε.

209 4633 584 4694 οξασθήσεσθε.

262 4711 290 4747 ις
322 4699 404 4774 λυι
451 4719 500 4751 tu
555 4701 1100 4774 GrmC01ndtV?ar1’a‘t
1148 4703 1282 4766 ἔθνη,
1337 4705 1402 4757 τὰ
1448 4705 1498 4757 ἓν
1540 4702 1656 4774 οἴκῳ
1685 4713 1774 4764 τῆς·

1943 3423 1956 3460 ι
2005 3424 2094 3479 Sic
2119 3429 2283 3479 etiam
2332 3425 2386 3479 in
2424 3427 2633 3482 Graeco.
2689 3427 2839 3483 Vers.
2873 3427 3004 3483 Aut.
3055 3425 3123 3481 Et
3159 3427 3380 3482 uidit...
3411 3434 3458 3480 et

1864 3496 2130 3572 doluit....
2168 3509 2216 3548 et
2255 3513 2502 3572 accensus
2549 3510 2623 3553 est
2656 3498 2815 3572 furor
2855 3501 2970 3569 ejus
3013 3500 3296 3552 secundum
3307 3497 3461 3572 judi-

1864 3566 2178 3640 cium_legis,
2207 3580 2253 3620 et
2275 3569 2507 3640 insiliens
2536 3566 2809 3640 trucidat-it
2829 3566 2944 3623 eum
2985 3585 3140 3640 super
3165 3566 3332 3623 arani.

1934 3648 1971 3673 ’τι
2000 3637 2234 3714 Omnino
2264 3653 2385 3714 cum
2418 3638 2633 3714 Grteco.
2668 3639 2822 3714 Vers.
2855 3644 2984 3714 Aut.
3017 3637 3124 3695 Sed
3165 3652 3214 3693 et
3260 3643 3453 3714 virum,

1864 3724 2132 3780 quemvrex
2163 3708 2446 3780 Antiochus
2475 3712 2779 3764 miserat....
2799 3712 2853 3763 in
2877 3711 2992 3780 ipso
3016 3721 3260 3780 tempore.

1893 3851 1905 3865 ‘
1936 3788 1961 3865 ις
2005 3778 2158 3859 vers.
2207 3784 2337 3833 Ant.
2371 3779 2434 3832 Et
2468 3780 2662 3835 zelatus
2710 3791 2784 3836 est
2823 3778 3314 3853 legem.....‘Zamri
3343 3786 3458 3855 filio

1868 3850 2272 3990 ὁ(πίοὲξίηεςιιιιίι
2314 3921 2533 3990 penitus
2577 3937 2699 3978 cum
2754 3939 2858 3979 ms.
2891 3924 3078 3980 Germ.
3129 3924 3286 3981 \‘ers.
3331 3931 3463 3986 Ant.

1874 3991 2050 4072 Darnis
2087 3993 2172 4072 qui
2216 3991 2385 4046 zelum
2430 3994 2578 4048 habet
2623 3993 2771 4066 legis,
2833 4005 3180 4051 statuens.....
3210 3995 3281 4051 Et
3326 4003 3462 4072 fugit

1871 4065 2076 4130 ipse....
2111 4063 2165 4115 in
2195 4074 2412 4126 montes,
2452 4074 2558 4118 etc.

1942 4144 1968 4182 ι’
2010 4134 2452 4214 subaudiendum
2479 4136 2666 4206 magis,
2709 4135 2795 4191 vel
2827 4137 3017 4206 potius,
3061 4147 3116 4193 et
3157 4136 3264 4196 ltoe
3291 4142 3459 4200 modo

1904 4223 2016 4249 IPIM‘.
2045 4223 2096 4249 Ill

1872 4220 2016 4272 smpe
2045 4205 2302 4271 loquitur.
2334 4203 2437 4259 Til.
2568 4203 2583 4206 ⁷
2827 4203 2837 4206 ⁷
3006 4203 3009 4204 ⁷

1944 4286 1970 4323 τι
2012 4273 2138 4328 Sine
2164 4274 2320 4327 dubio
2359 4285 2465 4331 etc.
2515 4277 2676 4333 Prius
2703 4279 3012 4335 membrum
3059 4294 3089 4334 a
3133 4280 3468 4341 dormitante

1875 4345 2099 4399 librario
2127 4343 2470 4421 ellurmatum
2500 4349 2750 4419 equidem
2779 4359 2928 4421 puto.
2955 4350 3205 4408 Galland.
3236 4353 3464 4412 Videtur

1874 4426 2020 4471 certe
2049 4416 2370 4472 redundare.

1951 4497 1985 4569 τ’
2014 4485 2118 4540 Cur
2145 4504 2246 4542 non
2270 4490 2340 4542 sis
2363 4506 2542 4561 agens.
2582 4490 2723 4569 Gal].
2747 4493 2950 4569 _minus
2979 4503 3163 4569 recte;
3217 4497 3463 4569 intelligo

1878 4558 2079 4634 potius,
2103 4575 2194 4611 cur
2218 4577 2317 4634 non
2343 4558 2679 4634 es'satagens,
2709 4563 2760 4617 id
2781 4573 2885 4628 est,
2915 4567 3086 4617 hacin
3109 4558 3164 4619 re
3185 4558 3458 4626 sollicitus.

1950 4637 1969 4661 -‘
2013 4629 2066 4682 ld
2097 4640 2179 4683 est
2201 4629 2428 4685 diabolo.

1957 4700 1989 4777 ί.
2022 4699 2330 4755 Publicittts.
2381 4701 2685 4777 Latin._tiui
2739 4718 2960 4777 sensum
3017 4706 3300 4777 coniungit
3339 4727 3463 4768 cum

173 4771 481 4838 βασιλείας.
505 4773 775 4824 ἀκούουσιν
797 4775 976 4827 αὑτοῦ.
1008 4773 1159 4826 Vers.
1188 4776 1316 4828 Aut.
1344 4774 1412 4826 Et
1437 4765 1744 4843 respondit..

1881 4770 2046 4843 uerbo
2071 4788 2380 4834 recessuros,
2400 4784 2454 4828 et
2478 4765 2736 4842 probatur
2759 4789 2788 4829 a
2814 4765 3137 4831 Gallandio?
3157 4765 3251 4834 sed
3272 4765 3457 4839 aliter?

172 4855 229 4896 et
262 4843 309 4894 si
339 4857 513 4895 onmes
544 4853 717 4910 gentes
748 4846 857 4912 regi
887 4844 1138 4897 Antiocho
1178 4845 1512 4898 obediunt....
1550 4864 1581 4898 a
1619 4847 1776 4899 servi—

175 4923 300 4988 tstte
330 4913 454 4988 legis
484 4922 697 4988 patr_um_
720 4929 932 4988 suorum
957 4924 1003 4966 et
1033 4921 1316 4969 consentiat
1349 4917 1607 4970 mandatis
1640 4920 1774 4988 ejus.

180 4980 394 5040 δεηθειιῖ
414 4980 569 5058 legit
597 4986 647 5033 iu
677 4980 1010 5058 μψ-ωρυω
1054 4989 1104 5038 in
1133 4989 1285 5040 domo
1313 4988 1445 5058 regis
1487 4980 1696 5042 sunt”;
1731 4996 1780 5041 et

179 5055 513 5124 consentiant
538 5055 797 5106 mandatis
821 5057 951 5124 ejus.

266 5123 295 5160 ιι
335 5125 470 5178 Cum
501 5140 602 5178 ins.
632 5123 816 5178 Germ.
843 5123 1049 5192 ’prteter
1078 5127 1131 5178 in
1177 5137 1496 5191 testamento,
1529 5139 1583 5184 et
1625 5128 1783 5183 addi-

182 5208 311 5251 tum
334 5207 378 5249 et
408 5202 607 5269 fratres
625 5195 745 5248 mei.
785 5195 934 5269 Yers.
971 5203 1095 5249 Ant.
1128 5194 1240 5268 Ego
1271 5207 1319 5251 et
1348 5200 1446 5266 ﬁlii
1476 5200 1574 5253 mei
1606 5210 1653 5252 et
1673 5204 1783 5269 fra-

181 5280 301 5338 tres
329 5267 430 5338 ntei
460 5265 769 5338 obediemus
787 5267 885 5338 legi
915 5279 1022 5321 etc.

280 5336 305 5412 ίν
347 5336 497 5412 Vere.
549 5341 676 5412 fuit.
719 5335 943 5392 Non'est
976 5337 1120 5391 nobis
1150 5339 1276 5392 utile
1303 5340 1594 5410 relinquere
1618 5341 1785 5412 legem

184 5421 243 5465 et
275 5407 514 5481 justitias
539 5403 655 5481 Dei.

279 5475 293 5526 ἱ
343 5481 435 5534 τὸν
453 5477 596 5550 λόγον
626 5475 799 5532 Grmc.
835 5481 884 5531 iu
917 5480 1127 5549 Compl.
1165 5480 1318 5535 Vcrs.
1353 5481 1480 5535 Aut.
1531 5482 1656 5536 Non
1685 5501 1783 5536 au-

190 5553 406 5606 diemus
439 5554 590 5620 verba
612 5550 746 5620 regis
779 5551 1039 5615 Antiochi,
1067 5569 1157 5604 nec
1179 5553 1584 5620 sacriﬁcabimus
1610 5566 1780 5607 trans-

190 5627 491 5694 gredientes
520 5618 646 5690 legis
679 5629 866 5694 nostra;
894 5625 1164 5694 inundata,
1188 5635 1238 5676 ut
1260 5618 1429 5675 eamus
1473 5623 1637 5676 altera
1677 5626 1780 5677 via.

192 5690 381 5756 λεξιάν
409 5691 436 5749 ἦ
467 5693 772 5764 ἀριστεράη
795 5690 966 5745 Graec.
999 5708 1119 5746 Cum
1151 5693 1319 5747 Luetl.

282 5765 302 5800 ι
352 5762 688 5835 Eadeuruis.
729 5762 1155 5835 _(_3erm.gpr:eter
1195 5779 1310 5817 ante
1335 5763 1516 5835 oculis,
1556 5775 1610 5818 et
1636 5779 1788 5835 super

193 5851 352 5892 arant
376 5836 427 5885 in
457 5830 694 5885 Modtim.
729 5831 882 5886 Vers.
918 5832 1046 5886 Aut.
1081 5833 1152 5887 Et
1193 5846 1360 5895 ut....,
1394 5834 1545 5887 verba
1586 5830 1787 5890 hercl...

191 5908 412 5979 quidam
427 5900 458 5957 Ι
467 5902 665 5955 udceus.
677 5941 711 5954 ..
737 5903 890 5957 idolis
910 5920 1064 5970 super
1083 5921 1226 5959 aram
1248 5907 1298 5960 in
1314 5906 1511 5960 civitate
1536 5905 1590 5962 Μ
1599 5910 1762 5961 odim.
1783 5953 1789 5960 .

1887 4841 1963 4894 Tu
1989 4843 2248 4910 pollicitus
2276 4846 2498 4905 divitias.
2524 4855 2569 4898 et
2601 4846 2874 4914 dignitates
2900 4851 3208 4914 inspexeris,
3252 4869 3342 4907 nos
3365 4872 3466 4910 non

1884 4929 2174 4990 recessuros
2219 4933 2250 4990 (ι
2295 4916 2398 4990 ﬁde
2437 4917 2704 4990 promissis
2729 4919 2849 4990 _tui_s
2877 4921 3108 4972 allectos.
3158 4921 3314 4988 Vide,
3347 4942 3470 4990 qua:

1886 4984 2445 5059 animadvertimusiu
2471 4988 2567 5041 lib.
2600 4986 2931 5042 Moriendum
2953 5005 3063 5043 esse
3087 5009 3180 5057 pro
3207 4984 3320 5059 ﬁlio
3351 4984 3470 5050 Dei.

1957 5063 1983 5089 τι
2010 5053 2234 5136 .Mirari.
2266 5058 2561 5136 batianetl
2597 5069 2744 5113 recte
2772 5061 3026 5136 misereri,
3062 5053 3113 5115 id
3161 5053 3269 5129 erit,
3318 5083 3474 5136 super

1889 5141 1977 5178 nos
2005 5125 2165 5199 ipsos,
2191 5129 2277 5194 qui
2299 5143 2393 5197 pro
2420 5128 2622 5199 Christo
2651 5146 2754 5184 non
2782 5125 3143 5199 interﬁciatur.

1961 5207 1983 5230 ν
2028 5194 2190 5249 Nobis
2221 5194 2408 5251 tamen.
2444 5198 2615 5254 Vutic.

1965 5276 1987 5302 ι
2009 5265 2154 5353 Δμακε
2177 5268 2245 5353 ad
2281 5271 2557 5352 lenitatem
2600 5271 2771 5335 illam,
2805 5271 3329 5353 eLpliilosOpliicsm
3378 5295 3476 5353 pa-

1892 5338 2135 5410 tientiam
2159 5337 2347 5394 referri
2375 5353 2621 5409 possunt,
2650 5357 2811 5410 quam
2841 5337 3204 5403 constantius
3252 5337 3476 5406 κιτρίω-

1892 5409 2005 5473 bat,
2042 5408 2127 5463 vir
2165 5408 2493 5485 ceteroquin
2524 5408 2878 5485 saevissimus,
2912 5418 3115 5485 quique
3148 5422 3473 5476 Arianorum

1890 5493 2110 5557 suorum
2140 5481 2368 5557 consilio
2407 5481 2526 5557 ideo
2557 5482 2804 5557 martyrii
2845 5481 3208 5541 Consummati
3242 5491 3473 5557 gloriam

1892 5549 2642 5626 Luciferodenegavit,__quia_
2661 5549 2721 5606 se
2748 5558 2994 5622 ejusdem
3044 5549 3302 5626 cupiduin
3351 5578 3474 5620 esse

1891 5623 2044 5673 valde
2060 5621 2457 5699 praesel'erebat.
2473 5623 2600 5699 Vide
2616 5621 2810 5699 Barou.
2832 5628 2895 5679 ad
2912 5643 3000 5679 an.
3022 5621 3148 5699 556.
3178 5645 3234 5684 n.
3259 5631 3351 5699 68,
3380 5633 3468 5689 80.

1962 5695 2302 5772 {Et‘pamxée
2331 5692 2499 5772 dicta.
2545 5693 2624 5772 De
2651 5695 2890 5772 caedibus
2930 5712 2957 5748 a
3010 5692 3348 5756 Constantio
3387 5720 3480 5772 pa-

1895 5765 2072 5839 tratis,
2103 5763 2613 5839 ερεειιιιςτειίείοηίε
2643 5781 2825 5833 causa,
2863 5767 3012 5838 leges
3040 5772 3193 5839 plura
3242 5773 3297 5828 in
3349 5763 3480 5829 A'm-

1893 5833 2109 5889 amiano
2134 5833 2425 5890 Mreelliuo.
