3854 6402
418 378 522 437 965
1502 366 1825 426 LUCIFERI
1867 366 2176 427 EPISCOPI
2215 366 2639 429 CALARITANI
3597 378 3694 434 96!

417 488 648 544 videor?
677 499 873 555 nempe
917 485 1041 555 quia
1069 482 1229 539 audis
1267 497 1297 537 a
1341 496 1430 538 me
1454 496 1517 538 ea
1566 490 1621 538 te
1648 496 1865 551 gerere,
1901 496 2023 551 qua:
2051 494 2100 552 Α
2133 485 2343 540 Domini
2376 485 2618 541 auferam
2650 489 2877 550 metum,
2906 496 2956 541 et
2983 495 3036 542 tc
3061 486 3254 542 faciant
3278 487 3698 544 formidandum?

418 597 638 651 semper
657 580 891 636 fecerint
913 579 1099 634 hostes
1127 578 1223 633 Dei
1248 576 1556 648 religionis.
1584 576 1681 630 Est
1704 576 1865 631 ofﬁcii
1891 576 2020 639 mei,
2129 579 2271 635 Dens
2320 579 2453 634 dicit
2483 579 2732 635 Ieremia:
2761 595 2775 634 :
2802 575 2938 635 Ecce
2992 581 3140 649 posui
3191 590 3237 637 ιι
3257 581 3309 635 in
3340 582 3581 637 hodierna
3620 582 3699 636 die

421 684 479 729 ut
500 675 618 728 haec
644 675 883 743 ingeram
910 673 1005 726 tibi
1036 670 1323 725 bmtetico.
1345 671 1455 725 Aut
1480 685 1585 723 non
1611 687 1670 723 es
1697 668 2025 723 btereticus?
2126 672 2258 727 sicut
2286 670 2544 726 civitatem
2577 670 2784 741 firmam
2817 682 2839 709 ο
2865 714 2879 737 ,
2912 683 2959 727 et
2989 672 3116 727 sicut
3147 689 3345 727 murum
3376 690 3580 741 tersum,
3611 672 3699 742 fir-

422 768 477 824 Si
509 778 689 823 autem
722 766 1016 821 hatretiCtts
1042 782 1124 829 es,
1153 781 1250 820 cur
1282 780 1369 819 me
1395 767 1631 828 ἱηουειε,
1661 762 1805 835 quod
1833 771 1857 798 ⁸
1880 763 2025 818 enim
2128 780 2290 831 mum,
2340 766 2577 820 omnibus
2620 767 2824 839 regibus
2849 765 3012 831 .luda,
3050 776 3097 821 et
3127 766 3439 837 principibus
3485 767 3611 838 ejus,
3654 778 3702 824 et

424 861 526 917 sim
558 861 654 914 tibi
684 859 1009 930 iniuriosus,
1042 860 1132 926 qui
1165 858 1217 913 id
1252 857 1392 912 facio
1427 867 1478 910 te
1505 867 1723 920 contra,
1758 854 1900 925 quod
1944 868 2031 909 tne
2131 858 2268 928 plebi
2316 868 2469 914 terra:
2497 873 2517 912 :
2545 867 2591 913 et
2625 857 2923 932 pugnabunt
2949 854 3021 913 ad
3045 868 3112 925 te,
3145 870 3189 914 et
3232 876 3328 914 non
3354 870 3583 932 poterunt
3611 861 3702 913 ad-

422 952 659 1006 volucrit
703 950 883 1005 facere
933 950 1109 1003 Deus?
1161 948 1421 1019 LOquitur
1468 947 1852 1004 sanctissimus
1899 962 2026 1016 pro-
2130 965 2333 1005 uersum
2380 958 2446 1018 te,
2479 952 2601 1022 quia
2647 968 2739 1023 ego
2765 960 2930 1006 tecum
2957 968 3089 1017 sum,
3137 962 3192 1006 ut
3239 951 3438 1008 liberem
3465 962 3529 1019 te,
3580 953 3705 1007 dicit

428 1043 593 1115 pheta
624 1042 890 1098 Jeremias
922 1044 1127 1097 dixisse
1157 1043 1223 1096 ad
1273 1057 1331 1096 se
1364 1041 1567 1096 Deum:
1595 1040 1663 1094 Et
1714 1050 1771 1094 ttt
1820 1040 2032 1110 accinge
2133 1042 2393 1100 Dominus
2418 1049 2435 1114 (
2460 1043 2599 1099 Ibid.
2626 1042 2759 1116 i8);
2788 1056 2838 1101 et
2865 1056 2919 1101 tu
2945 1048 3227 1101 existimas
3273 1057 3323 1101 te
3352 1045 3520 1103 timeri
3551 1063 3703 1116 posse

428 1136 630 1190 lumbos
662 1145 799 1201 tuos,
829 1144 877 1189 et
906 1150 1080 1208 surge,
1114 1144 1161 1189 et
1194 1134 1277 1187 dic
1310 1135 1483 1187 omnia
1524 1150 1860 1205 qtttvcumque
1887 1149 2033 1186 man-
2134 1152 2163 1191 τι
2186 1152 2459 1207 quoquam
2480 1151 2765 1193 servorum
2788 1134 2923 1193 Dei?
2949 1137 3058 1194 Cur
3078 1154 3162 1195 me
3192 1137 3323 1195 dicis
3348 1151 3699 1211 arrogantem,

429 1230 547 1283 davi
579 1229 669 1281 tibi
694 1270 709 1295 ,
738 1238 787 1283 et
816 1246 877 1282 ne
909 1230 1091 1283 timeas
1120 1246 1151 1280 ll
1178 1229 1310 1298 facie
1350 1244 1547 1293 eorum,
1582 1244 1673 1281 nec
1704 1227 1950 1296 formides
1981 1226 2033 1279 in
2135 1230 2468 1300 superbum?
2501 1244 2601 1285 cur
2643 1229 3097 1286 contumeliosum
3128 1229 3326 1287 vocas?
3370 1244 3557 1300 nempe
3584 1232 3702 1299 quia

430 1332 705 1390 conspectu
737 1339 913 1376 eorum
939 1321 1087 1394 (Jer.
1118 1339 1156 1387 t,
1191 1323 1311 1391 17).
1365 1320 1500 1376 Cum
1537 1324 1652 1377 haec
1686 1324 1759 1376 ita
1815 1322 1944 1385 sint,
1979 1330 2036 1374 et
2137 1325 2191 1376 te
2222 1321 2519 1391 repererim
2568 1323 2828 1391 operibus
2875 1324 2981 1377 tuis
3029 1336 3153 1379 csse
3198 1337 3359 1378 unum
3409 1338 3473 1379 ex
3504 1325 3605 1377 illis
3642 1324 3705 1378 de

436 1431 534 1471 nos
569 1428 757 1487 urgeat
804 1418 1105 1472 necessitas
1136 1416 1305 1471 officii
1358 1417 1516 1471 nobis
1546 1432 1575 1469 a
1606 1416 1719 1471 Deo
1770 1411 2034 1485 impositi,
2137 1417 2330 1485 quibus
2381 1416 2568 1471 beatus
2616 1414 2856 1472 Jonnnes
2893 1433 2905 1470 :
2948 1414 3177 1472 Audistis
3224 1414 3340 1487 quia
3388 1420 3706 1473 antichristus

432 1516 491 1562 ut
528 1507 679 1561 vobis
704 1510 993 1579 agentibus
1024 1511 1295 1570 dicamus,
1330 1524 1689 1579 quaecumque
1737 1507 1889 1562 vobis
1929 1506 2035 1560 dici
2140 1510 2272 1561 t-cnit
2298 1508 2315 1545 ῖ
2338 1523 2506 1561 :nunc
2521 1516 2694 1562 autem
2710 1508 3157 1563 attticbristimulti
3177 1510 3705 1579 sunt(lloan.tt,18l.

423 1601 653 1672 jusserit
690 1602 1244 1671 Deus,supct'est:tttt
1291 1614 1348 1655 ut
1371 1602 1596 1657 obedias
1623 1602 1714 1655 Dei
1741 1600 2034 1665 mandatis,
2139 1602 2226 1659 Sic
2267 1618 2366 1658 nos
2411 1603 2732 1673 injuriarum
2777 1619 2903 1660 reos
2954 1602 3223 1675 designas,
3256 1613 3517 1676 tamquam
3554 1605 3707 1674 primi

430 1705 741 1751 oottvcntus
786 1713 813 1749 a
854 1711 940 1750 me
990 1697 1159 1765 ipsius
1204 1697 1519 1751 clementia:
1555 1710 1720 1750 servo
1767 1709 1832 1747 ac
1855 1708 2039 1748 sacera
2142 1695 2504 1751 rcstiterimus
2527 1712 2593 1751 nc
2617 1697 2975 1752 idololatrian.
2999 1705 3143 1752 tuam
3164 1697 3215 1752 in
3240 1693 3331 1753 Dei
3355 1697 3708 1752 introducercs

433 1792 584 1855 dote,
609 1801 702 1846 ant
739 1792 936 1860 probes
963 1792 1029 1846 dc
1072 1791 1376 1861 Scriptnris
1407 1791 1599 1856 sacris,
1635 1789 1887 1843 fortassis
1912 1788 2038 1857 quia
2144 1789 2469 1846 Ecclesiam.
2505 1789 2702 1860 Legisti
2748 1790 2799 1844 in
2850 1788 3274 1844 Machabazorum
3324 1785 3455 1846 libro
3496 1791 3663 1860 primo
3695 1809 3705 1842 :

430 1901 529 1942 rex
561 1887 658 1949 sis,
683 1886 824 1956 quod
854 1888 1001 1940 enim
1026 1901 1135 1940 non
1165 1886 1331 1940 liceat
1352 1884 1482 1939 mihi
1518 1896 1570 1940 te
1603 1885 1656 1939 in
1685 1884 1905 1939 nomine
1930 1882 2037 1936 Do-
2069 1882 2115 1942 B
2150 1880 2212 1933 Et
2238 1881 2371 1934 dixit
2401 1881 2478 1933 uir
2508 1880 2746 1949 proximo
2771 1896 2865 1934 suo
2910 1896 2930 1934 :
2954 1879 3015 1937 Si
3043 1895 3215 1935 omnes
3261 1882 3521 1951 fecerimus
3564 1883 3711 1936 sicuti

436 1980 571 2033 mini
599 1982 895 2033 convenire
952 1988 1009 2031 ιιι
1045 1988 1214 2031 tamet
1242 1979 1514 2046 c-irt-igas.
1548 1979 1602 2030 Si
1654 1977 1888 2046 probare
1930 1989 2036 2029 non
2142 1983 2190 2028 et
2222 1977 2411 2045 fratres
2458 1974 2619 2028 nostri
2685 1974 2934 2042 fecerunt,
2977 1978 3022 2029 el
3049 1990 3150 2028 non
3203 1978 3586 2046 pugnarerimus
3616 1973 3708 2026 ad-

434 2083 594 2143 pales
632 2073 759 2125 mihi
797 2070 1158 2139 prohibitum,
1192 2070 1286 2125 sed
1324 2069 1571 2124 invenire
1600 2071 1774 2139 magis
1810 2069 2039 2137 incipies
2140 2082 2319 2120 versus
2371 2074 2545 2137 gentes
2592 2071 2735 2139 proﬂ
2772 2068 2948 2121 anima
2977 2076 3175 2133 nostra,
3200 2067 3709 2140 etjustiﬁcationibus

434 2163 567 2218 mihi
617 2172 975 2232 pra-ceptum,
1027 2174 1084 2216 ut
1128 2174 1178 2216 te
1230 2177 1479 2231 arguam,
1529 2173 1585 2215 et
1634 2162 1936 2229 increpcm,
1987 2170 2041 2214 et
2143 2163 2356 2226 nostris,
2382 2177 2518 2215 nunc
2549 2163 2701 2216 citius
2724 2163 3020 2234 disperdent
3050 2178 3139 2219 nos
3181 2181 3212 2218 a
3248 2174 3398 2218 terra.
3428 2160 3492 2217 Et
3521 2165 3707 2236 cogita-

432 2258 721 2322 exborter,
767 2270 821 2312 et
847 2257 1136 2325 deprecer,
1168 2265 1224 2311 ct
1252 2259 1602 2320 admoneam,
1652 2266 1815 2324 atque
1846 2270 2042 2324 provo-
2144 2267 2323 2312 verunt
2360 2258 2415 2311 itt
2463 2258 2547 2311 die
2574 2258 2664 2311 illa
2697 2257 2922 2313 dicentes
2947 2275 2965 2312 :
2996 2258 3174 2313 Omnis
3219 2257 3390 2323 homo,
3420 2258 3711 2328 quicumque

434 2366 555 2406 cem
586 2350 652 2404 ad
688 2350 796 2405 Deo
842 2349 1197 2420 placendum,
1250 2364 1348 2403 cur
1381 2364 1467 2403 me
1517 2349 1653 2402 dicis
1711 2348 1805 2402 tibi
1857 2350 2043 2402 facere
2144 2353 2339 2406 uenerit
2358 2353 2428 2405 ad
2454 2369 2546 2407 nos
2572 2354 2623 2406 in
2648 2350 2673 2388 ιι
2707 2352 2895 2407 bellum
2923 2352 3008 2406 die
3045 2348 3389 2418 sabbatorum,
3440 2364 3708 2423 pugnemus

434 2445 867 2501 contumeliam?
902 2445 977 2498 Eo
1018 2446 1225 2498 etenim
1276 2458 1447 2513 usque
1505 2443 1660 2497 nobis
1705 2442 2042 2496 antistitibus
2144 2444 2421 2498 aduersum
2447 2460 2582 2511 eum,
2614 2452 2663 2499 et
2702 2457 2804 2499 non
2834 2445 3107 2499 morientur
3151 2459 3341 2506 omnes,
3373 2444 3499 2498 sicut
3536 2442 3710 2497 mortui

431 2536 553 2593 suis
602 2536 754 2589 dedit
802 2546 1127 2604 potestatem
1170 2536 1236 2589 ad
1272 2550 1367 2588 vos
1397 2535 1557 2589 nobis
1601 2533 1924 2587 commissos
1958 2533 2041 2587 in-
2143 2545 2263 2589 sunt
2292 2539 2481 2607 fratres
2532 2537 2693 2590 nostri
2721 2537 2774 2590 in
2822 2535 3056 2590 occultis.
3091 2534 3231 2590 Tunc.
3272 2535 3555 2607 congregati
3598 2542 3708 2587 sunt

439 2629 763 2698 crepandos.
797 2628 1097 2693 ducendos,
1134 2637 1193 2681 ut
1226 2628 1430 2681 dixerit
1460 2645 1474 2680 :
1512 2626 1593 2680 [Ve
1634 2628 1815 2681 timeas
1842 2643 1873 2679 a
1910 2626 2044 2697 facie
2144 2627 2213 2680 ad
2243 2645 2327 2683 eos
2367 2627 2380 2665 ί
2418 2639 2696 2682 conventus
2742 2630 2892 2698 fortis
2924 2629 2976 2682 in
3004 2628 3194 2683 uiribus
3233 2628 3295 2682 ab
3328 2626 3506 2691 Isrut’l,
3552 2627 3708 2679 omnis

436 2740 637 2787 eorum,
667 2740 727 2775 ne
756 2721 781 2759 ι)
814 2721 1058 2793 formidas
1086 2723 1142 2775 in
1174 2730 1448 2789 conspectu
1498 2735 1692 2773 eorum.
1733 2717 1868 2773 Ecce
1894 2718 2045 2788 posui
2147 2723 2468 2775 uoluntarius
2493 2722 2547 2774 in
2580 2722 2712 2793 lege,
2748 2732 2793 2774 ct
2818 2738 2991 2775 omnes
3015 2721 3104 2791 qui
3132 2718 3390 2793 fugiebant
3420 2737 3450 2773 a
3476 2719 3618 2772 malis
3643 2718 3705 2770 ad

435 2822 483 2868 te
529 2816 583 2866 in
611 2814 860 2867 hodierna
903 2815 985 2866 die
1033 2824 1166 2865 sicut
1198 2814 1454 2865 civitatem
1494 2811 1772 2879 firmatam,
1829 2820 1875 2864 et
1916 2812 2045 2863 sicut
2150 2814 2272 2868 eost'
2315 2856 2328 2878 ,
2358 2824 2405 2866 ct
2429 2812 2557 2884 facti
2586 2824 2703 2867 sunt
2726 2814 2831 2868 illis
2853 2815 2906 2866 in
2928 2814 3303 2883 [irritamentum
3329 2808 3352 2848 τί
3374 2855 3385 2875 ,
3411 2808 3494 2863 etI
3528 2809 3709 2864 consti-

438 2924 645 2961 nturam
692 2922 903 2968 cereum,
958 2908 1186 2973 ﬁrmum,
1239 2906 1477 2958 omnibus
1526 2907 1730 2973 regibus
1776 2903 1941 2970 Juda,
1999 2917 2047 2958 ct
2150 2914 2353 2959 luerunt
2376 2906 2708 2969 rirtutem,et
2742 2913 3094 2974 percusserunt
3123 2914 3402 2975 peccatores
3425 2903 3471 2954 itt
3503 2902 3576 2955 ira
3594 2915 3703 2965 sua,

435 2998 759 3069 principibus
788 3001 918 3065 ejus,
950 3006 999 3051 et
1028 2996 1163 3063 plebi
1191 3006 1342 3050 terra:
1370 3012 1388 3050 :
1421 3006 1466 3047 ct
1497 2996 1803 3068 pugnabunt
1833 2998 1902 3048 ad
1921 3005 1943 3035 ο
1975 3005 2041 3063 ιε,
2148 3008 2194 3052 et
2221 2999 2356 3053 t'iros
2382 3000 2581 3069 iniquas
2609 2999 2663 3053 in
2697 3000 3067 3071 indignatione,
3108 3006 3155 3051 et
3198 3000 3360 3052 ctcteri
3389 2998 3616 3066 fugerunt
3646 2993 3706 3047 ad

438 3105 487 3146 et
518 3109 618 3145 non
662 3100 898 3162 poterunt
931 3090 1203 3143 adversum
1253 3099 1324 3153 te,
1357 3090 1477 3158 quia
1505 3106 1595 3160 ego
1628 3098 1793 3142 tecum
1824 3105 1960 3152 sum,
1991 3097 2046 3141 ut
2149 3092 2403 3155 nationes,
2460 3100 2512 3145 ut
2553 3108 2608 3146 se
2635 3091 2930 3156 liberarent,
2979 3098 3025 3145 et
3051 3088 3324 3143 circumirit
3377 3084 3641 3142 Mutalhias
3666 3095 3707 3139 ct

439 3184 651 3238 liberem
692 3193 759 3246 te,
811 3183 936 3235 dicit
966 3181 1244 3235 Dominus.
1294 3181 1426 3248 Quae
1480 3188 1607 3235 sunt
1659 3198 1779 3249 qum
1830 3181 2049 3236 dict-bat
2151 3186 2301 3239 amici
2333 3187 2466 3257 ejus,
2515 3192 2561 3238 et
2629 3184 2993 3238 destruxerunt
3026 3192 3167 3247 aras,
3214 3189 3263 3235 et
3308 3182 3707 3236 circumcidet-unt

441 3274 715 3331 Jurelllias
744 3274 959 3345 regibus
993 3273 1155 3339 Jlldil,
1179 3284 1235 3327 el
1267 3274 1603 3342 principibus
1634 3274 1771 3342 leW.
1795 3284 1847 3328 el
1873 3272 2048 3343 plebi-
2075 3271 2120 3334 C
2150 3295 2337 3351 pueros
2378 3278 2762 3332 incircusncisos
2802 3286 3047 3347 quotquot
3092 3277 3384 3329 inuenerunt
3433 3277 3484 3328 iu
3533 3273 3707 3343 finibus

442 3364 546 3420 bus
571 3364 772 3418 terra}?
797 3379 994 3433 nempe
1014 3363 1131 3418 htcc
1156 3365 1280 3433 quia
1302 3363 1707 3433 dereliqucrunt
1733 3364 2047 3426 Dominum.
2150 3370 2324 3425 [minet
2344 3372 2397 3426 in
2411 3380 2449 3407 ιιι
2480 3370 2807 3442 fortitudine,
2826 3382 2872 3424 et
2892 3370 3141 3442 persecuti
3159 3379 3276 3423 sunt
3299 3369 3429 3439 filios
3452 3368 3707 3438 superbia,

443 3465 501 3512 et
546 3456 969 3511 immolaverunt
1013 3455 1118 3510 diis
1146 3455 1359 3510 alienis.
1420 3458 1545 3510 llaec
1584 3468 1635 3511 et
1670 3466 1725 3510 tu
1776 3457 1956 3512 fecisti
1988 3473 2050 3511 ac
2150 3474 2195 3516 et
2222 3464 2542 3534 prospcravit
2567 3472 2594 3498 ιι
2626 3479 2753 3531 opus
2790 3465 2840 3516 in
2878 3477 3033 3516 manu
3077 3476 3271 3526 eorum,
3313 3471 3357 3515 e.‘
3403 3458 3711 3515 obtinuerunt

443 3548 580 3603 facis
612 3568 624 3603 :
655 3548 997 3619 dereliquisti
1054 3550 1409 3619 apostolicam
1462 3558 1625 3620 atque
1679 3551 2047 3620 evangelicam
2153 3560 2314 3629 legem
2342 3559 2405 3611 de
2446 3557 2677 3610 manibus
2706 3556 2932 3629 gentium
2964 3567 3011 3609 et
3039 3571 3237 3626 regum,
3268 3564 3313 3605 tt
3338 3569 3436 3606 non
3478 3552 3711 3605 dederunt

445 3644 636 3706 fidem,
673 3644 962 3714 suscepisti
996 3643 1246 3697 haeresim
1290 3644 1575 3709 Arianam,
1600 3653 1653 3698 et
1680 3646 1829 3712 c0gis
1856 3657 2051 3697 ontan
2152 3651 2627 3722 comunpeccatori
2646 3648 2687 3719 (1
2704 3648 2883 3703 Much.
2904 3645 3365 3717 1t,to,seq.).0nid
3393 3645 3585 3699 sentire
3604 3642 3713 3711 dig-

450 3742 773 3797 idololntras
803 3741 921 3796 ﬁeri
957 3741 1052 3795 Dei
1085 3755 1279 3795 servus
1310 3759 1322 3794 :
1363 3741 1489 3810 quia
1520 3738 1633 3793 lucc
1656 3739 1849 3805 audes,
1891 3752 2053 3792 vocas
2155 3746 2565 3801 ttaturvcnenis
2588 3754 2614 3792 ρ
2640 3744 2755 3798 Arii
2778 3742 3017 3798 sauciata
3052 3755 3204 3795 tuens
3232 3736 3356 3792 tua?
3379 3736 3508 3805 Quid
3529 3733 3713 3805 poterit

451 3836 724 3905 superbos
747 3834 906 3888 saluti
937 3842 1043 3889 tua:
1070 3835 1355 3901 cupientes
1378 3835 1710 3887 consultum.
1745 3834 1887 3887 Dicit
1911 3834 2055 3887 Deus
2154 3840 2448 3911 excogitari
2483 3849 2509 3886 τι
2538 3845 2725 3893 contra
2756 3837 2897 3892 hanc
2919 3842 3156 3891 nostram
3180 3830 3537 3888 defensionem
3580 3843 3713 3883 mor-

448 3928 709 3985 Jercmia:
746 3945 758 3979 τ
795 3925 861 3979 Et
891 3937 946 3980 tu
994 3928 1205 3997 accinge
1255 3926 1454 3979 lumbos
1500 3934 1636 3988 tuos.
1672 3932 1717 3978 ει
1767 3922 2053 3996 exsurge“.
2157 3933 2306 3988 sibus
2351 3930 2624 3999 serpentis
2656 3930 2932 3985 concisum
2978 3942 3072 3982 cor
3101 3925 3279 3981 tuum?
3322 3923 3445 3978 Illos
3470 3936 3587 3978 cum
3626 3920 3712 3973 illa

452 4032 499 4077 et
532 4023 615 4075 dic
658 4021 832 4075 omnia
864 4035 1200 4090 quwcumque
1237 4019 1354 4073 dico
1384 4019 1495 4073 tibi.
1534 4018 1616 4073 Ne
1644 4019 1824 4073 timeas
1857 4037 1887 4072 α
1923 4019 2057 4089 facie
2157 4026 2413 4081 advel-L3
2441 4025 2653 4094 egisse;
2701 4022 2858 4077 nobis
2900 4018 3278 4091 quiescendum
3319 4016 3483 4071 fuerat
3515 4029 3607 4070 ore
3630 4022 3714 4068 tuo

447 4131 651 4179 eorum,
668 4130 757 4169 nec
777 4115 1025 4184 formides
1043 4114 1095 4166 in
1113 4122 1386 4182 conspectu
1402 4129 1577 4168 eorum
1594 4113 1641 4183 (Ι
1652 4112 1807 4183 bid.).
1830 4113 1893 4167 Et
1914 4112 2058 4167 Con-
2159 4119 2390 4190 prolatis
2406 4117 2758 4186 blasttbetniis
2776 4115 2838 4169 ad
2856 4113 3111 4185 populum
3138 4111 3290 4167 nobis
3313 4110 3560 4164 divinitus
3576 4122 3715 4163 com-

443 4204 1318 4275 stantiusimperatorindignaris
1336 4220 1435 4258 cur
1454 4206 1546 4258 tibi
1568 4205 2054 4260 errantidicamus:
2160 4212 2390 4265 missum
2412 4206 2805 4264 sanciandutn?
2833 4201 2902 4260 Et
2925 4202 3226 4268 circumibit,
3242 4201 3426 4270 inquit,
3454 4197 3713 4253 Matutltias

454 4297 592 4353 Redi
643 4298 712 4350 ad
757 4297 892 4351 viam
935 4297 1286 4365 salutiferam,
1349 4296 1650 4365 derclinque
1699 4314 1921 4353 errorem
1970 4314 2059 4367 per
2161 4300 2775 4376 etanticiejusUbJB),
2806 4293 3716 4362 ctdestruxeruntaras,etcircumci-

452 4392 635 4447 Arium
679 4392 926 4446 instinctu
977 4391 1172 4446 diaboli
1198 4392 1495 4446 intentum?
1526 4392 1665 4448 Deus
1704 4407 1763 4448 se
1791 4393 1963 4448 solum
1997 4395 2061 4448 ti-
2163 4397 2347 4452 derunt
2380 4412 2566 4465 pueros
2612 4395 2995 4449 incircumcisos
3039 4399 3282 4465 quotquot
3341 4390 3625 4444 invenerunt
3668 4384 3716 4436 lit

448 4485 708 4544 mendum
757 4485 1014 4550 mandat;
1050 4496 1249 4554 prmter
1290 4501 1349 4540 se
1391 4499 1515 4541 esse
1552 4485 1829 4542 neminem
1875 4486 2062 4541 formi-
2165 4491 2353 4559 ﬁnibus
2387 4487 2555 4543 Israel
2602 4489 2656 4542 in
2703 4485 3021 4559 fortitudine,
3071 4496 3117 4541 et
3164 4484 3403 4553 persecuti
3438 4489 3551 4535 sunt
3592 4477 3715 4547 ﬁlios

454 4578 693 4635 dandum
723 4579 1012 4649 praecepit;
1047 4589 1100 4633 et
1147 4588 1200 4632 tu
1231 4595 1294 4635 ea
1343 4580 1577 4637 statuisti
1611 4580 1908 4652 implenda,
1941 4598 2060 4654 qua:
2164 4583 2441 4655 superbire,
2473 4591 2523 4639 et
2553 4581 2870 4654 prosperarit
2894 4596 3023 4652 opus
3047 4581 3103 4633 in
3130 4592 3285 4631 manu
3311 4588 3500 4639 eorum,
3528 4582 3573 4626 ct
3599 4569 3717 4624 obti-

532 4770 558 4799 λ
598 4762 854 4818 ΜιιΙιὶεἰη
905 4764 1038 4819 locis
1088 4763 1220 4817 lllttd
1272 4764 1407 4818 enim
1458 4764 1749 4829 redundat,
1801 4774 1859 4818 ut
1911 4765 2052 4833 apud
2084 4774 2133 4833 υ
2235 4767 2248 4814 l
2299 4765 2533 4821 Additur
2564 4767 2617 4822 in
2664 4766 2761 4822 lib.
2807 4763 2876 4818 de
2900 4775 3004 4817 non
3046 4771 3205 4833 com].
3235 4775 3351 4815 cum
3382 4759 3563 4833 lia-ret.
3590 4765 3641 4807 et
3669 4753 3713 4833 i‘u

459 4835 679 4891 (ir-.ecos
710 4837 972 4905 particula
1004 4835 1082 4901 δὲ,
1111 4836 1205 4891 sed
1236 4837 1379 4906 apud
1408 4835 1633 4890 Latinos
1664 4822 1882 4891 sensum
1927 4822 2055 4891 facit
2084 4822 2124 4833 ’⁷
2164 4834 2322 4891 Vers.
2377 4843 2503 4892 Ant.
2555 4836 2734 4893 Addttt
2762 4844 2882 4890 sunt
2908 4839 2977 4889 ad
3010 4849 3112 4888 eos.
3156 4832 3335 4889 Sabal.
3371 4828 3493 4904 legit
3519 4826 3603 4884 bic
3627 4822 3713 4876 ad-

461 4906 869 4978 obscuriorem;
902 4917 956 4963 et
987 4907 1288 4977 Saepissime
1317 4911 1387 4962 ita
1421 4908 1680 4978 loquitur.
1722 4907 1828 4962 'l'il.
2162 4924 2339 4964 versus
2365 4925 2472 4963 eos.

535 4977 562 5016 ι)
606 4977 719 5031 Nec
748 4970 911 5033 habet
938 4970 1124 5048 supra,
1154 4989 1206 5033 et
1235 4982 1398 5048 paulo
1430 4970 1565 5034 infra
1598 4994 1701 5051 pro
1732 4991 1815 5034 ne.

543 5058 564 5086 ε
608 5048 763 5107 Apud
791 5049 977 5105 Sabat.
1032 5059 1209 5103 contra
1240 5064 1302 5103 te.

2239 4979 2264 5015 "
2309 4980 2440 5036 Vide
2493 4996 2655 5052 supra
2708 4992 2831 5050 pag.
2881 4976 2945 5034 15
2989 4976 3256 5051 (6013779,
3287 4974 3483 5030 Ιὲηὸει
3511 4984 3614 5026 not.
3646 4970 3710 5040 ι),

2188 5051 2260 5106 Ibi
2314 5053 2531 5107 Lucifer
2584 5055 2701 5107 inse
2742 5051 2888 5107 delet
2916 5052 2990 5106 in.

543 5066 564 5086 ε
608 5066 763 5117 Apuo
791 5066 977 5105 nabat.
1032 5066 1209 5103 contra
1240 5066 1302 5103 te.
2166 5066 2260 5106 unt
2314 5066 2531 5109 LthtleI‘
2584 5067 2701 5122 ipse
2742 5066 2888 5108 delet
2916 5069 2990 5106 tn.

538 5117 563 5156 ἀ
610 5121 776 5174 Paulo
804 5124 1053 5191 superius
1083 5121 1227 5195 idem
1263 5121 1476 5177 Lucifer
1507 5142 1518 5177 :
1555 5123 1744 5194 Surge,
1771 5132 1819 5177 et
1840 5123 1925 5179 dic
1950 5141 2059 5179 om-
2206 5119 2260 5195 Α¹
2306 5125 2441 5179 Vide
2467 5123 2597 5180 ibid.
2634 5118 2752 5195 (lin.
2805 5123 2836 5179 6
2886 5130 2934 5177 et
2977 5129 3083 5176 not.
3136 5118 3192 5189 δ)
3246 5114 3332 5175 ubi
3371 5113 3589 5173 circuiuit
3629 5130 3711 5188 pro

465 5193 551 5246 nia
580 5210 907 5260 qutt'cuntque
928 5194 1169 5246 mandavi
1199 5194 1288 5246 tibi
1314 5201 1396 5248 :et
1421 5210 1483 5248 ne
1510 5193 1711 5262 timeas,
1734 5205 1838 5251 ctc.
2166 5193 2475 5250 circumibit.
2646 5193 2652 5195 “

544 5274 566 5301 ι·
609 5262 897 5318 Firmatam
926 5266 1088 5318 habet
1120 5266 1261 5318 idem
1304 5279 1486 5318 supra.
2239 5277 2278 5305 ω
2299 5269 2434 5318 Cum
2457 5266 2666 5318 Grmco.
2696 5265 2832 5318 Vers
2858 5267 2982 5318 Ant.
3010 5263 3310 5318 praepositis
3336 5258 3471 5318 duob

544 5274 566 5301 ι’
614 5268 897 5305 Firmntnm
926 5268 1088 5305 hale
1120 5268 1261 5305 itlnm
1305 5279 1463 5305 utnra

2239 5277 2278 5305 tn
2299 5269 2433 5305 ιῖηηι
2457 5268 2647 5305 {Ir-non
2696 5268 2832 5305 Vare
2862 5268 2960 5305 Ant
3010 5268 3309 5305 nrmnncilie
3336 5268 3535 5305 ilnnhtte
3560 5273 3707 5305 nunc-

544 5274 566 5301 ι·
609 5265 897 5318 Firmatttm
926 5266 1088 5319 habet
1120 5266 1261 5319 idem
1304 5279 1486 5335 Supra.

544 5334 853 5409 (Quod...)
904 5338 969 5390 sit
1023 5346 1292 5404 venturus,
1353 5352 1492 5391 nunc
1544 5337 1849 5393 Antichristi
1906 5339 2059 5393 multi

2239 5277 2278 5305 ιιι
2299 5269 2434 5323 Cum
2457 5266 2666 5322 Grteco.
2696 5265 2832 5323 Vers
2858 5267 2982 5321 Ant.
3010 5265 3310 5335 praepositis
3336 5265 3535 5318 duobus
3560 5273 3684 5331 punc

2173 5337 2320 5401 tttlis,
2351 5340 2471 5393 etin
2500 5338 2822 5409 fortitudine.
3016 5407 3039 5409 _
3246 5408 3249 5409 ν

469 5407 763 5479 factisuut.
798 5406 950 5461 Vcrs.
981 5409 1108 5463 Ant.
2236 5419 2263 5446 ιι
2308 5406 2633 5479 Prosperavit
2680 5425 2801 5465 cum
2851 5423 2951 5479 ms.
3002 5407 3183 5464 Germ.
3236 5408 3285 5461 in
3336 5416 3704 5479 mamt__eorum,

545 5488 569 5526 ε
611 5477 688 5558 lla
717 5478 893 5558 GI'IDE.
948 5482 997 5532 in
1029 5482 1320 5558 nis-Alex.
1368 5484 1501 5558 ὑπὲρ
1524 5490 1615 5543 τῆς
1661 5482 1847 5553 ψυχῆς
1894 5484 2052 5553 ἡμῶν.

2181 5497 2291 5536 :um
2323 5470 2514 5558 eodem
2547 5491 2604 5558 et
2630 5482 2842 5558 (inero.
2876 5478 2942 5558 In
2964 5496 3151 5558 manus
3183 5478 3341 5558 habet
3381 5470 3582 5558 Lucifer
3621 5490 3703 5527 su-

474 5549 630 5604 Vcrs.
662 5551 791 5605 Ant.
827 5550 937 5605 Pro
967 5552 1235 5606 animabus
1264 5545 1480 5608 nostris:
1675 5545 1684 5552 ’
1743 5545 1784 5553 ”
1927 5545 1935 5553 ’
2168 5568 2262 5624 pra
2296 5567 2418 5624 pag.
2455 5554 2518 5609 15
2546 5552 2673 5625 (col.
2706 5552 2852 5621 779).
2885 5551 2975 5607 ubi
3004 5551 3130 5608 vide
3162 5567 3216 5605 n.
3243 5548 3277 5602 4
3306 5550 3434 5617 (not.
3465 5545 3531 5617 ε).

546 5618 572 5655 h
617 5622 678 5674 lu
707 5624 860 5677 bello.
884 5623 1037 5678 Vcrs.
1072 5626 1197 5677 Ant.
2240 5637 2264 5659 ο·
2306 5623 2408 5679 Cor
2437 5624 2599 5680 habet
2636 5623 2832 5679 ibidetn
2862 5623 3075 5678 Lucifer
3104 5637 3199 5680 pro
3227 5630 3403 5675 contu.
3436 5614 3559 5671 Vide
3586 5632 3635 5670 n.
3660 5612 3703 5667 5.

554 5637 572 5697 [ι
617 5637 678 5674 ttt
707 5637 860 5677 bello.
891 5637 1037 5678 vers.
1072 5637 1197 5677 Ant.
2240 5637 2264 5659 "
2306 5637 2408 5679 Lor
2438 5637 2599 5680 habet
2636 5637 2832 5679 tntuetn
2862 5637 3075 5678 humer
3104 5637 3199 5694 pro
3227 5637 3403 5675 cornu.
3444 5637 3559 5698 Hoc
3586 5637 3635 5670 η.
3660 5637 3703 5667 a-

554 5702 569 5729 ι
617 5695 951 5750 Sabatierius
1002 5695 1133 5764 legit
1179 5694 1231 5749 in
1287 5695 1536 5752 Lucifero
1590 5697 1697 5759 ble,
1748 5702 1926 5751 contra
1975 5712 2059 5752 eos
2241 5707 2267 5746 Ρ
2306 5697 2440 5752 Cum
2482 5696 2662 5751 Latin.
2695 5694 2897 5750 venenis
2950 5693 3261 5765 subiicimus
3290 5706 3383 5761 pro
3429 5694 3706 5752 cemsse,ut

475 5766 730 5818 exercitus
763 5770 919 5838 fortes
957 5784 967 5820 :
999 5774 1057 5839 et
1083 5769 1133 5839 in
1169 5767 1263 5820 lib.
1291 5768 1358 5823 de
1391 5784 1494 5823 non
1526 5783 1687 5824 conv.
1713 5782 1835 5823 cum
1871 5768 2061 5839 haeret.
2169 5775 2327 5823 antea
2360 5766 2662 5839 legebatur.

476 5836 962 5912 cottventus‘fortes.
999 5836 1132 5912 Vide
1160 5840 1323 5892 etiam
1356 5855 1474 5910 quae
1502 5841 1812 5895 notavlmus
1837 5852 1954 5912 pag.
1999 5838 2066 5894 15
2242 5846 2270 5889 ει
2309 5836 2642 5911 Excogitare.
2689 5837 2765 5893 Id.

476 5906 585 5974 (hic
606 5906 706 5962 col.
741 5909 845 5965 778
872 5918 978 5963 not.
1018 5906 1084 5979 ί).
