3854 6406
194 398 295 455 965

748 398 836 453 DE
877 397 1013 453 NON
1058 396 1429 453 PAllCENDO
1469 394 1533 452 IN
1580 395 1767 451 DEUM
1809 394 2411 464 DELINQUENTIBUS
2450 395 2655 453 LIBER
2700 397 2899 456 UNUS.

3367 397 3470 451 966

197 526 414 571 nuerunt
455 515 617 584 legem
646 514 710 566 de
737 512 966 565 manibus
1013 512 1237 583 gentium
1268 519 1315 563 et
1345 524 1545 579 regum,
1585 518 1630 562 et
1678 524 1776 562 non
1807 520 1855 578 Α
1880 508 2058 574 sionis,
2089 520 2136 563 et
2168 511 2247 563 ira
2294 509 2664 581 indignationis
2696 523 2714 564 :
2744 524 2904 576 nunc,
2940 510 3061 579 ﬁlii,
3088 512 3263 565 amuli
3313 523 3472 567 estote

195 609 441 662 dederunt
495 623 654 659 cornu
706 605 978 673 peccaturi.
1029 606 1162 657 tium
1223 604 1339 665 illi,
1398 600 1509 654 ha-e
1568 601 1657 668 qui
1708 602 1775 653 ita

194 703 425 770 egerint,
482 698 684 753 fuerint
742 697 865 750 ficti
916 697 1026 750 Deo
1085 698 1470 760 amantissimi,
1536 709 1649 761 nos
1683 695 1777 749 libi

194 794 506 859 adulando,
570 801 854 859 tecumque
918 790 968 844 in
1035 799 1125 843 tuo
1193 791 1465 843 currendo
1528 790 1775 854 scelere,

189 884 366 940 luerat
411 885 657 955 dignum,
713 891 771 936 ut
800 892 851 935 tu
881 896 959 944 es,
992 884 1337 936 elliceremur
1370 882 1477 934 Deo
1513 880 1776 932 inimicis.

190 980 347 1033 simi?
378 979 435 1034 Si
468 993 566 1031 nos
601 977 694 1030 tibi
727 978 849 1029 hinc
874 976 1119 1029 \‘Lletltur
1152 976 1420 1042 injuriosi,
1452 976 1575 1041 quia
1606 972 1778 1025 idolo-

193 1071 403 1125 latriam
450 1078 594 1124 tuam
641 1073 917 1137 suscipere
964 1071 1392 1136 nequiveriiuus,
1443 1067 1539 1119 des
1591 1080 1777 1130 ttimm,

190 1178 395 1233 quazso,
422 1163 509 1232 qui
546 1164 846 1231 pepercerit
874 1176 936 1215 ex
988 1161 1079 1214 llei
1127 1161 1427 1212 cultoribus
1458 1157 1783 1210 adversariis

190 1256 309 1325 ejus
364 1255 668 1325 religionis.
728 1255 781 1307 lu
840 1253 1081 1306 secundo
1137 1252 1277 1304 libro
1322 1250 1529 1312 liniue,
1565 1260 1781 1301 conua-

186 1347 516 1413 dicentibus,
554 1364 619 1402 ue
647 1349 891 1407 domum,
927 1355 982 1400 et
1014 1344 1297 1412 templum,
1336 1352 1389 1397 ct
1420 1344 1695 1396 civitatem
1725 1343 1777 1395 in

189 1439 587 1511 Hierosolymis
636 1441 863 1493 Domino
926 1442 1315 1500 instaurarent,
1369 1434 1531 1499 Deus,
1583 1436 1776 1502 inquit,

187 1535 299 1588 ια’ιέ
330 1536 437 1602 ipse
465 1534 783 1601 prosperavit
815 1532 979 1593 nobis,
1004 1542 1048 1582 et
1082 1545 1171 1581 nos
1204 1530 1334 1581 servi
1376 1530 1487 1597 ejus
1516 1544 1781 1598 surgemus

188 1637 235 1679 et
277 1627 671 1695 ardiﬁcabimus,
705 1625 841 1678 robis
869 1635 1041 1676 autem
1084 1631 1275 1674 nonest
1317 1630 1342 1657 ι
1389 1623 1577 1689 portio,
1622 1636 1781 1689 neque

188 1720 376 1772 nuntio
406 1720 459 1772 in
489 1716 779 1772 Jerusalem
810 1718 875 1787 (Il
906 1716 1032 1769 Esd.
1058 1732 1115 1780 ll,
1146 1714 1273 1782 '20).
1309 1714 1371 1768 Et
1405 1714 1542 1767 inira
1597 1714 1779 1767 dicen-

189 1811 334 1866 tibus
364 1812 691 1865 adversariis
715 1827 728 1864 :
756 1808 1020 1877 Numquid
1050 1807 1449 1875 sacriﬁcabant?
1477 1823 1541 1857 au
1566 1809 1781 1858 mandu-

1880 605 2027 675 legis,
2061 614 2106 658 et
2136 604 2257 657 date
2284 604 2484 657 animas
2530 614 2716 657 restras
2743 604 2811 656 ad
2859 615 3218 658 testamentum
3266 617 3469 676 patrum

1880 708 2195 761 nostrorum,
2223 709 2267 751 et
2300 706 2600 751 mementote
2623 712 2833 769 aperitin
2862 707 3087 767 patrum,
3111 712 3224 766 qia:
3244 698 3477 765 fecerunt

1879 792 1931 843 iu
1964 787 1988 825 ιι
2016 792 2214 843 seaculi;
2244 791 2374 853 suis,
2400 799 2445 843 et
2462 790 2724 859 accipietis
2756 789 2977 861 gloriam
3006 806 3272 861 magnam,
3301 802 3348 843 et
3378 806 3471 844 no-

1879 898 1995 935 men
2030 892 2296 935 internum.
2344 882 2604 935 Abraham
2636 898 2806 935 nonne
2844 883 2898 935 in
2930 885 3207 937 tentatione
3240 885 3472 937 iiirent's

1882 984 1955 1027 est
1984 974 2173 1041 ﬁdelis,
2202 986 2248 1027 et
2278 984 2571 1045 reputatum
2602 984 2672 1028 est
2697 974 2745 1029 ei
2772 974 2839 1028 ad
2857 974 3164 1047 justitiam?
3189 974 3386 1045 Ioseph
3418 978 3470 1031 in

1881 1076 2107 1131 tempore
2146 1067 2399 1137 angustiae
2441 1082 2548 1119 suc?
2574 1052 2845 1119 custorltrit
2885 1067 3207 1131 mandatum,
3234 1078 3282 1121 et
3307 1071 3471 1137 factus

1880 1166 1955 1210 est
1976 1158 2215 1211 dominus
2244 1157 2490 1232 .Eggpti.
2531 1157 2753 1212 Phinees
2775 1171 2921 1229 pater
2938 1172 3113 1214 noster
3136 1161 3187 1212 in
3214 1159 3225 1196 ί
3253 1161 3471 1214 celando

1880 1249 2051 1302 zelum
2101 1252 2295 1319 accepit
2348 1260 2709 1304 testamentum
2758 1251 3035 1306 sacerdotii
3066 1254 3263 1307 ceterni.
3316 1253 3470 1307 Iesus

1882 1342 2006 1395 dum
2035 1340 2048 1390 ι
2090 1343 2321 1413 impleret
2346 1344 2576 1408 verbum,
2610 1344 2779 1411 [actus
2802 1354 2874 1397 est
2901 1345 3010 1397 dux
3039 1346 3089 1397 iu
3117 1343 3303 1397 Israel.
3334 1342 3471 1397 Chao

1882 1436 1960 1489 leb
1988 1435 2109 1489 dum
2134 1436 2441 1504 testiﬁcatur
2482 1438 2533 1489 in
2566 1435 2821 1500 Ecclesia,
2856 1438 3052 1507 accepit
3098 1439 3468 1491 hwreditatem.

1886 1529 2054 1583 David
2081 1530 2134 1583 in
2172 1545 2265 1583 sua
2294 1529 2652 1582 misericordia
2698 1540 2998 1582 consecutus
3024 1540 3100 1583 est
3132 1531 3301 1582 sedem
3326 1531 3471 1601 regni

1882 1624 1934 1676 in
1974 1623 2185 1677 stecula.
2236 1621 2287 1675 11
2294 1623 2419 1675 etias
2443 1621 2566 1675 dum
2592 1623 2723 1676 celat
2752 1624 2922 1675 selum
2965 1624 3115 1694 legis,
3145 1634 3324 1691 raptus
3350 1622 3371 1659 ¹ι
3396 1632 3471 1677 est

1880 1716 1949 1767 ad
1974 1716 2174 1767 emtum.
2220 1714 2468 1777 Ananias,
2501 1714 2743 1777 Azarias,
2780 1725 2827 1765 et
2862 1712 3084 1766 Misahel
3125 1718 3384 1767 credentes
3408 1717 3464 1767 li-

1883 1805 2041 1860 berati
2068 1813 2188 1859 sunt
2223 1806 2288 1857 de
2315 1805 2548 1874 ﬂamma.
2573 1804 2763 1858 Daniel
2788 1807 2839 1857 in
2869 1821 2963 1858 sua
2990 1806 3323 1874 siMplicitate
3348 1808 3467 1859 libe-

188 1904 371 1956 cabunt
406 1906 458 1957 in
490 1905 604 1957 loco
626 1902 756 1955 suo?
786 1918 951 1954 nonne
982 1904 1216 1953 ascendet
1252 1901 1444 1969 vulpes,
1471 1909 1514 1952 et
1543 1897 1777 1950 demoliet
1812 1905 1853 1963 Β
1882 1912 2022 1953 ram
2047 1908 2119 1953 est
2147 1900 2211 1951 de
2241 1915 2327 1952 ore
2349 1900 2581 1953 leonum.
2614 1896 2681 1951 Et
2720 1900 2791 1951 ita
2816 1898 3033 1968 cogitate
3064 1914 3153 1967 per
3181 1902 3469 1969 generatio-

186 1994 214 2033 ι)
248 2012 420 2049 muros
465 1996 699 2063 lapidum
738 2010 915 2047 eorum
950 1992 1109 2064 (Ibid.
1146 2009 1215 2054 iv,
1244 1994 1345 2059 3)?
1396 1994 1458 2045 lit
1504 1992 1618 2045 lucc
1646 1992 1776 2044 dicit

188 2087 255 2141 ad
286 2088 452 2141 Deum
486 2101 683 2145 servus
708 2087 827 2153 ejus
861 2083 1029 2138 Esdra
1064 2101 1074 2135 :
1115 2080 1324 2136 Exaudi
1354 2095 1401 2147 τ,
1426 2082 1557 2135 Dens
1585 2091 1774 2147 noster,

184 2181 310 2248 quia
356 2180 478 2247 [acti
527 2193 701 2231 smnus
730 2178 1159 2239 contnnptibilcs,
1211 2185 1257 2227 et
1288 2185 1516 2227 conuerte
1560 2175 1779 2227 convitia

186 2276 423 2343 ipsorum
444 2273 497 2324 in
525 2273 695 2341 capita
718 2272 968 2339 ipsorum,
996 2279 1041 2321 et
1064 2267 1130 2320 da
1160 2269 1275 2321 illos
1302 2279 1353 2320 ut
1376 2273 1473 2320 sint
1500 2270 1553 2320 in
1582 2268 1779 2333 derisu,

186 2375 235 2417 ct
265 2366 318 2417 in
350 2373 486 2417 terra
508 2364 853 2430 captivitatis;
887 2370 931 2413 et
962 2376 1023 2412 ne
1066 2362 1267 2423 operias
1300 2360 1617 2427 iniquitatem
1645 2359 1782 2426 ipso-

186 2473 327 2519 rum,
342 2467 386 2509 et
400 2466 606 2527 peccata
621 2472 793 2507 eorum
808 2472 837 2505 a
853 2455 984 2522 facie
1000 2464 1085 2504 tm
1105 2470 1201 2504 ttott
1218 2453 1309 2504 dell
1331 2462 1483 2504 antur
1500 2450 1663 2520 (Ibid.
1684 2452 1714 2504 4

188 2548 333 2615 Quid
366 2548 469 2603 tale
500 2562 598 2601 nos
620 2549 761 2600 circa
797 2555 847 2598 tu
880 2547 1043 2599 locuti
1072 2544 1291 2597 sumtts?
1315 2557 1395 2598 est
1428 2545 1582 2596 testis
1620 2558 1780 2612 quem

187 2644 370 2696 oravit
420 2641 647 2704 Esdras,
700 2655 971 2709 quemque
1017 2647 1196 2706 etego
1226 2652 1347 2702 oro,
1396 2648 1447 2690 et
1478 2639 1655 2689 omnis
1688 2650 1785 2703 per

189 2743 367 2788 totum
400 2733 657 2787 mundum
688 2732 985 2785 constituta
1034 2731 1152 2798 ejus
1195 2739 1313 2783 orat
1347 2730 1495 2782 beata
1525 2728 1785 2790 ecclesia,

189 2842 314 2880 mea
367 2827 507 2881 circa
541 2836 593 2880 te
645 2826 759 2879 ha-c
803 2840 923 2879 esse
973 2834 1113 2885 vola,
1152 2835 1207 2876 ut
1258 2824 1502 2891 corrigas
1546 2836 1785 2887 errores,

186 2918 379 2987 sisque
426 2932 567 2971 unus
611 2932 675 2971 ex
729 2917 903 2969 uobis.
950 2915 1217 2982 Conspice
1252 2916 1459 2968 interea
1514 2914 1787 2982 quomodo

189 3008 294 3063 Dei
347 3009 597 3062 homines
648 3024 822 3074 neque
872 3006 1213 3060 adversarios
1265 3005 1564 3066 timuerint,
1614 3019 1788 3074 neque

186 3116 385 3157 contra
420 3102 669 3156 inimicus
724 3103 815 3154 Dei
844 3102 1036 3154 domm
1064 3115 1279 3169 precem
1317 3098 1595 3152 luudendo
1648 3097 1791 3151 ile-i-

187 3196 393 3261 verint,
427 3205 483 3249 ut
507 3195 759 3248 videlicet
781 3195 923 3247 vires
946 3194 1034 3246 |)ei
1058 3190 1333 3261 religionis
1353 3191 1789 3245 adversariorum

1881 2008 1994 2045 nem
2036 2002 2083 2046 et
2125 1993 2518 2063 generationem,
2564 1992 2685 2060 quia
2714 2004 2887 2044 omnes
2917 1991 3004 2060 qui
3026 2006 3233 2059 sperant
3275 1992 3328 2043 iu
3355 2006 3472 2043 eum

1881 2101 1983 2139 non
2023 2086 2425 2157 inﬁrmabuntur
2475 2084 2514 2141 ι.
2565 2083 2633 2138 Et
2660 2103 2691 2139 a
2721 2087 2884 2139 verbis
2915 2087 3012 2138 uiri
3054 2088 3340 2153 peccatoris
3370 2103 3473 2140 non

1884 2178 2177 2241 timueritis,
2209 2182 2328 2247 quia
2366 2180 2534 2249 gloria
2579 2181 2689 2250 ejus
2716 2179 2769 2232 in
2797 2187 2837 2215 ω
2866 2189 3111 2242 stercore,
3142 2190 3188 2233 et
3236 2195 3427 2233 vermes
3452 2194 3471 2233 :

1885 2270 2037 2322 hodie
2067 2271 2350 2337 extollitur,
2397 2287 2509 2324 cras
2539 2288 2641 2324 non
2684 2272 2992 2337 invenietur,
3039 2274 3160 2339 quia
3201 2286 3473 2325 conuersus

1885 2370 1962 2413 est
2005 2362 2057 2413 in
2084 2370 2274 2415 terram
2302 2379 2471 2425 suam,
2522 2371 2573 2416 et
2598 2363 2841 2432 cogitatio
2875 2365 2990 2433 ejus
3022 2364 3207 2430 peribit
3236 2371 3285 2417 ει.
3321 2360 3473 2426 Filii,

1888 2456 2271 2525 con/ortaniini,
2320 2465 2366 2509 et
2407 2464 2430 2489 ο
2470 2458 2743 2527 ρηευαιειε
2797 2456 2851 2508 in
2902 2456 3032 2526 lege,
3082 2458 3204 2524 quia
3254 2459 3306 2511 in
3360 2459 3475 2525 ipsa

1884 2547 2096 2617 gloriosi
2135 2548 2294 2600 eritis.
2329 2547 2394 2600 Ic’t
2422 2562 2536 2600 ecce
2556 2548 2764 2602 Simeon
2796 2549 2960 2617 frater
2988 2560 3168 2610 rester,
3202 2565 3310 2602 scio
3337 2550 3475 2619 quod

1888 2640 1963 2691 tir
1989 2641 2191 2692 consilii
2222 2648 2333 2703 est;
2382 2640 2532 2691 illum
2561 2639 2738 2692 audite
2762 2650 2809 2704 P,
2846 2642 2955 2709 ipse
2985 2641 3122 2694 vobis
3168 2651 3314 2712 pater
3356 2645 3474 2696 erit.

1890 2728 1958 2783 Et
1991 2730 2159 2784 ludas
2203 2731 2537 2785 Machabwus
2578 2733 2725 2799 fortis
2772 2732 3016 2784 uiribusa
3057 2736 3328 2804 juventute
3358 2751 3474 2800 sua,

1889 2824 1957 2875 sil
1999 2825 2132 2876 vobis
2184 2824 2482 2893 principalis
2509 2828 2537 2869 ει
2564 2825 2783 2889 militiw,
2818 2835 2865 2876 et
2894 2826 3207 2896 expugnabit
3238 2828 3355 2881 bell;
3378 2845 3429 2881 m
3460 2844 3480 2883 :

1894 2926 1939 2965 et
1984 2914 2246 2968 adducetis
2278 2917 2343 2968 ad
2375 2931 2461 2971 vos
2498 2932 2669 2969 omnes
2710 2920 2931 2986 factores
2979 2919 3105 2990 legis
3136 2929 3184 2971 et
3225 2920 3481 2974 uindicate

1893 3008 2170 3061 rindictam
2209 3011 2387 3079 pOpuli
2416 3011 2590 3075 vestri,
2612 3010 2878 3064 retribuite
2904 3012 3291 3066 retributionem
3316 3015 3481 3086 genti-

1895 3101 2059 3165 bus,et
2072 3104 2315 3156 intendite
2334 3104 2387 3156 in
2412 3114 2723 3173 prccccptum
2742 3106 2864 3178 legis
2883 3106 2923 3173 (Ι
2943 3104 3119 3159 Maeli.
3141 3122 3199 3171 11,
3218 3108 3305 3175 49,
3320 3112 3476 3181 seq.).

1895 3193 2122 3259 Quando
2166 3197 2346 3264 itaque
2390 3197 2578 3251 videas
2604 3197 2730 3250 talia
2778 3207 3048 3267 praecepta
3081 3200 3297 3255 dedisse
3331 3202 3478 3267 libis,

185 3291 426 3345 fuissent
481 3289 728 3341 dedat-lie
788 3287 853 3340 ad
914 3286 1161 3338 nihilum.
1227 3286 1314 3338 Sic
1376 3284 1577 3337 etenim
1624 3285 1789 3337 etiam
1821 3284 1866 3346 C
1898 3296 1951 3342 et
1978 3304 2038 3342 ea
2091 3290 2376 3343 mandasse
2423 3289 2543 3344 fieri
2588 3303 2710 3358 qua:
2741 3291 2909 3345 etiam
2953 3292 3145 3347 fecerit
3187 3294 3327 3363 ipse,
3358 3310 3481 3350 cum

189 3383 578 3439 sanctissimus
603 3381 815 3449 Moyses
835 3380 963 3433 dicit
986 3381 1034 3431 iu
1062 3378 1273 3431 cantico
1298 3376 1468 3431 Exodi
1492 3375 1557 3429 ad
1586 3378 1746 3429 Ileum
1776 3392 1787 3426 :

190 3474 415 3528 Decidat
438 3470 464 3510 ἀ
492 3488 645 3543 super
674 3489 759 3526 eos
787 3473 940 3524 timor
970 3481 1015 3525 et
1046 3481 1233 3523 tremor
1268 3469 1632 3538 magnitudinis
1676 3470 1793 3520 bra-

191 3569 302 3621 chii
329 3570 440 3631 tui;
474 3568 602 3635 fiant
626 3576 884 3635 tamquam
917 3568 1111 3631 lapides
1140 3567 1301 3617 donec
1330 3575 1551 3618 transeat
1574 3564 1790 3633 populus

191 3672 318 3714 tuus
348 3660 430 3713 hic
460 3678 608 3727 quem
635 3662 897 3729 «requisisti
929 3658 1061 3725 (Er.
1113 3676 1200 3721 XV,
1232 3660 1352 3723 16).
1412 3658 1565 3710 Talia
1617 3658 1690 3708 illi
1724 3654 1790 3708 ad

192 3757 374 3811 Deum
428 3756 588 3809 verba
638 3755 881 3807 iecerunt
913 3763 933 3787 ε
967 3754 1064 3805 sibi
1096 3752 1307 3805 traditis
1343 3770 1353 3802 :
1386 3767 1483 3804 nos
1529 3751 1655 3816 quia
1698 3750 1789 3801 tibi

189 3845 454 3906 dicimus,
488 3844 587 3896 Aut
618 3855 905 3897 converts're
934 3845 1001 3895 ad
1048 3841 1229 3906 Deum,
1263 3853 1349 3894 aut
1383 3840 1400 3877 τ
1442 3841 1570 3893 habe
1600 3853 1792 3893 certum

186 3939 334 4006 quod
368 3937 504 3988 Deus
534 3937 600 3988 ad
631 3937 854 3989 nihilum
879 3938 943 3987 sit
992 3937 1303 3987 deducturus
1334 3952 1534 3986 onmem
1587 3934 1791 3985 inanem

188 4031 493 4100 superbiam
540 4041 701 4091 tuam,
734 4030 980 4083 videmur
1026 4030 1116 4082 tibi
1168 4029 1495 4098 petulantes.
1528 4028 1794 4095 tinusiiice

188 4123 377 4175 adhuc
409 4121 534 4190 quid
582 4119 775 4175 fecerit
820 4121 1108 4174 Matatliias
1153 4122 1527 4175 sanctissimus
1576 4120 1665 4171 ille
1714 4118 1795 4171 vir

190 4214 433 4270 devotus
462 4214 573 4268 Deo
616 4222 738 4282 post
768 4224 872 4267 tam
909 4214 1137 4268 illustria
1170 4210 1259 4267 illa
1286 4231 1405 4283 qum
1447 4214 1641 4282 egerit,
1674 4226 1795 4281 qua:

191 4308 366 4363 etiam
416 4305 471 4359 in
503 4302 609 4359 line
639 4305 816 4359 exitus
862 4307 939 4358 sui
974 4307 1171 4359 dixerit
1200 4306 1264 4359 ad
1296 4306 1454 4370 lilios,
1490 4315 1539 4359 et
1575 4304 1694 4356 vide
1726 4319 1793 4355 an

190 4409 355 4454 recto
405 4408 590 4452 eontra
626 4409 675 4452 te
707 4399 893 4452 ordine
937 4398 1033 4451 Dei
1066 4398 1183 4451 hcce
1209 4413 1430 4467 (Ignium
1464 4396 1793 4451 sacerdotes.

198 4491 469 4555 Loquitur
496 4490 775 4557 Scriptura
832 4499 1015 4543 sancta
1060 4489 1245 4542 dicens
1292 4506 1304 4543 :
1353 4490 1798 4559 Appropiaverunt

195 4595 221 4631 Β
260 4584 374 4637 dies
423 4582 693 4637 Matathia:
725 4582 999 4646 moriendi,
1041 4593 1087 4635 et
1116 4583 1248 4635 dixit
1290 4581 1414 4650 [iliis
1442 4584 1545 4635 suis
1587 4599 1604 4635 :
1646 4580 1797 4635 Nunc

1896 3382 2089 3435 doceat
2121 3384 2199 3436 sic
2243 3382 2601 3449 patriarchas,
2644 3383 2938 3453 prophetas
2968 3394 3021 3438 et
3052 3398 3279 3442 cunctos
3305 3387 3484 3458 justas

1898 3474 2010 3527 Deo
2036 3474 2325 3541 placuisse,
2360 3474 2488 3543 quid
2523 3489 2643 3540 nos,
2678 3482 2731 3527 tu
2780 3476 3092 3542 tenebrose,
3125 3495 3193 3533 ne
3226 3480 3323 3533 tibi
3352 3495 3486 3536 con-

1897 3579 2141 3623 turnaces
2174 3572 2506 3635 videremur,
2558 3570 2806 3625 Volueras
2852 3572 3484 3634 tacerett‘essissemus.

1898 3676 1964 3714 ne
1995 3662 2085 3712 tibi
2114 3672 2326 3730 mortuo
2358 3663 2485 3726 vivi,
2522 3662 2613 3718 Dei
2658 3665 2800 3717 servi
2828 3666 3048 3720 satelliti
3076 3668 3315 3722 diaboli?
3358 3686 3481 3726 cum

1897 3770 2089 3807 cernas
2121 3755 2282 3807 isrum
2316 3757 2628 3809 Matathiam
2663 3757 2847 3813 dicere
2878 3760 2944 3813 ad
2990 3760 3169 3816 ﬁlios:
3206 3763 3272 3816 Et
3296 3766 3371 3817 ita
3397 3782 3486 3819 co-

1898 3847 2054 3915 gitate
2081 3862 2169 3916 per
2214 3850 2593 3917 generationem
2636 3859 2682 3901 et
2713 3852 3107 3919 generationem,
3148 3856 3267 3923 quia
3315 3872 3487 3913 amnes

1900 3936 1987 4004 qui
2015 3947 2222 4005 sperant
2247 3938 2301 3990 in
2326 3950 2441 3990 eum
2472 3956 2572 3991 non
2603 3933 3020 4009 inﬁrmabuntur.
3054 3944 3121 3999 Et
3146 3959 3180 3999 α
3202 3945 3365 4001 verbis
3394 3949 3487 4002 tiri

1902 4030 2182 4097 peccatoris
2205 4046 2304 4082 non
2330 4032 2617 4095 timueritis,
2648 4033 2770 4101 quia
2794 4036 2958 4103 gloria
2985 4040 3096 4104 ejus
3119 4039 3165 4091 in
3195 4050 3415 4095 stercore
3439 4051 3483 4108 ι’,

1901 4133 1947 4175 et
1975 4138 2161 4175 vermes
2189 4138 2206 4174 :
2229 4123 2379 4176 hodie
2407 4125 2690 4186 extollitur,
2717 4135 2763 4178 et
2784 4143 2897 4181 cras
2918 4144 3016 4182 non
3045 4131 3345 4199 iurenfefur,
3366 4136 3489 4205 quia

1902 4232 2172 4269 courersus
2203 4226 2274 4268 est
2304 4218 2356 4268 iu
2387 4228 2571 4271 terram
2600 4236 2767 4283 suam,
2798 4230 2843 4274 et
2882 4224 3123 4293 cogitatio
3152 4229 3267 4297 ejus
3309 4228 3489 4297 peribit

1903 4304 2079 4377 (Ibid.
2112 4300 2235 4375 6i).
2284 4300 2362 4361 Ne
2412 4306 2503 4362 tibi
2552 4304 2800 4378 injuriusi
2849 4313 3151 4379 videamur,
3205 4332 3490 4385 parcamus

1904 4396 2002 4450 tibi
2039 4396 2131 4451 Dei
2181 4396 2399 4451 domum
2449 4398 2778 4466 destruenti,
2832 4400 2928 4458 tibi
2958 4405 3048 4475 qui
3103 4407 3262 4463 hodie
3310 4410 3409 4476 sis,
3440 4421 3493 4467 et

1901 4502 2022 4542 cras
2066 4488 2177 4543 eris
2224 4494 2276 4543 in
2304 4505 2520 4545 vermes
2545 4500 2600 4545 et
2622 4495 2891 4561 stercore,
2923 4504 2977 4550 et
3024 4498 3162 4553 lianc
3212 4499 3493 4559 trahamus

1902 4580 2045 4650 apud
2082 4580 2252 4635 Deum
2283 4581 2571 4647 offensam,
2605 4596 2714 4654 quo
2748 4594 2924 4642 tecum
2975 4578 3284 4647 mercamur
3328 4595 3494 4666 redigi

191 4680 495 4745 confortata
527 4685 601 4729 est
642 4675 906 4745 superbia,
949 4685 994 4728 et
1020 4677 1313 4745 castigatio,
1362 4684 1404 4728 et
1437 4686 1632 4744 tempus
1653 4691 1794 4727 ever-
1823 4666 1876 4726 D
1902 4672 1967 4727 ad
2019 4674 2272 4727 nihilum.
2324 4674 2613 4745 Cognosce
2660 4686 2782 4747 post
2825 4678 2963 4748 haec,
3014 4684 3141 4752 quid
3191 4686 3352 4741 etiam
3401 4687 3497 4742 lilii

272 4839 300 4867 ⁸
343 4830 499 4893 Apud
549 4830 735 4886 Saliat.
790 4828 911 4884 Non
952 4842 1022 4884 est
1051 4832 1243 4899 portio,
1286 4836 1365 4901 fas
1396 4848 1553 4900 neque
1580 4834 1787 4885 utentia.

272 4900 301 4939 ί)
348 4902 447 4955 Ubi
479 4902 741 4965 demoliet,
771 4903 913 4969 qttmi
944 4917 1047 4953 non
1088 4912 1166 4955 est
1203 4903 1255 4955 in
1288 4900 1423 4967 usu,
1475 4919 1571 4971 pro
1618 4904 1793 4955 demo-

189 4975 357 5027 lictur
390 4972 544 5032 dicit,
573 4974 623 5026 id
657 4985 760 5037 est,
792 4974 1014 5027 destruet
1038 4990 1095 5025 ac
1124 4974 1331 5043 diripiet
1362 4988 1535 5028 muros
1558 4976 1793 5041 lapideos

194 5044 431 5097 civitatis
462 5060 658 5098 eorum.
693 5043 795 5096 ΤιΙ.

278 5125 303 5152 ε
350 5112 559 5166 Exaudi
584 5116 839 5181 nos,lcgit
867 5115 1107 5167 Sabatia:
1128 5116 1230 5166 ius.

271 5182 297 5219 ι¹
334 5186 455 5235 l|;r~e
478 5200 598 5237 cum
617 5201 715 5237 ltlS.
734 5188 917 5239 (ζει-ιιι.
942 5186 1093 5237 Vers.
1118 5186 1241 5237 .\nt.
1267 5182 1802 5255 Cecidit...magnitu—

195 5258 397 5308 (line...
422 5256 578 5321 lapis,
603 5256 765 5309 donec
786 5265 1101 5323 pertranseat
1129 5256 1347 5324 populus
1380 5267 1520 5319 tuus,
1553 5256 1788 5318 Domine,

196 5327 582 5401 usquedum...‘
616 5338 747 5385 tuus,
802 5326 1038 5390 Domine,
1107 5325 1243 5377 hunc
1298 5342 1442 5395 quem
1504 5330 1793 5401 acquisiui.

280 5392 305 5434 ἰ·
354 5396 457 5450 I’ro
487 5392 582 5449 sibi
614 5398 836 5450 traditis.
871 5398 1119 5451 Gallaud.

280 5468 301 5505 ί
348 5468 453 5521 Pro
478 5478 614 5520 certo
636 5468 788 5527 scias,
814 5471 882 5521 sis
913 5480 1104 5531 certus,
1130 5469 1267 5537 quod
1306 5467 1440 5521 Deus
1466 5471 1533 5521 ad
1573 5471 1796 5523 nihilum

195 5555 347 5598 tuam
378 5539 586 5592 reducet
614 5541 920 5606 superbiam.
955 5540 1058 5593 Tit.

277 5623 303 5658 ις
348 5610 503 5663 Vers.
543 5614 665 5662 Ant.
716 5610 1337 5678 Appropiuyuaeerunt...
1392 5627 1525 5663 nunc
1570 5628 1716 5679 ergo,
1766 5631 1797 5664 υ

197 5684 304 5755 ﬁlii
338 5684 864 5755 (uiiiulatores.._..pro
906 5690 1201 5755 testamento
1233 5693 1436 5755 patrum
1488 5690 1792 5755 vestrorum.

276 5752 305 5791 ιι
347 5753 479 5805 Cum
533 5768 634 5804 ms.
693 5751 879 5806 Germ.
931 5750 1082 5805 Vers.
1127 5750 1239 5807 siit.
1296 5752 1797 5823 lngeuerationibus

196 5843 333 5883 suis.

286 5899 301 5934 ι
352 5892 481 5949 Cum
514 5892 639 5949 eod.
674 5890 828 5948 Vera.
852 5893 979 5947 Ant.
1005 5890 1237 5947 Zelando
1265 5893 1429 5948 zelum
1467 5891 1579 5947 Dei.

1982 4832 1996 4878 i
2052 4829 2186 4883 Dum
2211 4832 2455 4899 implerit.
2490 4832 2647 4888 Veis.
2685 4838 2813 4890 Ant.

1975 4900 1999 4937 κ
2046 4901 2295 4971 Receptus
2323 4913 2395 4956 est
2419 4905 2471 4957 in
2500 4904 2843 4961 crelum.Earl.

1982 4971 1999 5009 1
2043 4973 2175 5049 gum
2207 4973 2419 5049 Gnaeo.
2457 4974 2610 5030 Vers.
2641 4978 2773 5033 Ant.
2802 4978 3165 5049 l’nﬁrmantur.

1978 5053 2016 5079 π’
2053 5044 2189 5125 Flere
2218 5062 2337 5096 cum
2364 5044 2577 5125 armet),
2596 5050 2666 5109 εἰς
2930 5058 3013 5109 καὶ
3036 5059 3488 5124 σκώληκαςλᾝνδ.

1910 5117 2035 5170 Ant.
2073 5115 2280 5169 Stercus
2309 5126 2355 5196 ert
2386 5118 2565 5196 renuis
2598 5131 2689 5196 est.
2726 5115 2921 5196 melius
2943 5115 3293 5196 legereurin'
3313 5115 3488 5189 Lugii:

1910 5197 2135 5265 stercora
2164 5201 2283 5237 cum
2313 5184 2565 5241 Galland.
2598 5189 2782 5247 Sahat.
2830 5194 2976 5264 legit,
2995 5184 3093 5252 We
3121 5184 3486 5261 timueriiii:

1901 5268 1948 5309 ει
1977 5271 2182 5309 vernus.

1973 5335 2000 5362 ιι
2041 5325 2466 5415 ιιςιιιιιεῗρθιηι.
2505 5330 2657 5415 \lers.
2712 5335 2854 5415 Ant._
2892 5335 2960 5415 Et
3002 5348 3386 5415 cras....periit.
3424 5347 3490 5403 Ιιί

1904 5415 2015 5450 cras
2041 5398 2209 5473 habet
2237 5399 2377 5473 idem
2411 5400 2627 5473 Luciler
2654 5407 2814 5473 paulo
2842 5406 2998 5462 intra.

1978 5478 2000 5503 υ
2041 5468 2117 5551 Ita
2147 5470 2199 5521 in
2231 5472 2351 5525 eod.
2392 5486 2494 5525 ms.
2527 5468 2680 5527 Vcrs'.
2718 5479 2842 5529 Ant.
2887 5478 2987 5531 Vos
3018 5496 3295 5554 ergo....et
3328 5490 3489 5545 eirili-

1905 5552 1979 5592 ter
2006 5543 2162 5611 agite.

1977 5613 2200 5699 PHYCIS.
2251 5613 2377 5667 Ant.
2424 5612 2603 5699 Ipsum
2647 5617 2825 5672 audite
2874 5637 3087 5693 semper.
3127 5640 3178 5679 et
3224 5629 3352 5699 ipse,
3383 5642 3489 5686 etc.

1905 5682 2123 5736 Lucifer
2153 5701 2273 5739 cum
2307 5699 2408 5739 ms.
2437 5682 2623 5741 Germ.

1978 5753 2201 5875 cluxerit.
2238 5760 2362 5810 Ant.
2401 5754 2654 5831 Princeps
2685 5761 2904 5829 militias,
2931 5775 2975 5820 et
3003 5767 3112 5839 ipse
3141 5781 3253 5840 aget
3299 5773 3489 5827 bellant

1978 5842 2006 5875 ιι
2071 5842 2106 5875 ι.

1906 5838 2106 5893 papula.

1982 5903 2001 5930 ι’
2046 5893 2283 5951 διίκοη
2303 5896 2433 5963 eius.
2468 5897 2637 5956 Vatic.
