3854 6392
443 363 547 421 967

1515 360 1845 420 LUCIFERI
1890 361 2198 425 EPISCOPI
2239 363 2660 424 CALARITANI

3618 369 3712 427 968

441 483 708 540 Matathire
743 480 903 538 istius
934 480 1334 553 religiosissimi
1380 482 1630 548 iecerint,
1662 483 1705 537 si
1756 484 2038 538 timuerint
2065 493 2117 553 Α
2142 487 2268 541 tidie
2293 486 2548 557 ponebant
2570 484 2639 538 ad
2654 484 2876 555 januam
2900 484 3075 552 templi
3095 499 3208 556 quce
3229 485 3415 539 dicitur
3457 483 3707 553 Speciem,

435 577 819 636 concaruiticis
868 577 940 632 tui
991 592 1234 643 manum,
1280 577 1324 631 si
1377 578 1684 632 exercitum
1737 579 1886 633 illius
1913 589 2042 634 ante

440 673 629 729 oculos
661 672 975 738 habuerint,
1014 680 1069 725 et
1094 685 1200 724 nou
1237 670 1522 725 Dominum
1571 682 1844 732 nostrum,
1879 687 2041 741 quem

436 766 619 822 omnia
652 775 953 835 potentem,
984 773 1041 818 ut
1065 779 1165 818 nos
1187 763 1492 828 credimus,
1528 763 1826 819 credentes
1850 771 2041 818 contra

442 860 654 914 hostem
705 858 962 912 omnibus
1010 859 1125 911 suis
1157 857 1365 911 viribus
1413 868 1589 910 semet
1612 858 1920 911 erexeriut.
1975 855 2044 910 Et

442 955 664 1006 surrexit
709 950 875 1004 Jttdas
899 950 988 1020 qui
1034 949 1313 1003 vocabatur
1344 948 1677 1002 Machabams
1725 949 1866 1016 ﬁlius
1893 953 2044 1021 ejusu

443 1063 538 1120 pro
577 1064 635 1100 eo
678 1062 695 1100 :
739 1055 787 1098 et
832 1044 1146 1116 adjuvabant
1197 1059 1313 1096 eum
1360 1059 1535 1096 onmes
1578 1041 1765 1111 fratres
1807 1044 1954 1110 ejus,
1997 1051 2043 1094 et

441 1141 663 1195 universi
691 1141 776 1210 qui
801 1155 855 1192 se
886 1139 1266 1208 conjunxerant
1299 1137 1434 1206 patri
1460 1137 1608 1207 ejus;
1633 1145 1681 1187 et
1713 1135 2046 1203 prteliabatur

440 1234 468 1275 ιν
503 1235 740 1305 ρνανιὶυηι
771 1232 940 1288 Israel
962 1249 1077 1286 cum
1101 1231 1283 1284 latitia
1311 1247 1327 1284 :
1353 1240 1399 1283 ct
1439 1229 1674 1283 dilatat-it
1696 1229 1914 1298 gloriam
1948 1243 2042 1298 po-

442 1331 567 1402 pulo
595 1345 710 1390 suo,
742 1337 788 1381 et
823 1338 845 1365 α
879 1326 1046 1380 induit
1076 1341 1130 1379 se
1160 1325 1328 1378 lorica
1358 1325 1489 1378 sicut
1511 1323 1682 1394 gigas,
1714 1332 1760 1374 et
1789 1320 2045 1376 succinxit

440 1439 563 1478 vasa
604 1420 787 1475 bellica
815 1437 932 1486 sua,
966 1429 1011 1473 et
1035 1419 1214 1489 prwlia
1252 1416 1538 1478 constituit,
1575 1425 1847 1487 protegens
1877 1423 2047 1467 castra

442 1521 618 1592 gladio
644 1533 662 1572 :
692 1529 737 1571 et
783 1517 967 1570 similis
999 1518 1167 1586 factus
1205 1523 1277 1566 est
1306 1512 1441 1566 leoni
1472 1512 1525 1564 in
1570 1512 1810 1582 Operibus
1840 1509 1969 1572 suis,
2000 1517 2048 1560 et

444 1616 576 1669 sicut
607 1612 810 1667 catulus
839 1610 1000 1663 leonis
1029 1609 1237 1680 rugiens
1259 1607 1313 1660 in
1337 1603 1362 1642 ἀ
1392 1605 1714 1659 venationem
1745 1621 1761 1658 :
1795 1614 1840 1658 et
1882 1618 2051 1675 perse-

445 1720 593 1766 cutus
622 1707 952 1776 estiniquos,
985 1714 1033 1757 et
1075 1711 1405 1775 perscrutans
1442 1711 1489 1766 ο,
1523 1711 1567 1753 e:
1611 1699 1703 1752 hos
1732 1700 1819 1769 qni
1850 1706 2051 1769 pertur-

445 1805 632 1860 babant
672 1802 922 1874 pbpulum
953 1814 1135 1864 suum,
1168 1795 1428 1851 succendit
1463 1805 1553 1849 :et
1591 1792 1606 1831 ι
1642 1791 1880 1845 subducti
1930 1798 2049 1843 sunt

2146 590 2198 633 ut
2228 589 2417 651 peteret
2447 580 2823 649 eleemosynam
2869 577 2932 631 ab
2962 578 3330 633 introeuntibus
3359 580 3411 633 in
3459 581 3707 652 templum.

2147 671 2199 725 Η
2206 673 2250 724 ie
2281 671 2304 708 ¹ί
2336 690 2451 727 cum
2495 673 2701 726 vidisset
2737 669 2950 724 Petrum
2976 682 3021 724 et
3047 670 3301 727 Joannem
3343 673 3640 726 introeuntes
3661 675 3710 726 in

2145 766 2414 835 templum,
2448 766 2664 838 rogabat
2690 767 3086 839 eleemosynam.
3123 767 3398 821 Intendens
3434 765 3449 803 ι
3481 779 3642 820 autem
3662 768 3709 820 in

2144 859 2292 912 illum
2340 859 2525 914 Petrus
2566 876 2682 913 cum
2723 859 2924 915 Joanne
2969 861 3144 915 dixit:
3183 862 3361 932 Aspice
3402 861 3452 913 in
3497 878 3604 915 nos.
3652 863 3708 914 At

2147 961 2184 988 ιιι
2207 951 2298 1005 ille
2330 954 2551 1023 respexit
2580 954 2633 1005 in
2657 969 2763 1018 eos,
2789 970 2999 1025 sperans
3025 969 3077 1006 se
3095 953 3290 1023 aliquid
3318 963 3626 1024 accepturum
3652 955 3708 1006 ab

2144 1045 2240 1098 eis.
2269 1045 2353 1098 Ait
2385 1055 2409 1080 η
2440 1055 2608 1099 autem
2656 1047 2734 1098 illi
2769 1045 2951 1099 Petrus
2981 1062 2997 1098 :
3022 1045 3294 1116 Argentum
3325 1056 3369 1100 et
3397 1063 3571 1099 aurum
3617 1063 3709 1099 non

2147 1139 2328 1205 habeo,
2363 1140 2450 1193 sed
2472 1141 2608 1210 quod
2638 1140 2819 1200 habeo.
2854 1143 2948 1194 Itoe
2997 1141 3086 1194 tibi
3127 1141 3193 1193 do
3223 1157 3240 1194 :
3270 1139 3333 1194 In
3377 1143 3570 1195 nomine
3591 1140 3710 1193 Iesu

2148 1232 2339 1286 Christi
2379 1233 2640 1287 Nazareni
2689 1250 2841 1304 surge
2885 1245 2930 1287 et
2980 1233 3208 1287 ambula.
3261 1232 3326 1286 Et
3363 1235 3709 1302 °apprehensa

2150 1328 2334 1380 dextra
2361 1343 2515 1380 manu
2539 1331 2650 1399 ejus
2678 1329 2838 1381 erexit
2878 1345 3008 1392 eum,
3041 1327 3398 1397 confestimque
3440 1327 3709 1395 conﬁrmati

2149 1429 2267 1470 sunt
2308 1420 2458 1488 pedes
2500 1420 2612 1489 ejus
2637 1429 2681 1470 et
2713 1419 2923 1487 plantce,
2968 1429 3014 1472 et
3044 1421 3280 1474 exsiliens
3312 1421 3444 1472 stetit
3473 1428 3514 1471 et
3548 1421 3711 1472 ambu—

2153 1511 2291 1565 labat
2315 1523 2361 1574 Ρ,
2398 1522 2443 1566 et
2491 1514 2698 1567 intravit
2726 1531 2840 1567 cum
2871 1516 2974 1568 illis
3019 1516 3068 1567 in
3097 1515 3337 1586 templum
3382 1517 3635 1570 ambulans
3658 1534 3711 1570 ac

2150 1608 2359 1672 saliens,
2396 1609 2614 1661 laudans
2647 1607 2831 1661 Deum.
2876 1607 2939 1660 Et
2990 1610 3112 1662 vidit
3140 1627 3256 1663 eum
3301 1610 3460 1662 omnis
3505 1611 3712 1678 populus

2153 1703 2500 1757 ambulantem
2523 1714 2569 1757 et
2595 1705 2886 1757 laudantem
2915 1701 3100 1768 Deum,
3121 1715 3166 1757 et
3183 1709 3541 1776 cognoscebant
3559 1719 3584 1757 τι
3603 1709 3713 1768 quia

2153 1797 2262 1868 ipse
2291 1809 2422 1863 erat,
2455 1800 2540 1867 qui
2575 1799 2642 1851 ad
2674 1800 3043 1868 eleemosynam
3084 1800 3283 1853 sedebat
3326 1800 3391 1853 ad
3434 1800 3714 1861 Speciosam

443 1898 608 1968 iniqui
639 1911 744 1968 prta
787 1895 966 1946 timore
996 1895 1129 1964 ejus,
1177 1899 1224 1944 et
1271 1906 1444 1942 onmes
1490 1887 1711 1958 aperarii
1763 1883 2049 1954 iniquitatis
2080 1900 2128 1959 Β
2158 1901 2358 1958 portam
2399 1893 2595 1960 (empti,
2627 1902 2671 1944 ει
2700 1891 2877 1960 rep/eu
2924 1903 3040 1944 δαηι
3087 1907 3267 1960 pavore
3307 1902 3352 1946 ει
3393 1891 3715 1946 αάηιίηιιίοηε

445 1990 739 2047 conturbati
764 1996 905 2051 sunt,
957 1996 1004 2040 et
1049 1999 1294 2055 prospera
1326 1986 1466 2050 facta
1511 1988 1584 2034 est
1627 1978 1768 2032 salus
1800 1977 1851 2029 in
1895 1991 2051 2029 manu

445 2087 578 2156 ejus.
606 2081 672 2136 Et
697 2078 1030 2136 exacerbabat
1050 2091 1191 2147 reges
1216 2075 1426 2139 multos,
1461 2081 1506 2125 et
1537 2070 1820 2124 delectabat
1842 2079 1865 2116 tt
1892 2066 2054 2121 Jacob

446 2179 501 2231 in
545 2175 783 2239 oneribus
808 2173 938 2235 suis,
969 2181 1014 2224 et
1065 2184 1227 2237 usque
1259 2170 1312 2221 in
1346 2167 1539 2222 swcula
1584 2163 1832 2216 membria
1862 2165 1974 2234 ejus
2003 2161 2055 2213 in

447 2268 797 2325 benedictione
829 2283 847 2320 :
877 2275 924 2318 et
961 2262 1332 2336 perambulavit
1387 2261 1439 2313 in
1468 2256 1493 2294 h
1532 2256 1824 2311 civitatibus
1887 2253 2052 2319 Iuda,

448 2375 495 2419 et
527 2359 835 2433 disperdidit
881 2358 1067 2429 impios
1115 2371 1288 2410 onmes
1331 2369 1392 2406 ex
1421 2369 1504 2414 ea,
1537 2359 1583 2404 et
1623 2349 1802 2402 avertit
1833 2349 1964 2400 iram
1991 2346 2053 2398 ab

449 2454 620 2510 Israel
652 2469 668 2506 :
696 2461 742 2507 et
785 2451 1077 2504 nominatus
1112 2457 1185 2500 est
1233 2460 1392 2514 usque
1421 2443 1488 2496 ad
1517 2442 1850 2495 novissimum
1878 2449 2053 2503 terror,

443 2563 490 2607 et
506 2549 836 2620 congregavit
849 2555 1119 2619 pereuntes
1135 2542 1242 2615 (Ib.
1263 2557 1344 2605 ιιι,
1370 2538 1591 2609 l,seq.).
1614 2538 1695 2591 Illi
1715 2537 1940 2590 talizelo
1964 2549 2055 2589 ac-

443 2645 596 2703 censi
629 2653 822 2699 c0utrs
858 2641 948 2694 Dei
981 2639 1176 2692 domus
1209 2638 1455 2690 fecerunt
1485 2633 1768 2693 inimicos;
1814 2628 1976 2684 nobis
2001 2638 2054 2683 te

445 2749 640 2796 contra
662 2751 766 2791 non
789 2734 970 2789 fuerat
995 2728 1357 2801 surgendum,
1382 2740 1452 2780 ne
1477 2724 1609 2778 dicti
1632 2722 1932 2777 fuissemus
1963 2736 2052 2790 pe-

446 2832 727 2892 tutantes?
757 2829 867 2886 Sed
903 2829 1040 2883 bene
1072 2841 1161 2880 me
1186 2822 1522 2894 petulantem
1554 2817 1794 2881 diceres,
1847 2814 1894 2869 si
1946 2829 2051 2869 non

448 2940 602 2986 recte
627 2923 1156 2993 contempsissemus
1186 2915 1515 2984 sacrilegum
1544 2910 1784 2965 edictum
1822 2919 1973 2962 tuum
2013 2905 2053 2960 ί.

446 3018 683 3089 Respice
736 3014 939 3070 etenim
995 3008 1324 3079 comperditi
1373 3004 1450 3060 tui
1501 3002 1631 3072 quid
1695 3000 2058 3071 prteceperint

445 3113 616 3169 duces
641 3107 956 3164 .ludteorum
987 3099 1273 3173 apostolis,
1330 3106 1387 3152 et
1440 3103 1649 3151 contra-
1681 3093 1812 3162 quid
1863 3090 2054 3145 fecerit

441 3207 730 3263 beatorum
758 3203 962 3256 chorus
996 3194 1396 3267 apostolorum,
1426 3201 1482 3246 et
1512 3189 1762 3244 invenies
1810 3200 1911 3241 nos
1943 3200 2049 3240 non

2159 1985 2212 2036 in
2235 1999 2292 2036 eo
2309 1987 2446 2052 quod
2468 1985 2726 2037 acciderat
2751 1985 2796 2037 ei
2830 1983 2970 2053 (Aet.
3005 1999 3084 2043 ιιι.
3121 1985 3169 2046 l,
3198 1981 3346 2056 seq.).
3376 1984 3438 2038 Et
3461 1984 3586 2038 infra
3612 1984 3711 2056 (Ib.

2159 2091 2233 2140 tv,
2258 2076 2309 2145 1)
2337 2095 2347 2129 ;
2372 2075 2715 2144 Loquentibus
2728 2086 2895 2130 autem
2924 2075 3032 2131 illis
3060 2077 3127 2129 ad
3153 2079 3396 2148 papulum
3423 2080 3526 2131 lucc
3553 2080 3711 2143 verba,

2158 2169 2550 2222 insurrexerunt
2575 2178 2594 2204 τ
2629 2169 2918 2222 sacerdotes
2941 2178 2987 2221 et
3019 2170 3248 2234 pontifex
3277 2171 3466 2242 templi,
3515 2181 3558 2224 et
3583 2171 3712 2226 Sad-

2159 2262 2349 2323 ducari,
2385 2261 2616 2316 dolentes
2658 2270 2678 2295 ~"
2730 2262 2867 2332 quod
2917 2261 3153 2315 docerent
3203 2261 3414 2329 plebem,
3459 2273 3501 2316 et
3528 2281 3714 2316 annun-

2158 2354 2348 2409 tiarent
2375 2356 2427 2408 in
2452 2353 2635 2407 Iesum
2665 2355 3085 2408 resurrectionem
3114 2363 3442 2419 mortuorum,
3472 2365 3518 2409 et
3539 2356 3714 2428 injecto

2160 2460 2280 2504 runt
2314 2451 2368 2502 in
2413 2465 2497 2503 eos
2534 2464 2750 2511 manus,
2796 2457 2840 2500 et
2890 2457 3164 2515 posuerunt
3207 2447 3261 2500 in
3299 2448 3528 2501 custodia
3571 2450 3611 2500 ί.
3658 2449 3715 2503 Et

2159 2541 2296 2596 infra
2317 2539 2368 2610 (1
2375 2541 2482 2606 b.,1
2494 2540 2551 2610 3)
2569 2558 2581 2592 :
2605 2539 2845 2593 Videntes
2861 2537 3003 2593 Petri
3024 2549 3050 2575 υ
3072 2541 3406 2594 constantiam
3422 2552 3466 2594 et
3485 2539 3710 2605 Joannis,

2157 2642 2202 2686 et
2230 2643 2491 2703 comperto
2520 2632 2658 2696 quod
2686 2631 2920 2686 homines
2965 2633 3187 2699 imperiti
3215 2635 3315 2687 sint
3341 2645 3385 2688 et
3412 2637 3516 2688 sine
3542 2637 3713 2689 litteris

2156 2729 2478 2781 mirabantur
2509 2737 2906 2800 :cognoscentes
2932 2729 3082 2780 etiam
3113 2727 3249 2791 illos,
3292 2730 3408 2796 quia
3453 2746 3562 2783 cum
3600 2728 3713 2784 Jesu

2159 2832 2300 2876 erant
2333 2820 2626 2873 :hominem
2655 2821 2806 2873 etiam
2832 2819 3055 2872 videntes
3097 2836 3208 2872 cum
3240 2819 3365 2888 ipsis
3395 2830 3595 2874 stantem
3636 2824 3714 2889 qui

2158 2924 2368 2967 curatus
2390 2921 2522 2975 erat,
2554 2909 2684 2963 nihil
2713 2920 2739 2946 '
2769 2919 3003 2979 poterant
3029 2909 3387 2964 contradicere.
3418 2909 3538 2964 Cum
3569 2919 3591 2946 ι
3606 2912 3714 2980 jus-

2157 3009 2339 3060 sissent
2387 3015 2556 3058 autem
2603 3001 2723 3056 illos
2769 3007 2910 3074 foras
2952 3013 3096 3056 extra
3133 3002 3402 3056 concilium
3447 3003 3710 3068 discedere,

2159 3094 2490 3165 conferebant
2553 3095 2622 3147 ad
2670 3095 2905 3157 invicem,
2963 3095 3188 3148 dicentes
3236 3109 3253 3148 :
3301 3094 3435 3162 Quid
3484 3096 3713 3163 faciemus

2156 3189 2446 3243 hominibus
2482 3188 2562 3241 his
2585 3197 2612 3234 ἃ·
2639 3187 2661 3241 ?
2697 3186 2834 3240 Nam
2864 3188 2984 3258 quia
3011 3197 3186 3242 notum
3211 3191 3402 3259 factum
3428 3199 3498 3241 est
3522 3189 3712 3259 signum

441 3313 571 3356 esse
599 3294 931 3367 petulantes,
964 3288 1062 3343 sed
1095 3297 1150 3342 et
1176 3285 1274 3339 tibi
1305 3294 1359 3339 et
1392 3282 1548 3335 nobis
1587 3279 1900 3334 consultum
1930 3293 2052 3332 esse
2082 3305 2125 3367 Ο
2160 3299 2247 3351 per
2274 3284 2414 3352 ipsos
2438 3281 2670 3335 omnibus
2691 3279 3036 3336 habitantibus
3061 3278 3363 3343 Jerusalem,
3406 3281 3713 3348 manifestum

445 3389 758 3462 cupientes.
809 3384 1000 3438 Petrus
1047 3391 1219 3434 autent
1264 3388 1311 3432 et
1339 3374 1569 3430 Joannes
1619 3373 1960 3427 ascendebant
1999 3374 2051 3425 in

445 3485 697 3558 templum
726 3482 794 3536 ad
840 3485 1020 3533 horam
1065 3474 1316 3531 orationis
1365 3485 1576 3524 nonam.
1616 3465 1684 3521 Et
1725 3467 1935 3535 quidam
1982 3467 2056 3519 vir

444 3581 667 3639 claudus
696 3595 759 3633 ex
787 3587 935 3631 utero
966 3573 1145 3627 matris
1175 3585 1284 3624 sutv
1330 3564 1636 3638 portabatur
1666 3565 1715 3628 i,
1747 3578 1902 3632 quem
1927 3577 2055 3633 quo-

520 3731 547 3760 δι
589 3715 939 3793 Ejusdelere
972 3712 1186 3793 videtur
1215 3707 1488 3793 §abaticr.

519 3793 546 3832 ι’
587 3781 990 3846 Pi'tzliabatttur.
1019 3783 1177 3838 Vers.
1207 3781 1331 3834 Aut.

523 3877 547 3904 ε
589 3845 718 3918 Hice
749 3858 973 3912 omnium
1001 3871 1066 3907 ex
1098 3856 1290 3909 Graco
1320 3863 1493 3919 usque
1533 3847 1731 3920 gladio,
1761 3845 1906 3918 quod
1957 3845 2054 3899 ha-

445 3938 538 3994 bet
563 3939 614 3992 ἓν
641 3934 886 4008 ῥομφαίᾳ,
917 3928 970 4008 in
1000 3925 1197 4008 gladio.
1221 3923 1382 4005 Vens.
1405 3918 2053 4008 ’Ant'ivLoricam..._.sch

641 3988 710 4060 [sel
748 3988 903 4056 'arn'ia
951 3988 1136 4053 be'ltiea
1183 4011 1280 4050 sua
1321 3994 1376 4046 in
1409 3990 1628 4063 prwliis,
1682 4001 1727 4042 et
1757 3988 2053 4061 protegebat

446 4095 620 4136 castra
650 4074 828 4151 gladio
853 4088 980 4151 sua;
1145 4141 1160 4151 Δ
1224 4146 1235 4151 _
1305 4136 1361 4151 η.
1731 4131 1809 4151 _..
1997 4132 2010 4151 ,-

517 4131 676 4205 illi;
695 4147 907 4203 Graeco.
937 4142 1097 4197 Vers.
1133 4141 1263 4194 Ant.
1301 4135 1504 4193 Similis
1533 4133 1690 4205 (sine
1718 4131 1958 4203 et
1993 4132 2047 4184 in

442 4230 778 4349 “1013111311
794 4304 856 4343 ex
876 4287 1098 4343 Grzrco:
1121 4285 1408 4358 ἐξερευνῶν.
1432 4281 1516 4334 καὶ
1534 4280 1658 4358 ςτορς
1688 4277 2048 4353 ταράσσοντας

447 4371 537 4424 τὸν
554 4348 671 4420 mea.
700 4364 860 4417 αὐτοῦ
891 4359 1138 4430 ἐφλὸγισς.
1177 4348 1330 4430 Vere.
1365 4354 1490 4405 Aut.
1525 4348 1776 4430 Iniquos‘,
1811 4363 2048 4430 perscru-

441 4418 566 4495 tans
592 4418 704 4496 eos,
734 4443 782 4487 et
806 4431 894 4502 qui
917 4418 1387 4502 conﬁrmabant...
1412 4436 1496 4502 gos
1520 4418 1778 4502 succendit
1805 4419 2048 4500 flammis.

525 4489 559 4547 ί
587 4489 935 4562 conveniunt
971 4500 1086 4553 haec
1105 4513 1226 4570 cum
1273 4491 1604 4570 ms._Germ._
1634 4498 1831 4570 praeter
1860 4489 2051 4570 iniqui,
2076 4509 2128 4570 ι)

446 4585 501 4640 in
545 4559 655 4652 quo
672 4559 903 4652 inimici,
955 4564 1546 4652 Gl‘tl‘c.“&vo‘u.0t.v‘ers:
1581 4567 1713 4652 Ant.
1743 4559 1812 4614 Et
1859 4560 2051 4630 repulsi

446 4636 789 4710 sunlinimici
821 4636 1026 4716 ejus....
1059 4636 1326 4716 et_directa
1356 4646 1429 4691 est
1459 4636 1738 4716 s-alus‘etc:
1781 4714 1787 4716 Α
1959 4711 1967 4716 Δ
2003 4703 2014 4714 ⁸

516 4705 548 4772 ⁵ο
589 4723 725 4777 Cum
759 4705 859 4773 ιηςῖ
891 4716 1081 4770 Germ.
1113 4712 1270 4767 Vers.
1303 4712 1430 4764 Ant.
1465 4705 1886 4772 Lmtiﬁcabat,...
1921 4711 1968 4755 et
1997 4705 2050 4756 in

448 4795 720 4854 saeculum.
756 4788 1092 4846 Sabatierius
1123 4784 1276 4837 addit
1301 4781 1396 4854 erit
1429 4779 1480 4832 iu
1508 4777 1679 4832 Lucil.

523 4842 904 4923 ίῂῖέιιῄιιτὸἆιοζιν
931 4855 1110 4913 Ἰούδα.
1137 4855 1315 4911 ϐΐὶἓεο
1339 4851 1697 4923 Cteterneum
1727 4862 1828 4923 ms.
1859 4842 2045 4923 Germ.

451 4920 770 4997 νετεῗΑηι.
818 4931 1061 4987 Civitates
1105 4926 1271 4987 Iuda,
1303 4935 1351 4997 et
1381 4921 1609 4997 perdidit
1635 4921 1834 4997 _im_pios
1861 4935 1924 4973 ex
1951 4920 2045 4972 eis.

448 4990 886 5081 S‘a'baL'iluouue
905 5001 1044 5081 legit
1075 4999 1126 5081 in
1161 4990 1596 5081 LuciL'civit‘ates

527 5061 820 5150 i'ﬁejquo
869 5061 1026 5150 plufa
1075 5073 1140 5150 in_
1179 5072 1286 5150 yita
1340 5063 1515 5120 Lucil.
1541 5071 1594 5117 et
1626 5065 1677 5117 iu
1713 5062 1811 5117 lib.
1854 5061 1917 5114 de
1943 5077 2045 5116 non

443 5143 789 5212 convenientia
823 5143 939 5201 cum
962 5143 1236 5198 haereticis.

524 5209 538 5278 ι
591 5226 746 5280 γει-ε.
775 5223 902 5276 Ant.
934 5215 1256 5271 Constitutus
1288 5209 1606 5282 portabatur.

524 5277 549 5336 lt
595 5277 737 5363 alii.
751 5332 790 5347 ..
813 5289 1112 5360 incipientes
1135 5277 1368 5363 introire.
1384 5322 1420 5336 ..
1433 5321 1444 5334 .
1458 5321 1477 5363 ._
1497 5278 1870 5363 t'leemosgnarit
1909 5277 2048 5359 acci-

447 5386 567 5442 pere
596 5348 660 5421 lib
691 5348 784 5420 eis.
817 5348 974 5442 Yer's.
1009 5360 1139 5442 Aut.
1174 5357 1417 5426 Accipere
1446 5351 1605 5407 deest
1631 5355 1683 5406 in
1715 5349 1894 5406 Graec.
1927 5348 2045 5419 qui-

449 5429 698 5506 busdam,
735 5446 792 5491 ut
824 5435 876 5489 in
903 5429 1075 5506 Lucii.
1159 5503 1167 5506 _
1435 5497 1473 5506 η
1501 5495 1543 5506 η
1754 5493 1765 5504 ο

527 5491 719 5568 rest}.
770 5507 981 5570 Grazco,
1035 5503 1293 5566 ἀτενίσας,
1345 5507 1398 5570 ct
1426 5495 1630 5569 βλέψον,
1653 5493 1861 5570 aspice.
1876 5491 2040 5570 _V_ers.

453 5565 1033 5640 AnttﬁIntuens.....'in
1062 5565 1294 5626 eum.....
1332 5565 1547 5639 Respice
1576 5570 1628 5620 in
1658 5565 1820 5620 nobis.
1854 5565 2039 5620 Sabat.

454 5656 609 5728 legit,
639 5655 961 5728 Aspicenos.
1004 5717 1049 5728 n
1271 5723 1282 5728 Α
1352 5713 1388 5728 Λ
1438 5714 1448 5724 ⁹

523 5713 562 5765 in
598 5713 661 5782 ³ο
690 5713 764 5787 Si,
794 5723 973 5779 Graec.
1004 5717 1162 5774 νοτε.
1194 5723 1307 5771 ant.
1346 5713 1448 5790 Qui
1473 5713 1696 5783 respexit
1721 5725 1826 5762 eos.

521 5809 549 5836 η
588 5780 906 5855 versent.
950 5791 1098 5847 Dixit
1129 5798 1301 5844 autem
1339 5780 1586 5839 Petrus...
1617 5798 1724 5836 non
1745 5790 1819 5834 est
1843 5780 2037 5834 mihi...

446 5873 584 5946 quod
613 5878 786 5926 autem
806 5865 988 5920 habeo.

2158 3385 2253 3443 est,
2284 3387 2331 3429 et
2372 3392 2473 3429 non
2506 3391 2776 3443 possumus
2807 3387 2991 3445 negare
3014 3374 3136 3429 :sed
3175 3392 3236 3428 ne
3272 3375 3483 3444 amplius
3505 3377 3714 3430 innotes-

2158 3479 2275 3522 cant
2310 3477 2330 3504 '-
2362 3469 2412 3520 in
2444 3466 2690 3538 papulum
2734 3466 2884 3520 verba
2933 3467 3062 3530 hazc,
3109 3468 3464 3520 comminemur
3507 3466 3607 3519 illis
3658 3482 3715 3520 ne

2160 3552 2382 3631 amplius
2412 3560 2691 3628 loquantur
2719 3560 2770 3613 in
2801 3560 3003 3614 nomine
3028 3560 3123 3613 hoc
3155 3557 3248 3612 ulli
3275 3557 3542 3612 hominum.
3583 3559 3711 3613 Con-

2231 3709 2254 3733 ο
2299 3698 2631 3770 Apprehtmsa
2679 3713 2836 3770 manu
2885 3701 2996 3770 ejus
3029 3696 3258 3758 dextera,
3306 3712 3422 3750 cum
3448 3693 3574 3751 Cod.
3603 3712 3708 3766 reg.

2160 3769 2312 3825 Vers.
2344 3767 2474 3825 Ant.
2510 3768 2577 3822 Et
2600 3767 2984 3839 apprehendens
3012 3785 3126 3820 eum
3150 3771 3350 3821 dextera
3374 3785 3536 3828 manu,
3561 3770 3714 3821 eleva-

2155 3844 2226 3966 vi‘t
2259 3843 2575 3913 :confestim
2620 3849 2790 3894 autem
2837 3839 3126 3908 conﬁrmati
3169 3849 3286 3892 sunt
3328 3844 3433 3912 ejus
3483 3842 3630 3912 gressi
3669 3850 3712 3894 et

2159 3933 2189 3966 υ
2213 3924 2368 3966 ante.

2213 3924 2368 3968 ante.

2157 3933 2457 4040 plarnlgers.
2491 3987 2616 4038 Ant.
2647 3982 2951 4037 Ambulabat
2979 3983 3204 4052 gaudens
3224 3998 3241 4036 :
3260 3992 3306 4035 et
3331 3982 3518 4036 introiit
3547 4000 3708 4038 una...

2158 4067 2203 4108 et
2248 4058 2485 4110 exsiliens
2526 4063 2573 4108 et
2616 4054 2922 4108 collaudans
2974 4051 3160 4108 Deum.
3205 4053 3437 4108 Gaudeas
3485 4056 3630 4110 abest
3683 4071 3709 4110 ε

2158 4129 2370 4192 Grteco,
2395 4135 2455 4181 ut
2483 4142 2510 4180 τι
2539 4126 2810 4181 Lucifero.

2231 4212 2255 4249 (ι
2297 4198 2456 4254 Vers.
2501 4198 2632 4252 Ant.
2675 4195 3056 4268 Cognoscebant
3098 4206 3262 4251 autem
3307 4213 3436 4257 eum.
3485 4199 3712 4264 quoniam

2158 4273 2240 4325 Itic
2270 4279 2477 4326 erat....
2507 4269 2689 4338 repleti
2716 4277 2834 4322 sunt
2861 4279 3155 4341 stupore....
3187 4270 3320 4337 quod
3345 4269 3505 4336 attigit
3524 4272 3588 4322 ei.

2161 4414 2203 4469 Ε
2233 4342 2616 4468 fdAdstiterunt
2662 4341 2733 4393 eis
2777 4345 3061 4395 sacerdotes
3106 4350 3152 4392 ct
3193 4341 3484 4412 pra'positus
3522 4341 3708 4410 templi.

2210 4430 2234 4466 a
2285 4454 2297 4466 .
3376 4438 3383 4444 -

2210 4430 2297 4466 au.
3376 4438 3383 4444 '

2230 4494 2250 4519 ³
2291 4484 2425 4538 Cum
2471 4483 2664 4539 Grmco
2711 4483 2959 4548 dolentes,
3001 4482 3395 4548 διαπονούμενοι,
3440 4490 3491 4536 et
3512 4499 3708 4535 annun-

2159 4557 2364 4630 tierent,
2395 4556 2770 4630 καταγγέλλειν.
2798 4554 2954 4630 Yers.
2998 4563 3122 4608 Aut.
3153 4553 3480 4630 Indignantes
3516 4564 3711 4624 propter

2157 4629 2295 4698 quod
2322 4630 2485 4682 docer-
2508 4625 2631 4680 ntei
2663 4627 2926 4699 populum,
2952 4637 2996 4680 et
3023 4625 3373 4699 praedicarent.

2232 4703 2250 4736 ί
2296 4700 2472 4756 ϐτωο.
2505 4693 2673 4773 ἔθεντο
2703 4693 2773 4759 εἷς
2798 4693 3036 4773 τήρησινζ
3070 4697 3219 4751 Vers.
3249 4695 3371 4773 Ant.
3417 4693 3484 4748 Et
3518 4695 3709 4767 injicie-

2157 4771 2277 4825 bant
2300 4773 2492 4826 eis.....
2515 4787 2600 4824 eos
2632 4771 2684 4822 in
2708 4769 2991 4823 custodiam
3021 4770 3072 4822 in
3112 4769 3402 4822 Crastinum.

2225 4853 2250 4879 ιι
2291 4844 2426 4898 Cum
2468 4857 2572 4897 ms.
2603 4856 2716 4912 reg.
2746 4840 2903 4912 vers.
2941 4843 3066 4895 Ant.
3105 4837 3707 4912 Fiduciam....._etcom-

2157 4916 2288 4984 perti
2315 4910 2970 4984 quoniam.....‘inlitterati
3012 4918 3193 4978 essent,
3243 4920 3289 4963 et
3325 4910 3564 4982 privati...
3594 4929 3706 4981 cog-

2153 4989 2424 5042 noscebant
2449 4994 2621 5039 autem
2649 5000 2734 5038 eos
2765 4992 2869 5038 etc.
2931 5024 2934 5026 -

2226 5075 2255 5110 v
2299 5058 2372 5112 Ex
2401 5057 2613 5128 Grseco.
2661 5054 2803 5128 οὐδὲν
2831 5051 2988 5128 εἶχαν.
3023 5053 3182 5128 vers1
3205 5055 3330 5128 Aut.
3364 5052 3462 5128 Qui
3505 5064 3703 5128 sanatus

2153 5135 2342 5198 fuerat,
2397 5127 2527 5182 nihil
2584 5126 2835 5181 habebant
2875 5122 3013 5180 'c'ont.
3065 5127 3120 5181 In
3162 5122 3329 5180 Lucil.
3381 5126 3537 5193 fuerat
3581 5125 3704 5195 legit

2150 5202 2335 5258 Sabat.

2225 5282 2248 5309 ι
2293 5273 2448 5327 Vers.
2469 5270 2598 5326 Aut.
2623 5268 2864 5323 labentes
2888 5279 3058 5323 autem
3079 5285 3161 5321 eos
3185 5270 3320 5338 foras
3335 5265 3530 5338 consilii
3547 5267 3696 5328 abire,

2149 5344 2475 5413 conferebant
2505 5343 2738 5413 invicem.
2771 5341 2945 5398 Graec.
2977 5339 3071 5405 ἔξω
3096 5337 3480 5413 τοῦίσυνεδρίου,
3504 5347 3555 5394 et
3581 5342 3698 5413 πρὸς

2151 5416 2413 5479 ἀλλήλους,
2445 5429 2566 5468 cum
2603 5412 2772 5468 Lucil.

2220 5498 2247 5536 γ
2294 5487 2442 5541 Vers.
2477 5488 2605 5540 Aut.
2639 5484 2798 5541 Istis?
2825 5483 3064 5554 quoniam
3090 5483 3401 5554 .1uidem..._..
3429 5496 3512 5554 per
3530 5495 3692 5554 eos....

2147 5560 2499 5628 manifestum,
2533 5567 2703 5612 etnon
2732 5549 2847 5612 etcf
2883 5553 2982 5609 Ms.
3033 5549 3148 5626 reg.
3193 5570 3310 5610 cum
3342 5549 3507 5606 Luéif.
3544 5553 3698 5604 mani-

2170 5642 2332 5686 estum
2355 5641 2447 5684 est.

2147 5633 2332 5701 festum
2355 5641 2447 5684 est.

2223 5713 2243 5739 ι
2290 5701 2446 5757 Vers.
2482 5702 2606 5757 Ant.
2643 5699 2749 5757 Sed
2777 5706 2832 5752 ut
2861 5714 2923 5752 ne
2951 5698 3172 5768 amplius
3201 5703 3398 5766 serpant
3436 5694 3486 5748 in
3515 5695 3694 5765 plebem

2148 5775 2301 5828 verba
2345 5775 2471 5841 ista,
2512 5774 2667 5824 minis
2708 5772 2959 5824 minemur
2998 5773 3094 5837 eis,
3141 5785 3202 5824 ne
3244 5768 3694 5822 ultra.....nomine

2146 5847 2262 5901 isto.
