3900 6388
464 380 570 432 215
993 381 1255 438 EUSEBII
1295 380 1625 437 VERCELL.
1666 379 2108 438 EVANGELIUM
2144 383 2293 441 CUM
2329 385 2552 444 VARUS
2586 386 2740 444 COD.
2780 387 3169 447 COLLATUM.
3599 386 3704 442 216

2561 499 2788 557 CODEX
2827 501 3276 558 VERONENSIS.

862 492 1091 550 CODEX
1129 493 1660 550 VERCELLENSIS.

477 583 767 653 stupebant
793 598 877 638 om
1305 585 1392 638 28.
1438 584 1619 639 vestri.
1644 585 1700 639 Si
1723 594 1901 641 autem

478 655 563 724 nis
591 654 879 724 turbae,et
1304 654 1357 724 in
1389 653 1584 724 spiritu
1605 653 1697 708 Dei
1726 669 1827 724 ego

475 723 726 778 dicebant
755 742 768 776 :
800 722 963 780 Num-
1301 722 1437 778 eicio
1474 723 1691 778 daemo-

478 793 606 873 quid
619 792 824 873 'lticest
849 792 914 846 11-
1303 795 1410 873 nia,
1426 794 1623 873 _ut_iquc
1652 793 1845 863 adpro-

479 861 584 917 lius
619 861 819 916 David?
1302 863 1464 930 piavit
1494 864 1546 916 in
1574 878 1667 919 vos

473 932 565 985 24.
596 931 864 1001 Pharisaei
891 946 983 987 au—
1298 947 1521 1001 regnum
1544 931 1659 986 Dei.

479 1011 588 1054 tem
615 1000 804 1054 audien
818 1031 834 1041 -
1298 1000 1387 1055 29.
1430 1004 1536 1055 Aut
1560 1001 1828 1069 quomodo

474 1079 577 1132 tes,
605 1069 887 1125 dixerunt:
919 1075 930 1087 ‘
1042 1123 1046 1126 ,
1301 1079 1480 1138 potest
1501 1071 1617 1138 quis
1642 1070 1722 1125 in-

477 1139 576 1193 Hic
613 1152 714 1191 non
742 1139 871 1194 eicit
1301 1149 1444 1193 trare
1475 1143 1527 1193 in
1558 1140 1657 1193 do-

465 1209 750 1261 Ilaemonia
1299 1225 1444 1262 mum
1479 1209 1652 1272 fortis,

473 1279 572 1351 nisi
606 1278 656 1351 in
689 1277 764 1351 (a)
793 1281 1015 1335 Beelze-

475 1346 564 1420 bul
593 1345 633 1417 ἰ·
665 1345 963 1420 principem

475 1417 905 1473 daemoniorum.

476 1487 565 1540 25.
594 1485 747 1540 Jcsus
772 1498 951 1546 autem
983 1494 1086 1549 sci-

473 1570 570 1609 ens
597 1557 877 1624 cogitatio.

477 1639 574 1678 nes
602 1640 808 1692 eorum,

475 1694 608 1747 dixit
637 1696 718 1750 eis
750 1716 763 1751 :
795 1698 924 1757 0m-

478 1780 600 1818 uem
623 1781 846 1834 regnum

475 1834 706 1888 divisum
745 1852 873 1892 con-

478 1917 558 1956 tra
591 1919 669 1966 se,
699 1904 910 1961 desola-

477 1973 622 2024 bitur
648 1989 662 2025 :
685 1981 740 2024 et
765 1990 883 2028 om-

1298 1287 1354 1333 et
1383 1292 1506 1331 vasa
1537 1279 1653 1346 ejus

1297 1348 1548 1416 diripere,
1575 1349 1672 1402 nisi

1302 1419 1447 1484 prius
1477 1417 1732 1485 alligave-

1300 1488 1371 1540 rit
1397 1485 1586 1539 fortem
1607 1489 1629 1538 ?
1659 1497 1712 1542 et

1298 1565 1423 1609 tunc
1445 1555 1663 1609 domum

1296 1625 1439 1680 illius
1463 1625 1652 1694 diripi-

1296 1694 1385 1749 ‘50.
1428 1705 1501 1749 et.
1522 1694 1622 1758 Qui
1651 1710 1757 1750 non

1297 1774 1381 1818 est
1397 1779 1614 1817 mecum
1625 1804 1639 1827 ,

1297 1843 1483 1887 contra
1521 1847 1604 1884 me
1633 1842 1716 1887 88'.
1743 1850 1760 1884 .'

1298 1909 1355 1956 et
1378 1902 1464 1970 qui
1491 1915 1594 1954 non
1618 1916 1745 1955 con-

1297 1979 1482 2038 gregat
1502 1985 1734 2037 mecum,

480 2042 564 2093 nis
584 2040 803 2108 civitas,
1299 2039 1608 2108 dispargit.
1652 2078 1669 2094 .
1711 2076 1728 2093 .
1773 2078 1787 2094 .
1830 2077 1847 2097 .
1891 2080 1904 2092 .

483 2110 566 2163 vel
595 2107 894 2166 domus’di-
1298 2107 1401 2164 31.
1430 2107 1532 2163 deo
1558 2107 1680 2164 dico
1708 2124 1774 2166 vo
1814 2146 1830 2163 .
1874 2147 1886 2162 .
1922 2128 1936 2164 :

481 2179 595 2233 visa
617 2189 803 2235 contra
1298 2179 1469 2233 Omne
1511 2193 1576 2246 pe
1617 2218 1629 2230 .

482 2263 564 2311 se,
595 2265 703 2303 non
725 2252 906 2306 stavit.

480 2318 573 2400 26.
611 2318 665 2374 Si
696 2320 921 2400 Satanas
942 2321 1038 2380 Sa-

483 2399 642 2441 tanan
672 2390 819 2457 eicit,

483 2459 764 2511 adversum

485 2540 544 2580 se
573 2527 774 2581 divisus
800 2537 884 2583 est
914 2547 926 2580 :

483 2597 752 2662 quomodo
774 2614 863 2652 er-

482 2679 552 2734 go
573 2669 730 2737 stavit
753 2683 873 2737 reg-

485 2751 616 2789 num
640 2736 798 2804 ejus?

482 2803 576 2875 27.
617 2803 767 2870 Quod
798 2807 843 2860 si
886 2821 986 2875 ego
1036 2807 1088 2860 in
1131 2807 1231 2862 Be-

488 2873 697 2944 elzebul
726 2876 864 2931 eicio
892 2873 971 2944 (ὃ)

483 2943 764 3013 daemonia
791 2945 854 3013 τ,
887 2943 947 2998 ti~

484 3011 542 3066 lii
563 3015 726 3068 vestri
758 3011 816 3067 in
835 3029 945 3082 quo

482 3082 722 3136 eiciunt?
752 3083 876 3137 Ideo
1299 3092 1388 3137 tur
1414 3083 1484 3147 ei,
1514 3097 1612 3137 nec
1645 3085 1697 3137 in

484 3151 585 3221 ipsi
606 3151 804 3221 judicis
831 3161 991 3209 erunt
1299 3151 1403 3208 hoc
1427 3152 1645 3208 saeculo
1661 3192 1675 3220 ,
1700 3167 1796 3207 ue-

905 3263 1131 3322 CODEX
1170 3265 1630 3322 CORBEIENSIS.

487 3354 816 3428 mirabantur
838 3371 1024 3428 omnes
1052 3355 1252 3421 turbae,
1277 3367 1331 3412 et
1355 3357 1604 3413 dicebant
1643 3375 1655 3411 :
1686 3358 1944 3428 Numquid
1969 3358 2056 3413 hic

489 3434 573 3479 est
594 3425 728 3478 filius
746 3425 907 3480 David
921 3427 944 3479 ?
956 3426 1220 3481 Pharisaei
1239 3437 1414 3482 autem
1431 3430 1446 3458 ⁸
1462 3428 1740 3482 audientes
1771 3425 1889 3493 hoc,
1907 3429 2057 3482 dixe-

488 3503 642 3566 runt:
667 3494 869 3566 Hienon
899 3494 1042 3566 ejicit
1058 3495 1337 3551 daemonia
1362 3498 1461 3551 nisi
1486 3498 1536 3551 in
1556 3499 1575 3528 ³
1596 3498 1892 3553 Beelzebub
1912 3500 2055 3566 prin~

486 3563 659 3630 cipem
691 3563 1149 3637 daemoniorum.'
1169 3567 1365 3622 Videns
1388 3577 1564 3621 autem
1593 3567 1751 3622 Jesus
1779 3563 2053 3637 cogitatio-

484 3647 582 3686 nes
631 3647 814 3688 eorum
832 3676 860 3705 ,ί
900 3636 1038 3689 dixit
1067 3636 1131 3689 ’δε
1171 3637 1342 3691 Omne
1385 3651 1605 3705 regnum
1645 3636 1878 3691 divisum
1908 3640 1928 3668 ⁸
1957 3639 2049 3691 ad-

485 3716 697 3756 versum
729 3717 811 3765 se,
833 3704 1153 3759 destituetur
1185 3723 1197 3758 :
1232 3717 1284 3759 et
1311 3704 1484 3759 omnis
1509 3708 1717 3771 civitas,
1748 3707 1830 3760 vel
1861 3708 2049 3760 domus

483 3771 994 3842 divisa‘adversum
1025 3789 1102 3836 se,
1129 3789 1232 3828 non
1279 3776 1456 3828 stabit.
1482 3776 1501 3806 "
1556 3776 1609 3830 Si
1647 3789 1775 3842 ergo
1827 3777 2050 3830 Satanas

485 3841 736 3896 Satanam
757 3843 935 3911 ejicit,
965 3844 1248 3898 adversum
1279 3857 1338 3897 se
1364 3844 1566 3897 divisus
1608 3854 1688 3897 est
1718 3841 1733 3894 Ξ
1785 3846 2051 3912 quomodo

486 3925 617 3982 ergo
637 3913 796 3982 stabit
817 3927 1038 3982 regnum
1066 3912 1222 3980 ejus?
1253 3912 1407 3979 Quod
1431 3914 1472 3965 si
1496 3927 1596 3981 ego
1623 3914 1674 3964 in
1701 3915 1721 3942 ⁸
1746 3912 2049 3967 Beelzebub

487 3980 647 4049 ejicio
689 3980 968 4037 daemonia
997 4023 1012 4048 ,
1075 3982 1168 4036 filii
1210 3983 1373 4036 vestri
1419 3983 1472 4035 in
1524 3980 1628 4047 Quo
1669 3982 1926 4049 'ejicient
1955 3982 1978 4034 t
2007 3983 2050 4012 ¹⁰

486 4046 718 4119 [deoque
750 4051 960 4117 judices
984 4046 1143 4106 erunt
1193 4051 1378 4105 vestri.
1430 4053 1485 4104 Si
1531 4046 1708 4104 autem
1740 4046 1814 4104 —in
1863 4053 2047 4119 spiritu

490 4115 585 4169 Dei
623 4115 721 4184 ego
747 4115 902 4186 ejicio
945 4122 1249 4188 daemonia,
1304 4122 1482 4188 utique
1527 4115 1974 4188 adpropinquavit
2006 4121 2044 4152 “

488 4183 1012 4264 supervosregndm
1043 4192 1273 4264 Dei.Aut
1293 4183 1560 4264 quomodo
1590 4183 1763 4264 potest
1787 4183 1828 4221 η
1860 4191 2049 4264 aliquis

489 4256 720 4328 introire
738 4256 1033 4328 indomunt
1064 4260 1238 4325 fortis,
1268 4256 1323 4314 et
1348 4274 1471 4313 vasa
1502 4256 1617 4326 ejus
1644 4260 1877 4328 diripere
1897 4301 1912 4326 ,
1948 4256 2047 4314 nisi

487 4324 636 4403 prius
664 4323 710 4403 ‘_'_
727 4324 1026 4403 alligaverit
1079 4323 1252 4394 ipsum
1302 4329 1492 4382 fortem
1511 4323 1638 4403 ?'A_et
1679 4323 1791 4403 tum
1829 4323 2046 4383 domum

486 4392 632 4446 illius
660 4392 892 4460 diripiet.
921 4394 1020 4457 Qui
1046 4392 1151 4446 non
1183 4405 1266 4448 est
1302 4411 1532 4462 mecum,
1559 4397 1602 4427 “
1628 4399 1911 4451 adversum
1965 4414 2049 4451 me

487 4473 570 4542 est
603 4463 805 4542 :et_qui
836 4477 942 4542 non
968 4473 1255 4542 cengregat
1277 4477 1485 4542 mecum
1511 4503 1525 4525 ,
1559 4464 1604 4542 "_
1653 4468 1872 4542 spargit.
1925 4465 2049 4542 [deo

486 4533 609 4586 dico
631 4531 784 4586 vobis
814 4548 827 4584 :
857 4532 1028 4585 Omne
1057 4538 1329 4598 peccatum
1360 4539 1415 4584 et
1435 4531 1770 4598 blasphemia
1799 4533 1842 4563 “
1869 4538 2050 4586 remit-

485 4610 671 4656 tuntur
699 4600 1036 4664 hominibus;
1070 4601 1158 4667 qui
1187 4607 1363 4653 autem
1399 4601 1450 4652 in
1479 4599 1734 4666 Spiritum
1788 4601 1878 4655 Dei
1941 4603 2050 4654 bla-

481 4671 843 4739 sphemaverit
857 4686 962 4724 non
981 4669 1271 4739 remittitur
1288 4672 1358 4722 ei.
1379 4668 1444 4739 Et
1464 4670 1826 4739 quiquumque
1854 4670 2050 4724 dixerit

484 4738 703 4794 verbum
732 4741 991 4795 adversus
1037 4739 1200 4792 lilium
1251 4738 1479 4792 hominis
1508 4779 1524 4803 ,
1575 4738 1878 4792 remittetur
1928 4740 2046 4793 illi:

485 4811 574 4876 qui
606 4819 780 4863 autem
810 4811 1007 4864 dixerit
1033 4818 1217 4862 contra
1248 4808 1506 4879 Spiritum
1545 4817 1818 4874 sanctum,
1869 4823 1972 4861 non
2008 4809 2047 4838 "

485 4879 776 4935 remittitur
796 4880 867 4946 ei,
896 4895 1069 4948 neque
1095 4880 1149 4934 in
1182 4879 1282 4933 hoc
1312 4879 1548 4943 saeculo,
1567 4893 1660 4932 ne-

1302 2256 1412 2302 tum
1440 2255 1494 2302 et
1520 2247 1772 2316 blasphe-

1302 2318 1408 2372 mia
1435 2321 1674 2371 remitte-

1303 2395 1388 2439 tur
1413 2386 1737 2442 hominibus.

1301 2456 1391 2528 32.
1434 2456 1501 2528 Et
1524 2457 1842 2528 quicumque

1303 2527 1499 2580 dixerit
1530 2541 1648 2580 ver-

1305 2597 1428 2650 bum
1459 2606 1644 2650 contra

1304 2664 1469 2718 ﬁlium
1499 2666 1670 2719 ltomi-

1304 2737 1407 2799 nis,
1439 2736 1677 2790 remitte-

1305 2815 1390 2859 tur
1417 2806 1466 2859 ei
1497 2821 1508 2856 :
1535 2808 1625 2873 qui
1655 2816 1833 2861 autem

1303 2874 1496 2928 dixerit
1522 2884 1705 2930 contra

1305 2944 1558 3012 Spiritum
1595 2955 1859 3010 sanctum,

1302 3029 1410 3068 non
1435 3015 1674 3068 remitte-

2139 587 2368 642 audiret.

2139 657 2230 711 25.
2274 657 2338 710 Ει
2361 659 2648 726 stupebant

2141 741 2331 780 omnes
2354 728 2560 793 turbae,

2143 805 2198 848 et
2225 794 2474 850 dicebant
2500 815 2512 848 :

2140 862 2405 931 Numquid
2444 866 2532 920 hic

2142 943 2226 987 est
2251 933 2392 988 ﬁlius

2145 1001 2306 1056 David
2330 1003 2354 1056 Ἰ

2140 1072 2230 1126 24.
2264 1071 2532 1134 Pharisaei

2037 1167 2042 1172 ο
2143 1153 2318 1196 autem
2345 1141 2561 1195 audien—

2145 1221 2245 1276 tes,
2276 1211 2522 1265 dixerunt
2546 1228 2559 1265 :

2144 1280 2242 1333 llic
2257 1293 2362 1333 non
2390 1281 2467 1333 ei-

2141 1350 2217 1403 cit
2245 1350 2530 1404 daemones

2144 1419 2244 1490 nisi
2276 1419 2326 1490 in
2360 1416 2439 1490 (a)
2460 1418 2644 1490 Belze-

2143 1487 2233 1542 bul
2262 1487 2304 1557 -ι-
2331 1487 2623 1557 principem

2144 1559 2566 1612 daemoniorum.

2141 1625 2232 1680 25.
2264 1626 2418 1680 Jesus
2446 1636 2624 1684 autem

2143 1696 2322 1749 sciens
2349 1696 2631 1764 cogitatio-

2147 1779 2242 1819 nes
2267 1779 2473 1828 eorum,
2501 1765 2637 1820 dixit

2146 1835 2264 1905 eis:
2293 1833 2466 1889 Omne
2484 1850 2704 1905 regnum

2148 1903 2373 1956 divisum
2403 1903 2589 1958 contra

2143 1987 2223 2036 se,
2246 1971 2605 2053 desolabitttr:

2142 2053 2197 2095 et
2219 2056 2392 2094 omnis
2418 2057 2550 2095 CIVI-

2146 2121 2247 2172 tas,
2271 2111 2353 2162 vel
2382 2111 2570 2166 domus

2143 2180 2310 2234 divisa
2332 2191 2517 2234 contra

2142 2264 2221 2314 se,
2251 2264 2353 2303 non
2374 2251 2552 2304 stabit.

2142 2318 2234 2373 26.
2277 2318 2330 2373 Si
2361 2319 2502 2373 enim
2527 2320 2628 2375 Sa-

2143 2397 2295 2442 tanas
2317 2388 2546 2445 Satanan

2143 2458 2287 2522 eicit,
2311 2459 2568 2516 adversus

2145 2540 2204 2582 se
2224 2528 2426 2582 divisus
2452 2541 2562 2585 est:

2143 2598 2412 2666 quomodo
2441 2613 2569 2666 ergo

2143 2667 2305 2721 stabit
2333 2683 2551 2734 regnum

2141 2734 2230 2789 27.
2275 2737 2425 2804 ejus?
2448 2738 2599 2803 Quod

2143 2807 2190 2860 si
2213 2821 2310 2876 ego
2341 2809 2392 2859 in
2427 2807 2543 2862 Bel—

2954 600 3115 644 erunt
3139 592 3323 646 vestri.

2954 661 3043 715 28.
3085 661 3143 715 Si
3166 671 3340 715 autem
3364 662 3417 716 in

2956 730 3147 796 spiritu
3169 731 3261 786 Dei

2954 799 3092 852 eicio
3114 801 3416 865 daemonia,

2956 869 3136 939 utique
3157 870 3475 939 adpripiavit

2955 938 3012 1009 in
3033 952 3125 991 vos
3147 938 3365 1009 regnum
3390 941 3504 994 Dei.

2952 1007 3040 1060 29.
3083 1011 3187 1061 Aut
3206 1007 3475 1077 quomodo

2954 1086 3129 1145 potest
3153 1080 3272 1146 quis
3297 1079 3376 1132 in-

2956 1156 3097 1199 trare
3128 1147 3178 1199 in
3200 1148 3418 1202 domum

2953 1215 3126 1278 fortis,
3157 1225 3213 1271 et
3243 1231 3368 1270 vasa

2952 1286 3070 1356 ejus
3091 1286 3346 1356 diripere,

2952 1354 3053 1407 nisi
3079 1354 3224 1422 prius
3246 1356 3423 1420 ipsum

2953 1423 3249 1491 alligaberit
3274 1425 3386 1478 for-

2960 1494 3108 1546 tem?
3135 1504 3190 1548 et
3216 1502 3342 1548 tunc

2962 1561 3177 1616 domum
3204 1565 3344 1616 illius
3364 1561 3608 1631 diripiet.

2958 1631 3050 1686 30.
3088 1632 3187 1699 Qui
3217 1649 3324 1686 non
3347 1642 3430 1687 est
3455 1647 3576 1686 me-

2960 1714 3104 1767 eum,
3134 1710 3320 1756 contra
3345 1717 3435 1756 me

2961 1780 3043 1822 est
3065 1785 3081 1823 :
3102 1781 3156 1824 et
3174 1772 3266 1840 qui
3294 1786 3400 1825 non

2968 1850 3258 1908 congregat
3287 1854 3498 1894 mecum

2970 1908 3246 1978 dispargit.

2965 1977 3054 2030 3|.
3094 1976 3219 2032 Ideo
3247 1979 3370 2032 dico
3390 1976 3579 2033 vobis:

2965 2047 3138 2100 Omne
3165 2057 3438 2116 peccatum

2967 2125 3020 2170 et
3049 2115 3375 2184 blasphemia
3405 2131 3491 2170 re-

2966 2187 3206 2240 mittetur
3236 2187 3463 2240 homini-

2964 2255 3094 2324 bus;
3119 2256 3207 2324 qui
3235 2264 3412 2310 autem

2966 2325 3018 2378 in
3050 2323 3309 2392 Spiritum
3338 2339 3462 2379 san-

2964 2404 3107 2448 ctum
3130 2394 3474 2464 blasphema-

2963 2464 3105 2518 berit
3136 2478 3240 2518 non
3255 2463 3459 2518 remit-

2963 2541 3109 2604 tetur
3136 2535 3211 2587 illi
3234 2542 3542 2604 peccatum.

2963 2602 3054 2656 52.
3094 2603 3160 2656 Et
3184 2602 3510 2672 quicumque

2964 2672 3162 2725 dixerit
3191 2671 3412 2725 verbum

2965 2747 3151 2795 eontra
3184 2740 3348 2793 illium
3379 2739 3478 2792 bo-

2965 2807 3151 2874 minis,
3184 2811 3486 2866 remittetur

2142 2876 2296 2947 z_ebttl
2324 2876 2458 2930 eicio
2473 2877 2554 2947 (ὁ)

2144 2945 2425 3015 daemonia
2456 2945 2497 3015 1‘
2526 2945 2542 3012 ,

2144 3014 2219 3069 illi
2251 3017 2410 3068 vestri
2439 3014 2490 3068 in
2518 3028 2624 3082 quo

2144 3085 2376 3139 eiciunt?
2405 3084 2532 3137 ldeo

2148 3154 2249 3223 ipsi
2275 3154 2484 3224 judices

2966 2878 3048 2932 ei:
3081 2877 3175 2947 qui
3201 2889 3378 2933 autem
3399 2877 3486 2947 di-

2966 2946 3112 3001 xerit
3131 2958 3314 3002 contra
3331 2946 3502 3016 Spiri-

2970 3026 3081 3070 tum
3104 3027 3373 3081 sanctum,
3401 3030 3509 3069 non

2971 3087 3272 3141 remittetur
3294 3087 3365 3147 ei,
3384 3099 3477 3138 ne-

2970 3170 3074 3224 que
3101 3157 3155 3210 in
3180 3155 3281 3211 boc
3310 3153 3546 3219 saeculo,

2615 3264 2841 3321 CODEX
2871 3265 3261 3324 BRIXIANUS.

2230 3357 2298 3411 Et
2325 3356 2608 3428 stupebant
2630 3371 2819 3428 omnes
2870 3357 3056 3412 turbae
3076 3367 3130 3414 et
3157 3358 3426 3414 dicebant.
3457 3359 3729 3428 Numquid

2160 3426 2248 3480 hic
2272 3438 2354 3480 est
2374 3427 2513 3480 filius
2537 3425 2728 3481 David.

2229 3496 2500 3551 Pharisaei
2526 3506 2701 3550 autem
2722 3496 3024 3552 audientes.
3056 3499 3325 3552 dixerunt.
3349 3497 3444 3551 Hic
3464 3514 3571 3552 non
3598 3499 3732 3552 eicit

2155 3567 2454 3620 daemonia.
2496 3567 2596 3620 nisi
2635 3567 2688 3619 in
2731 3567 3029 3620 Beelzebul.
3071 3568 3366 3634 principem
3409 3567 3730 3621 daemonio-

2160 3651 2296 3689 rum.
2347 3636 2503 3690 Jesus
2561 3643 2740 3688 autem
2829 3636 3003 3689 sciens
3089 3637 3441 3703 cogitationes
3513 3652 3724 3691 eorum.

2151 3705 2286 3758 dixit
2353 3705 2443 3772 eis
2479 3703 2669 3772 Omne
2737 3719 2958 3772 regnum
3007 3704 3234 3760 divisum
3302 3707 3585 3762 adversum
3635 3723 3729 3760 se-

2151 3775 2347 3894 ipsum.
2416 3771 2764 3825 desolabitur.
2815 3771 2876 3827 et
2927 3776 3101 3828 oumis
3152 3777 3484 3830 civitas'vel
3531 3776 3732 3852 domus

2151 3856 2317 3894 tmsa
2369 3841 2624 3894 adversus
2669 3857 2746 3894 se.
2798 3856 2899 3894 non
2941 3844 3122 3894 stabit.
3176 3846 3240 3894 Et
3279 3846 3324 3894 si
3374 3844 3602 3894 Satanas
3629 3847 3730 3894 Sa-

2150 3841 2317 3895 divisa
2369 3841 2624 3896 adversus
2669 3857 2746 3894 se.
2798 3856 2899 3897 non
2940 3844 3122 3898 stabit.
3176 3846 3240 3898 Et
3279 3846 3325 3898 si
3374 3844 3602 3899 Satanas
3629 3847 3730 3900 ss-

2154 3921 2312 3982 tanan
2356 3912 2506 3964 eicit.
2552 3910 2807 3982 adversus
2837 3915 3183 3979 semetipsum
3231 3914 3434 3982 divisus
3462 3925 3546 3968 est
3589 3931 3728 3982 quo-

2153 3981 2312 4034 modo
2333 3994 2459 4048 ergo
2488 3980 2651 4049 stabit
2679 3994 2899 4047 regnum
2927 3981 3062 4049 ejus.
3089 3980 3252 4046 Quod"
3269 3984 3315 4034 si
3349 3998 3450 4049 ego
3480 3984 3531 4034 in
3565 3980 3722 4036 Beel-

2151 4051 2302 4102 zebul
2325 4050 2459 4103 eicio
2492 4048 2566 4118 (ὁ)
2592 4048 2889 4101 daemonia.
2910 4048 2950 4118 -ι-
2975 4050 3071 4102 lilii
3096 4050 3256 4104 vestri
3297 4052 3350 4103 in
3389 4048 3495 4117 quo
3523 4053 3729 4105 eiciunt

2153 4119 2296 4173 Ideo.
2321 4119 2419 4186 ipsi
2446 4117 2657 4188 judices
2691 4126 2849 4171 erunt
2872 4117 3053 4172 vestri.
3085 4119 3141 4173 Si
3185 4129 3360 4173 autem
3391 4133 3490 4186 ego
3533 4124 3582 4172 in
3613 4122 3732 4188 spi-

2152 4191 2254 4243 ritu
2299 4189 2388 4243 Dei
2418 4189 2554 4256 eicio
2579 4186 2877 4241 daemonia.
2911 4189 3092 4255 utique
3126 4190 3394 4256 praevenit
3423 4191 3473 4240 in
3517 4205 3612 4242 vos
3642 4186 3729 4244 re-

2149 4273 2312 4328 gnum
2335 4259 2472 4328 Dei.
2517 4255 2622 4310 Aut
2649 4257 2916 4328 quomodo
2945 4255 3140 4328 potest.
3183 4259 3302 4326 quis
3322 4257 3523 4311 intrare
3551 4259 3603 4311 in
3632 4259 3730 4310 dn-

2151 4326 2293 4382 inum
2325 4327 2477 4380 fortis
2503 4335 2560 4381 et
2583 4326 2837 4394 vasaerS
2869 4327 3123 4394 diripere.
3145 4328 3244 4381 nisi
3261 4328 3405 4395 prius
3430 4328 3730 4395 alligaverit

2152 4398 2342 4451 fortem
2371 4404 2426 4450 et
2455 4407 2579 4449 tunc
2610 4396 2826 4450 demum
2852 4397 2970 4464 ejus
2991 4397 3208 4465 diripiet
3236 4398 3334 4462 Qui
3365 4410 3470 4449 non
3499 4406 3582 4449 est
3612 4413 3726 4450 me—

2151 4481 2292 4518 cum.
2336 4477 2520 4517 contra
2572 4479 2658 4534 me
2702 4474 2815 4534 est.
2836 4477 2890 4519 et
2935 4467 3024 4534 qui
3057 4483 3162 4520 non
3200 4474 3486 4533 congregat
3515 4480 3729 4520 mecum

2152 4536 2371 4604 spargit.
2398 4533 2523 4604 Ideo
2553 4533 2672 4604 dico
2701 4533 2862 4604 vobis
2881 4533 3052 4588 omne
3085 4542 3356 4602 peccatum
3388 4545 3442 4587 et
3472 4535 3732 4604 blasphe-

2153 4603 2280 4673 mia.
2315 4603 2619 4673 remittetur
2647 4601 2970 4673 hominibus.
3004 4601 3233 4672 Spiritus
3263 4611 3440 4673 autem
3471 4601 3731 4673 blasphe-

2154 4671 2255 4722 mia
2283 4684 2385 4722 non
2419 4669 3066 4740 retnitteturbominibus.
3099 4674 3160 4726 Et
3189 4670 3507 4740 quicumque
3532 4669 3734 4729 diierit

2154 4737 2649 4813 verbuttt_adverstts
2670 4739 2837 4793 ﬁlium
2869 4740 3124 4813 hominis.
3164 4737 3466 4797 rémittettir
3513 4745 3585 4798 ei.
3632 4747 3729 4813 qui

2154 4817 2328 4860 autem
2359 4805 2555 4860 dixerit
2583 4807 2841 4862 adversus
2880 4810 3137 4877 Spiritum
3184 4823 3447 4876 sanctum.
3495 4829 3602 4870 non
3643 4805 3730 4868 re-

2154 4879 2392 4931 mittetur
2419 4876 2491 4930 ei.
2522 4891 2694 4945 neque
2725 4878 2776 4930 in
2807 4876 3164 4935 boc’saeculo

1156 4968 1546 5028 VARIANTES
1584 4967 1968 5026 LECTIONES
2004 4964 2264 5025 CODlCIS
2303 4965 2414 5020 MS.
2455 4965 2513 5020 S.
2553 4966 3060 5024 GERMANENSIS.

546 5065 564 5094 ί
601 5059 874 5108 audientes.
898 5057 1130 5107 dixerunt
1152 5074 1163 5106 :

545 5125 569 5154 ι
601 5099 876 5169 Ἠὲἑῑὶὲιῖιῖἰ

545 5189 567 5220 ³
597 5180 768 5230 Sciens

543 5247 568 5279 δ
601 5243 711 5289 eis:

545 5308 566 5339 ι
599 5308 762 5351 contra
785 5313 842 5350 se
865 5298 1165 5351 desolabitur
1191 5315 1201 5349 :

543 5368 565 5396 θ
597 5368 761 5412 contra

542 5428 564 5456 τ
598 5424 650 5470 Si
676 5422 806 5470 enim

542 5487 564 5517 ³
595 5481 857 5530 Beelzebul

541 5548 562 5577 ο
596 5542 824 5605 ejiciuut?

2225 5057 2270 5126 ἓξ
2303 5053 2422 5126 Ῑᾳεο
2439 5055 2572 5126 ίρθί.-
2605 5116 2614 5126 .

2225 5118 2267 5148 ιι
2289 5114 2581 5223 adproriavit
2602 5116 2652 5162 in
2675 5116 2810 5165 vobis

2224 5177 2268 5208 ⁸³
2301 5187 2411 5224 ams
2453 5181 2619 5224 ntrare

2224 5189 2268 5208 --
2301 5189 2411 5238 quis
2435 5189 2619 5224 intrare

2224 5237 2269 5269 *⁸
2300 5237 2571 5297 alligaverit
2592 5235 2796 5286 fortem?

2221 5297 2266 5328 ιδ
2297 5304 2463 5345 contra

2217 5359 2262 5390 ¹⁸
2295 5357 2549 5419 dispargit.

2215 5419 2260 5449 ³⁸
2293 5416 2605 5468 remittuntur
2619 5417 2905 5468 hominibus.
2923 5416 2985 5469 Et
3003 5420 3296 5486 quicumque
3312 5423 3496 5473 dixerit
3518 5423 3724 5473 verbum

2149 5488 2316 5530 contra

2213 5541 2255 5572 ιτ
2290 5540 2568 5590 remittetur

2002 5643 2158 5700 ZHINI
2195 5643 2425 5700 NOTE.

548 5738 622 5807 (a)
646 5738 842 5794 Textus
863 5739 1081 5795 Graccus
1107 5726 1479 5809 Βιελζιϐούλψῑ
1501 5737 1671 5796 codex
1687 5644 2049 5804 γετῗειῖίξιζῗ

2176 5644 2533 5807 disignum
2547 5736 2743 5808 e.-—(b)
2765 5736 2838 5793 Ita
2858 5743 3115 5794 ettexttts
3129 5735 3436 5806 timenem}
3461 5735 3715 5812 δαιμόνια.
