3854 6412
170 408 271 464 915

744 411 834 467 DE
874 409 1008 468 NON
1049 407 1416 467 PARCENDO
1457 409 1520 464 1N
1568 405 1755 463 DEUM
1796 404 2390 477 DELINQUENTIBUS
2430 412 2635 472 LIBER
2673 413 2877 474 UNUS.

3340 418 3442 476 974

175 543 319 594 num,
353 529 436 582 vel
488 542 609 583 eum
640 536 751 583 tum
797 527 915 598 ejus
946 528 1270 595 discipulum
1296 537 1442 581 tuum
1484 527 1754 581 conscoti-
1782 523 1832 581 Α
1857 521 2129 580 Joannes?
2160 523 2391 582 Herodes
2411 539 2577 586 autem
2599 532 2855 586 tetrarcha
2873 548 2989 587 cum
3016 537 3358 603 corriperetur
3383 537 3448 592 ab

176 633 298 672 num
322 628 349 656 α
369 660 384 686 ,
415 620 519 674 nisi
571 619 690 690 quia
724 630 777 673 tu
803 629 928 674 ante
956 622 1131 674 omnia
1156 620 1333 683 dicas,
1367 619 1456 674 ille
1488 634 1616 673 vero
1643 628 1761 688 post

175 709 378 764 omnia?
403 709 670 766 Caeterum
697 727 796 764 una
821 710 970 763 vobis
992 711 1328 765 crudelitatis
1357 708 1384 747 δ
1408 721 1569 780 atque
1590 711 1763 764 incre-

176 803 416 859 dulitatis
471 820 624 858 mens
655 813 762 869 est,
791 812 850 857 ut
895 806 1168 870 diceretis,
1216 819 1322 858 non
1369 803 1565 858 habere
1595 803 1762 858 Deum

182 907 202 933 ο
234 911 420 952 verum
472 897 687 951 Filium.
747 896 947 951 Contra
994 896 1189 961 videte,
1250 895 1521 966 quomodo
1551 897 1617 950 sit
1644 910 1764 951 ere-

177 991 314 1046 dens
369 1001 553 1047 sancta
616 991 863 1048 ecclesia.
915 990 1178 1046 Credimus
1216 988 1242 1026 ἀ
1285 991 1342 1044 in
1387 1005 1545 1043 unum
1604 989 1763 1043 Deum

183 1082 390 1137 Patrem
431 1084 860 1152 omnipotentem,
911 1084 1184 1136 visibilium
1236 1091 1258 1120 ο
1293 1092 1340 1134 et
1393 1082 1762 1146 inrisibilium,

176 1175 462 1244 factorem,
509 1185 557 1229 et
597 1175 649 1228 in
701 1192 858 1228 unum
912 1173 1189 1228 Dominum
1242 1173 1418 1227 Jesmn
1454 1173 1470 1209 τ
1508 1173 1767 1226 Christum

183 1267 378 1324 Filium
429 1267 526 1323 Dei
585 1280 759 1321 natum
808 1268 869 1319 de
905 1267 1057 1320 Patre
1086 1278 1133 1329 α,
1177 1269 1268 1319 hoc
1296 1277 1367 1319 est
1396 1267 1458 1318 de
1487 1266 1768 1318 substantia

181 1360 372 1425 Patris,
417 1358 573 1415 Deum
599 1362 662 1414 de
689 1360 815 1426 Deo,
847 1361 1013 1414 lumen
1045 1361 1106 1413 de
1147 1360 1356 1421 lumine,
1388 1358 1550 1411 Deum
1598 1373 1769 1412 verum

179 1453 244 1508 de
302 1452 406 1508 Deo
454 1469 592 1520 vero,
642 1462 819 1507 natum
870 1470 968 1507 non
1001 1451 1024 1488 ¹ι
1050 1457 1262 1520 factum,
1299 1453 1448 1506 unius
1489 1451 1501 1488 ί
1535 1453 1771 1506 substan-

176 1547 265 1600 tite
315 1563 432 1600 cum
493 1545 664 1608 Patre,
715 1547 850 1615 quod
897 1545 1065 1599 (ἱνα-εἱ
1112 1546 1288 1597 dicunt
1325 1543 1626 1614 ὁμοούσιον,
1683 1559 1773 1610 τεν

177 1652 328 1708 quem
374 1637 547 1690 omnia
602 1639 740 1706 facta
769 1647 907 1698 sunt,
940 1636 1076 1688 siuei
1114 1652 1226 1705 qtae
1255 1637 1304 1688 in
1337 1639 1481 1699 caelo,
1531 1637 1635 1688 sive
1662 1651 1772 1704 quae

176 1731 231 1786 in
253 1741 390 1784 terra
417 1740 559 1795 sunt,
591 1730 676 1799 qui
702 1741 907 1798 prOpter
934 1746 1022 1782 nos
1053 1728 1279 1781 homines
1307 1738 1355 1782 et
1389 1739 1597 1798 prapter
1647 1745 1775 1782 nos-

177 1836 314 1880 trans
368 1825 590 1879 salutem
631 1824 914 1889 descendit,
971 1833 1018 1877 et
1069 1825 1370 1876 incarnatus
1420 1832 1518 1885 est,
1572 1818 1770 1875 homo"

1858 616 1951 670 illo
1965 627 2170 688 propter
2185 627 2211 656 ι
2228 618 2573 678 Herodiadem
2586 641 2798 679 uxorem
2815 625 2995 693 fratris
3017 627 3120 692 sui,
3136 635 3184 682 et
3200 629 3263 682 de
3281 630 3446 684 omni-

1863 709 1952 763 bus
1967 713 2120 764 malis
2137 729 2249 779 quae
2259 715 2377 784 fecit
2398 713 2645 784 Herodes,
2673 718 2862 782 adiecit
2883 719 2978 772 hoc
2998 736 3156 790 super
3168 724 3362 786 omnia,
3381 733 3432 777 et

1863 802 2071 856 inclusit
2107 802 2360 860 Joannem
2397 809 2453 860 in
2493 808 2958 880 curcere(Luc.m,
2996 811 3062 867 19
3095 812 3134 883 ).
3169 812 3284 880 Qua
3311 814 3451 869 dere

1867 893 2090 948 inclusit
2117 895 2378 952 Joannem
2413 897 2686 956 Herodes?
2740 911 2888 958 certe
2941 904 3065 972 quia
3092 905 3454 976 arguebantur

1865 998 2027 1052 Opera
2051 987 2168 1056 ejus
2197 1007 2208 1041 :
2245 990 2314 1043 ita
2345 998 2401 1045 et
2429 999 2485 1045 tu
2515 1008 2636 1047 cum
2665 995 2838 1063 servis
2871 994 2965 1048 Dei
2992 996 3123 1066 agis,
3155 997 3280 1066 quia
3307 998 3453 1054 dica-

1868 1091 1988 1132 mus
2017 1077 2112 1132 tibi
2147 1096 2159 1131 :
2194 1079 2322 1136 Noli
2347 1098 2520 1150 gerere
2541 1099 2655 1153 quae
2683 1087 2842 1157 geris,
2887 1086 2994 1140 noli
3035 1101 3143 1142 esse
3169 1089 3452 1157 homicida,

1868 1171 1972 1224 noli
2013 1174 2249 1241 persequi
2273 1174 2540 1230 ecclesiam
2583 1175 2814 1244 Domini,
2869 1178 2977 1232 noli
3006 1181 3485 1248 apostolicamre-'

1870 1261 2086 1330 probare
2105 1263 2280 1331 ﬁdem,
2311 1267 2531 1336 probare
2556 1283 2677 1322 vero
2709 1269 3020 1336 hareticam,
3072 1272 3182 1325 noli
3230 1271 3457 1327 idolola-

1875 1353 2027 1405 triam
2059 1353 2384 1411 introducere
2406 1358 2459 1410 in
2482 1359 2772 1413 ecclesiam.
2825 1359 2935 1416 Nos
2985 1360 3314 1418 arbitramur
3343 1363 3459 1420 lucc

1873 1455 2094 1514 propter
2135 1457 2279 1503 tuam
2326 1451 2636 1519 specialiter
2658 1451 2841 1508 dicere
2861 1453 3090 1509 salutem
3124 1471 3137 1507 :
3168 1456 3260 1526 qui
3286 1457 3330 1510 si
3359 1473 3460 1512 no-

1872 1538 2036 1594 lueris
2061 1548 2390 1610 temperare,
2416 1545 2532 1598 sine
2556 1543 2720 1600 dubio
2732 1545 2811 1600 sic
2823 1544 2920 1601 tibi
2938 1545 3012 1602 sis
3039 1557 3296 1604 :eternam
3319 1563 3466 1619 quie-

1874 1632 2076 1686 siturus
2126 1642 2356 1690 mortem
2382 1676 2397 1700 ,
2448 1637 2718 1702 quomodo
2760 1637 3036 1707 qumsierit
3077 1649 3135 1696 et
3198 1641 3462 1697 Herodes.

1873 1723 2063 1780 Joanni
2093 1727 2295 1781 etenim
2353 1742 2553 1784 nocere
2591 1745 2697 1784 non
2729 1731 2923 1800 potuit,
2954 1731 3068 1786 sive
3094 1733 3236 1801 quod
3259 1748 3381 1788 eum
3410 1736 3464 1788 in

1855 1823 2151 1875 'carcerem
2183 1820 2498 1889 coniecerit,
2523 1823 2641 1878 sive
2670 1823 2811 1891 quod
2843 1823 3200 1891 interfecerit,
3223 1827 3466 1897 quando-

180 1921 350 1989 factus
396 1927 490 1983 est,
549 1934 729 1986 passus
758 1927 850 1981 cst,
882 1917 1155 1969 resurrexit
1193 1913 1207 1952 ι
1237 1916 1387 1968 tertia
1418 1915 1523 1977 die,
1551 1913 1774 1966 ascendit
1804 1909 1852 1969 Β
1879 1911 2094 1981 quidem
2121 1910 2306 1966 videas
2335 1911 2596 1967 Joannem
2633 1913 2725 1968 Dei
2755 1913 3008 1980 amicum,
3045 1915 3309 1972 Herodem
3333 1933 3465 1973 vero

177 2021 215 2048 ἰτ
247 2014 301 2066 in
340 2013 521 2066 cwlum
547 2054 560 2075 ,
619 2021 862 2063 venturus
891 2019 914 2044 η
942 2010 1180 2080 judicare
1236 2009 1369 2060 uiros
1412 2017 1465 2060 et
1504 2017 1772 2060 mortuos:

181 2103 460 2160 Credimus
495 2111 518 2139 ο
543 2114 588 2156 et
616 2102 669 2155 in
703 2102 956 2168 Spiritum
985 2112 1236 2153 sanctum.
1286 2097 1570 2167 Conspicis
1619 2098 1775 2151 ﬁdem

183 2197 562 2264 apostolicam,
597 2196 1068 2264 evangelicamque
1091 2209 1210 2247 esse
1241 2195 1397 2254 hanc,
1424 2208 1542 2260 quzu
1566 2207 1778 2260 scmpcr

187 2287 382 2342 Filium
410 2302 532 2341 cum
565 2285 724 2340 Patre
754 2299 1007 2353 regnasse
1038 2293 1091 2337 et
1124 2298 1344 2351 regnare
1374 2281 1779 2348 defendzu,q_n:c

186 2381 423 2436 fateatur
449 2390 502 2435 ct
533 2378 822 2449 perfectam
875 2393 994 2431 csse
1044 2376 1280 2430 divinam
1338 2375 1653 2428 Trinitatem
1682 2413 1694 2433 ,
1727 2383 1783 2426 ct

185 2490 350 2530 unam
406 2473 606 2528 habere
660 2471 1042 2526 substantiam.
1075 2470 1342 2523 Ca-tcrum
1367 2468 1496 2536 quid
1526 2468 1665 2520 inter
1693 2481 1780 2519 cc-

182 2569 408 2624 clesiam
434 2581 487 2622 ct
520 2581 613 2619 vos
643 2565 925 2619 bmreticos
980 2563 1061 2615 vel
1110 2562 1322 2616 Judmos
1380 2572 1493 2612 erat
1545 2561 1700 2624 inter,
1735 2558 1782 2612 si

187 2677 297 2716 non
327 2661 407 2716 sic
435 2657 859 2714 crederetbcata
891 2657 1151 2710 ecclesia?
1178 2670 1293 2722 qua:
1320 2662 1506 2705 sancta
1539 2651 1690 2711 ﬁdes,
1726 2656 1783 2702 ut

185 2752 408 2809 sciretis
437 2750 564 2821 quid
589 2750 638 2803 in
666 2750 820 2802 Vobis
848 2749 995 2816 punit
1027 2745 1235 2798 Domini
1266 2745 1514 2807 ecclesia,
1541 2742 1674 2795 dixit
1704 2750 1784 2794 at-

187 2858 298 2916 que
350 2842 479 2898 dicit
523 2842 588 2896 de
640 2841 793 2894 vobis
828 2857 839 2891 :
871 2838 972 2891 Eos
1006 2849 1029 2887 ι’
1053 2847 1218 2890 autem
1279 2838 1362 2903 qui
1404 2836 1577 2887 dicunt
1607 2850 1623 2885 :
1658 2831 1784 2884 Erat

185 2937 401 3008 quando
425 2945 451 2985 ιι
481 2951 584 2989 non
607 2945 742 2997 erat,
767 2943 811 2984 et
858 2933 956 3000 pri.-
977 2947 1152 2998 squam
1185 2941 1470 2982 nasceretur
1498 2944 1595 2979 non
1634 2937 1742 2979 erat
1767 2965 1783 2989 ,

187 3040 244 3084 et
281 3029 409 3100 quia
437 3044 500 3082 ex
525 3027 546 3049 '
575 3026 732 3079 nullis
758 3023 1071 3078 exstantibus
1115 3026 1277 3091 factus
1302 3031 1392 3083 est,
1438 3020 1513 3071 rel
1548 3027 1568 3052 ³
1599 3035 1661 3071 ac
1683 3017 1786 3070 alia

185 3122 504 3184 substantia,
536 3120 760 3173 dicentes
789 3117 1121 3171 mutabilem‘
1155 3126 1200 3168 et
1226 3124 1250 3149 υ
1279 3113 1661 3168 conrertibilem
1694 3111 1787 3164 Fi-

186 3215 324 3269 lium
352 3211 467 3278 Dei,
495 3211 586 3266 hos
607 3209 1005 3263 anathematizat
1047 3207 1301 3259 catholica
1327 3216 1375 3259 et
1401 3203 1681 3272 apostolica
1706 3219 1786 3254 cc-

1880 2019 1999 2058 esse
2055 2004 2148 2081 Dei
2194 2003 2497 2059 inimicum.
2547 2004 2807 2072 Quterens
2854 2007 3090 2060 nocitum
3147 2009 3342 2075 nobis,
3375 2009 3469 2077 qui

1880 2097 1973 2150 tibi
1999 2105 2256 2151 a-ternam
2285 2097 2599 2166 sospitatem
2651 2097 2810 2150 tribui
2861 2097 3249 2165 desideramus,
3298 2102 3474 2155 omni-

1881 2189 1976 2242 bus
2002 2203 2100 2242 nos
2123 2190 2470 2257 persequeris
2494 2189 2670 2243 modis
2706 2207 2719 2242 :
2745 2190 2838 2244 sed
2869 2191 3045 2246 valere
3076 2207 3181 2246 non
3217 2203 3469 2262 poterunt

1881 2279 2021 2333 vires
2047 2281 2386 2335 auctoritatis
2416 2291 2520 2335 tua:
2551 2281 2614 2334 ad
2646 2281 2737 2336 Dei
2768 2282 2909 2338 unici
2935 2283 3053 2338 Filii
3087 2286 3474 2340 scrvisuoccn-

1883 2371 2030 2433 dum,
2057 2372 2179 2438 quia
2212 2382 2262 2422 tu
2290 2387 2427 2425 unus
2449 2388 2567 2426 esse
2591 2390 2655 2426 ex
2681 2375 2785 2428 illis
2818 2376 3099 2440 inveniris,
3132 2393 3267 2445 quos
3314 2379 3472 2435 nobis

1883 2462 2226 2516 credentibus
2256 2463 2692 2532 subjecitdicens
2725 2484 2735 2518 :
2772 2465 2907 2520 Ecce
2935 2467 3052 2520 dedi
3078 2478 3105 2517 θ’
3125 2469 3265 2522 vobis
3296 2479 3467 2538 potes—

1885 2565 2035 2607 tatcnt
2059 2555 2297 2608 calcantli
2328 2573 2478 2625 super
2508 2569 2767 2628 serpentes
2795 2571 2842 2611 et
2873 2562 3186 2631 scirpioncs,
3218 2572 3264 2615 et
3313 2579 3472 2632 supra

1883 2665 2083 2702 omnem
2131 2650 2367 2702 virtutem
2422 2651 2616 2703 inimici
2647 2668 2664 2704 .'
2695 2661 2738 2704 et
2764 2653 2893 2706 nihil
2922 2669 3009 2708 vos
3048 2654 3251 2708 nocebit
3299 2655 3466 2725 (Ibid.

1885 2757 1938 2802 Χ,
1975 2740 2086 2807 19).
2116 2740 2194 2794 Tu
2223 2742 2311 2809 qui
2343 2741 2497 2806 dicis,
2531 2743 2654 2809 quia
2687 2759 2809 2797 vera
2842 2745 2934 2799 tibi
2957 2745 3154 2811 dicam,
3183 2747 3474 2815 superbum

1886 2849 2045 2902 quem
2075 2849 2160 2888 me
2183 2834 2262 2887 vis
2288 2833 2561 2887 inveniri?
2594 2833 2742 2888 illmn
2777 2851 2842 2890 ne
2871 2851 3086 2891 servum
3129 2837 3221 2907 qui
3252 2853 3480 2907 acccpe.

1889 2927 1959 2980 rit
1988 2943 2148 2981 unum
2176 2926 2435 2980 talentum
2469 2938 2518 2981 et
2553 2927 2918 2996 absconderit,
2971 2940 3132 2999 atque
3181 2933 3354 3001 ipsum
3391 2950 3480 2986 so—

1888 3020 1996 3074 lutn
2039 3019 2259 3074 domino
2305 3021 2810 3088 reprasenlavcrit;
2858 3031 3144 3090 promerea
3195 3023 3470 3092 quodnon

1890 3128 1986 3182 per
2030 3112 2184 3166 lenus
2237 3113 2485 3166 cmudcm
2546 3113 2982 3179 multiplicatum,
3027 3113 3181 3168 sicuti
3229 3115 3478 3170 conservi

1890 3206 2025 3274 ejus,
2053 3205 2272 3259 domino
2305 3207 2806 3273 rcprmsentaverit,
2853 3210 3051 3260 meruit
3091 3207 3250 3262 etiam
3306 3208 3478 3277 ipsum

185 3308 372 3362 clesia.
397 3305 628 3375 Propter
681 3303 818 3358 banc
865 3313 1105 3356 sanctam
1165 3299 1321 3353 tidem
1372 3298 1789 3354 reclutlebantur
1818 3290 1860 3352 C
1897 3297 2155 3352 talentum
2188 3301 2458 3360 amittere,
2485 3307 2539 3351 et
2565 3297 2753 3351 audire
2787 3316 2798 3350 :
2831 3297 2991 3351 Serve
3013 3308 3035 3336 κ
3064 3316 3278 3368 nequam
3310 3312 3354 3352 ct
3404 3304 3483 3371 pi-

183 3398 424 3470 apostoli
451 3398 502 3450 in
527 3411 823 3461 carcerem,
851 3393 1062 3448 vincula
1093 3392 1449 3461 accipiebant,
1477 3390 1790 3446 verberibus

185 3500 290 3554 per
312 3483 566 3537 borarum
594 3489 867 3535 momenta
895 3480 1250 3542 vexabantur,
1310 3492 1376 3530 ne
1403 3475 1603 3529 mundo
1637 3489 1790 3529 reve-

184 3575 369 3630 larent
423 3574 723 3638 veritatem,
759 3582 811 3626 et
866 3582 1042 3625 tamen
1070 3569 1365 3638 praedicare
1397 3584 1460 3621 eo
1505 3569 1788 3621 voluerunt

182 3683 362 3738 usque
387 3681 494 3737 quo
522 3667 684 3721 etiam
715 3665 928 3718 mactati
963 3665 1206 3718 fuissent.
1231 3662 1297 3715 Et
1325 3662 1460 3715 dicis
1491 3675 1587 3714 nos
1615 3662 1784 3714 maxi—

182 3777 292 3816 mrc
319 3774 444 3816 esse
472 3758 716 3813 homines
744 3762 1118 3818 contumacize,
1169 3754 1292 3823 quia
1345 3753 1593 3807 videlict't
1637 3753 1778 3806 viam

181 3863 472 3908 teneamus
499 3850 865 3920 apostolorum
890 3849 912 3902 ?
940 3849 1063 3917 quia
1088 3846 1180 3901 tibi
1197 3847 1461 3908 dicamus,
1486 3845 1778 3898 erraticum

184 3954 241 4002 te
297 3943 543 4000 factum?
598 3941 736 4011 Quid
793 3941 979 3996 fecerit
1013 3950 1035 3976 ν
1070 3937 1267 3994 Ilerodi
1321 3938 1509 3992 beatus
1538 3935 1776 4006 Baptista

180 4159 241 4205 et
272 4145 340 4200 ab
360 4141 692 4200 Antiochena
710 4139 976 4199 Ecclesia,
994 4139 1077 4192 cui
1104 4144 1354 4204 prmerat,
1379 4133 1767 4205 depulsust'uit.

179 4204 403 4274 Lucifer
433 4229 562 4269 vero
588 4212 873 4266 Photiuum
902 4211 1018 4275 ejus
1047 4206 1367 4272 discipulum
1391 4205 1540 4268 dicit,
1566 4206 1688 4273 quia
1703 4204 1770 4257 ab

180 4290 283 4345 illo
307 4285 598 4354 impietatis
625 4299 734 4337 sua:
761 4295 1022 4354 venenum
1057 4277 1252 4354 hausit.

260 4368 290 4396 ιι
327 4345 428 4426 Qui
457 4365 633 4411 tecum
667 4350 979 4407 intenebris
1004 4358 1120 4411 est;
1148 4349 1353 4411 σκότος,
1403 4346 1639 4400 tenebrre.
1695 4345 1768 4400 La

179 4429 389 4486 Cerda.

261 4499 289 4538 ιν
330 4495 679 4552 Credulitatis.
711 4493 882 4546 Vatic.

265 4581 288 4609 ε
329 4569 462 4623 Nam
496 4569 568 4621 uti
597 4583 660 4618 ex
694 4564 886 4626 Paulli,
928 4564 998 4616 ita
1029 4576 1092 4615 cx
1129 4559 1341 4631 l'botini
1370 4568 1421 4612 ct
1444 4559 1767 4631 Arianorum
1796 4570 1850 4631 Ι)

180 4641 458 4700 doetrina,
487 4637 615 4692 illud
645 4636 992 4709 sequebatur,
1027 4631 1190 4700 quod,
1219 4630 1263 4682 si
1292 4631 1538 4709 Christus
1564 4629 1766 4709 (ξιξ-,081

182 4699 492 4770 substantia
521 4699 755 4779 genitus,
786 4717 838 4779 et
866 4699 1134 4779 Dcusnon
1174 4711 1276 4779 est,
1334 4701 1571 4779 profecto
1604 4699 1767 4752 lilium

189 4785 400 4839 nullum
427 4773 644 4852 proprie
667 4779 737 4831 ita
771 4777 971 4832 dictum
1005 4774 1203 4828 babcat
1235 4773 1414 4834 l‘ater,
1445 4782 1493 4824 ct
1525 4774 1592 4825 sit
1621 4793 1770 4841 μονο-

181 4873 492 4935 προσωπος.
623 4921 631 4930 .
1261 4916 1270 4923 ,
1399 4913 1426 4934 ν
1645 4912 1679 4924 ,,
1761 4912 1770 4922 ,

260 4925 290 4962 ἀ
333 4924 443 4978 Hoc
471 4931 554 4977 est
574 4919 846 4975 Nicrcnum
873 4916 1198 4987 symbolum,
1230 4930 1342 4967 δινεῖ
1367 4913 1579 4987 Nerua
1626 4911 1774 4965 l‘tthl

183 4994 484 5067 professio,
513 5007 674 5067 quam
700 4991 784 5043 bic
810 4985 1020 5067 Lucifer
1046 4987 1254 5067 recitat“,
1281 4985 1626 5067 cade‘mll'rrc,
1659 4997 1776 5067 qua:

181 5054 216 5124 δ
241 5054 481 5123 vetustis
509 5054 784 5120 codicibus
827 5060 966 5113 edita
997 5067 1079 5113 cst
1111 5059 1160 5109 in
1207 5054 1362 5108 Tum.
1389 5056 1442 5107 ‘2.
1472 5054 1636 5109 Cottc.
1675 5054 1773 5108 Vc-

192 5137 484 5195 net.Edit.
646 5207 649 5208 ν
934 5201 949 5208 _
1025 5200 1057 5208 ,-
1116 5199 1164 5208 __
1228 5199 1260 5208 η
1421 5198 1432 5208 _
1531 5198 1540 5208 _
1607 5198 1616 5208 ,

267 5222 291 5246 ι’
337 5208 580 5262 Omnium
607 5205 902 5261 visibilium.
934 5201 987 5255 In
1019 5199 1187 5252 Codd.
1223 5199 1387 5252 Cone.
1421 5198 1668 5250 laudatis.

271 5279 289 5319 ί
334 5281 409 5335 Ita
462 5297 528 5336 ex
568 5279 758 5334 Gra-co
805 5279 855 5332 in
885 5280 1043 5341 epist.
1079 5272 1335 5326 Albanas.
1369 5270 1434 5322 ad
1466 5269 1774 5323 .luviattum.

185 5353 477 5409 Dominum
510 5361 736 5404 nostrum
770 5351 821 5402 in
847 5346 1015 5402 Codd.
1048 5343 1278 5397 cmteris.

267 5436 294 5471 Β
339 5423 412 5479 De
440 5422 596 5477 Patre.
624 5422 955 5491 unigenitum.
990 5417 1160 5491 (ἔπι-ς.
1189 5423 1241 5467 ct
1265 5412 1430 5491 Codd.
1450 5411 1635 5491 iidem.

269 5495 294 5533 "
332 5496 466 5550 Cum
497 5483 795 5554 (Erucius
823 5491 1105 5547 ποιηθέντα.
1133 5486 1188 5540 lu
1218 5499 1324 5538 uno
1351 5483 1482 5540 Cod.
1516 5500 1616 5538 non
1647 5498 1780 5536 crea-

186 5580 608 5705 mui‘bjusdem.
641 5633 774 5688 Cod.
807 5633 1046 5705 (Iolliert.
1068 5626 1315 5705 etllard.

269 5712 282 5758 ι
341 5701 425 5772 ις),
453 5720 680 5776 utroque
705 5708 754 5758 in
788 5705 906 5776 loco
933 5701 1103 5754 (lodd.
1139 5702 1319 5754 iidem.

268 5779 293 5816 ιι
340 5780 404 5832 Et
434 5782 582 5832 homo
611 5784 794 5846 fartus.
835 5775 926 5846 lid.
1028 5842 1037 5846 Δ
1082 5842 1109 5846 Α
1159 5842 1167 5846 Α
1242 5842 1250 5846 _
1383 5837 1414 5846 ,,
1491 5838 1500 5846 .
1730 5835 1738 5844 α

273 5851 286 5888 ι
339 5849 406 5902 Et
434 5837 728 5903 resurrexit.
762 5848 860 5903 ltd.
888 5842 1040 5909 Apud
1064 5842 1346 5909 _Gelasium
1377 5837 1699 5909 Cyzicettunt
1730 5837 1778 5888 in

186 5922 288 5981 lib.
321 5922 375 5976 Ξ.
408 5919 545 5976 ιιιδι.
580 5919 744 5977 Cone.
771 5917 890 5974 Nic.
919 5905 1036 5985 cap.
1064 5905 1158 5967 ‘26.
1219 5905 1463 5982 Sepultus
1492 5918 1584 5973 est,
1615 5919 1659 5961 et
1688 5923 1782 5963 re-

1894 3385 2219 3459 gcr(Matth.
2253 3403 2377 3451 xxv,
2412 3387 2505 3455 ‘26)
2534 3387 2554 3439 τ
2582 3402 2646 3440 an
2678 3388 2824 3441 illum
2848 3389 2936 3457 qui
2968 3400 3242 3458 acceptam
3273 3394 3482 3458 quanti-

1894 3487 2056 3532 tatem
2088 3477 2266 3532 decies
2295 3478 2701 3546 multiplicatam
2753 3483 3246 3546 rcprzescntaverit,
3281 3483 3480 3550 cuique

1888 3571 2048 3625 fuerit
2097 3571 2295 3625 dictum
2329 3587 2341 3623 :
2370 3569 2538 3640 Euge,
2585 3586 2726 3623 serve
2780 3572 2909 3624 bone
2936 3582 2984 3625 et
3032 3574 3225 3641 fidelis,
3273 3577 3393 3643 quia
3421 3579 3474 3629 in

1891 3672 1917 3699 α
1949 3664 2148 3715 modico
2203 3663 2350 3730 fuisti
2398 3662 2585 3727 ﬁdelis,
2617 3671 2663 3714 it
2700 3663 2752 3714 in
2783 3663 3018 3729 plurimis
3044 3673 3090 3717 te
3115 3667 3427 3719 constituam
3456 3685 3474 3730 ;

1886 3754 2025 3806 intra
2051 3755 2102 3807 in
2124 3754 2370 3824 gaudium
2396 3735 2592 3806 domini
2620 3754 2692 3806 tui
2722 3753 2886 3822 (Ibid.
2909 3755 3042 3814 21)?
3074 3756 3178 3810 Sed
3205 3758 3344 3810 istud
3377 3775 3474 3813 un-

1887 3847 1953 3900 de
1981 3846 2168 3900 audire
2223 3857 2431 3914 potero,
2481 3845 2525 3899 si
2575 3854 2626 3901 te
2681 3857 2945 3910 metuens,
2995 3863 3114 3915 qum
3151 3848 3245 3901 tibi
3280 3848 3481 3904 fuerint

1884 3938 2084 4008 placita
2117 3937 2339 3993 iecero?
2371 3937 2588 3992 Intuere
2621 3938 2669 3990 in
2702 3937 2979 4007 cvangelio
3002 3938 3132 4008 quid
3158 3954 3255 3994 uos
3297 3940 3476 3997 facere

1874 4144 2121 4187 surrexit.

1948 4215 1984 4240 ιη
2027 4206 2099 4258 Ita
2131 4205 2249 4258 end.
2281 4204 2443 4258 llard.
2477 4205 2566 4258 alii
2595 4219 2784 4259 omnes
2804 4220 2926 4258 Clllll
2954 4205 3162 4272 Graeco,
3198 4206 3261 4260 Et
3292 4227 3468 4263 ascen-

1874 4279 1947 4330 dit
1975 4277 2027 4328 in
2058 4275 2230 4329 cwlos.

1949 4356 1974 4382 "
2015 4346 2145 4400 Cum
2169 4346 2289 4400 cod.
2326 4346 2411 4400 cui
2441 4347 2675 4404 additur,
2730 4361 2970 4400 venturus
2998 4349 3133 4402 inde.
3175 4349 3252 4404 Ex
3282 4352 3461 4407 Gelas.

1875 4417 1942 4470 Et
1972 4419 2155 4471 iterum
2202 4428 2443 4471 venturus
2494 4428 2588 4471 cst.
2633 4417 2788 4471 Colb.
2849 4419 2971 4471 cod.
3025 4417 3173 4472 Unde
3217 4433 3461 4478 venturus

1874 4499 1968 4544 881.

1944 4560 1963 4577 "
2003 4558 2136 4612 Cum
2163 4558 2284 4612 Cod.
2320 4557 2553 4612 Colbcrt.
2591 4557 2855 4611 Credimus
2882 4559 3031 4612 abest
3061 4575 3088 4611 ιι
3122 4563 3352 4617 t'mteris.

1949 4641 1972 4677 ι’
2010 4629 2320 4702 Sequuntur
2352 4629 2693 4702 anathemata
2724 4629 2897 4702 cidem
2930 4631 3174 4702 symbolo
3195 4633 3461 4702 subjecta,

1874 4710 2062 4754 contra
2086 4700 2343 4766 capitales
2377 4699 2587 4753 Ariame
2615 4699 2835 4752 lmrcsis
2864 4701 3278 4768 pI'Opt)Sl|itlllCS.

1948 4782 1972 4819 ·ι
2012 4771 2184 4844 tiiafc.
2215 4785 2264 4824 οι
2293 4771 2382 4844 alii
2415 4770 2573 4824 codd.
2604 4769 2735 4844 [ἐι-(ιι
2762 4769 3078 4844 aliquando;
3106 4774 3414 4844 al.1empus.

1950 4852 1970 4877 τ
2019 4841 2190 4892 Nullis
2222 4843 2568 4894 existentibus.
2593 4838 2724 4894 Cod.
2761 4838 2920 4894 llard.
2947 4841 3029 4894 lia:
3077 4842 3234 4897 nullis
3266 4838 3454 4901 subsis-

1874 4912 2112 4966 tantibus.
2147 4914 2298 4964 Colb.

1952 4993 1970 5016 ⁸
2015 4984 2112 5034 Aut
2143 4999 2204 5035 ex
2236 4983 2338 5034 alia
2365 4983 2669 5043 substantia,
2722 4981 2796 5034 vel
2844 4984 3056 5036 essentia
3103 4983 3280 5039 dicunt
3327 5003 3456 5043 esse.

1878 5053 2040 5109 "ard.
2075 5064 2124 5106 (τι
2145 5054 2294 5105 (λιιι).
2325 5070 2443 5106 cum
2473 5055 2680 5107 Gra-co.

1956 5128 1970 5159 ί
2017 5124 2453 5177 Commutubilem.
2480 5122 2634 5178 Colb.

1951 5205 1974 5231 υ
2016 5196 2136 5247 Aut.
2167 5194 2404 5248 Colbcrt.
2436 5205 2486 5248 et
2516 5194 2680 5248 Ilard.
2705 5194 2992 5250 chraeco.‘

1952 5276 1972 5300 "
2019 5264 2182 5318 Fecit.
2212 5264 2384 5319 Latin.
2415 5277 2469 5320 et
2498 5265 2742 5319 Galland.

1955 5347 1973 5370 ι
2022 5336 2096 5407 De
2133 5335 2430 5390 llcrodiudu
2462 5353 2618 5392 uxore
2649 5337 2824 5406 fratris
2849 5337 3028 5390 sui
3059 5337 3247 5407 adjecit
3272 5350 3317 5392 et
3347 5343 3461 5396 hoc.

1882 5408 2034 5462 vers.
2061 5406 2186 5460 .\ul.

1951 5489 1977 5526 δ·
2019 5478 2191 5533 Gra'c.
2235 5477 2450 5543 δέδωκα,
2500 5479 2550 5531 in
2613 5477 2739 5531 Mss.
2766 5477 3106 5547 quibusdam.
3154 5480 3306 5534 Vers.
3340 5481 3466 5538 Ant.

1881 5549 1982 5606 Do.
2019 5560 2066 5604 ct
2093 5566 2244 5615 super
2278 5567 2497 5602 omnem.

1956 5631 1976 5655 π
2022 5621 2095 5674 Ita
2125 5624 2174 5673 in
2205 5621 2297 5672 iis.
2332 5620 2492 5673 (Iorb.
2522 5618 2677 5673 \‘crs.
2706 5619 2828 5672 Aut.
2862 5618 3096 5689 Nequam
3121 5636 3278 5686 serve,
3313 5623 3468 5686 male,

1883 5704 1928 5746 ct
1954 5694 2114 5761 piger.

1956 5773 1978 5796 ιι
2013 5760 2174 5816 νει-θ..
2213 5764 2333 5813 ⁵Χιιι.
2361 5763 2532 5824 Super
2563 5779 2724 5829 puuru
2853 5778 3006 5828 super
3047 5760 3229 5816 multa.
3260 5763 3476 5818 Lucifer

1884 5835 2132 5897 congruit
2185 5832 2472 5904 cumlrcn.
2512 5834 2603 5886 lib.
2647 5835 2690 5886 i.
2725 5851 2774 5886 c.
2810 5833 2899 5904 H._
2931 5842 3128 5904 pra-ter
3160 5831 3274 5890 ιιωυ
3322 5853 3478 5904 super

1886 5904 2068 5968 multa,
2091 5921 2206 5974 qua:
2235 5903 2417 5960 Subat.
2449 5904 2578 5973 legit.
2609 5905 2766 5960 etiam
2798 5904 2848 5960 ιιι
2879 5901 3114 5962 Lucifer.
