3854 6394
735 389 825 450 DE
860 390 996 450 NON
1032 388 1397 449 PARCENDO
1436 388 1504 448 1N
1544 388 1737 449 DEUM
1777 388 2375 458 DELINQUENTIBUS
2415 388 2624 449 LIBER
2660 388 2867 451 UNUS.

3337 387 3446 447 982

169 510 641 582 pseudoprOpheta
663 551 677 577 ,
705 519 760 565 et
788 510 928 563 nolis
956 518 1009 565 te
1039 509 1145 563 illis
1179 507 1443 563 nominari
1480 507 1759 563 vocabulis
1787 517 1831 577 Α
1861 506 2023 561 istum
2049 506 2375 560 Antiochum
2409 508 2461 560 in
2494 514 2758 561 aeternam
2787 518 3002 575 pinnam
3043 504 3283 560 futurum
3305 545 3320 571 ,
3349 520 3449 559 no-

170 608 455 660 nominum
484 647 497 668 ,
528 606 722 675 quibus
756 604 920 657 fuerit
968 614 1020 657 ct
1066 603 1159 657 ille
1186 613 1428 657 vocatus.
1471 600 1669 655 lterum
1706 611 1762 656 et

172 701 361 753 hortor
391 707 446 753 et
473 698 763 767 deprecor,
800 705 938 751 utet
972 711 1187 759 moneo,
1233 707 1287 750 ut
1330 694 1426 750 libi
1453 695 1588 749 velis
1630 710 1761 748 cou-

169 789 374 853 sulere,
408 805 475 843 ne
507 797 710 843 mterna
747 796 797 840 te
828 788 1055 858 accipiat
1087 801 1264 855 paena.
1301 786 1355 841 Si
1380 788 1525 840 enim
1571 786 1659 838 ille
1687 785 1758 838 ita

169 882 369 935 meruit
399 881 660 935 exc.rc.iri
688 920 702 943 ,
750 879 873 947 quia
905 879 1122 932 tentarit
1166 880 1422 931 resistere
1446 917 1461 939 ,
1503 878 1757 944 consitice

168 988 291 1043 qua:
323 972 414 1026 tibi
450 970 734 1024 homicida:
757 1012 770 1033 ,
804 987 920 1039 qua:
963 970 1260 1038 sacrilego,
1300 968 1621 1023 destructori
1663 968 1756 1023 Dei

170 1064 451 1133 religionis
482 1063 696 1131 pOSsint
725 1063 861 1115 mala
898 1062 1273 1129 repraesentari
1319 1070 1374 1113 et
1415 1060 1467 1112 in
1516 1058 1616 1112 hac
1645 1060 1756 1112 vita

166 1169 217 1213 et
250 1158 301 1210 in
335 1166 675 1227 perpetuum.
706 1156 906 1223 Accipe
939 1153 1115 1206 adhuc
1160 1168 1220 1207 ea
1266 1166 1385 1221 qua:
1427 1161 1476 1203 te
1522 1150 1757 1206 formare

166 1259 419 1318 possunt,
463 1264 569 1301 non
611 1264 730 1302 esse
760 1247 1185 1299 contumeliosos
1218 1260 1311 1297 nus
1338 1285 1350 1307 ,
1384 1244 1475 1296 sed
1510 1258 1753 1297 veraces.

163 1338 437 1393 Antiocho
466 1350 673 1407 septem
702 1338 775 1390 illi
802 1336 1175 1404 gloriosissimi
1201 1337 1390 1387 fratres
1416 1334 1753 1396 restiterunt,

163 1446 365 1499 nempe
393 1443 450 1484 ut
500 1444 639 1484 nunc
681 1430 775 1483 tibi
819 1444 916 1481 nos
958 1430 1269 1481 restitimus.
1307 1425 1504 1495 Legisti
1534 1434 1755 1493 quartus

160 1524 291 1591 quid
342 1523 687 1591 responderit
713 1519 1117 1588 compestilenti
1150 1530 1239 1571 tuo
1263 1559 1275 1581 ,
1314 1518 1402 1585 qui
1445 1532 1529 1570 me
1559 1525 1753 1569 contu-

161 1617 454 1669 meliosqu
487 1615 727 1683 dignaris
756 1614 1057 1669 clamitare.
1089 1612 1211 1680 quia
1242 1611 1415 1663 diram
1447 1610 1536 1663 libi
1561 1650 1575 1673 ,
1610 1607 1753 1676 quod

160 1711 268 1762 nisi
288 1721 587 1761 conversus
602 1706 768 1759 fueris
799 1705 863 1757 ad
894 1704 1081 1765 Deum,
1114 1704 1164 1756 in
1196 1712 1455 1755 mternum
1489 1702 1561 1753 sis
1587 1703 1753 1753 inter-

159 1802 369 1863 iturus;
408 1814 603 1867 nempe
633 1799 763 1851 dicit
819 1816 831 1851 :
868 1796 1047 1849 I’otius
1078 1806 1146 1845 est
1187 1794 1248 1847 ab
1276 1795 1563 1847 hominibus
1604 1793 1755 1846 marti

1864 598 1943 652 his
1972 614 2104 653 vero
2135 598 2546 668 pr0pitiaturum
2595 599 2902 653 Dominum.
2955 599 3158 654 Dolens
3202 616 3260 655 es
3292 640 3307 664 ,
3356 615 3451 655 cur

1860 691 2167 744 commissis
2209 690 2366 743 nobis
2394 700 2467 754 te,
2513 700 2567 745 et
2608 692 2853 758 quisnam
2901 693 2976 744 sis
3027 691 3364 753 revelemus,
3396 701 3451 747 et

1858 783 1999 849 quod
2044 783 2114 837 sit
2162 782 2381 851 dignum
2430 782 2735 837 antichristi
2785 786 3030 839 umbram
3084 794 3133 839 te
3174 785 3373 841 calcari
3422 800 3453 839 a

1859 877 2065 930 eunetis
2092 875 2290 930 Christi
2323 877 2587 931 militibus
2621 896 2633 933 :
2665 880 2751 948 qui
2780 896 2874 944 me,
2908 880 3108 949 inquis,
3135 881 3334 935 calcare
3361 898 3454 950 po-

1858 970 2099 1022 tuerunt?
2126 969 2206 1023 illi
2248 967 2295 1035 ιι,
2342 985 2499 1038 quos,
2535 987 2628 1023 cur
2659 986 2717 1024 se
2766 970 3105 1026 Christianos
3155 972 3447 1039 fateantur,

1856 1061 2167 1115 carceribus
2198 1062 2402 1116 retines
2438 1063 2708 1129 reclusos,
2744 1046 3067 1133 patrimonio
3091 1066 3291 1133 privas,
3318 1065 3450 1119 facis

1857 1161 2140 1219 extorres,
2195 1165 2413 1224 torques
2444 1197 2458 1220 ,
2507 1156 2787 1211 interﬁcis.
2836 1158 2972 1213 [line
3018 1174 3117 1211 nos
3149 1159 3450 1214 insolentes

1855 1259 1976 1299 esse
2002 1259 2227 1308 censes,
2257 1248 2399 1315 quod
2432 1258 2661 1301 cunctos
2710 1250 2866 1301 nobis
2909 1249 3143 1303 creditos
3179 1250 3444 1318 deprece-

1857 1354 1976 1393 mur
2003 1339 2205 1393 diaboli
2248 1340 2462 1393 Calcare
2492 1348 2657 1409 caput
2679 1384 2695 1405 ,
2729 1341 3021 1410 sacrilegos
3068 1352 3296 1396 conatus
3330 1351 3449 1395 tuos

1856 1434 2051 1487 virtute
2084 1432 2389 1500 passionum
2419 1446 2640 1487 suarum
2670 1433 2948 1488 illatarum
2978 1448 3074 1501 pro
3102 1433 3317 1489 Christo
3350 1434 3445 1487 Dei

1856 1527 2013 1580 unico
2042 1525 2182 1579 Filio
2211 1524 2482 1580 deducere
2511 1527 2577 1581 ad
2610 1527 2858 1581 nihilum.
2895 1527 2977 1583 Sit
3008 1529 3100 1582 tibi
3131 1539 3182 1584 et
3214 1529 3303 1583 illa
3330 1530 3446 1599 glo-

1856 1617 2147 1670 riosissima
2181 1626 2354 1670 mater
2393 1628 2601 1686 septem
2650 1619 2841 1673 horum
2888 1621 3120 1674 ﬁliorum
3170 1621 3446 1687 insolens,

1856 1708 1977 1775 quia
2008 1708 2073 1761 ad
2123 1718 2461 1763 coamentem
2506 1709 2517 1745 ί
2566 1720 2713 1762 ιιιυιιι
2744 1710 3066 1765 vincendum
3108 1711 3443 1767 Antiochum

1855 1812 1981 1852 suos
2020 1799 2223 1854 illicere
2254 1800 2469 1867 dignata
2506 1802 2518 1851 ι
2573 1801 2713 1856 ﬁlios
2739 1803 2931 1857 dicens
2968 1822 2979 1855 :
3015 1803 3203 1858 Nescio
3229 1805 3449 1873 qualiter

156 1895 309 1945 tlutos
344 1908 485 1959 spem
527 1900 819 1958 exspectare
848 1906 877 1939 a
926 1888 1053 1951 Deo,
1086 1890 1268 1940 iterum
1296 1887 1357 1937 ab
1397 1887 1505 1953 ipso
1535 1886 1753 1937 resusci-
1781 1899 1827 1959 Β
1855 1890 1907 1943 in
1935 1900 2077 1943 utero
2107 1907 2217 1943 meo
2243 1893 2584 1959 apparuistis,
2616 1910 2777 1964 neque
2808 1911 2898 1963 ego
2928 1896 3169 1965 spiritum
3201 1894 3225 1931 ¹ί
3256 1896 3446 1949 donavi

156 1987 258 2037 tari
284 1994 310 2020 ⁸
342 2001 360 2038 .'
389 1986 481 2037 tibi
506 1986 640 2036 enim
664 1983 965 2034 resurrectio
987 1981 1053 2031 ad
1074 1981 1221 2031 vitam
1245 1995 1343 2031 non
1366 1982 1458 2029 crit
1481 1977 1546 2047 (ll
1573 1976 1742 2029 blaclt.

155 2095 255 2143 vn,
290 2079 400 2149 H).
433 2080 486 2135 Si
512 2096 542 2133 a
567 2081 724 2133 nobis
754 2088 808 2132 tu
841 2089 1096 2147 tyrannus
1121 2078 1270 2130 audis
1302 2076 1445 2145 quod
1480 2076 1543 2127 ad
1584 2075 1745 2127 \itam

153 2174 236 2228 sis
268 2173 726 2228 resurrectionem
762 2190 867 2226 non
901 2182 1219 2238 accepturus
1241 2212 1254 2231 ,
1285 2172 1327 2222 si
1364 2172 1413 2223 in
1449 2169 1546 2222 hac
1576 2169 1749 2222 inere-

154 2270 387 2323 dulitate
418 2270 705 2329 manseris,
735 2268 880 2335 quod
916 2282 1018 2319 n0u
1043 2266 1107 2318 ad
1138 2263 1399 2331 requiem,
1425 2263 1515 2316 sed
1543 2263 1607 2316 ad
1632 2277 1749 2332 pcn—

155 2379 285 2415 nam
322 2364 397 2415 sis
424 2371 833 2415 resurrecturus
866 2360 1249 2422 sempiternam
1278 2398 1290 2419 ,
1327 2371 1442 2422 qua:
1470 2364 1748 2409 contume-

152 2458 223 2509 lia
252 2456 622 2523 cstiQuiutns
640 2470 853 2523 quoque
876 2469 995 2505 cum
1022 2452 1271 2504 admotus
1297 2450 1482 2502 fuisset
1508 2457 1559 2501 et
1584 2462 1744 2501 vexa-

153 2561 265 2615 tus,
295 2551 504 2604 dixisse
522 2550 757 2617 loquitur
785 2548 1053 2615 scriptura
1078 2546 1187 2612 regi
1224 2561 1235 2595 :
1269 2542 1581 2594 Polt'slalcm
1613 2541 1745 2593 inter

151 2646 390 2696 homines
417 2642 570 2696 habes
598 2641 624 2679 δ
653 2658 767 2693 cum
786 2643 854 2693 sis
884 2638 1223 2707 corruptibilis
1242 2679 1256 2701 ,
1301 2637 1426 2704 facis
1460 2635 1595 2704 quod
1618 2636 1690 2687 vis
1723 2651 1741 2688 :

150 2736 264 2788 noli
294 2745 465 2787 autem
488 2744 666 2803 putare
705 2749 860 2801 genus
892 2741 1117 2799 nostrum
1164 2748 1195 2781 (ι
1229 2728 1335 2779 Deo
1379 2744 1483 2779 esse
1524 2726 1744 2779 derelic-

152 2839 265 2881 tum
290 2844 307 2892 ;
340 2828 586 2894 patienter
619 2836 641 2862 ο
672 2826 883 2883 sustine,
917 2834 960 2875 et
988 2824 1121 2880 riae,
1149 2837 1333 2891 ntaqna
1357 2827 1573 2888 potestas
1602 2817 1742 2870 illius

152 2920 385 2989 qualiter
413 2929 460 2971 te
500 2927 546 2970 et
593 2932 760 2969 semen
792 2927 933 2967 tuum
973 2915 1217 2981 torquebit
1265 2910 1428 2981 (Ibid.
1464 2910 1573 2976 16).
1602 2909 1741 2976 Quid

154 3012 255 3065 tibi
280 3012 515 3073 videtur,
545 3011 667 3078 quia
702 3008 791 3061 tali
820 3007 1121 3060 constantia
1155 3004 1249 3057 Dei
1280 3018 1466 3057 servus
1496 3005 1742 3057 invectus

153 3103 322 3156 fuerit
352 3105 403 3156 in
430 3111 823 3170 contyrannmn
856 3100 1039 3151 tuum?
1081 3096 1474 3164 Numquidnam
1517 3094 1742 3161 injurio-

153 3209 276 3245 sum
312 3191 477 3247 fuisse
516 3192 781 3246 cultorem
833 3190 923 3243 Dei
974 3188 1173 3242 diaboli
1222 3186 1485 3254 iudicabis
1530 3185 1739 3239 cultor?

1851 1983 1989 2037 vobis
2017 1994 2062 2036 ct
2094 1986 2246 2036 vitam
2270 2027 2286 2050 ,
2320 1995 2365 2038 et
2394 1986 2713 2055 singulorum
2744 1988 3145 2041 membraturam
3184 2006 3287 2042 non
3331 1990 3446 2057 ipsa

1848 2076 2075 2143 compegi
2098 2091 2115 2127 :
2141 2076 2229 2127 sed
2257 2076 2389 2133 enim
2421 2077 2601 2129 mundi
2635 2088 2860 2141 creator,
2889 2079 2980 2147 qui
3008 2080 3249 2147 formavit
3280 2080 3445 2133 homi-

1848 2167 1927 2220 nis
1980 2167 2322 2232 nativitatem,
2372 2169 2560 2238 quique
2612 2170 2842 2223 omnium
2896 2179 3150 2224 scrutator
3210 2170 3226 2207 ι
3286 2172 3446 2242 origi-

1846 2273 2016 2322 num,
2069 2268 2116 2311 et
2172 2259 2407 2327 spiritum
2472 2260 2616 2314 vobis
2672 2276 2790 2313 cum
2844 2262 3193 2315 misericordia
3254 2265 3440 2317 iterum

1846 2348 2028 2402 reddet
2084 2359 2133 2401 et
2201 2351 2385 2415 vitam,
2441 2352 2575 2405 sicut
2642 2370 2781 2409 nunc
2838 2371 2923 2407 vos
2975 2358 3115 2425 ipsas
3176 2357 3438 2425 despicitis

1848 2434 2051 2511 propter
2096 2443 2227 2512 leges
2266 2446 2379 2512 ejus
2424 2441 2591 2511 (Ibid.
2614 2444 2729 2515 22).
2785 2446 2910 2500 Ilaec
2948 2447 3131 2502 dicere
3182 2464 3290 2505 non
3339 2450 3437 2504 de-

1842 2535 1981 2588 stitit
2025 2534 2149 2588 ﬁliis
2183 2536 2430 2605 religiosa
2464 2550 2657 2602 mater,
2706 2537 2925 2593 fortiter
2973 2540 3114 2593 ﬁlios
3164 2540 3433 2611 diligens,

1841 2627 2021 2695 quoad
2069 2643 2238 2697 usque
2279 2640 2505 2683 cunctos
2554 2629 2879 2685 advertisset
2937 2633 3271 2688 interfectos.
3329 2634 3442 2690 Nos

1842 2729 2027 2773 contra
2053 2763 2065 2782 ,
2098 2734 2233 2788 quos
2264 2720 2589 2788 pra-dixerat
2616 2737 2711 2777 ore
2754 2723 3036 2791 propheta:
3065 2724 3276 2779 futuros
3308 2742 3434 2796 pas-

1845 2818 1987 2865 tores
2013 2813 2160 2879 gregi
2190 2827 2287 2864 suo
2315 2811 2524 2866 dicens.
2552 2811 2620 2865 Et
2648 2812 2781 2866 dabo
2810 2815 2950 2867 vobis
2994 2827 3226 2883 pastores
3256 2834 3439 2871 secun-

1842 2902 1965 2955 dum
1996 2919 2087 2955 cor
2116 2918 2320 2965 meum,
2367 2912 2417 2957 et
2444 2915 2652 2971 pascant
2699 2920 2785 2958 vos
2819 2918 3083 2973 pascentes
3128 2926 3245 2963 cum
3284 2911 3444 2964 disci-

1839 2995 1981 3064 plina
2007 2993 2141 3063 (Jcr.
2169 3010 2246 3059 tn,
2283 2995 2370 3066 15)
2392 3036 2408 3061 ,
2439 3007 2618 3051 tacere
2643 2998 2924 3064 decuerat,
2962 3016 3029 3055 ne
3062 3003 3155 3055 tibi
3183 3003 3253 3059 ad
3290 3019 3437 3060 mae-

1839 3085 2031 3141 tandas
2067 3087 2305 3142 venienti
2352 3088 2539 3142 rabido
2585 3089 2715 3158 lupo
2765 3091 2860 3147 Dei
2933 3108 3064 3148 oves
3136 3093 3433 3151 fuissemus

1841 3179 1938 3232 visi
1968 3180 2302 3233 insolentes?
2328 3179 2516 3234 Mulier
2540 3196 2608 3235 eo
2634 3197 2809 3252 usque
2849 3184 3014 3240 corda
3055 3187 3295 3241 incendit
3338 3189 3430 3244 Dei

150 3284 309 3337 Illum
340 3299 464 3339 vera
494 3285 767 3337 dicentem
798 3281 1015 3349 negabis
1044 3279 1369 3346 superbum?
1402 3292 1500 3332 uec
1531 3293 1615 3330 lue
1644 3277 1739 3332 de-
1768 3280 1813 3345 C
1845 3284 2027 3324 amore
2061 3270 2318 3336 ﬁliorum,
2368 3282 2424 3325 ut
2466 3287 2656 3329 eorum
2704 3274 2924 3330 interitu
2961 3278 3128 3346 gladii
3173 3280 3436 3336 “luisset

153 3376 252 3429 bes
279 3376 525 3443 judicare
556 3375 899 3435 insolentem,
927 3373 1051 3441 quia
1084 3372 1256 3423 dicam
1286 3370 1412 3433 tibi,
1448 3386 1554 3422 non
1588 3369 1743 3424 dere-

153 3468 329 3538 linqni
362 3481 513 3521 nosa
550 3468 680 3530 Deo,
716 3475 932 3534 propter
959 3480 1117 3533 quem
1143 3461 1168 3498 ά
1204 3463 1316 3515 lure
1346 3462 1661 3523 sostineam,
1693 3470 1744 3515 le

149 3570 369 3624 contra,
394 3561 498 3613 nisi
534 3558 699 3613 fueris
725 3567 1026 3617 correctus,
1057 3571 1175 3609 cum
1210 3555 1547 3622 corruptibili
1575 3553 1745 3621 gloria

152 3661 244 3705 tua
279 3650 344 3705 ad
378 3651 603 3705 nihilum
635 3661 915 3703 venturus.
946 3648 1083 3713 Quid
1128 3647 1285 3699 etiam
1323 3659 1505 3699 St‘SlllS
1550 3644 1744 3699 dixerit

151 3746 386 3814 inspice,
421 3754 476 3799 et
505 3745 747 3799 invenies
792 3758 889 3795 nos
926 3757 989 3795 eo
1016 3756 1186 3793 cuneo
1221 3740 1379 3793 reniti
1412 3738 1502 3791 tibi
1529 3736 1741 3791 turbido

150 3835 411 3904 procella}
436 3875 449 3895 ,
495 3848 603 3902 quo
654 3834 727 3886 illi
777 3834 989 3885 luerunt
1026 3830 1358 3883 renitentes:
1394 3826 1519 3879 Noli
1550 3829 1744 3897 frustra

148 3943 330 3981 errare
373 3926 535 3997 (Ibid.
584 3926 695 3992 18);
744 3943 833 3977 nos
867 3925 1001 3977 enim
1033 3932 1239 3991 propter
1275 3922 1606 3989 nosmetipsos
1637 3921 1742 3974 lucc

147 4020 404 4091 patimur,
436 4026 699 4087 peccantes
729 4017 780 4069 in
810 4014 973 4068 Deum
1006 4027 1235 4068 nostrum
1256 4055 1269 4077 ,
1302 4024 1347 4065 et
1387 4013 1542 4083 digna
1567 4012 1746 4065 admo-

148 4113 350 4165 nitione
378 4122 401 4147 θ
435 4116 574 4180 facta
601 4120 717 4163 sunt
745 4128 754 4161 :
788 4120 838 4161 tu
867 4119 1038 4161 autent
1076 4124 1135 4160 ne
1172 4117 1215 4159 te
1244 4107 1497 4159 existimes
1541 4105 1746 4173 impune

155 4202 462 4273 ‘futurum,
485 4218 597 4255 cum
624 4212 801 4255 contra
835 4200 997 4252 Deum
1030 4214 1262 4269 pugnare
1294 4200 1575 4250 tentaveris.
1612 4195 1743 4249 Pro—

148 4295 285 4349 baut
312 4293 557 4364 epistolae
600 4302 621 4339 ε
670 4306 802 4346 mem
836 4292 1226 4346 mediocritatis
1253 4332 1266 4354 ,
1295 4298 1349 4344 et
1392 4290 1511 4343 libri
1542 4287 1743 4343 rustico

148 4385 278 4440 licet
313 4400 563 4439 sermone
594 4383 873 4451 descripti,
908 4399 992 4437 me
1024 4398 1167 4449 sirpe
1198 4382 1422 4445 dixisse,
1450 4379 1591 4452 quod
1623 4393 1747 4448 pec-

146 4490 272 4535 cata
292 4478 511 4549 quidem
534 4477 757 4532 iecerint
778 4487 979 4536 nostra,
1002 4486 1057 4527 nt
1074 4478 1124 4528 in
1142 4484 1259 4528 tuas
1286 4473 1590 4528 antichristi
1610 4488 1747 4541 pra:-

146 4572 395 4625 Cnrsoris
423 4570 731 4625 veniremus
758 4583 972 4633 manus,
1004 4577 1055 4621 te
1083 4578 1258 4620 tamen
1294 4582 1527 4635 pugnare
1556 4576 1742 4619 contra

148 4662 351 4727 Deum,
382 4672 435 4718 et
462 4661 666 4717 idcirco
692 4660 793 4715 nisi
823 4661 914 4713 tibi
949 4664 1315 4730 prospexeris,
1350 4669 1399 4712 te
1430 4658 1647 4727 quidem
1692 4667 1750 4711 ut

226 4787 252 4814 ⁸
295 4775 469 4832 Grato.
499 4778 902 4836 ἀναστήσεσθαι.
941 4774 1093 4830 Vers.
1125 4777 1249 4829 Ant.
1284 4774 1679 4829 resuscitandas.

227 4846 257 4885 δ
299 4846 485 4902 Sabat.
516 4848 647 4910 legit.
675 4850 882 4908 habens,
920 4858 973 4899 nt
1000 4848 1051 4899 iu
1085 4847 1235 4900 Vers.
1288 4851 1411 4899 Ant.

230 4929 254 4957 ε
277 4916 429 4972 Vers.
448 4918 574 4972 Ant.
591 4916 669 4970 Tu
681 4930 868 4970 autem.
884 4958 917 4971 ..
938 4929 982 4970 et
997 4920 1185 4971 videbis
1200 4933 1435 4986 magnam
1446 4926 1745 4987 potestatem

145 4990 339 5059 ipsius,
360 4999 463 5043 etc.
491 4989 673 5045 S:ihat.
693 4987 902 5040 videtur
919 4990 1112 5057 legisse
1131 4990 1287 5041 etiam
1302 4991 1351 5040 in
1371 4987 1541 5041 Lucif.
1560 4989 1743 5059 ipsius.

225 5059 255 5098 ἀ
300 5059 519 5113 Pronter
547 5074 691 5113 quem
723 5061 829 5111 ha‘c
860 5062 1135 5111 sustineam
1165 5103 1175 5113 .
1206 5071 1270 5113 te.
1291 5067 1397 5113 etc.
1431 5058 1499 5111 ad
1528 5059 1743 5112 nihilum

349 5072 519 5126 rapter
547 5074 691 5126 quem
723 5071 829 5111 tta‘c
860 5071 1135 5111 sustineam
1165 5103 1175 5117 ,
1206 5071 1270 5115 le.
1291 5071 1397 5113 etc.
1431 5071 1499 5111 aa
1528 5071 1747 5112 multum

225 5079 254 5098 "
300 5079 519 5131 ι’τοριει-
547 5079 691 5126 quem
723 5079 829 5111 ηαί·
860 5079 1135 5111 sustineam
1165 5103 1175 5117 ,
1206 5079 1270 5115 ιε.
1291 5079 1397 5113 (τις.
1431 5079 1499 5111 aa
1528 5079 1747 5112 ηιηιικπι

144 5142 446 5187 venturum.
471 5132 644 5186 Latin.
667 5142 719 5185 et
738 5131 965 5183 Poni-ius
987 5130 1126 5196 apud
1153 5131 1328 5191 illum;
1361 5132 1430 5183 ita
1457 5132 1606 5183 enim
1625 5146 1749 5185 scn-

147 5219 276 5257 sum
304 5204 570 5264 efﬁciunt;
604 5202 735 5267 Quia
760 5202 925 5253 dicam
953 5200 1061 5265 tibi,
1090 5218 1191 5253 non
1218 5202 1498 5269 derclinqui
1516 5242 1529 5261 ,
1552 5212 1660 5254 etc.
1703 5212 1751 5255 te

146 5282 353 5337 cantra,
389 5284 492 5327 etc.
521 5272 589 5325 ad
638 5273 858 5325 nihilum
899 5281 1182 5323 venturum.
1231 5273 1412 5325 Potest
1452 5282 1628 5324 tamen
1678 5274 1749 5326 ila

147 5344 318 5399 etiam
342 5344 535 5411 corrigi
569 5345 717 5397 locus
750 5346 881 5407 iste;
908 5340 1035 5395 Hac
1061 5345 1337 5396 sustineant
1368 5352 1623 5403 contrate,
1643 5344 1749 5412 qui,

147 5428 261 5471 etc.
294 5416 365 5468 sis
390 5415 457 5468 ad
482 5415 696 5467 nihilum
722 5424 978 5466 venturus.

229 5496 255 5524 ⁸
299 5485 453 5541 Vers.
484 5484 609 5539 Ant.
638 5483 808 5554 Digna
831 5485 1169 5538 admiratione
1189 5485 1326 5553 facta
1352 5493 1467 5538 sunt
1486 5484 1540 5537 in
1567 5484 1714 5540 nobis
1738 5504 1754 5535 .-

150 5559 309 5612 abest
361 5567 551 5627 tamen
572 5555 653 5627 in;
688 5555 832 5627 nobis
881 5570 909 5607 a
960 5555 1171 5610 Grzeco.
1222 5556 1577 5609 Admiratione
1622 5556 1753 5627 legit

148 5631 317 5683 etiam
350 5630 401 5681 in
429 5625 599 5682 Lucil.
632 5625 816 5681 Sabat.

232 5699 251 5736 τ
298 5698 451 5753 Vers.
502 5698 630 5751 Αιιι.
655 5695 769 5750 Tibi
792 5697 1089 5768 impune.
1123 5697 1260 5768 quod
1280 5707 1457 5750 contra
1481 5737 1495 5759 ,
1520 5707 1625 5768 etc.
1652 5696 1755 5753 Sa-

158 5772 275 5827 bat.
308 5770 439 5839 legit
481 5769 571 5821 tibi
601 5770 764 5822 etiam
794 5766 845 5839 in
878 5766 1051 5839 Lucil.
1080 5766 1173 5822 sed
1201 5769 1350 5822 deest
1384 5779 1435 5821 et
1480 5770 1530 5821 ili
1578 5767 1755 5823 Grzec.

229 5851 254 5887 δ’
295 5840 466 5894 Nullae
504 5848 797 5904 supersunt
828 5838 1058 5892 Luciferi
1088 5842 1330 5908 epistolae
1358 5848 1559 5907 praeter
1597 5855 1754 5894 unam

150 5911 435 5970 Florentio
465 5910 753 5978 scriptam:
784 5920 1014 5964 catleras
1040 5919 1310 5966 vetustate
1331 5912 1559 5981 periisse
1588 5912 1759 5965 maxi-

1847 3362 2011 3430 potita
2060 3362 2404 3417 victoriarum
2450 3383 2462 3418 :
2506 3373 2561 3420 et
2591 3380 2687 3420 nos
2716 3366 2917 3423 Christi
2948 3370 3132 3426 dicere
3169 3374 3432 3429 militibus

1780 3468 1785 3473 '
1845 3452 2014 3508 fuisse
2041 3468 2334 3523 congruum
2364 3457 2653 3511 arbitratus
2686 3472 2745 3513 es
2777 3477 2791 3514 :
2824 3458 3002 3515 Nolite
3045 3479 3192 3515 arma
3229 3481 3432 3520 sumere

1844 3558 2022 3601 contra
2051 3548 2403 3603 Constantium
2430 3552 2623 3606 diaboli
2651 3556 2921 3610 satellitem
2944 3598 2958 3620 ,
3002 3559 3161 3612 nolite
3195 3562 3430 3615 resistere

1842 3642 2031 3705 templo
2075 3644 2299 3695 omnium
2330 3643 2620 3697 dwmonum
2651 3662 2669 3699 ,ο
2706 3649 2867 3719 magis
2888 3659 3056 3701 autent
3096 3653 3252 3720 facite
3279 3669 3424 3723 qua!-

1841 3749 2051 3803 cttnu/ue
2076 3735 2190 3803 ﬁeri
2212 3739 2527 3804 prwcepcrit.
2551 3737 2680 3806 Quae
2706 3742 2819 3795 haec
2842 3750 2924 3795 est
2941 3753 3124 3798 nostra
3139 3754 3425 3801 contuma-

1841 3824 1939 3889 cia,
1974 3826 2016 3877 si
2048 3826 2283 3881 olﬁciom
2313 3829 2469 3882 nobis
2493 3828 2796 3899 delegatum
2827 3846 2855 3884 a
2902 3832 3013 3888 Deo
3060 3836 3292 3890 nitamur
3324 3837 3427 3891 im-

1844 3918 2009 3984 plere,
2044 3919 2084 3970 si
2119 3919 2346 3988 denique
2376 3922 2528 3975 istius
2558 3923 2799 3978 mnlicris
2837 3924 3139 3981 imitatores
3169 3926 3430 3982 fuerimus

1845 4010 2081 4064 inventi?
2103 4010 2179 4065 Tu
2210 4012 2291 4066 vis
2319 4013 2534 4069 diabolo
2558 4014 2798 4083 placere,
2824 4017 2983 4085 cujus
3004 4033 3143 4087 opus
3170 4021 3431 4075 inveniris

1842 4104 2160 4167 celebrare,
2196 4120 2295 4159 nos
2326 4108 2577 4172 minime;
2629 4109 2710 4164 vis
2762 4109 2872 4163 lleo
2922 4109 3036 4166 haec
3090 4120 3142 4166 te
3184 4114 3427 4182 gerendo

1842 4203 2023 4248 contra
2055 4194 2168 4247 ﬁeri
2196 4197 2621 4264 acceptissimos.
2666 4197 2723 4252 Si
2771 4208 2823 4253 le
2867 4199 3043 4255 adhuc
3075 4214 3274 4268 movet,
3307 4220 3424 4269 cur,

1844 4284 1980 4353 quod
2012 4300 2093 4350 es,
2122 4287 2331 4341 voceris
2372 4303 2399 4340 a
2431 4289 2588 4343 nobis
2614 4331 2628 4355 ,
2662 4292 2848 4360 accipe
2875 4292 3038 4346 etiam
3071 4293 3139 4347 ah
3178 4295 3273 4349 illo
3301 4311 3424 4365 sep-

1846 4381 1974 4432 timo
1996 4378 2156 4448 hujus
2178 4380 2421 4436 mulieris
2442 4382 2521 4437 sic
2547 4383 2875 4438 clamitatum
2896 4395 3082 4439 contra
3098 4387 3425 4443 Antiochum

1842 4469 1953 4525 ﬁlio
1985 4488 1996 4523 :
2028 4472 2305 4525 Antiochus
2331 4482 2497 4525 autem
2525 4475 2779 4527 contemni
2807 4474 3079 4529 arbitratus
3104 4485 3130 4512 η
3165 4478 3297 4546 (HJ!
3306 4481 3422 4532 ach.

1846 4576 1934 4626 vti,
1968 4560 2080 4629 24),
2110 4572 2156 4615 et
2182 4566 2291 4633 ejus
2316 4579 2432 4633 qua:
2466 4565 2759 4633 increpabat
2786 4582 2955 4620 vocem
2985 4567 3292 4637 despiciens,
3313 4588 3427 4625 cum

1861 4655 2033 4709 adhuc
2065 4656 2438 4712 adolescentior
2481 4669 2798 4729 superesset,
2821 4676 2923 4714 non
2944 4661 3107 4717 verbis
3132 4662 3433 4723 hortabatur

1772 4772 1824 4831 Ι)
1850 4785 1936 4825 me
1964 4772 2274 4826 dolendum.

1917 4839 1944 4878 δ
1972 4842 2147 4897 lnnuit
2172 4843 2596 4912 persecutionem
2630 4858 2656 4895 τι
2687 4843 3007 4899 Constantio
3038 4847 3089 4899 in
3116 4847 3428 4905 Catholicos

1846 4913 2142 4985 stetissime
2172 4917 2481 4977 excitatam;
2505 4914 2572 4967 de
2601 4930 2701 4984 qua
2732 4915 2780 4968 in
2809 4915 2944 4968 libro
2976 4931 3073 4985 pro
3096 4918 3151 4973 S.
3188 4920 3385 4975 Athan.

1927 4986 1942 5021 ί
1988 4984 2060 5039 Ita
2093 4986 2219 5056 legit
2259 4986 2487 5041 Poncius
2538 4986 2674 5055 apud
2721 4986 2895 5040 Latin.
2950 4984 3116 5044 Antea
3159 5008 3431 5045 conamen-

1849 5063 1975 5108 tum.

1924 5128 1937 5200 ξ
1978 5127 2210 5200 _l_)ignat_a
2236 5125 2524 5200 sit._Latin.

1926 5195 1946 5234 ⁸
1976 5195 2129 5251 Vers.
2158 5198 2281 5251 Ant.
2310 5197 2362 5252 Ν
2368 5208 2490 5267 ’eque
2513 5198 2645 5252 enim
2667 5214 2760 5270 ego
2782 5199 3020 5269 spiritum
3042 5211 3089 5255 et
3112 5203 3428 5257 animum...

1850 5268 2167 5340 singularum
2199 5270 2421 5323 membra
2452 5286 2549 5322 non
2579 5268 2709 5340 ego,
2732 5268 2835 5324 etc.
2869 5271 3104 5325 Animam
3128 5288 3233 5328 non
3265 5284 3347 5328 est
3379 5276 3429 5328 in

1851 5337 2059 5393 omn.
2095 5340 2320 5395 Membra
2343 5357 2437 5404 pro
2469 5337 2859 5394 membraturam
2892 5340 3052 5398 habet
3078 5344 3261 5399 Sabat.
3438 5402 3441 5405 _

1930 5408 1944 5446 ¹
1990 5410 2143 5467 \‘ers.
2176 5412 2301 5468 Ant.
2340 5412 2580 5464 Omnium
2620 5413 2809 5465 invenit
2834 5412 3108 5481 originem,
3132 5425 3186 5471 et
3213 5424 3430 5469 vosmet-

1850 5480 2028 5548 ipsos;
2083 5499 2200 5553 qua:
2228 5482 2410 5553 Sabat.
2444 5483 2571 5553 legit
2601 5484 2760 5537 etiam
2790 5482 2843 5535 in
2876 5480 3044 5540 Lucil.

1922 5562 1962 5589 ω
2003 5552 2207 5607 Gaudii.
2233 5552 2480 5607 Galland.

1923 5632 1949 5660 υ
1992 5624 2144 5699 vers.
2195 5624 2316 5678 Ant.
2353 5624 2424 5678 Se
2451 5624 2727 5699 arbitratus
2750 5670 2765 5691 ,
2799 5629 2953 5681 simul
2991 5637 3038 5680 et
3082 5627 3434 5699 exprobrantis

1856 5710 1975 5749 voce
1998 5698 2248 5765 despecta.
2350 5712 2449 5747 non
2470 5696 2635 5749 solum
2657 5699 2819 5752 verbis
2843 5696 3160 5761 hortabatur,
3188 5700 3276 5752 sed
3298 5709 3433 5753 eL...

1855 5782 1909 5843 se
1935 5769 2244 5843 divitem...
2295 5777 2342 5843 et
2372 5768 2675 5843 translatum
2715 5786 2767 5843 a_
2790 5770 2967 5843 patriis
2996 5771 3187 5843 legibus
3216 5772 3437 5843 amicum

1859 5838 2236 5890 habiturum...
2268 5837 2315 5891 ei
2346 5839 2696 5903 praebiturum.
2732 5837 2801 5895 se
2822 5837 3117 5905 arbitratus,
3147 5851 3201 5898 et
3227 5857 3280 5893 se
3307 5841 3438 5893 divi-

1857 5916 1955 5962 tem
1985 5908 2113 5977 legit
2139 5911 2297 5963 etiam
2325 5909 2592 5963 Sabatier.
