3854 6392
149 411 241 468 989

709 407 798 466 DE
836 407 973 465 NON
1012 406 1380 466 PARCENDO
1421 407 1485 463 ΙΝ
1528 406 1716 463 DEUM
1761 406 2353 477 DEUNQUENTIBUS
2393 406 2601 464 LIBER
2642 406 2847 465 UNUS.

3309 404 3415 461 990

149 525 335 580 bonum
357 530 510 590 pote;
534 522 733 579 habere
766 523 1097 578 thesaurum.
1131 522 1386 576 Petulans
1409 536 1559 586 sum,
1594 520 1716 589 quia
1750 526 1798 583 Α
1827 524 2091 577 latronem
2118 523 2199 577 vel
2224 522 2601 591 gladiatorem.
2636 524 2838 577 Interea
2861 544 2873 586 ,η
2926 521 3180 591 quoniam
3224 522 3422 579 recita-

151 618 313 671 dicam
348 614 481 681 tibi,
540 614 787 668 tenebras
818 624 909 670 tuo
944 614 1286 669 babitare‘iu
1330 612 1537 676 corde;
1596 611 1720 666 inde

148 724 204 764 ev
242 704 698 760 tenebrosissimis
726 706 975 759 sensibus
1022 705 1127 758 tuis
1151 744 1166 767 .
1216 713 1273 760 ut
1310 720 1371 759 es
1394 743 1409 768 ,
1447 702 1725 757 immunda

152 800 538 866 tenebrosaque
569 796 735 851 audes
761 802 1022 865 proferre.
1053 796 1215 861 Ecce,
1239 798 1402 850 etiam
1433 794 1565 849 illud
1583 794 1727 864 quod

148 895 339 947 dictum
371 902 453 943 est
478 890 636 945 beato
665 888 827 945 Petro
856 906 883 943 a
917 890 1148 943 Domino
1170 893 1212 942 si
1239 890 1461 953 audias,
1484 890 1729 944 dicturus

146 988 253 1042 sine
277 984 443 1038 dubio
485 999 570 1038 me
600 986 1078 1039 contumeliosum.
1116 983 1399 1037 Matthxus
1446 982 1729 1036 sanctissi-

146 1091 257 1131 mus
279 1117 295 1142 ,
325 1074 535 1140 Adhuc,
564 1076 756 1147 inquit,
782 1078 894 1143 ipso
926 1075 1177 1141 loquente,
1230 1092 1343 1128 ecce
1378 1074 1555 1127 ludas
1595 1089 1727 1126 unus

147 1169 203 1219 dc
223 1166 497 1218 duodecim
531 1175 582 1233 α,
604 1178 789 1220 etcum
817 1183 875 1219 co
907 1165 1068 1219 turbt:
1109 1166 1285 1219 multa:
1305 1182 1421 1219 cum
1454 1165 1640 1237 gladiis
1680 1173 1729 1218 et

146 1257 384 1326 fustibus,
411 1258 553 1310 missi
579 1274 610 1311 a
642 1258 959 1326 principibus
990 1257 1336 1321 sacerdotum,
1360 1267 1406 1309 et
1445 1257 1730 1311 senioribus

143 1349 337 1418 plebis:
358 1350 631 1415 quiautcm
654 1349 871 1403 tradidit
902 1365 1017 1401 eum
1040 1346 1089 1412 δ,
1133 1348 1276 1402 dedit
1317 1350 1388 1402 eis
1411 1349 1614 1419 signum
1649 1348 1731 1401 di-

143 1456 254 1493 rens
279 1457 296 1493 :
323 1440 709 1514 Quemcumque
738 1445 998 1499 osculatus
1040 1445 1187 1512 [uero
1216 1485 1231 1509 ,
1279 1445 1384 1514 ipse
1410 1452 1485 1497 est
1504 1483 1519 1508 ,
1568 1454 1729 1498 tenete

142 1548 276 1586 cum.
298 1531 368 1586 Et
392 1536 659 1609 confestim
678 1536 921 1589 accedens
944 1537 1013 1589 ad
1036 1534 1215 1589 Iesum
1237 1536 1308 1589 ait
1334 1553 1351 1589 :
1392 1537 1492 1588 Ave
1536 1533 1722 1589 Rabbi.

142 1623 204 1677 Et
234 1626 495 1680 osculatus
544 1637 617 1680 est
658 1642 792 1680 eum.
825 1624 971 1681 Dixit
1006 1637 1027 1664 ο
1058 1636 1229 1681 autem
1252 1627 1446 1681 Jesus:
1494 1626 1573 1680 Ad
1600 1629 1723 1693 quid

140 1716 319 1769 reniin
349 1718 514 1771 amice
537 1718 561 1771 Ρ
586 1718 730 1772 Tunc
754 1728 1075 1772 accesserunt
1098 1759 1113 1784 ,
1166 1720 1213 1772 et
1236 1736 1417 1773 manus
1446 1720 1731 1791 injeccrunt

140 1809 189 1861 in
214 1806 428 1872 Iesum,
460 1821 508 1863 et
538 1819 809 1863 tenuerunt
831 1827 965 1865 eum.
998 1808 1064 1863 Et
1085 1826 1199 1864 ecce
1237 1828 1369 1865 unus
1418 1827 1486 1868 ex
1524 1811 1602 1864 Itis
1641 1812 1730 1881 qui

1831 618 2022 679 vimus,
2048 616 2317 683 quomodo
2342 631 2596 671 coamens
2628 627 2748 670 tuus
2780 617 3028 674 Scarioth
3060 616 3229 672 ludas
3253 616 3419 672 tradi-

1827 710 1968 763 derit
1992 709 2308 773 Dominum,
2358 708 2461 762 isto
2505 709 2556 762 iu
2614 712 2731 763 loco
2767 709 2885 779 ejus
2916 709 3128 779 penitus
3155 717 3421 763 retracte-

1831 816 1950 858 mus
1973 801 2237 869 sacrilegii
2267 814 2464 854 causas
2518 812 2566 854 et
2607 812 2728 855 tuas
2748 844 2761 866 ,
2790 816 2841 857 et
2868 802 3112 857 invenies
3138 816 3300 855 unum
3330 814 3427 855 vos

1829 906 1951 948 esse
1980 902 2032 948 te
2063 902 2119 947 et
2137 890 2328 946 Judam
2353 892 2711 948 Scariotham.
2743 894 2837 949 Ille
2864 894 3086 948 tradidit
3135 893 3422 948 Dominum

1832 984 2029 1039 ludatis
2049 1027 2063 1049 ,
2091 987 2213 1055 quia
2243 1002 2347 1040 non
2397 985 2563 1038 fueral
2596 985 2829 1051 credens
2857 1025 2872 1050 ,
2904 986 3003 1038 nisi
3050 982 3323 1052 quomodo
3350 982 3422 1038 sit

1831 1090 1974 1131 nunc
2002 1075 2232 1129 credens
2255 1076 2605 1129 conscotinus
2639 1084 2759 1129 tuus
2781 1072 3189 1135 Sirmiensium‘,
3214 1074 3301 1141 qui
3334 1071 3421 1126 di-

1830 1170 2051 1225 cebatur
2089 1185 2152 1225 ac
2196 1170 2388 1223 dicitur
2443 1168 2658 1238 indigne
2698 1167 2981 1222 Photinus.
3043 1165 3123 1219 Tu
3149 1163 3419 1219 tradidisti

1830 1278 1991 1327 cum,
2031 1272 2087 1315 et
2127 1262 2340 1331 quidem
2372 1261 2465 1314 toti
2492 1260 2647 1325 orbi,
2695 1269 2751 1312 ut
2802 1259 2978 1312 cuncti
3031 1256 3150 1326 ejus
3200 1256 3413 1324 possint

1832 1370 2035 1424 negare
2052 1355 2406 1407 divinitatem.
2456 1353 2587 1421 Quis
2616 1360 2855 1406 vestrum
2913 1351 2964 1403 in
2993 1350 3201 1405 scelere
3247 1348 3422 1416 major

1831 1447 1960 1503 est?
1994 1446 2105 1515 Ego
2137 1445 2371 1499 arbitror
2387 1444 2512 1514 quis
2546 1454 2623 1495 tu.
2655 1442 2834 1497 Omnis
2864 1451 2887 1487 κ
2910 1442 3044 1495 enim
3069 1439 3159 1509 qui
3183 1453 3421 1507 peccave-

1831 1542 1897 1599 rit
1918 1541 1973 1595 in
2003 1538 2051 1593 F
2056 1541 2198 1593 ilium
2224 1539 2444 1590 hominis
2470 1578 2485 1603 ,
2515 1537 2800 1589 dimittetur
2826 1536 2873 1591 ei
2900 1552 2917 1588 :
2947 1535 3033 1601 qui
3064 1542 3235 1587 autem
3284 1532 3424 1585 blas-

1834 1632 2144 1703 phemaverit
2175 1632 2226 1683 in
2274 1630 2530 1698 Spiritum
2550 1638 2821 1692 sanctum,
2872 1642 2974 1680 non
3016 1626 3307 1679 dimittetur
3338 1625 3419 1691 ei,

1833 1742 1992 1796 neque
2012 1724 2093 1777 hic
2123 1740 2278 1794 neque
2305 1724 2357 1776 in
2382 1724 2559 1791 futuro
2586 1720 2633 1791 (ι
2645 1722 2749 1775 bid.
2775 1735 2882 1785 ιιι,
2908 1719 2977 1773 52
3001 1720 3043 1789 ).
3071 1720 3136 1774 Et
3163 1728 3218 1772 tu
3247 1718 3422 1772 deita-

1832 1818 1900 1871 tis
1925 1817 2073 1870 illius
2093 1858 2109 1879 ,
2136 1830 2245 1886 quo
2267 1814 2453 1869 cuncti
2482 1822 2706 1883 possunt
2727 1809 2754 1848 ιι
2780 1826 3000 1881 negare,
3026 1809 3284 1867 exstitisti
3318 1818 3422 1863 tra-

139 1910 283 1953 rrant
315 1917 435 1953 cum
457 1898 584 1954 Jesu
609 1942 624 1965 ,
673 1902 950 1955 extendens
1003 1918 1235 1965 manuni,
1264 1904 1448 1956 exemit
1499 1904 1729 1973 gladium
1760 1916 1808 1976 Β
1834 1908 1995 1962 ditor.
2027 1908 2301 1976 Quantum
2322 1904 2465 1960 enim
2490 1904 2632 1973 apud
2657 1914 2708 1958 te
2733 1912 2816 1958 est
2842 1944 2856 1967 ,
2882 1900 3153 1957 tradidisti
3182 1917 3329 1966 cum,
3356 1899 3426 1955 do

138 2006 306 2053 suum,
328 2002 381 2045 et
410 1994 659 2061 percussit
680 2009 877 2047 servum
898 1995 1143 2064 principis
1168 1996 1486 2049 sacerdotum
1508 2036 1525 2061 ,
1549 2008 1596 2049 et
1616 2013 1730 2049 am-

134 2083 333 2148 putavit
358 2083 654 2137 auriculam
702 2088 834 2157 cjus.
868 2083 1014 2139 Tunc
1052 2088 1121 2139 ait
1150 2087 1228 2138 illi
1258 2086 1454 2141 lusus:
1488 2086 1733 2142 Converte

139 2175 375 2244 gladium
402 2186 545 2230 tuum
572 2177 624 2229 in
649 2178 818 2229 locum
840 2194 988 2231 suum
1011 2175 1069 2241 ἀς
1102 2195 1273 2232 omnes
1295 2182 1429 2231 enim
1472 2180 1559 2249 qui
1599 2181 1735 2233 acci-

140 2268 282 2335 piunt
304 2266 563 2338 gladium,
588 2268 764 2338 gladio
785 2270 1019 2338 peribunt
1045 2270 1206 2340 (Ibid.
1234 2285 1386 2333 xxvt,
1431 2271 1491 2324 Π
1517 2269 1557 2339 ).
1590 2269 1733 2324 Con-

140 2361 494 2416 tumeliosum
539 2376 623 2416 me
674 2361 826 2417 dicas
875 2377 1101 2417 necesse
1144 2374 1256 2430 est,
1306 2378 1428 2418 cum
1458 2364 1735 2430 audieris,

136 2456 306 2522 quia,
358 2456 403 2506 si
431 2453 615 2524 gladio
658 2456 862 2520 utaris,
923 2457 999 2509 sis
1056 2455 1324 2527 periturus
1373 2456 1573 2527 gladio.
1633 2458 1739 2512 Aut

139 2545 405 2614 numquid
450 2560 559 2599 non
624 2561 684 2599 es
728 2561 857 2599 usus
886 2546 1068 2615 gladio
1102 2556 1123 2582 ε
1154 2544 1587 2601 Christianorum
1624 2547 1646 2599 2
1677 2547 1735 2603 Si

137 2633 350 2688 nullum
375 2635 554 2705 gladio
583 2634 904 2688 intcrcmisti
929 2676 945 2703 ,
973 2636 1017 2690 si
1056 2637 1264 2690 nullum
1296 2637 1361 2689 ad
1391 2648 1617 2692 mortem
1646 2652 1737 2691 us-

135 2743 242 2794 que
274 2737 600 2799 persecutus
628 2742 685 2781 es
712 2769 726 2793 ,
778 2742 876 2782 cur
924 2728 1021 2783 Dei
1068 2729 1282 2783 unicum
1323 2728 1517 2782 Filium
1546 2744 1735 2783 verum

138 2820 337 2873 Filium
373 2818 537 2874 fuerit
558 2834 680 2875 esse
701 2818 986 2874 c0nt‘essus
1006 2861 1020 2885 ,
1068 2835 1167 2873 cur
1194 2820 1547 2889 apostolicam
1576 2831 1738 2889 atque

134 2912 511 2980 evangelicum
547 2911 782 2964 tennerit
814 2910 1007 2976 fidem,
1050 2926 1147 2965 cur
1186 2927 1291 2964 non
1338 2927 1457 2966 esse
1502 2914 1756 2976 Arianus

135 3004 375 3058 voluerit
394 3046 408 3067 ,
434 3004 636 3074 potvris
661 3020 769 3057 non
796 3006 971 3072 perire
992 3005 1206 3074 gladio?
1259 3006 1422 3058 Audis
1460 3008 1601 3060 enim
1625 3006 1740 3061 dic-

136 3106 246 3149 tum
274 3096 440 3151 beato
486 3097 645 3152 l‘etro
689 3106 743 3150 et
799 3098 1035 3175 utiquea
1084 3098 1191 3152 Deo
1225 3098 1321 3151 Dei
1356 3099 1515 3153 unico
1561 3098 1736 3163 Filio,

132 3208 144 3238 ι
170 3192 354 3255 mnis,
384 3191 477 3259 qui
506 3191 686 3260 gladio
718 3192 909 3255 utitur,
963 3194 1104 3260 quod
1133 3193 1313 3262 gladio
1342 3195 1407 3246 sit
1440 3196 1737 3262 periturus.

1836 2016 1938 2070 quo
1959 2010 2015 2056 et
2043 2001 2209 2055 libros
2295 2000 2527 2065 scriptos
2552 1996 2753 2052 dedisti
2784 2036 2797 2058 .
2832 2006 2886 2049 et
2917 1995 3301 2064 prtedicatores
3328 1992 3425 2049 be-

1835 2091 2111 2161 nignivoti
2147 2092 2220 2144 tui
2264 2093 2410 2145 omni
2462 2091 2519 2146 in
2562 2089 2684 2144 loco
2735 2086 3091 2143 constituisti.
3124 2086 3294 2149 Quem
3319 2097 3428 2156 quo

1835 2192 2051 2251 possent
2082 2197 2273 2236 omnes
2303 2196 2501 2251 negare
2519 2195 2708 2235 verum
2740 2180 2887 2233 illum
2914 2192 3035 2232 esse
3070 2177 3165 2231 Dei
3196 2176 3421 2243 Filium,

1836 2274 2186 2342 apostolicam
2217 2282 2378 2342 atque
2416 2271 2783 2344 evangelicam
2812 2278 3002 2324 contra
3025 2282 3121 2322 vos
3142 2266 3427 2323 hxreticos

1835 2368 1975 2437 apud
2002 2366 2205 2422 Niciam
2236 2365 2564 2435 descriptam
2595 2365 2754 2420 fidem
2787 2362 2965 2417 fecisti
3000 2361 3013 2411 i
3040 2360 3287 2430 judicare
3318 2358 3431 2413 bte-

1837 2462 2059 2516 reticam
2082 2500 2097 2524 ,
2114 2469 2167 2515 et
2186 2457 2575 2525 blasphemiam
2600 2467 2743 2510 tuam
2760 2454 2931 2510 fecisti
2948 2451 3054 2505 dici
3074 2449 3422 2509 catholicam.

1837 2552 1894 2606 Et
1928 2561 2106 2606 tamen
2138 2552 2236 2607 iste
2264 2549 2461 2613 ludas,
2493 2547 2583 2618 qui
2616 2562 2738 2601 eum
2776 2542 3105 2607 tradiderat,
3144 2540 3333 2595 videns
3364 2540 3423 2595 in

1834 2659 1945 2700 Sua:
1973 2644 2160 2698 Salutis
2188 2658 2246 2696 se
2276 2649 2553 2710 operatum
2585 2654 2777 2693 necem
2803 2678 2817 2701 ,
2862 2636 3159 2705 panitentia
3188 2635 3379 2687 ductus
3407 2672 3423 2699 ,

1836 2738 2008 2789 retulit
2032 2737 2239 2805 triginta
2256 2744 2523 2803 argenteos
2548 2732 2868 2801 principibus
2897 2727 3224 2782 sacerdotum
3260 2734 3308 2779 et
3337 2739 3422 2779 se-

1837 2829 2062 2882 nioribus
2085 2829 2255 2881 dicens
2284 2843 2302 2881 :
2332 2824 2548 2879 Peccavi
2574 2866 2589 2889 ,
2618 2822 2754 2890 quod
2784 2819 3089 2874 tradiderim
3124 2818 3427 2888 sanguinem

1827 2924 2052 2994 justum.
2082 2921 2147 2973 At
2175 2920 2252 2973 illi
2278 2920 2515 2972 dixerunt
2548 2921 2575 2958 Ιι
2611 2932 2629 2970 :
2664 2915 2803 2979 Quid
2832 2912 2900 2966 nd
2929 2929 3019 2967 nos
3042 2912 3067 2964 ξ)
3119 2922 3174 2965 tu
3225 2911 3433 2965 videris.

1838 3011 1906 3065 Et
1932 3014 2169 3084 projectis
2199 3012 2453 3081 argenteis
2482 3014 2535 3062 in
2558 3009 2768 3079 templo,
2812 3010 3054 3070 secessit;
3087 3014 3134 3058 et
3180 3004 3344 3068 abiit,
3380 3014 3431 3058 et

1840 3106 2021 3174 laqueo
2050 3121 2104 3158 se
2132 3103 2394 3172 suspendit
2446 3102 2465 3172 (
2492 3101 2628 3155 Ibid.
2681 3116 2825 3154 ιιι-ιι
2850 3140 2865 3164 ,
2894 3099 2928 3153 5
2951 3098 2990 3167 ).
3046 3097 3141 3152 llle
3169 3097 3293 3150 licet
3319 3109 3428 3150 uno

1843 3208 2119 3253 momento
2143 3197 2431 3265 paenituit,
2472 3204 2525 3247 et
2558 3194 2791 3262 pretium
2822 3191 2965 3261 quod
2995 3197 3279 3258 acceperat
3302 3188 3426 3241 red-

132 3280 589 3337 Contumeliosus
642 3299 761 3337 sum
820 3286 947 3353 quia
990 3285 1226 3340 dixerim
1273 3288 1405 3345 tibi:
1433 3287 1737 3341 Christianis
1763 3282 1807 3342 C
1840 3290 1971 3346 didit
2000 3306 2015 3354 ;
2050 3298 2105 3344 tu
2134 3288 2259 3356 quid
2283 3288 2431 3341 tale?
2462 3287 2552 3354 qui
2606 3292 2907 3339 conventus
2935 3281 3212 3350 piaculum.
3251 3288 3305 3334 te
3349 3277 3427 3333 fa-

132 3391 236 3426 non
267 3374 391 3427 licet
429 3375 714 3436 inter/icere
746 3418 759 3441 ,
807 3379 927 3447 quia
964 3381 1071 3447 pati
1099 3421 1111 3439 .
1159 3397 1259 3433 non
1304 3384 1472 3451 facere
1519 3383 1735 3453 dignum

130 3466 197 3518 sit
228 3468 487 3534 iniuriam
510 3468 849 3534 Christianos,
878 3473 1100 3537 interﬁci
1132 3472 1148 3510 ί
1184 3491 1201 3527 :
1233 3476 1380 3529 debes
1420 3477 1607 3528 etenim
1638 3494 1733 3545 pro

130 3558 347 3612 (.‘Iiristo
376 3577 477 3611 non
500 3559 818 3616 Christianos
853 3580 905 3617 se
924 3566 1241 3621 clamitantes
1275 3568 1576 3632 interﬁcere.
1610 3569 1733 3623 llzrc

130 3652 292 3706 nobis
337 3654 490 3707 dedit
518 3655 768 3711 mandata
798 3657 1083 3721 Dominus;
1122 3660 1168 3713 si
1199 3662 1458 3713 custodita
1488 3661 1689 3714 fueiint
1713 3701 1729 3726 ,

129 3751 259 3796 tunc
284 3742 582 3798 Christiani
613 3761 737 3800 esse
766 3750 1251 3817 perseverabimus.
1288 3751 1487 3805 Contra
1516 3762 1567 3804 tu
1600 3767 1724 3806 cum

131 3834 325 3895 gladio
367 3833 610 3904 digneris
638 3838 753 3906 ejus
795 3840 1044 3908 persequi
1072 3855 1291 3907 servos,
1323 3858 1429 3895 non
1461 3854 1511 3896 te
1544 3843 1728 3912 utique

119 3925 237 3992 jam
267 3926 645 3982 Christianum
698 3931 998 4000 poterimus
1023 3948 1334 4005 nuncupare
1362 3978 1376 3997 .
1419 3936 1511 3990 sed
1567 3937 1726 4005 plane

126 4126 423 4252 "uni-crs.
456 4128 585 4185 Ant.
650 4138 706 4185 ct
753 4131 937 4187 Sabat.
999 4132 1179 4201 Venit,
1232 4146 1420 4190 etcum
1468 4153 1528 4193 eo
1585 4138 1735 4191 turba

128 4269 432 4396 άὶὲϋνετε.
485 4268 613 4325 Ant.
671 4270 868 4337 Illum,
918 4274 1061 4328 dedit
1111 4274 1235 4329 illis.
1274 4318 1287 4330 .
1320 4315 1333 4330 .
1366 4316 1380 4331 .
1410 4278 1478 4330 ad
1503 4276 1683 4331 Jesum
1716 4317 1734 4343 ,

123 4480 282 4538 liatie
293 4486 412 4537 rius
441 4482 549 4537 hic.

199 4551 226 4589 ἀ
266 4551 341 4624 In
373 4553 486 4624 loco
514 4569 610 4607 suo
633 4595 649 4617 ,
684 4554 735 4609 in
762 4554 855 4608 lib.
888 4572 943 4610 ιι.
976 4572 1073 4624 pro
1091 4556 1148 4613 S.
1180 4559 1493 4615 Athanasio.

202 4633 229 4660 θ
258 4623 367 4678 llic
396 4623 595 4697 aliquid
627 4624 816 4681 deesse
838 4623 1186 4697 comperitur.
1212 4631 1348 4696 Quid
1380 4634 1426 4685 si
1458 4634 1695 4696 legamus
1718 4673 1733 4696 ,

118 4694 177 4747 in
211 4710 399 4748 necem
424 4695 877 4771 Christianarum?
908 4694 975 4771 id
990 4714 1126 4771 sane
1150 4694 1386 4771 velﬁquid
1412 4694 1590 4757 simile
1608 4694 1735 4757 con?

122 4772 329 4844 tes-tus
350 4766 639 4844 postulare
667 4768 897 4844 videtur.
929 4769 1175 4844 Galland.

210 4832 229 4871 ί
271 4832 698 4908 Adjiciendum.
721 4849 765 4894 et
789 4840 1025 4908 interfici.

202 4914 229 4951 ις
274 4906 436 4958 Vers.
472 4909 595 4959 Aut.
658 4907 720 4959 Et
768 4906 1073 4976 quicumque
1116 4912 1303 4967 dixerit
1331 4915 1533 4969 verbum
1562 4926 1738 4969 contra

265 4976 588 5029 remittetur.
616 5016 631 5030 .
659 5016 673 5030 .
702 5016 718 5031 .
762 4980 949 5033 dixerit
980 4992 1249 5039 contra....
1281 4986 1652 5041 remittetur....
1683 4987 1737 5040 in

120 5047 227 5120 hoc
252 5045 456 5120 sgcnlo
485 5063 646 5116 neque
673 5047 723 5101 in
752 5052 851 5120 fut.

200 5115 229 5153 ιι
265 5116 441 5195 Forte
469 5115 663 5186 possint
679 5160 708 5195 ,Α
722 5115 780 5173 υἰ
809 5121 880 5175 sit
905 5136 1098 5177 sensus
1125 5140 1138 5178 :
1176 5122 1239 5177 lat
1269 5133 1323 5177 tu
1343 5126 1547 5180 deitatis
1567 5124 1731 5195 illius,

119 5197 179 5240 ut
206 5189 404 5263 cuncti
434 5205 543 5263 eam
568 5190 763 5263 possint
794 5208 1009 5263 negare,
1059 5196 1294 5248 exstitisti
1322 5196 1557 5251 traditor.
1590 5198 1629 5249 T
1637 5199 1693 5250 il.

202 5255 222 5295 ί
260 5256 405 5312 Vide
434 5255 629 5314 librum
677 5261 740 5315 de
790 5255 892 5316 non
932 5255 1275 5319 conveniendo
1322 5283 1437 5320 cum
1482 5268 1731 5322 heretici:

119 5328 238 5408 (hic
263 5327 378 5408 ςρι.
405 5327 554 5408 7_80),
572 5338 625 5383 et
640 5334 971 5408 notasinlib.
992 5334 1316 5388 Moriendum
1338 5355 1433 5408 pro
1460 5337 1594 5392 Filio
1608 5337 1723 5395 Dei.

201 5400 217 5449 ι
269 5398 407 5452 Hzec
428 5398 744 5478 ἀει-ξιποάο
787 5404 1121 5478 Ariminensi
1174 5398 1521 5478 intelligenda
1559 5421 1725 5475 sunt,

116 5471 177 5525 in
203 5483 329 5539 qua
358 5484 446 5555 λιι.
638 5474 876 5555 unanimi
905 5475 1122 5555 Patrum
1152 5468 1421 5540 consensu
1448 5468 1725 5555 ὁμορνςίριξ

114 5555 235 5595 vox
266 5581 284 5604 ,
318 5555 354 5593 a
381 5541 625 5617 Concilio
655 5541 874 5599 Nicamo
921 5549 1152 5606 stabilita
1177 5589 1191 5610 .
1241 5564 1361 5617 qua:
1406 5541 1725 5607 velutiﬂdei

115 5621 357 5692 tessera
388 5619 513 5692 erat
537 5610 605 5664 ad
631 5619 1014 5692 _secernend9_s
1045 5620 1115 5673 ah
1157 5610 1367 5674 Arianis
1388 5620 1721 5692 Δ(Ξειιιιυιιςιιιι,

116 5682 376 5764 silentio
406 5681 609 5764 omissa
624 5681 770 5764 fuit_:
797 5686 935 5764 hinc
958 5689 1315 5764 Hieronymus
1338 5690 1592 5764 adversus
1619 5681 1723 5748 ι.υέ

112 5751 439 5829 ρι’θιιίτιιιρβ
454 5751 521 5805 de
552 5753 1074 5829 actisAriminensis
1093 5751 1314 5816 Co'ncilii
1344 5762 1455 5817 haec
1475 5764 1720 5829 scripsit:

112 5823 283 5906 Tunc
301 5902 314 5906 Α
343 5819 575 5906 Nicen-af
603 5821 765 5906 Fidei
785 5827 1046 5906 damnatio
1071 5835 1393 5906 conclamata
1427 5844 1519 5887 est.
1571 5819 1723 5906 lnge?

110 5894 263 5950 muit
292 5900 439 5948 tatus
458 5893 627 5961 orbis,
658 5905 705 5949 et
731 5898 977 5954 Arianum
1003 5918 1055 5957 se
1081 5920 1188 5958 esse
1208 5905 1423 5958 miratus
1466 5915 1560 5960 est.
1592 5893 1722 5959 Pos-

204 4381 523 4480 ;uilixitque
547 4410 628 4466 illi
654 4410 829 4467 Iesus.
856 4414 1082 4473 Eadem.
1110 4415 1259 4473 Dixit
1305 4418 1389 4473 illi
1435 4418 1602 4475 Iesus.
1634 4418 1737 4475 Sac

1762 4742 1812 4801 D

1840 3399 1964 3438 cere
1991 3383 2057 3437 ab
2077 3382 2192 3452 ejus
2219 3381 2387 3435 servis
2431 3394 2535 3432 non
2572 3379 2747 3431 solum
2784 3392 2889 3429 non
2933 3374 3290 3445 pmnitueris,
3324 3371 3422 3427 sed

1840 3489 1891 3529 ct
1918 3476 2085 3545 magis
2117 3476 2166 3527 in
2191 3471 2577 3527 contumaciam
2604 3468 2880 3531 creveris;
2909 3476 2961 3520 tu
2987 3465 3119 3537 quid
3150 3465 3298 3519 tale?
3336 3464 3425 3534 qui

1838 3569 1911 3621 sis
1936 3568 2069 3620 dans
2092 3580 2280 3620 omnes
2306 3565 2491 3633 eopias
2508 3561 2655 3631 regni
2686 3562 2781 3623 tui,
2809 3568 2863 3611 ut
2884 3559 3058 3629 possis
3080 3557 3421 3625 sacrilegium

1839 3672 1989 3715 tuum
2020 3662 2234 3713 firmare
2258 3698 2276 3724 ,
2303 3660 2391 3727 qui
2412 3698 2427 3720 ,
2458 3671 2593 3723 «pios
2620 3655 2724 3707 alio
2752 3652 2913 3706 modo
2935 3664 3283 3718 corrumpere
3314 3662 3422 3701 non

1839 3754 2079 3821 potueris
2107 3766 2136 3804 a
2164 3751 2394 3804 veritate
2423 3790 2436 3812 ,
2462 3746 2752 3801 nonnullos
2779 3744 2979 3813 ingenti
3008 3740 3229 3812 prmmio
3256 3738 3425 3793 facul-

1833 3853 2001 3899 tatum
2034 3853 2242 3896 tuarum
2270 3840 2605 3908 corruperis,
2632 3837 2720 3907 qui
2739 3849 2951 3891 certum
2982 3848 3269 3888 numerum
3294 3847 3423 3901 ege-

1831 3950 2021 3990 norum
2054 3934 2123 3988 ita
2152 3930 2599 4000 locupletaveris,
2628 3936 2684 3982 ut
2704 3927 2992 3981 comitibus
3028 3924 3042 3962 ¹
3082 3925 3187 3980 tuis
3222 3924 3290 3979 de
3333 3922 3422 3978 di-

1993 4102 2009 4131 /

1842 4146 1962 4191 sunt
1993 4126 2170 4190 tamen
2184 4133 2419 4190 Luciferi
2452 4131 2611 4186 verba
2641 4129 2828 4186 referri
2849 4128 2915 4183 ad
2935 4127 3208 4197 Synodum
3241 4126 3418 4182 Nice-

1843 4222 1964 4261 nam
1996 4206 2239 4273 ejusdem
2272 4206 2395 4259 anni
2419 4244 2431 4256 .
2459 4205 2523 4254 ad
2549 4218 2706 4271 quam
2739 4197 3245 4273 plurifmirCatholici
3294 4197 3420 4273 Ειιίτ

1844 4278 1993 4346 scopi
2026 4269 2076 4331 vi
2106 4276 2353 4337 adducti,
2385 4283 2441 4327 et
2465 4269 2660 4327 callide
2702 4271 2771 4327 ab
2799 4272 3014 4346 Arianis
3061 4269 3414 4346 circumventi

1842 4339 2049 4411 οὑσίας.
2098 4362 2162 4401 ac
2218 4346 2490 4416 ὁμοουσίου
2546 4358 2705 4416 voces
2738 4342 3058 4411 rejecerunl.
3089 4339 3227 4416 Vide
3244 4339 3420 4416 Theo-

1843 4420 1962 4473 dor.
2004 4419 2092 4472 lih.
2124 4434 2179 4471 ιι.
2206 4410 2346 4471 Hist.
2396 4431 2516 4484 cap.
2567 4414 2659 4469 2t.
2688 4413 2743 4467 In
2771 4410 2997 4480 utraque
3039 4425 3167 4465 vero
3194 4410 3419 4484 Synodo

1845 4488 2014 4543 Filius
2042 4487 2189 4543 Patri
2218 4488 2403 4542 similis
2432 4480 2662 4540 subdolo
2691 4484 3008 4538 Arianorum
3039 4496 3203 4536 sensu
3231 4480 3419 4535 decla-

1843 4570 1989 4615 ratus
2015 4570 2137 4624 est;
2170 4560 2221 4613 in
2255 4557 2579 4613 Ariminensi
2612 4564 2789 4609 tamen
2841 4552 3047 4608 Ursacii
3077 4566 3138 4604 ac
3175 4551 3413 4605 Valentis

1843 4629 2030 4685 fraude
2055 4632 2138 4685 bze
2167 4638 2425 4695 pra-terea
2467 4626 2708 4680 formula:
2740 4624 3027 4693 prOposit:e
3067 4631 3191 4695 sunt
3210 4663 3223 4684 ,
3253 4630 3415 4690 atque

1846 4690 2231 4769 Episcoporum
2256 4697 2583 4753 anathemati
2610 4690 2909 4769 subjectae”,
2935 4709 3052 4761 «pta:
3083 4690 3131 4744 F
3132 4692 3277 4769 ilium
3308 4706 3415 4745 non

1841 4765 2103 4842 negabant
2126 4780 2411 4842 creaturam
2434 4784 2553 4842 esse
2573 4808 2587 4828 ,
2616 4767 2707 4842 sed
2750 4766 2984 4842 _sitniletn
3016 4765 3229 4842 caeteris
3256 4778 3412 4816 i-rea-

1840 4834 2013 4906 tut-vis;
2043 4858 2210 4911 quare
2238 4840 2431 4899 Ariana
2464 4837 2794 4911 blasphemia
2839 4834 3234 4911 quodammodo
3286 4846 3412 4901 pro-

1839 4914 1951 4967 bari
1987 4906 2287 4967 videbatur.
2325 4911 2453 4963 Vide
2482 4906 2643 4963 etiam
2670 4908 2863 4961 Bai-on.
2894 4907 2959 4958 ad
2985 4906 3126 4957 hunc
3150 4920 3373 4957 annum.

1907 4984 1933 5022 ι
1964 4985 2219 5039 Dixerunt
2269 4986 2313 5037 ei
2343 4981 2498 5035 Vers.
2551 4980 2680 5033 Ant.
2729 4977 2833 5033 Sed
2881 4977 2928 5031 ei
2977 4976 3130 5028 abest
3180 4975 3341 5029 ctiam
3370 4988 3400 5030 a

1835 5054 2045 5111 Graeco.

1914 5125 1929 5163 ι
1957 5124 2194 5179 Comites
2228 5133 2352 5177 tunc
2379 5130 2533 5175 erant
2583 5119 2837 5189 prmeipui
2888 5116 3232 5189 magistratus
3266 5114 3409 5184 apud

1835 5196 2127 5249 Csesarom.
2162 5192 2262 5246 Til.
2289 5194 2394 5247 Sed
2432 5185 2788 5245 liaud’rcrter
2821 5198 2972 5242 crant
3001 5187 3140 5240 enim
3170 5185 3410 5255 impera-

1837 5266 2159 5336 toriipalatii
2194 5277 2477 5331 proci-res,
2508 5261 2859 5336 qui»C0mitcs
2902 5260 3022 5311 ideo
3068 5255 3409 5321 dicebantur,

1834 5339 1959 5406 quia
1982 5334 2371 5403 litiperatnrem
2400 5334 3161 5406 comitabanturquocumque
3179 5366 3195 5392 ,
3231 5342 3407 5406 neque

1834 5399 1903 5462 ab
1962 5399 2082 5478 ejus
2118 5408 2283 5478 lati-rc
2319 5419 2582 5471 .umquain
2628 5402 2983 5478 disi-edebant
3010 5416 3041 5478 .z
3070 5399 3405 5478 _hucuetiam

1834 5468 2054 5534 nomine
2108 5481 2140 5531 ii
2170 5477 2297 5529 dicti
2359 5468 2593 5528 fuerunt.
2629 5473 2718 5542 qui
2744 5472 2925 5541 palatii
2952 5468 3288 5542 ministeriis,
3344 5482 3408 5542 ac

1831 5551 2026 5603 officiis
2068 5554 2361 5618 prmerant,
2415 5554 2470 5597 at
2523 5536 3137 5618 nullam'magistratus
3168 5536 3409 5618 fututam

1829 5608 2101 5690 gerebani.
2130 5618 2363 5673 Comites
2392 5632 2521 5669 vero
2551 5616 2906 5690 provinciales
2930 5653 2944 5677 ,
2982 5612 3025 5690 _ii
3055 5608 3273 5679 quidem
3296 5623 3407 5690 suo

1828 5680 2427 5761 magistratusmunere
2475 5680 2857 5761 fungebantur,
2904 5681 3036 5761 sed,
3088 5690 3161 5761 uti
3196 5697 3259 5761 cs
3294 5680 3406 5761 Du:

1827 5751 2029 5829 Catigio
2049 5760 2365 5829 conjiciutus
2389 5761 2439 5810 in
2472 5751 2677 5829 Gloss,
2711 5757 2811 5810 sub
2841 5756 3067 5829 imperio
3096 5751 3405 5829 Constantii

1831 5822 2065 5888 nondum
2094 5822 2317 5886 instituti
2345 5828 2573 5885 lurtasse
2604 5827 2839 5881 fuerunt.
2874 5825 3084 5879 Priums
3117 5823 3200 5873 hic.
3229 5822 3409 5875 immit

1829 5902 2065 5971 Lucifer,
2099 5916 2323 5974 quorum
2354 5900 2570 5954 divitias
2602 5898 2713 5955 fere
2740 5895 3025 5967 aequabant
3050 5892 3404 5961 abjectissimi
