3900 6436
115 395 240 450 ΞΠ

1117 390 1561 449 EVANGELIUM
1600 388 1967 447 SECUNDUM
2005 388 2433 447 MATTIUEUM.

533 506 764 564 CODEX
816 505 1351 562 VERCELLENSIS.

121 615 249 669 que
285 601 346 655 in
376 600 575 655 futuro.

125 671 241 727 3'5.
285 672 401 726 Aut
428 671 586 725 facite
618 709 632 722 .
669 671 683 722 ζ
720 710 734 724 .
759 669 854 724 bo-

133 781 150 793 .
198 777 215 792 .
256 779 274 794 .
310 755 365 793 m
400 740 626 806 bonam,

128 819 196 864 et
229 807 449 864 fructus
469 809 585 879 ejus

129 880 330 935 bonos
361 898 375 932 :
406 889 498 933 aut
523 879 651 934 faci-

133 960 198 1003 te
231 949 494 1004 arborem
523 965 636 1004 ma-

131 1018 289 1084 lam,
328 1029 385 1073 et
410 1018 615 1072 fructus

133 1089 274 1157 ejus
306 1089 517 1143 malos:
547 1104 614 1144 ex

139 1158 338 1212 fructu
385 1160 528 1212 enim

137 1228 326 1282 arbor
341 1241 568 1300 cognos-

139 1306 337 1352 cetur.

138 1367 248 1422 34.
297 1366 589 1437 Progenies
627 1367 774 1438 vipe-

139 1451 368 1499 rarum,
395 1451 622 1505 quomo-

140 1506 224 1561 do
257 1508 489 1576 potestis
516 1507 610 1562 bo-

143 1591 224 1631 na
249 1577 425 1644 loqui,
443 1591 565 1631 cum

146 1645 284 1699 sitis
307 1646 471 1699 mali?
503 1646 580 1701 Ex
605 1662 663 1701 a-

146 1714 458 1770 bnndanda

145 1785 309 1840 enim
338 1783 521 1838 cordis

147 1869 220 1910 os
250 1855 512 1922 loquitur.

148 1924 256 1980 35.
299 1923 484 1979 Bonus
505 1925 663 1980 homo

152 1992 232 2048 de
261 1993 412 2048 bono
444 1994 594 2047 then-

153 2077 328 2132 sauro
350 2064 488 2118 bona
521 2081 640 2132 pro-

155 2131 306 2187 feret
339 2151 352 2186 :
384 2144 438 2187 et
469 2136 641 2189 malus

156 2201 332 2256 homo
354 2202 422 2257 de
449 2203 588 2257 malo

158 2270 468 2325 thensauro

159 2341 323 2410 malai
338 2339 566 2410 profert.

158 2408 260 2463 56.
305 2408 438 2463 Dico
463 2417 638 2465 autem
667 2424 758 2464 vo-

163 2478 278 2543 bis,
306 2479 561 2548 quoniam

162 2562 334 2602 omne
350 2549 568 2602 verbum

163 2619 428 2682 otiosum,
456 2617 597 2685 quod

981 598 1338 655 damnabitur.

981 668 1069 725 38.
1108 668 1278 722 Tuuc‘
1298 663 1590 734 responde-

982 746 1107 793 runt
1135 739 1182 791 ei
1203 735 1418 805 quidam

983 808 1310 866 Scribarum.

983 886 1038 932 et
1062 876 1498 941 Pharisaeorum,

984 947 1225 1001 dicentes
1250 963 1263 998 :
1299 945 1407 997 Ma-

985 1019 1169 1086 gister.
1199 1015 1346 1094 volti-

988 1102 1104 1141 mus
1130 1095 1234 1140 ate
1259 1098 1470 1154 Signum

988 1159 1673 1211 39.........au~

988 1233 1095 1281 tem
1121 1240 1338 1293 respon-

988 1296 1120 1350 dens
1147 1296 1220 1348 ait
1252 1294 1352 1346 illis
1377 1310 1390 1343 :

985 1363 1274 1420 'Generatio
1302 1377 1411 1415 ma-

989 1435 1038 1489 la
1060 1444 1114 1488 et
1142 1433 1378 1487 adultera
1406 1430 1510 1500 sig-

991 1520 1116 1558 num
1141 1503 1385 1572 quaerit:
1417 1511 1475 1556 et

987 1574 1194 1641 signum
1220 1586 1324 1632 non

989 1643 1200 1698 dabitur
1220 1642 1291 1705 ei,
1321 1642 1404 1694 ni-

990 1715 1033 1768 si
1056 1711 1373 1782 signumJo-

992 1798 1090 1837 nae
1111 1781 1421 1851 Prophetas.

993 1857 1083 1908 40.
1122 1849 1271 1907 Sicut
1297 1852 1439 1904 cnim
1463 1849 1544 1906 fu-

993 1924 1032 1977 lt
1058 1923 1223 1977 Jonas
1253 1921 1303 1974 in
1329 1936 1459 1976 ven-

935 2016 940 2022 ο
993 2001 1073 2047 tre
1091 1993 1194 2046 ceti
1217 1991 1388 2044 tribus

991 2061 1201 2126 diebus;
1227 2069 1281 2115 et
1310 2061 1476 2130 tribus

994 2132 1271 2185 noctibus:
1316 2131 1384 2183 ita

992 2202 1093 2253 erit
1124 2199 1199 2269 (a)
1236 2207 1289 2253 ct
1313 2200 1354 2270 ’ξ-
1383 2199 1548 2254 Filius

992 2270 1224 2323 hominis
1256 2271 1305 2322 in
1337 2286 1457 2322 cur-

992 2339 1060 2393 de
1086 2347 1261 2392 terrae
1286 2341 1378 2392 tri-

993 2409 1092 2461 bus
1113 2409 1321 2470 diebus,
1353 2417 1407 2462 ct

993 2479 1162 2533 tribus
1194 2480 1365 2531 nocti-

991 2545 1080 2598 41.
1126 2548 1244 2599 bus.
1284 2547 1390 2600 Viri
1421 2547 1510 2600 Ni-

992 2617 1202 2670 nevitae
1230 2631 1407 2670 resur-

2255 502 2484 561 CODEX
2523 503 2970 562 VERONENSIS.

1835 610 2009 666 neque
2033 595 2099 666 in,
2116 595 2314 652 futuro.

1834 665 1931 722 35.
1963 666 2069 720 Aut
2082 665 2236 722 facite

1832 737 2078 790 arborem
2107 735 2320 802 bonam,

1835 815 1889 860 et
1914 805 2141 859 fructum
2169 805 2286 874 ejus

1836 877 2032 930 bonum
2059 897 2071 928 :
2098 885 2186 929 aut
2207 875 2285 929 fa-

1837 946 1942 1000 cite
1971 947 2216 1000 arborem
2245 959 2360 999 ma-

1838 1015 1940 1069 lam
1966 1055 1980 1081 ,
2011 1025 2064 1070 et
2091 1015 2319 1069 fructum

1837 1085 1955 1154 ejus
1980 1084 2174 1138 malum
2203 1103 2216 1139 :
2249 1099 2370 1139 nam

1839 1153 1902 1209 ex
1935 1153 2110 1209 fructu
2138 1154 2299 1210 arbor

1822 1225 2202 1294 cognoscitur.

1838 1293 1924 1349 54.
1945 1293 2235 1364 Progenies
2263 1295 2412 1363 vipe-

1839 1378 2016 1417 rarum
2039 1404 2054 1428 ,
2088 1365 2356 1431 quomodo

1879 1434 2063 1486 otestis
2091 1431 2230 1488 bona

1863 1503 1982 1572 oqui
2011 1543 2025 1565 ,
2054 1518 2174 1555 cuin
2202 1503 2320 1558 sitis

1841 1573 2009 1626 mali?
2035 1572 2119 1626 Ex
2152 1575 2321 1626 abun-

1841 1643 2019 1697 dantia
2050 1641 2190 1696 enim
2217 1657 2338 1697 cor-

1841 1712 1923 1765 dis
1953 1728 2013 1765 os
2041 1711 2293 1780 loquitur.

1840 1782 1931 1837 '55.
1966 1783 2142 1835 Bonus
2169 1783 2308 1836 enim
2336 1781 2430 1838 lio-

1843 1867 1929 1906 mo
1950 1851 2017 1905 de
2041 1853 2179 1904 bono

1845 1922 2133 1975 thensauro
2162 1922 2362 1990 profert

1846 1992 1984 2046 bona
2017 2010 2028 2044 :
2053 2000 2108 2046 et
2136 1993 2302 2046 malus

1843 2061 2006 2115 homo
2036 2061 2104 2115 de
2132 2063 2274 2114 malo

1844 2134 2133 2185 thensauro
2156 2131 2358 2201 profert

1844 2202 2004 2254 mala.

1841 2270 1931 2324 56.
1974 2272 2140 2324 Amen
2170 2269 2288 2324 dico
2320 2283 2415 2324 vo-

1845 2341 1927 2393 bis
1944 2382 1956 2400 ,
1987 2341 2236 2409 quoniam
2281 2403 2288 2410 ,

1844 2424 2001 2464 omne
2029 2409 2248 2464 verbum

1844 2482 2074 2533 otiosum
2098 2519 2114 2545 ,
2147 2477 2286 2546 quod

1845 2551 2005 2603 locuti
2035 2548 2236 2602 fuerint

1847 2619 2092 2673 homines
2117 2659 2129 2681 ,
2165 2618 2391 2672 reddent

2652 599 2718 652 de
2737 599 2939 652 Scribis
2961 637 2976 664 ,
3000 605 3056 652 et

2653 667 2942 735 Farisaeis,

2653 738 2893 792 dicentes
2916 754 2930 790 :

2649 807 2918 877 Magister.
2941 821 3036 861 vo—

2651 877 2823 930 lumus
2845 877 3044 946 aliquid

2651 962 2680 999 a
2714 956 2764 1001 te
2793 947 3004 1015 signum

2653 1016 2871 1089 videre.

2650 1086 2739 1140 39.
2778 1085 2932 1140 Jesus
2959 1095 3136 1141 autem

2649 1155 2979 1226 respondens
3005 1158 3080 1209 ait

2654 1225 2758 1279 illis
2789 1243 2803 1277 :
2833 1225 3126 1281 Generatio

2655 1295 2796 1349 mala
2829 1304 2882 1348 et
2911 1295 3152 1350 adultera

2658 1367 2866 1434 signum
2892 1366 3106 1434 quaerit
3138 1382 3154 1421 :

2657 1445 2710 1490 et
2739 1437 2948 1502 signum
2977 1448 3082 1489 non

2654 1505 2867 1558 dabitur
2894 1504 2947 1557 ei
2967 1544 2982 1566 .
3014 1504 3116 1560 nisi

2654 1575 2862 1642 signum
2884 1572 3052 1628 Jonae

2653 1642 2973 1712 Prophetae.

2653 1711 2739 1766 40.
2782 1713 2929 1767 Sicut
2947 1713 3090 1768 enim

2653 1780 2749 1834 fuit
2771 1781 2938 1838 Jonas
3057 1778 3072 1786 ’

2656 1851 2707 1905 in
2730 1861 2918 1906 ventre

2655 1923 2758 1976 ceti
2787 1922 2955 1978 tribus

2657 1992 2843 2045 diebus
2863 2033 2878 2056 ,
2905 2004 2964 2048 et

2659 2061 2830 2114 tribus
2860 2064 3034 2116 nocti-

2657 2129 2792 2203 bus:
2809 2131 2904 2203 sic
2919 2135 3023 2187 erit
3043 2132 3120 2203 (a)

2659 2208 2711 2252 et
2740 2199 2781 2268 -ι-
2809 2199 2975 2255 Filius

2663 2269 2897 2322 hominis
2919 2273 2970 2324 in

2662 2339 2825 2392 Corde
2845 2348 3020 2394 terrae

2665 2409 2840 2463 tribus
2865 2409 3054 2464 diebus

2663 2487 2718 2530 et
2741 2479 2910 2532 tribus
2933 2481 3104 2536 nocti-

2662 2549 2784 2602 bus.

2661 2617 2749 2670 41.
2784 2619 2891 2672 Viri
2917 2619 3195 2674 Ninevitae

3289 379 3396 435 218

165 2688 337 2742 locuti
366 2689 560 2742 fuerint

169 2756 450 2822 homines,
477 2758 599 2811 red-

167 2827 302 2880 dent
331 2827 400 2881 de
419 2842 486 2881 eo
516 2842 604 2881 ra-

169 2897 376 2950 tionem
400 2897 453 2950 in
474 2897 579 2966 die,
721 2956 731 2966 ,

168 2967 263 3020 37.
299 2966 507 3032 jndicii.
541 2965 714 3021 Unus-

169 3034 400 3105 quisque
424 3036 566 3090 enini

170 3119 240 3159 ex
270 3105 453 3159 verbis
482 3119 571 3160 su-

172 3178 220 3228 is
245 3174 552 3244 justiﬁeabi-

172 3254 282 3313 tur,
313 3254 405 3300 aut
429 3259 558 3300 con-

993 2695 1122 2753 gent
1144 2688 1193 2738 in
1225 2685 1368 2752 judi-

929 2783 931 2785 ι
994 2758 1077 2808 cio
1099 2771 1216 2810 cuin
1247 2770 1406 2823 gene-

995 2825 1200 2880 ratione
1219 2823 1325 2878 ista
1353 2867 1367 2892 ,

993 2905 1046 2950 et
1071 2894 1325 2948 condem-

996 2965 1198 3020 nabuut
1223 2980 1340 3019 eam
1371 2985 1383 3019 :

995 3035 1115 3104 quia
1149 3037 1428 3103 paeniten—

998 3108 1121 3158 tiam
1153 3111 1391 3174 egerunt

997 3175 1048 3228 in
1083 3175 1354 3242 praedica-

997 3245 1139 3298 tione
1163 3245 1332 3300 Jonae.

592 3358 818 3415 CODEX
856 3358 1322 3414 CORBEIENSIS.

171 3469 279 3524 que
329 3454 381 3507 in
429 3453 626 3508 futuro.
675 3455 779 3508 Aut
831 3452 985 3506 facite
1060 3454 1305 3524 arborem
1397 3453 1624 3524 bonam._
1689 3461 1744 3506 et

172 3521 404 3578 fructum
460 3525 575 3591 ejus
619 3525 813 3578 bonum
861 3541 874 3576 :
931 3522 1205 3591 autrfacite
1234 3523 1480 3574 arborem
1522 3521 1741 3586 malam,

173 3603 228 3663 et
255 3590 621 3663 fructum’ejus
665 3595 860 3646 malum
890 3609 902 3663 ξ
933 3607 998 3646 ex
1027 3590 1195 3663 fructu
1228 3593 1243 3621 ¹
1274 3593 1414 3644 enim
1457 3591 1627 3663 omnis
1656 3606 1745 3644 ar-

173 3661 274 3716 lior
303 3660 626 3728 agnoscitur.
677 3662 965 3730 Progenies
995 3662 1318 3726 viperarum,
1352 3660 1622 3729 quomodo
1650 3677 1745 3728 po-

176 3732 326 3784 testis
354 3735 488 3784 bena
515 3732 676 3798 loqui,
704 3747 866 3798 quum
891 3731 1003 3783 silis
1028 3731 1186 3783 mali?
1213 3733 1232 3760 '
1256 3730 1384 3784 Nam
1400 3731 1752 3784 exabundan-

177 3801 247 3869 tia
288 3800 468 3869 cordis
517 3804 876 3869 unusquisque
919 3800 1148 3869 loquitur
1190 3800 1256 3853 de
1307 3817 1399 3853 ore
1444 3814 1541 3853 suo
1592 3801 1750 3853 mala.

177 3868 352 3922 Bonus
382 3868 543 3922 homo
568 3867 636 3922 de
664 3871 804 3922 bono
850 3867 1099 3922 thesauro
1133 3869 1332 3935 profert
1356 3871 1490 3923 bona
1515 3886 1527 3920 :
1558 3879 1614 3924 et
1639 3885 1751 3922 ma-

177 3939 258 3992 lus
281 3939 440 3991 homo
468 3939 534 3991 de
555 3938 698 3992 malo
725 3939 974 3992 thesauro
1005 3938 1203 4007 profert
1230 3942 1387 3994 mala.
1416 3940 1546 3992 Dico
1573 3951 1750 3992 autem

176 4007 349 4078 vobis,
379 4010 632 4078 quoniam
657 4021 816 4062 omne
842 4011 1062 4061 verbum
1089 4011 1339 4075 otiosum,
1373 4009 1513 4077 quod
1546 4009 1751 4077 loquuti

179 4077 374 4132 fuerint
401 4078 665 4143 homines,
696 4079 924 4133 reddent
952 4078 973 4109 ³
1003 4079 1068 4132 de
1094 4091 1159 4132 eo
1185 4079 1445 4132 rationem
1479 4081 1528 4130 in
1556 4078 1640 4132 die
1662 4079 1750 4146 ju-

179 4148 322 4201 dieii.
354 4147 376 4178 ⁸
411 4150 485 4201 Ex
516 4147 694 4202 verbis
722 4149 862 4201 enim
893 4150 995 4201 tuis
1023 4148 1427 4215 jUstilicaheris,
1459 4158 1510 4199 et
1538 4163 1602 4200 ex
1633 4163 1752 4199 ver-

181 4217 263 4270 bis
285 4219 391 4271 tuis
414 4217 877 4271 condemnaberis.
902 4218 1053 4270 Tunc
1079 4218 1468 4282 responderunt
1493 4218 1512 4246 ⁸
1536 4217 1604 4266 illi
1635 4217 1750 4280 qui-

179 4286 298 4340 dam
327 4303 392 4341 ex
441 4287 644 4341 Scribis
670 4286 1101 4348 Pharisaeorum,
1150 4285 1424 4336 dicentes:
1477 4283 1747 4349 Magister,

182 4359 421 4411 volumus
446 4375 472 4407 a
500 4367 550 4410 te
580 4357 787 4422 signum
817 4353 1016 4406 videre.
1046 4361 1065 4390 ο
1094 4355 1157 4404 At
1189 4353 1276 4404 ille
1319 4352 1647 4419 respondens
1677 4351 1752 4404 ait

184 4427 315 4479 illis:
348 4426 638 4481 Generatio
669 4425 805 4477 mala
834 4433 888 4475 et
908 4422 1150 4474 adultera
1180 4423 1387 4488 signum
1417 4423 1626 4488 quaerit
1656 4439 1668 4473 :
1698 4431 1752 4475 et

183 4497 385 4563 signum
412 4509 517 4548 neu
541 4493 758 4563 dabitur
779 4494 846 4554 ci,
876 4491 973 4543 nisi
996 4493 1202 4559 signum
1225 4491 1400 4563 Jonae
1423 4491 1746 4563 Propheiae.

184 4561 329 4619 Sicut
353 4567 510 4619 cuim‘
528 4563 627 4616 fuit
651 4562 813 4616 Jonas
843 4565 894 4613 in
921 4573 1108 4614 ventre
1133 4561 1238 4613 ceti
1267 4562 1432 4615 tribus
1462 4561 1671 4625 diebus,
1697 4571 1752 4615 et

184 4636 346 4686 tribus
375 4633 660 4696 noctibus;
692 4632 770 4685 sic
791 4631 810 4662 ⁷
840 4642 890 4684 ct
922 4630 1086 4684 Filius
1115 4629 1345 4684 hominis
1382 4632 1478 4684 erit
1511 4632 1560 4683 in
1591 4631 1753 4686 corde

182 4710 349 4756 terrae
377 4701 544 4755 tribus
569 4702 774 4764 diebus,
806 4710 859 4754 et
887 4702 1054 4753 tribus
1084 4701 1346 4753 noctibus.
1379 4700 1489 4754 Viri
1539 4702 1558 4732 "
1604 4700 1753 4754 Nini-

184 4774 298 4824 vita:
343 4779 568 4838 surgent
609 4770 660 4825 in
704 4769 907 4839 judicio
947 4771 1109 4824 cum”
1155 4770 1254 4822 hac
1275 4773 1641 4838 generatione,
1696 4781 1750 4824 et

185 4840 507 4912 damnabunt
549 4840 694 4912 illam
735 4855 750 4894 :
796 4841 916 4909 quia
967 4841 1350 4912 poenitentiam
1410 4851 1637 4911 egerunt
1697 4841 1751 4896 in

186 4911 571 4980 praedicatione
610 4909 798 4966 Jonae.

1844 2691 1957 2756 ejus
1989 2690 2250 2742 rationem

1846 2760 1898 2812 in
1927 2760 2012 2811 die
2039 2757 2245 2824 jndicii.

1844 2829 1932 2882 57.
1975 2826 2352 2896 Unusquisque

1849 2897 1991 2952 enim
2019 2897 2196 2950 verbis

1847 2969 1958 3020 suis
1975 2966 2378 3034 justiﬁcabitur,

1846 3047 1903 3091 et
1925 3037 2103 3090 verbis
2130 3038 2240 3090 suis

1849 3106 2316 3161 condemnabitur.

1847 3177 1936 3231 38.
1977 3177 2126 3230 Tunc
2143 3176 2387 3232 adierunt

1847 3261 1968 3303 eum
1996 3247 2209 3316 quidam

2663 2700 2885 2754 surgent
2909 2690 2959 2742 in
2985 2688 3066 2757 jn-

2665 2757 2808 2810 dieio
2834 2773 2950 2814 cuin
2975 2774 3066 2826 ge-

2663 2829 2940 2882 neratiooe
2969 2829 3042 2882 is-

2662 2906 2714 2950 ta
2732 2939 2746 2960 ,
2777 2908 2828 2951 et
2859 2899 3114 2952 condem-

2665 2969 2866 3020 nahunt
2891 2983 3008 3022 eam
3042 2984 3057 3021 :

2663 3039 2783 3105 quia
2810 3039 3082 3105 paeniten-

2667 3107 2793 3159 tiam
2825 3118 3052 3174 egerunt

2668 3176 2719 3228 in
2747 3177 3096 3241 praedicatioo

2667 3246 3000 3302 ncuiJOuae.

2299 3331 2530 3415 cooEx
2566 3359 2958 3415 BRIXIANUS.

1845 3467 2018 3521 neque
2080 3452 2132 3505 in
2185 3451 2380 3505 futuro.
2421 3451 2521 3504 Aut
2586 3449 2743 3505 facite
2791 3452 3036 3504 arborem
3096 3449 3310 3521 bonam.
3352 3457 3424 3500 .et

1845 3519 2071 3574 fructum
2129 3522 2243 3588 ejus
2294 3521 2512 3574 bonum.
2557 3530 2646 3572 aut
2693 3521 2850 3574 facite
2904 3521 3152 3573 arborem
3201 3519 3416 3572 malam.

1846 3599 1902 3644 et
1923 3589 2156 3644 fructum
2187 3591 2304 3657 ejus
2335 3592 2552 3642 inalniu.
2585 3605 2648 3641 ex
2678 3590 2848 3642 fructu
2876 3590 3015 3641 enim
3037 3589 3198 3641 arbor
3238 3588 3424 3640 dinos-

1853 3662 2010 3714 citur.
2061 3659 2356 3729 Progenies
2387 3658 2686 3727 viperarum
2721 3659 2990 3725 qnomodo
3019 3657 3419 3729 potestishona

1854 3730 1997 3798 loqui
2029 3745 2159 3798 cum,
2181 3727 2296 3782 sitis
2324 3729 2449 3782 mali
2495 3729 2571 3782 Ex
2597 3729 2928 3781 abundantia
2961 3730 3103 3782 enini
3132 3727 3328 3779 corilis.
3358 3738 3421 3798 os

1857 3791 2113 3870 loquitur.
2151 3797 2330 3853 Bonus
2362 3799 2524 3854 bonio
2565 3799 2634 3870 de
2677 3799 3149 3870 bono_thensauro
3182 3804 3205 3829 α
3246 3791 3423 3845 cordis

1855 3863 2057 3938 profert
2083 3870 2242 3938 bona.
2283 3879 2336 3922 et
2375 3870 2545 3922 malus
2589 3867 2768 3921 homo.
2796 3868 2882 3938 de
2935 3863 3419 3938 nialojthensauro.

1855 3935 2054 4008 profert
2110 3937 2270 3994 mala.
2311 3938 2437 3992 Dico
2478 3948 2660 4008 autem
2704 3935 3194 4008 _voh_is._quo_niain
3259 3944 3423 4008 omne

1854 3999 2074 4063 verbum
2103 4009 2331 4062 otiosum
2348 4007 2487 4076 quod
2513 4008 2670 4076 locuti
2697 4005 2892 4076 fuerint
2914 3999 3156 4076 homines
3196 3999 3425 4076 reddent

1855 4081 1920 4132 de
1947 4094 2012 4131 eo
2039 4079 2300 4131 rationein
2352 4070 2402 4130 iii
2430 4076 2517 4128 die
2544 4074 2748 4142 jndicii.
2804 4073 2877 4126 Ex
2921 4071 3098 4124 verbis
3127 4070 3272 4142 enim
3317 4073 3421 4142 tuis

1849 4145 2078 4216 justiﬁca
2107 4144 2135 4182 ιι
2166 4144 2326 4216 veris.
2356 4154 2409 4198 et
2435 4159 2498 4196 ex
2523 4138 2821 4216 verbis-tuis
2851 4143 3147 4216 coiuleinna
3196 4138 3225 4178 ιι
3255 4140 3418 4216 veris.

1924 4215 2069 4266 Tunc
2098 4213 2488 4280 responderunt
2517 4213 2563 4264 ei
2595 4213 2832 4280 quidam.
2874 4211 2941 4263 de
2969 4210 3170 4265 St-iibis
3201 4219 3256 4262 et
3282 4209 3424 4262 Plia-

1857 4283 2067 4336 risaeis.
2098 4282 2357 4335 dicentes.
2390 4282 2657 4349 Magister.
2690 4280 2940 4334 volumus
2971 4296 2996 4328 a
3023 4292 3071 4333 te
3102 4281 3311 4344 signum
3343 4281 3424 4330 vi-

1852 4352 2001 4405 dere.
2048 4351 2204 4406 Jesus
2247 4361 2422 4405 autem
2467 4350 2800 4418 respondens
2850 4354 2925 4403 ait
2977 4350 3102 4403 illis.
3135 4349 3426 4403 Generatio

1853 4423 2009 4474 mala.
2058 4431 2112 4476 et
2162 4421 2426 4487 adultera.
2469 4422 2675 4489 signum
2719 4421 2928 4489 quaerit.
2961 4429 3014 4473 et
3059 4420 3269 4487 signum
3318 4432 3423 4489 non

1851 4491 2064 4561 dabitur
2087 4493 2157 4545 ei.
2191 4492 2291 4545 nisi
2322 4487 2539 4561 signuni
2559 4487 3070 4561 lenae—l’ruplielac.
3107 4492 3256 4543 Sicut
3279 4487 3420 4561 enim

1856 4560 1952 4615 fuit
1976 4561 2160 4634 Jonas.
2183 4563 2237 4634 in
2282 4556 2471 4634 venire
2498 4572 2518 4597 ε
2544 4562 2713 4634 coeti.
2737 4556 2906 4634 tribus
2931 4559 3123 4634 diebus
3161 4568 3213 4610 et
3245 4556 3421 4634 tribus

1855 4632 2119 4686 noctibus.
2151 4632 2227 4686 sic
2255 4634 2350 4685 erit
2378 4631 2544 4685 Filius
2575 4630 2806 4683 hominis
2831 4631 2880 4684 in
2910 4628 3073 4680 corde
3104 4635 3282 4679 terrae
3327 4628 3422 4676 tri-

1854 4701 1951 4755 bus
1981 4702 2168 4756 diebus
2196 4712 2248 4755 et
2280 4702 2449 4755 tribus
2473 4702 2738 4754 noctibus.
2775 4699 2882 4751 Viri
2904 4696 3173 4751 Ninivitae
3200 4701 3424 4759 surgent

1854 4770 1908 4825 in
1937 4772 2158 4841 judicio.
2189 4786 2308 4826 cum
2337 4771 2680 4841 generatione
2731 4769 2852 4821 ista.
2900 4777 2952 4841 e_t
2987 4764 3424 4841 condemnabuut

1853 4834 1990 4912 eam.
2049 4843 2174 4912 quia
2220 4834 2596 4910 paenitentiam
2625 4846 2868 4906 egerunt.
2926 4835 2978 4889 in
3025 4834 3424 4904 praedicatione

1856 4910 2044 4966 Jouae.

843 5019 1238 5079 VABIANTES
1275 5020 1654 5076 LECTIONES
1692 5019 1953 5078 CODlClS
1993 5021 2103 5076 MS.
2146 5023 2204 5075 S.
2244 5017 2746 5075 GERMANENSIS.

245 5114 261 5145 ¹
295 5114 422 5162 enim
441 5112 584 5175 arbor
604 5117 944 5175 cognoscetur.

245 5177 268 5268 ς
293 5173 823 5297 ἓῗοεὲἓοᾱωιίοέωω
847 5174 1009 5224 cordis
1025 5187 1081 5225 os
1102 5173 1329 5239 loquitur.
1355 5173 1534 5236 Bonus,
1557 5181 1650 5224 etc.

245 5297 266 5328 δ
294 5295 622 5360 unusquisque
647 5295 1050 5360 enimexverbis
1069 5298 1185 5357 suis,
1201 5295 1559 5360 justiﬁeabitur,
1579 5298 1660 5346 aut
1678 5306 1742 5343 ex

187 5359 340 5438 verbis
358 5355 460 5408 suis
479 5355 891 5407 condemnabttur.

1911 5113 1932 5142 ο
1967 5113 2022 5164 ad
2046 5110 2216 5160 Jesum
2238 5112 2430 5172 quitiam
2454 5111 2517 5161 de
2539 5111 2724 5162 Scribis
2744 5118 2796 5162 et
2817 5109 3112 5164 Pharisaeis.

1914 5172 1936 5202 ⁸
1967 5172 2112 5220 Jesus
2132 5179 2294 5222 autem

1908 5233 1928 5262 "
1965 5235 2058 5280 erit
2082 5241 2133 5283 et

1906 5292 1928 5323 ⁸
1957 5293 2214 5344 Ninevitas

1906 5354 1928 5384 °
1962 5361 2282 5417 generatione
2305 5357 2414 5417 ista,
2441 5359 2494 5407 et
2515 5355 3061 5407 corriemnabunt’eam:

1489 5459 1849 5518 BLANCHINI
1883 5459 2114 5517 ΝΟΤΕ.

223 5554 567 5683 .‘zstgrticula
595 5553 683 5612 illa
707 5551 876 5611 cordis
903 5551 1096 5609 abrata
1140 5562 1224 5611 est
1249 5595 1265 5621 ,
1295 5554 1392 5611 sed
1421 5552 1597 5632 adhuc
1619 5566 1732 5607 ma-

223 5644 238 5683 l
371 5664 386 5678 .

185 5643 386 5686 ωιεειε.

258 5759 329 5834 (η)
354 5759 574 5818 Addunt
616 5767 665 5814 et
686 5796 702 5828 ,
732 5767 793 5817 ut
813 5759 936 5817 cod.
965 5757 1121 5816 Cant.
1146 5760 1227 5812 καί
1250 5797 1264 5822 ,

1906 5549 1932 5590 b
1965 5567 1993 5604 υ
2022 5567 2118 5620 pro
2153 5552 2181 5604 ὁ
2214 5559 2485 5622 usurpata.

1910 5631 1934 5659 ο
1965 5639 1996 5677 ο
2027 5621 2080 5676 in
2103 5623 2228 5677 coeti
2255 5621 2580 5678 est'abrasa.
