3854 6416
456 398 559 458 995

1534 399 1861 459 LUCIFERI
1899 400 2207 459 EPISCOPI
2245 401 2669 462 CALARITANI

3613 414 3693 475 996

448 520 631 571 tizatus
654 528 727 572 est
753 520 863 587 ipse
887 534 1002 571 cum
1026 518 1262 571 omnibus
1285 519 1430 573 suis:
1454 527 1498 573 et
1523 520 1753 574 ducens‘1
1779 537 1861 574 eos
1885 522 1937 574 in
1965 521 2061 575 do-
2088 534 2132 591 Α
2165 538 2286 579 nem
2307 566 2321 589 ,
2366 525 2565 581 iccirco
2606 525 2946 582 Christianos
2984 528 3426 599 persequebatur,
3455 532 3568 600 quia
3601 547 3693 587 cre-

450 629 588 666 mum
617 616 857 684 apposuit
886 630 1111 666 mensam
1136 656 1148 679 ,
1181 624 1225 667 et
1253 614 1595 682 epulabantur
1621 614 1647 651 ι)
1674 632 1787 667 cum
1820 616 2056 668 universa

448 710 601 761 domo
633 726 726 761 sua
749 752 762 775 ,
797 708 1007 762 credens
1043 711 1093 761 iu
1128 706 1375 761 Domino.
1424 708 1593 777 Igitur
1624 718 1679 761 ιιι
1712 708 1804 763 ille
1835 708 2059 777 spiritus

449 803 712 872 pytbnnis
742 801 972 856 audiens
1007 818 1204 855 nomen
1244 800 1458 855 Domini
1492 801 1623 855 Jestt
1653 800 1861 855 Christi
1887 844 1899 860 ,
1932 814 2058 854 mox

448 892 720 962 ell‘ugatns
764 904 847 948 est
889 894 957 949 de
1002 894 1166 947 domo
1208 909 1304 948 sua
1334 937 1347 958 ,
1393 895 1693 949 cont-itaxit
1745 895 2056 948 universum

450 990 707 1058 populum
734 989 977 1043 civitatis
1005 990 1269 1044 adversus
1301 990 1443 1043 unici
1474 990 1597 1044 Filii
1630 990 1723 1044 Dei
1759 989 2059 1059 majestatis

447 1082 864 1151 prmdieatores,
894 1082 965 1136 ita
993 1095 1049 1137 et
1079 1095 1128 1137 te
1157 1098 1278 1135 eum
1312 1084 1417 1135 tuis
1447 1093 1636 1137 tittttll'a
1667 1098 1767 1137 nos
1793 1085 1911 1151 ejus
1938 1098 2055 1136 ser-

446 1188 545 1227 vos
588 1174 663 1227 illi
711 1175 910 1243 impuri
944 1176 1173 1244 Spiritus
1205 1177 1650 1230 Concitaverunt.
1693 1177 1803 1232 Nec
1843 1177 2059 1231 dubites

449 1274 501 1319 te
535 1266 731 1319 iisdem
765 1268 850 1336 agi
888 1268 1208 1336 spiritibus,
1242 1269 1439 1338 quibus
1485 1268 1688 1323 fuerint
1727 1270 1831 1323 acti
1865 1280 2059 1324 c0ntra

447 1357 697 1414 Paullum
728 1372 784 1414 et
815 1360 1019 1416 Sileam
1050 1371 1367 1429 surgentes,
1399 1362 1619 1431 quando
1651 1374 1703 1417 te
1733 1364 1814 1417 sic
1850 1362 1939 1416 Dei
1974 1378 2056 1417 re-

440 1449 663 1522 ligionis
690 1452 886 1507 factum
919 1453 1104 1509 videas
1139 1464 1583 1522 persecutorem,
1621 1464 1679 1509 ιιι
1708 1455 1842 1512 illud
1870 1454 2057 1523 vulgus

448 1543 610 1599 fuerit
634 1588 647 1611 ,
683 1546 832 1615 quod
864 1563 961 1601 nec
992 1548 1116 1601 dum
1148 1548 1475 1602 credidisset
1507 1550 1558 1602 in
1592 1549 1687 1602 Dei
1720 1550 1938 1604 unicum
1972 1547 2057 1601 Fi-

444 1635 610 1699 lium,
646 1638 788 1706 quod
824 1654 930 1691 non
961 1639 1179 1691 aliunde
1215 1640 1352 1693 tales
1374 1682 1386 1703 ,
1423 1642 1522 1693 nisi
1554 1642 1677 1707 quia
1712 1642 1832 1695 sine
1862 1641 2057 1709 Spiritu

443 1726 653 1782 fuerint
699 1728 829 1793 Dei,
878 1740 937 1783 ιιι
981 1740 1033 1783 ιιι
1076 1746 1292 1799 quoque
1334 1747 1455 1785 esse
1485 1734 1752 1799 probaris.
1794 1731 2055 1801 Spiritum

452 1820 659 1872 ctenim
706 1830 756 1873 te
797 1820 1003 1874 habere
1044 1833 1293 1876 sanctum
1337 1840 1441 1877 non
1495 1838 1686 1893 pOsSC,
1733 1824 1832 1878 nisi
1873 1825 2052 1879 credi-

2160 615 2458 680 didisseut,
2493 616 2651 671 sicuti
2685 625 2739 671 tu
2765 617 2975 685 credis,
3006 620 3143 683 quod
3181 620 3358 689 {uisset
3394 623 3581 689 quando
3606 639 3690 693 non

2161 708 2348 778 fuerit,
2389 708 2523 778 quod
2557 710 2722 777 [artus
2752 709 2906 781 fuerit
2936 726 2999 764 ea:
3028 711 3193 765 nihilo
3216 754 3228 775 ,
3263 720 3315 766 et
3343 714 3474 782 quod
3498 730 3623 767 verus
3645 714 3695 767 sit

2163 808 2187 846 ε
2224 796 2439 854 Filius:
2471 800 2565 855 sed
2600 802 2787 872 utique
2811 802 2955 873 quod
2987 803 3251 860 auderent
3278 805 3486 861 unicum
3518 807 3599 861 Dei
3624 808 3696 862 Fi-

2164 893 2295 947 lium
2338 895 2630 961 conﬁteri,
2677 896 2825 967 quod
2867 898 3095 954 credere
3126 914 3185 954 se
3215 912 3515 956 astruerent
3540 902 3695 957 Chris-

2161 986 2296 1041 tiani
2316 1030 2328 1052 ,
2363 988 2487 1057 quia
2512 989 2790 1044 aiternitas
2813 1007 2913 1045 una
2942 990 3004 1044 sit
3032 990 3207 1046 Patris
3232 1004 3282 1047 et
3304 992 3420 1048 Filii
3443 1036 3456 1060 ,
3483 994 3591 1064 quia
3614 1010 3697 1048 una

2160 1080 2232 1135 sit
2263 1081 2493 1137 dealitas
2517 1124 2530 1146 ,
2561 1081 2686 1152 quia
2717 1098 2825 1139 una
2848 1086 2920 1140 sit
2950 1088 3193 1154 potentia
3226 1085 3278 1139 in
3314 1086 3464 1141 Patre
3491 1099 3541 1142 et
3571 1087 3697 1141 Fil‘o.

2166 1171 2288 1228 llaec
2312 1174 2704 1228 exsecrabatur
2729 1173 2948 1229 Paullus
2968 1216 2982 1239 ,
3008 1176 3324 1230 existimans
3350 1192 3526 1231 errare
3550 1177 3702 1231 Chris-

2160 1261 2339 1317 tianos
2368 1280 2382 1315 :
2415 1272 2471 1316 at
2501 1262 2590 1318 ubi
2620 1263 2923 1320 illustratus
2954 1275 3037 1320 est
3065 1282 3158 1335 per
3188 1282 3306 1320 eum
3332 1309 3345 1332 ,
3385 1285 3536 1336 quem
3568 1285 3701 1338 tit-ga-

2162 1357 2284 1421 bat,
2319 1356 2408 1412 ubi
2437 1359 2689 1429 cognovit
2720 1358 2789 1414 de
2825 1358 2978 1415 libris
3015 1360 3251 1432 Moysis,
3284 1350 3347 1417 ἐι
3385 1362 3449 1417 de
3485 1364 3703 1418 omnibus

2161 1450 2549 1519 prophetarum
2595 1450 3001 1517 voluminibus,
3049 1452 3328 1508 contestim
3374 1455 3485 1508 ll:th
3526 1458 3702 1524 empit,

2158 1557 2279 1611 quae
2311 1542 2699 1613 impugnabat,
2731 1544 3061 1611 defendere,
3094 1562 3215 1616 quze
3244 1547 3447 1602 scilicet
3484 1562 3598 1603 ante
3624 1550 3701 1604 de-

2159 1634 2446 1691 fenderent
2477 1637 2552 1691 illi
2584 1652 2721 1707 quos
2746 1639 3179 1709 persequebatur
3206 1656 3362 1711 quam
3395 1641 3702 1697 credidisset.

2156 1728 2427 1784 Cancrum
2458 1731 2579 1801 quis
2610 1740 2715 1785 tam
2745 1746 2943 1788 vecors
2968 1744 3085 1787 erat
3105 1775 3120 1799 ,
3152 1745 3208 1787 ut
3235 1734 3365 1789 estis
3394 1749 3485 1789 vos
3511 1736 3706 1800 Ariani,

2159 1830 2247 1875 aut
2280 1831 2363 1876 est
2391 1821 2655 1877 l’botinus
2682 1824 3059 1879 Sirmiensium
3082 1865 3096 1888 ,
3126 1825 3214 1894 qui
3240 1840 3363 1880 vere
3388 1825 3575 1881 dicitur
3598 1827 3709 1882 Sco-

444 1912 592 1966 deris
625 1915 675 1966 in
717 1915 806 1969 Dei
842 1916 1061 1968 unicum
1094 1916 1329 1980 Filium,
1364 1917 1608 1972 custodis
1639 1918 1794 1972 istius
1820 1920 2057 1973 carceris
2088 1916 2135 1976 Β
2163 1915 2306 1969 tinus
2328 1955 2343 1980 ν
2375 1926 2430 1969 ut
2470 1915 2722 1972 crederet
2761 1918 2815 1972 in
2856 1927 3160 1973 creaturam
3182 1960 3196 1983 .
3230 1919 3283 1973 in
3312 1934 3429 1975 eum
3458 1921 3539 1989 qui
3573 1920 3709 1987 fuerit

445 2003 651 2058 factum
686 2005 995 2058 manifestat
1018 2047 1031 2069 ,
1061 2006 1150 2074 qui
1182 2023 1302 2060 eum
1330 2008 1517 2079 utique
1547 2025 1685 2063 unus
1715 2009 1874 2064 fuerit
1899 2026 1928 2064 e
1958 2025 2054 2079 po-

445 2098 577 2168 pqu
601 2099 694 2150 illo
719 2100 1017 2165 resistenti,
1037 2108 1216 2154 tamen
1242 2112 1324 2153 est
1347 2112 1393 2164 ε,
1420 2114 1774 2171 posteaquam
1799 2102 2055 2167 credidit,

446 2191 570 2260 quia
602 2192 715 2259 jam
767 2201 959 2246 sancto
999 2204 1279 2261 regeretur
1311 2194 1550 2263 Spiritu,
1592 2211 1698 2263 quo
1738 2204 2057 2264 regerentur

444 2281 669 2337 Paullus
716 2292 772 2339 et
821 2284 1028 2348 Sileas,
1088 2286 1303 2341 nonnisi
1351 2287 1491 2341 viam
1544 2302 1731 2343 ιοιιθΙὍ
1773 2286 2056 2357 amplexus

446 2376 615 2430 fuerit
658 2392 883 2443 eorum,
932 2387 1161 2446 propter
1204 2394 1340 2447 quos
1382 2380 1599 2433 viderat
1630 2379 1830 2448 januas
1858 2389 2056 2448 Sponte

443 2472 685 2526 carceris
726 2481 1022 2528 reseratas.
1070 2473 1144 2526 Ita
1189 2484 1243 2527 tu
1286 2476 1376 2542 qui
1423 2490 1567 2529 nunc
1609 2474 1831 2528 diverso
1872 2472 2055 2543 ageris

444 2563 639 2633 spiritu
664 2605 676 2627 ,
709 2566 808 2619 nisi
842 2566 1146 2619 credideris
1179 2568 1228 2619 in
1264 2567 1482 2621 unicum
1518 2567 1611 2621 Dei
1643 2566 1878 2628 Filium,
1910 2566 2055 2619 sicut

441 2657 604 2710 etiam
650 2672 751 2711 nos
792 2657 1103 2721 credimus,
1152 2657 1356 2712 habere
1399 2660 1449 2712 in
1484 2668 1535 2713 te
1567 2674 1672 2713 non
1707 2659 1915 2728 poteris
1948 2658 2051 2713 nisi

449 2746 755 2801 adversarii
785 2750 957 2802 nostri
993 2749 1265 2818 spiritum.
1290 2748 1383 2804 Ait
1410 2750 1613 2804 etenim
1646 2749 1739 2803 ille
1767 2758 1952 2803 custos
1982 2748 2049 2803 ad

441 2840 712 2909 gloriosos
741 2841 988 2895 Paullum
1014 2852 1067 2896 et
1092 2842 1328 2897 Sileam:
1363 2841 1570 2897 Domini
1593 2842 1718 2915 quid
1745 2860 1824 2895 me
1852 2852 2051 2912 oportet

443 2934 614 3001 facere
646 2944 697 2985 ut
728 2936 902 2990 salvus
934 2936 1074 2987 sim?
1102 2934 1163 2987 At
1197 2936 1276 2989 illi
1301 2936 1540 2989 dixerunt
1572 2952 1590 2990 ε
1620 2935 1781 2989 Crede
1806 2937 1859 2989 in
1881 2932 1905 2972 ἀ
1939 2933 2050 2989 Do-

440 3024 637 3076 minum
662 3036 893 3078 nostrum
914 3024 1115 3092 Iesum,
1141 3037 1187 3078 et
1216 3025 1390 3080 salvus
1420 3028 1520 3080 eris
1552 3038 1605 3079 tu
1625 3068 1639 3093 ,
1672 3036 1717 3080 et
1747 3026 1929 3080 domus
1963 3036 2051 3081 tua

435 3118 451 3186 (
479 3115 614 3170 Ibid.
645 3117 775 3185 50).
812 3116 1036 3173 Constat
1071 3119 1231 3187 igitur
1263 3135 1370 3172 non
1405 3129 1455 3173 te
1487 3134 1608 3175 esse
1638 3119 1887 3186 salvum,
1918 3123 2046 3189 quia

438 3210 617 3263 adhuc
646 3226 752 3265 non
781 3211 1086 3267 credideris
1116 3214 1168 3265 in
1205 3214 1489 3267 Dominum
1520 3212 1727 3267 Jesmn.
1762 3213 1872 3268 Nec
1901 3215 2044 3267 enim

2157 2008 2367 2079 quando
2396 2026 2501 2064 non
2531 2012 2722 2080 fuerit,
2765 2011 2817 2066 in
2842 2026 2969 2067 eum
3000 2013 3088 2081 qui
3119 2022 3317 2068 creatus
3344 2014 3409 2067 sit
3438 2029 3498 2067 ea:
3523 2014 3710 2067 nihilo!

2157 2101 2399 2171 Apparet
2426 2100 2589 2172 igitur
2611 2112 2841 2159 cunctos
2869 2119 2964 2159 vos
2988 2121 3093 2158 non
3119 2106 3400 2162 credentes
3418 2148 3432 2170 ,
3453 2106 3586 2161 sicut
3608 2123 3712 2159 rre-

2156 2194 2235 2250 dit
2272 2196 2509 2251 ecclesia
2547 2197 2814 2267 gloriosa,
2857 2199 3049 2268 spiritu
3080 2198 3202 2254 duci
3233 2198 3495 2262 adverso;
3527 2199 3589 2253 de
3616 2213 3711 2269 quo

2156 2286 2388 2342 adverso
2419 2287 2618 2357 spiritu
2652 2288 2873 2344 liberari
2906 2305 3013 2344 non
3046 2290 3277 2360 poteris,
3310 2291 3409 2345 nisi
3434 2289 3714 2346 credideris

2156 2395 2344 2434 verum
2376 2380 2527 2435 illum
2555 2396 2679 2436 esse
2711 2381 2909 2436 Filittm
2944 2382 3058 2437 Dei.
3094 2381 3486 2446 Contumeliam,
3519 2382 3708 2451 inquis,

2157 2470 2355 2539 faciunt
2375 2472 2499 2525 mihi
2521 2473 2769 2542 episcopi.
2797 2471 2902 2527 Cur
2928 2474 3020 2527 tibi
3050 2473 3293 2528 videmur
3317 2474 3711 2529 contumeliosi?

2156 2577 2353 2631 nempe
2393 2563 2520 2632 quia
2562 2562 2849 2618 dicamus:
2890 2563 3027 2630 Quid
3068 2575 3115 2618 te
3157 2562 3495 2619 Christianum
3531 2565 3712 2634 ﬁngis!

2157 2653 2371 2709 Videris
2410 2655 2612 2709 etenim
2651 2669 2774 2711 esse
2803 2654 3067 2721 Arianus,
3102 2655 3300 2712 videris
3326 2672 3444 2713 esse
3473 2658 3559 2712 Dei
3598 2656 3710 2711 reli-

2153 2746 2328 2817 gionis
2374 2747 2566 2801 bostis.
2615 2747 2749 2803 Hinc
2789 2748 2931 2818 apud
2974 2758 3026 2803 te
3064 2763 3128 2804 ac
3166 2758 3283 2803 tuos
3324 2764 3439 2803 esse
3482 2750 3709 2818 injuriosi

2155 2839 2424 2895 videmur.
2462 2839 2570 2896 Sed
2600 2839 2853 2910 con5piee
2894 2856 3013 2911 qua:
3039 2881 3053 2906 ,
3084 2850 3145 2895 ut
3179 2855 3456 2910 ageremus
3484 2842 3709 2912 episcopi

2153 2944 2343 2987 contra
2382 2947 2479 2987 vos
2518 2933 2707 2999 lupos,
2750 2931 2910 2986 fuerit
2950 2932 3164 2987 locutus
3202 2932 3537 2988 beatissimus
3587 2948 3706 3001 apo-

2161 3026 2336 3080 Slttllls
2364 3042 2376 3077 :
2420 3023 2524 3078 Vos
2564 3025 2703 3079 scitis
2731 3042 2761 3076 a
2786 3026 2955 3095 prima
2996 3024 3111 3089 die,
3148 3042 3250 3092 qua
3283 3025 3531 3097 ingressus
3559 3022 3583 3060 ιι
3606 3041 3706 3077 sum

2150 3119 2358 3183 Asiam,
2388 3118 2824 3187 quemadmodum
2853 3116 3108 3171 vobiscum
3141 3118 3215 3189 fui
3246 3134 3332 3187 per
3360 3134 3500 3173 omne
3528 3127 3707 3183 tempus

2149 3214 2374 3268 serviens
2419 3211 2641 3266 Domino
2683 3215 2736 3265 in
2773 3211 2785 3249 ί
2826 3213 2961 3266 enini
3008 3213 3287 3267 humilitate
3324 3223 3369 3266 et
3406 3213 3631 3283 laerymis
3665 3222 3707 3264 et

437 3303 649 3372 poteris
673 3313 724 3357 te
749 3318 1070 3358 asseverare
1092 3305 1391 3359 ειθιιιιιίδμε
1419 3305 1471 3359 in
1496 3322 1646 3369 eum,
1671 3320 1793 3359 cum
1818 3306 1893 3360 sis
1917 3321 2041 3360 eum
2071 3311 2114 3372 (ζ
2149 3304 2513 3357 tentationibus
2532 3347 2545 3369 ,
2581 3319 2693 3372 qua:
2731 3302 2859 3356 mihi
2882 3304 3171 3357 acciderunt
3198 3303 3258 3356 ab
3286 3304 3478 3357 insidiis
3505 3301 3706 3357 Judae-

433 3397 906 3467 persequctts.Attt
923 3397 1183 3466 ntnnquid
1204 3398 1512 3463 arbitraris,
1532 3414 1640 3451 min
1663 3406 1712 3451 te
1731 3398 1903 3466 ipsum
1922 3414 2042 3467 per-

435 3465 589 3559 sequi
610 3491 662 3544 in
686 3490 869 3545 nobis?
892 3493 935 3545 si
958 3508 1062 3543 non
1084 3491 1258 3557 ipsum
1283 3491 1629 3558 persequeris
1651 3491 1702 3543 in
1725 3490 1902 3554 nobis,
1919 3506 2047 3559 quo-

434 3584 600 3639 modo
625 3587 740 3654 ipse
757 3585 889 3639 dicit
906 3584 971 3638 ad
988 3585 1242 3639 Saulum:
1268 3583 1410 3649 Quid
1432 3600 1509 3636 me
1526 3583 1883 3655 persequeris?
1904 3583 2044 3636 L‘Da--

437 3694 551 3730 rum
571 3688 644 3729 est
662 3678 754 3729 tibi
776 3677 965 3730 calcem
988 3674 1003 3711 ί
1030 3677 1228 3729 mittere
1249 3688 1429 3729 contra
1451 3675 1714 3729 stimulum
1740 3674 1845 3746 (Ib.
1864 3691 1946 3740 ιχ,
1962 3674 2043 3747 4).

435 3768 575 3836 Quid
606 3769 801 3835 agebat.
824 3768 1021 3822 Saulus
1049 3778 1099 3820 ιιι
1135 3768 1249 3822 iure
1273 3767 1487 3821 audiret
1509 3783 1534 3818 a
1564 3766 1824 3819 Domino?
1849 3782 2045 3835 nempe

437 3862 553 3916 lucc
578 3877 698 3931 qua:
728 3872 781 3915 tu
810 3880 821 3913 :
857 3862 935 3916 sic
966 3865 1170 3917 etenim
1205 3862 1296 3914 ille
1327 3862 1557 3931 negabat
1590 3863 1805 3915 unicum
1833 3862 1925 3915 Dei
1957 3861 2046 3916 Fi-

435 3954 599 4019 lium,
626 3964 681 4006 ιιι
707 3954 784 4005 sis
806 3967 1011 4023 negans
1038 3962 1112 4005 ιιι.
1142 3952 1257 4005 Non
1284 3950 1429 4004 enim
1456 3951 1678 4005 Paullus
1701 3961 1829 4005 tunc
1854 3967 2041 4021 perse-

433 4052 614 4110 cutor,
658 4052 847 4113 postea
881 4059 1011 4099 vero
1041 4042 1134 4113 qui
1178 4044 1384 4113 perpeti
1425 4043 1660 4113 emperit
1702 4043 2041 4113 persecutio-

507 4238 531 4263 τι
561 4226 789 4295 Cumque
823 4226 1147 4296 perduxisset
1186 4244 1270 4280 eos
1304 4229 1356 4279 in
1398 4229 1606 4281 domutn
1647 4245 1794 4281 suam
1820 4269 1832 4281 .
1859 4267 1870 4279 .
1891 4267 1902 4280 .
1925 4268 1937 4280 .
1968 4230 2040 4282 eis

435 4314 688 4362 mensam,
716 4309 760 4350 et
782 4298 1066 4352 exsultabat
1092 4300 1306 4351 credens
1332 4296 1628 4363 Deo,\'ers.
1656 4306 1780 4353 Ant.
1814 4298 2041 4353 Domum

432 4386 614 4432 suam,
645 4370 882 4440 apposuit
915 4370 984 4422 eis
1023 4385 1282 4433 mensam,
1315 4382 1360 4423 et
1393 4371 1598 4424 la’latus
1626 4382 1700 4425 est
1728 4414 1742 4435 ,
1779 4372 1902 4440 legit
1938 4373 2038 4425 boc

432 4442 552 4496 ιοοι)
575 4441 760 4513 Sabat.
787 4442 883 4496 Ms.
912 4440 1223 4513 Cantabrig.
1259 4442 1421 4498 habet
1448 4458 1567 4496 cum
1595 4454 1701 4496 tota
1727 4449 1889 4497 domu
1917 4459 2033 4509 sua,

438 4525 493 4566 ιιι
530 4512 699 4566 Lucil.

506 4584 532 4622 ι’
568 4582 917 4654 Epulobatur.
951 4585 1132 4638 Latin.

510 4666 529 4691 ο
566 4656 621 4741 ιιι
654 4665 770 4741 (ξδι2
806 4655 1134 4741 laetantem,
1166 4657 1321 4726 quod.
1355 4666 1690 4728 posteaquam
1712 4657 2024 4711 credidit....
2062 4681 2107 4741 υ

434 4726 704 4799 amplexus
741 4728 928 4796 fuerit,
965 4736 1067 4783 ctc.

506 4798 529 4835 α
565 4798 751 4852 Paullo
791 4800 1072 4868 superius,
1114 4802 1166 4853 in
1196 4799 1363 4854 Deum
1390 4800 1590 4854 Jesum.

510 4881 531 4906 ι’
566 4868 931 4943 Pet-sequeris?
962 4868 1074 4942 Ego
1100 4890 1213 4926 sum
1232 4871 1409 4940 Jesus,
1437 4889 1586 4942 quem
1615 4881 1668 4925 tu
1690 4873 2024 4943 persequeris.

433 4938 659 5001 Durant,
688 4951 792 4996 etc.
825 4941 999 4997 Vatic.

515 5012 529 5048 ί
563 5011 861 5065 Calcitrare.
902 5014 1057 5069 Vers.
1093 5018 1215 5070 Ant.

510 5094 532 5129 ις
573 5082 690 5135 Non
721 5086 802 5136 sit.
840 5086 1013 5139 Latin.
1048 5087 1363 5142 Gallandius
1402 5087 1651 5141 eamdem
1699 5085 2020 5153 particulam

440 5170 538 5208 non
588 5154 930 5228 Lucileriano
975 5158 1145 5212 textui
1189 5159 1498 5213 inconsulto
1540 5158 1759 5228 adjecit.
1805 5156 2023 5213 Lucifer

434 5229 578 5300 enim
615 5227 715 5279 bne
748 5230 797 5279 in
831 5228 948 5280 loco
981 5247 1083 5283 non
1118 5232 1449 5299 impietatem
1483 5227 1653 5284 solum
1676 5275 1688 5292 ,
1723 5230 1817 5284 sed
1848 5231 2020 5300 ipsum

436 5298 837 5371 (illmlllllllnhdo
886 5312 1161 5370 stuporem
1200 5298 1545 5356 Arianorum
1592 5298 1879 5371 oltjttrgat,
1930 5301 2021 5369 qui

440 5368 633 5443 Filium
674 5371 763 5422 Dei
800 5368 990 5426 rerum
1018 5390 1136 5429 esse
1172 5374 1209 5425 Ρ
1237 5376 1365 5427 littm
1392 5416 1405 5437 ,
1465 5386 1517 5425 at
1565 5368 1675 5426 non
1718 5368 2018 5443 ὁροούσιὸν,

436 5439 485 5493 id
536 5448 620 5492 est
660 5444 1139 5499 consubstantialem
1177 5446 1485 5509 docebant;
1530 5462 1651 5499 cum
1701 5439 1859 5497 vet'us
1900 5458 2020 5499 esse

440 5524 673 5578 nequeat
726 5512 935 5587 Filius,
991 5518 1078 5584 qui
1134 5533 1240 5572 non
1298 5519 1369 5571 sit
1417 5517 1646 5587 ejusdem
1701 5533 1815 5569 cum
1861 5515 2019 5569 l’atre

434 5586 731 5637 subsmutiar
756 5599 767 5634 :
796 5586 857 5638 iis
893 5588 1056 5657 igitur
1087 5600 1140 5644 et
1168 5586 1486 5644 Constantio
1534 5589 1750 5643 Lucifer
1794 5588 2014 5650 irridet.

438 5657 636 5728 quippe
662 5673 847 5709 verum
877 5675 998 5713 esse
1026 5660 1220 5714 Filintn
1242 5660 1412 5715 l’attis
1441 5661 1831 5723 nbtruderent,
1858 5674 2015 5728 quem

498 5729 593 5777 isse
619 5769 627 5779 .
659 5733 864 5795 quando
893 5749 991 5783 non
1020 5732 1189 5798 {uorat
1213 5774 1225 5793 ,
1256 5749 1412 5795 quem
1445 5737 1633 5798 factum
1660 5732 1817 5799 [insse
1847 5727 1909 5784 ea:
1939 5732 2016 5781 ni-

436 5797 540 5869 hilo
572 5799 842 5851 dicebant.
883 5801 998 5856 Vid.
1022 5797 1207 5857 l’ctav.
1239 5805 1331 5857 lib.
1367 5820 1422 5856 ιι.
1448 5797 1527 5857 de
1549 5797 1745 5857 Tt'iliit.
1772 5817 1891 5869 cap.
1930 5800 2011 5856 l0.

435 5868 635 5922 lucum
677 5884 857 5924 autem
900 5876 1080 5930 Verbis
1121 5876 1489 5943 appingebant
1528 5875 1750 5937 Ariani,
1791 5868 1847 5927 et
1888 5872 2014 5927 Filii

435 5950 621 5996 vocem
649 5956 755 5997 non
785 5950 997 6013 propria
1028 5961 1090 6002 ac
1121 5947 1377 6004 stu’ctiori
1408 5944 1666 6014 notione,
1697 5944 1789 6003 sed
1821 5944 2009 6002 lasiori

2146 3412 2293 3461 rum,
2325 3396 2584 3464 quomodo
2618 3396 2630 3445 ι
2673 3395 2808 3449 nilnl
2840 3395 3182 3449 subtraxerim
3219 3395 3280 3448 ab
3318 3396 3387 3449 eis
3424 3410 3534 3463 qua:
3568 3394 3706 3448 utilia

2148 3498 2314 3542 essent
2338 3528 2351 3553 ,
2381 3487 2637 3557 quomodo
2668 3487 3015 3541 renuntiarent
3038 3484 3062 3522 κ
3090 3487 3259 3551 vobis,
3294 3497 3337 3540 et
3367 3486 3586 3541 docerem
3615 3502 3704 3553 pu~

2150 3580 2312 3646 blice,
2368 3589 2415 3633 et
2464 3596 2555 3651 per
2585 3579 2797 3643 domos,
2835 3580 3151 3650 testiﬁcando
3184 3577 3201 3614 ι
3235 3577 3425 3633 ludatis
3451 3588 3495 3632 et
3525 3577 3706 3632 Gratis

2151 3674 2205 3727 in
2238 3672 2404 3727 Deum
2441 3673 2824 3741 paenitentiam,
2857 3682 2905 3727 et
2935 3673 3087 3741 [idem
3116 3672 3169 3725 in
3194 3670 3463 3725 Dominum
3489 3680 3701 3724 nostrum

2151 3764 2355 3820 Iesum.
2410 3765 2472 3818 Et
2522 3781 2657 3818 nunc
2703 3781 2816 3819 ecce
2863 3766 3061 3818 vinctus
3108 3773 3143 3799 η’
3172 3766 3349 3835 spiritu
3389 3762 3513 3816 uado
3556 3762 3704 3815 Jeru-

2151 3858 2342 3923 salem,
2375 3873 2491 3927 qua:
2522 3856 2572 3910 in
2602 3872 2662 3911 ea
2703 3855 2829 3909 mihi
2869 3865 3108 3910 eventura
3144 3866 3259 3908 sunt
3299 3855 3561 3926 ignorans,
3611 3853 3705 3906 nisi

2150 3958 2177 3985 ιι
2196 3949 2426 4019 Spiritus
2441 3958 2646 4003 sanctus
2670 3965 2758 4019 per
2780 3964 2977 4003 omnem
3000 3948 3252 4003 civitatem
3273 3954 3569 4016 protestetur
3586 3944 3705 3997 mihi

2150 4042 2363 4096 dicens:
2409 4040 2543 4108 Quia
2581 4040 2787 4095 vincula
2825 4049 2871 4095 et
2913 4040 3256 4095 tribulationes
3298 4054 3375 4092 me
3416 4046 3617 4092 manent
3652 4038 3702 4089 in

2147 4244 2208 4282 ea
2238 4228 2615 4299 intelligebant
2641 4242 2744 4298 qua
2776 4244 2877 4283 vox
2905 4226 3092 4283 eadem
3121 4225 3187 4282 ad
3213 4234 3489 4299 creaturas
3503 4226 3703 4299 ratique

2147 4301 2401 4369 praeditas
2416 4292 2774 4365 transfertur,
2808 4299 2951 4355 unde
2982 4298 3227 4355 homines
3257 4298 3415 4352 etiam
3442 4292 3567 4348 Filii
3611 4292 3703 4347 Dei

2196 4389 2506 4424 ιυριιίιηιιιτ.

2196 4389 2208 4421 ὶ
2267 4390 2277 4407 ¹
2330 4389 2353 4421 ἒὶ
2493 4411 2506 4424 α

2141 4386 2191 4440 0|
2215 4372 2487 4513 Βιὲτεᾜιῖἑ
2503 4443 2691 4498 accessi
2714 4443 2763 4496 in
2788 4443 2965 4497 Asiam
2984 4486 2998 4507 ,
3021 4442 3382 4513 qualiter,etc.
3407 4439 3554 4495 Vers.
3576 4436 3699 4492 Aut.

2140 4530 2245 4569 ms.
2281 4512 2507 4569 Cantab.
2542 4514 3005 4584 quemadmodum,
3036 4512 3094 4568 ut
3122 4512 3288 4569 Lucil.

2218 4585 2229 4622 ί
2268 4585 2431 4648 Cum,
2464 4595 2521 4641 et
2548 4589 2600 4639 in
2631 4586 2849 4640 insidiis.
2886 4585 3040 4642 Vers.
3070 4585 3193 4641 Ant.

2210 4657 2239 4733 ι
2265 4657 2351 4719 Ὠς
2397 4659 2539 4733 οιξδέν
2577 4658 2946 4733 ὑπεστείλαμεν
2982 4664 3080 4733 τῷν
3120 4654 3483 4733 συμῖερόντςων,
3524 4650 3678 4707 Gral'c

2139 4726 2499 4783 Subtraxerim
2524 4728 2664 4799 quod
2689 4726 2883 4799 profuit
2905 4729 3042 4799 quod
3064 4743 3165 4799 non
3188 4726 3531 4799 adnuntiarem
3556 4762 3567 4775 .
3604 4762 3617 4773 .
3646 4762 3659 4775 .
3686 4761 3698 4773 .

2137 4801 2372 4853 docerem
2411 4795 2699 4867 ros,'etc.,'
2737 4795 2893 4856 vers.
2918 4795 3045 4854 Ant.
3080 4797 3182 4853 Vos
3207 4795 3567 4853 omittitetiam
3598 4808 3696 4847 ltIS.

2136 4869 2446 4942 Cantabris.

2209 4941 2232 4979 ιι
2258 4934 2438 5017 ανεξδ,
2468 4948 2559 4999 τοῦ
2591 4943 2904 5017 ἀναγγεῖλαι.
2947 4942 3204 4997 Caeterum
3244 4949 3297 4995 et
3322 4939 3368 4993 in
3398 4936 3530 4992 Cod.
3562 4934 3699 5017 (Ean-

2133 5014 2325 5084 tabrig.
2359 5013 2545 5069 deesse
2575 5007 2885 5083 particulam
2916 5022 3193 5085 negantem
3232 5017 3299 5084 μὴ
3337 5018 3555 5066 testatur
3581 5007 3698 5060 Mil-

2133 5087 2236 5142 lius
2259 5127 2272 5150 ,
2305 5096 2361 5140 ut
2391 5097 2469 5140 est
2505 5088 2555 5139 in
2586 5095 2702 5143 not.
2735 5085 2983 5141 Galland.

2208 5156 2221 5194 ¹
2265 5156 2564 5226 Testi/icans
2584 5156 2787 5229 Judteig
2815 5172 3041 5229 quoque,
3069 5165 3223 5229 atque
3252 5150 3699 5229 gentilibus,“qu

2231 5267 2243 5280 .
2260 5238 2307 5281 (ι
2329 5220 2483 5298 ﬁdem
2503 5245 2657 5296 quam
2679 5229 2730 5282 in
2754 5220 3035 5282 Domitium
3052 5220 3226 5280 Iesum
3246 5223 3510 5298 Christum,
3544 5220 3695 5298 νει-ξ.

2128 5304 2255 5355 Αιιι.
2286 5293 2458 5356 (ἷιιωρ.
2498 5293 2617 5353 cum
2649 5300 2778 5355 Luc.
2804 5299 3060 5359 Ἰουδαίοις
3082 5318 3157 5360 τε,
3181 5298 3261 5351 καὶ
3285 5293 3476 5351 Ἕλλησι
3504 5298 3593 5351 τήν
3624 5295 3696 5349 εἰς

2127 5374 2214 5428 τὸν
2235 5375 2357 5428 Θεὸν
2383 5374 2647 5446 μετάνοιαν
2672 5389 2683 5424 :
2716 5380 2771 5427 et
2791 5371 2851 5446 in!
2871 5386 3001 5446 mss.
3028 5370 3197 5424 Grmc.
3222 5364 3522 5446 quibusdam
3544 5364 3699 5416 abest

2123 5438 2408 5516 etiangsi
2440 5454 2557 5513 post
2586 5445 2757 5499 πίστιν
2774 5444 3083 5516 Ἁῇάιηηηθι
3110 5439 3348 5516 Χριστὸν,
3378 5438 3655 5516 Christum.

2198 5525 2234 5551 ιιι
2268 5513 2410 5587 Ecce
2432 5506 2526 5587 ego
2561 5554 2573 5567 .
2597 5554 2633 5568 ..
2658 5556 2669 5568 .
2692 5506 3102 5587 inJHierusah'm
3278 5518 3501 5563 ventura.
3536 5506 3693 5558 νει-ς.

2127 5586 2253 5642 Ant.
2288 5584 2353 5638 In
2378 5582 2669 5640 Jerusalem
2696 5586 2858 5641 habet
2882 5585 3037 5639 etiam
3068 5582 3244 5638 Sabat.

2198 5668 2223 5693 ιι
2269 5657 2455 5711 Verum
2488 5668 2691 5722 tamen,
2720 5656 2857 5728 quod
2887 5655 3114 5725 Spiritus
3148 5660 3346 5728 sanctus
3384 5656 3693 5728 protestetur

2123 5728 2251 5782 mihi
2298 5730 2509 5784 dicens:
2559 5716 2972 5798 quouidm...:.
2999 5734 3217 5779 manent.
3270 5716 3413 5774 νοις,
3455 5719 3584 5774 Aut.
3633 5716 3691 5795 l_n

2122 5801 2299 5856 Graec.
2334 5802 2658 5873 quibusdam
2697 5802 2826 5873 κατά
2858 5802 3039 5873 πάσας-λ
3064 5798 3248 5873 ubisit.
3282 5808 3366 5873 Ρεῖ
3404 5807 3575 5873 οζηηεδ
3614 5805 3691 5873 (δέ

2122 5874 2299 6000 igitur?
2324 5864 2433 5938 ,'et
2475 5875 2545 5934 εἰς
2582 5870 2948 5944 Ἰεροσολύμοις
2971 5913 2984 5933 ,
3024 5871 3078 5923 in
3119 5864 3473 5935 Hierosolymis
3498 5904 3513 5931 ,
3562 5872 3689 5915 cum

2167 5959 2250 6000 ttCt
2282 5980 2297 5999 .

2167 5959 2297 6000 llCll.
