  <div class='ocr_page' id='page_1' title='image "/cluster/home/n/w/nwhite01/storage/ocr_20150623/12-13/uc1.31175013632818/1162.png"; bbox 0 0 3854 6402; ppageno 0'>
   <div class='ocr_carea' id='block_1_1' title="bbox 169 416 261 474">
    <p class='ocr_par' dir='ltr' id='par_1_1' title="bbox 169 416 261 474">
     <span class='ocr_line' id='line_1_1' title="bbox 169 416 261 474; baseline 0.011 -1"><span class='ocrx_word' id='word_1_1' title='bbox 169 416 261 474; x_wconf 86' lang='grc'><strong><em>997</em></strong></span> 
     </span>
    </p>
   </div>
   <div class='ocr_carea' id='block_1_2' title="bbox 730 414 2854 486">
    <p class='ocr_par' dir='ltr' id='par_1_2' title="bbox 730 414 2854 486">
     <span class='ocr_line' id='line_1_2' title="bbox 730 414 2854 486; baseline -0.001 -13"><span class='ocrx_word' id='word_1_2' title='bbox 730 418 819 473; x_wconf 86' lang='lat' dir='ltr'><strong><em>DE</em></strong></span> <span class='ocrx_word' id='word_1_3' title='bbox 860 416 994 474; x_wconf 79' lang='lat' dir='ltr'><strong><em>NON</em></strong></span> <span class='ocrx_word' id='word_1_4' title='bbox 1035 414 1400 473; x_wconf 81' lang='lat' dir='ltr'><strong><em>PARCENDO</em></strong></span> <span class='ocrx_word' id='word_1_5' title='bbox 1442 414 1506 471; x_wconf 78' lang='lat' dir='ltr'><strong><em>IN</em></strong></span> <span class='ocrx_word' id='word_1_6' title='bbox 1550 415 1735 473; x_wconf 77' lang='lat' dir='ltr'><strong><em>DEUM</em></strong></span> <span class='ocrx_word' id='word_1_7' title='bbox 1779 414 2369 486; x_wconf 83' lang='lat' dir='ltr'><strong><em>DELINQUENTIBUS</em></strong></span> <span class='ocrx_word' id='word_1_8' title='bbox 2407 417 2613 474; x_wconf 77' lang='lat' dir='ltr'><strong><em>LIBER</em></strong></span> <span class='ocrx_word' id='word_1_9' title='bbox 2657 417 2854 475; x_wconf 73' lang='grc' dir='ltr'><strong><em>[Νυε.</em></strong></span> 
     </span>
    </p>
   </div>
   <div class='ocr_carea' id='block_1_3' title="bbox 3331 418 3437 476">
    <p class='ocr_par' dir='ltr' id='par_1_3' title="bbox 3331 418 3437 476">
     <span class='ocr_line' id='line_1_3' title="bbox 3331 418 3437 476; baseline 0.009 -1"><span class='ocrx_word' id='word_1_10' title='bbox 3331 418 3437 476; x_wconf 85' lang='lat'><strong><em>998</em></strong></span> 
     </span>
    </p>
   </div>
   <div class='ocr_carea' id='block_1_4' title="bbox 166 527 3442 626">
    <p class='ocr_par' dir='ltr' id='par_1_4' title="bbox 166 527 3442 626">
     <span class='ocr_line' id='line_1_4' title="bbox 166 527 3442 626; baseline 0.001 -44"><span class='ocrx_word' id='word_1_11' title='bbox 166 527 547 600; x_wconf 66' lang='lat' dir='ltr'><strong><em>Hierosolymis.</em></strong></span> <span class='ocrx_word' id='word_1_12' title='bbox 584 532 693 586; x_wconf 81' lang='lat' dir='ltr'><strong><em>Sed</em></strong></span> <span class='ocrx_word' id='word_1_13' title='bbox 720 540 744 567; x_wconf 76' lang='grc' dir='ltr'>τι</span> <span class='ocrx_word' id='word_1_14' title='bbox 774 548 867 598; x_wconf 86' lang='lat' dir='ltr'><strong><em>pro</em></strong></span> <span class='ocrx_word' id='word_1_15' title='bbox 894 532 1057 586; x_wconf 75' lang='lat' dir='ltr'><strong><em>nihilo</em></strong></span> <span class='ocrx_word' id='word_1_16' title='bbox 1084 533 1284 587; x_wconf 83' lang='lat' dir='ltr'><strong><em>testimo</em></strong></span> <span class='ocrx_word' id='word_1_17' title='bbox 1312 531 1539 583; x_wconf 78' lang='lat' dir='ltr'><strong><em>animum</em></strong></span> <span class='ocrx_word' id='word_1_18' title='bbox 1581 546 1742 584; x_wconf 88' lang='lat' dir='ltr'><strong><em>meam</em></strong></span> <span class='ocrx_word' id='word_1_19' title='bbox 1771 542 1820 601; x_wconf 71' lang='grc' dir='ltr'>Α</span> <span class='ocrx_word' id='word_1_20' title='bbox 1846 570 1969 610; x_wconf 66' lang='lat' dir='ltr'><strong><em>cem</em></strong></span> <span class='ocrx_word' id='word_1_21' title='bbox 2000 557 2062 610; x_wconf 64' lang='lat' dir='ltr'><strong><em>ab</em></strong></span> <span class='ocrx_word' id='word_1_22' title='bbox 2094 557 2335 625; x_wconf 56' lang='lat' dir='ltr'><strong><em>episcopo</em></strong></span> <span class='ocrx_word' id='word_1_23' title='bbox 2358 598 2370 619; x_wconf 54' lang='grc'>’</span> <span class='ocrx_word' id='word_1_24' title='bbox 2404 556 2530 624; x_wconf 59' lang='lat' dir='ltr'><strong><em>quia</em></strong></span> <span class='ocrx_word' id='word_1_25' title='bbox 2563 572 2686 611; x_wconf 43' lang='lat' dir='ltr'><strong><em>esse</em></strong></span> <span class='ocrx_word' id='word_1_26' title='bbox 2719 557 2879 623; x_wconf 65' lang='lat' dir='ltr'><strong>lupus</strong></span> <span class='ocrx_word' id='word_1_27' title='bbox 2912 556 3081 611; x_wconf 62' lang='lat' dir='ltr'><strong><em>fueris</em></strong></span> <span class='ocrx_word' id='word_1_28' title='bbox 3112 558 3351 626; x_wconf 48' lang='lat' dir='ltr'><strong><em>ngnims&#39;</em></strong></span> <span class='ocrx_word' id='word_1_29' title='bbox 3386 570 3442 615; x_wconf 51' lang='lat' dir='ltr'><strong>et</strong></span> 
     </span>
    </p>
   </div>
   <div class='ocr_carea' id='block_1_5' title="bbox 160 625 1746 694">
    <p class='ocr_par' dir='ltr' id='par_1_5' title="bbox 160 625 1746 694">
     <span class='ocr_line' id='line_1_5' title="bbox 160 625 1746 694; baseline 0 -17"><span class='ocrx_word' id='word_1_30' title='bbox 160 640 324 678; x_wconf 86' lang='lat' dir='ltr'><strong><em>coram</em></strong></span> <span class='ocrx_word' id='word_1_31' title='bbox 351 641 458 679; x_wconf 85' lang='lat' dir='ltr'><strong><em>esse</em></strong></span> <span class='ocrx_word' id='word_1_32' title='bbox 486 625 644 689; x_wconf 80' lang='lat' dir='ltr'><strong><em>mihi,</em></strong></span> <span class='ocrx_word' id='word_1_33' title='bbox 669 642 822 694; x_wconf 81' lang='lat' dir='ltr'><strong><em>quam</em></strong></span> <span class='ocrx_word' id='word_1_34' title='bbox 852 642 1203 680; x_wconf 80' lang='lat' dir='ltr'><strong><em>consummare</em></strong></span> <span class='ocrx_word' id='word_1_35' title='bbox 1226 641 1433 678; x_wconf 79' lang='lat' dir='ltr'><strong><em>cursum</em></strong></span> <span class='ocrx_word' id='word_1_36' title='bbox 1466 640 1629 677; x_wconf 87' lang='lat' dir='ltr'><strong><em>meum</em></strong></span> <span class='ocrx_word' id='word_1_37' title='bbox 1654 666 1669 689; x_wconf 89' lang='lat'><strong><em>,</em></strong></span> <span class='ocrx_word' id='word_1_38' title='bbox 1699 636 1746 677; x_wconf 86' lang='lat' dir='ltr'><strong><em>et</em></strong></span> 
     </span>
    </p>
   </div>
   <div class='ocr_carea' id='block_1_6' title="bbox 163 714 1745 788">
    <p class='ocr_par' dir='ltr' id='par_1_6' title="bbox 163 714 1745 788">
     <span class='ocr_line' id='line_1_6' title="bbox 163 714 1745 788; baseline 0.001 -21"><span class='ocrx_word' id='word_1_39' title='bbox 163 718 498 770; x_wconf 66' lang='lat' dir='ltr'><strong><em>ministerium</em></strong></span> <span class='ocrx_word' id='word_1_40' title='bbox 535 716 671 771; x_wconf 84' lang='lat' dir='ltr'><strong><em>verbi</em></strong></span> <span class='ocrx_word' id='word_1_41' title='bbox 702 718 841 787; x_wconf 85' lang='lat' dir='ltr'><strong><em>quod</em></strong></span> <span class='ocrx_word' id='word_1_42' title='bbox 871 720 1045 788; x_wconf 86' lang='lat' dir='ltr'><strong><em>accepi</em></strong></span> <span class='ocrx_word' id='word_1_43' title='bbox 1073 736 1103 771; x_wconf 90' lang='lat' dir='ltr'><strong><em>a</em></strong></span> <span class='ocrx_word' id='word_1_44' title='bbox 1145 718 1363 771; x_wconf 91' lang='lat' dir='ltr'><strong><em>Domino</em></strong></span> <span class='ocrx_word' id='word_1_45' title='bbox 1386 760 1399 781; x_wconf 92' lang='lat'><strong><em>,</em></strong></span> <span class='ocrx_word' id='word_1_46' title='bbox 1446 718 1619 769; x_wconf 84' lang='lat' dir='ltr'><strong><em>testari</em></strong></span> <span class='ocrx_word' id='word_1_47' title='bbox 1647 714 1745 769; x_wconf 78' lang='lat' dir='ltr'><strong><em>Ju-</em></strong></span> 
     </span>
    </p>
   </div>
   <div class='ocr_carea' id='block_1_7' title="bbox 160 806 1746 880">
    <p class='ocr_par' dir='ltr' id='par_1_7' title="bbox 160 806 1746 880">
     <span class='ocr_line' id='line_1_7' title="bbox 160 806 1746 880; baseline 0.001 -20"><span class='ocrx_word' id='word_1_48' title='bbox 160 808 278 861; x_wconf 78' lang='lat' dir='ltr'><strong><em>dwis</em></strong></span> <span class='ocrx_word' id='word_1_49' title='bbox 306 818 353 861; x_wconf 91' lang='lat' dir='ltr'><strong><em>et</em></strong></span> <span class='ocrx_word' id='word_1_50' title='bbox 384 808 582 861; x_wconf 67' lang='lat' dir='ltr'><strong><em>(ira-cis</em></strong></span> <span class='ocrx_word' id='word_1_51' title='bbox 622 811 942 879; x_wconf 80' lang='lat' dir='ltr'><strong><em>evangelium</em></strong></span> <span class='ocrx_word' id='word_1_52' title='bbox 974 810 1153 880; x_wconf 75' lang='lat' dir='ltr'><strong><em>gratia:</em></strong></span> <span class='ocrx_word' id='word_1_53' title='bbox 1181 809 1277 862; x_wconf 93' lang='lat' dir='ltr'><strong><em>Dei</em></strong></span> <span class='ocrx_word' id='word_1_54' title='bbox 1310 807 1356 860; x_wconf 73' lang='grc' dir='ltr'><strong><em>ι’.</em></strong></span> <span class='ocrx_word' id='word_1_55' title='bbox 1397 806 1462 859; x_wconf 72' lang='lat' dir='ltr'><strong><em>Et</em></strong></span> <span class='ocrx_word' id='word_1_56' title='bbox 1494 824 1625 859; x_wconf 85' lang='lat' dir='ltr'><strong><em>nunc</em></strong></span> <span class='ocrx_word' id='word_1_57' title='bbox 1654 824 1746 877; x_wconf 90' lang='lat' dir='ltr'><strong><em>ego</em></strong></span> 
     </span>
    </p>
   </div>
   <div class='ocr_carea' id='block_1_8' title="bbox 159 901 1745 971">
    <p class='ocr_par' dir='ltr' id='par_1_8' title="bbox 159 901 1745 971">
     <span class='ocr_line' id='line_1_8' title="bbox 159 901 1745 971; baseline -0.001 -18"><span class='ocrx_word' id='word_1_58' title='bbox 159 902 258 954; x_wconf 90' lang='lat' dir='ltr'><strong><em>scio</em></strong></span> <span class='ocrx_word' id='word_1_59' title='bbox 288 901 426 969; x_wconf 84' lang='lat' dir='ltr'><strong><em>quod</em></strong></span> <span class='ocrx_word' id='word_1_60' title='bbox 455 902 676 971; x_wconf 90' lang='lat' dir='ltr'><strong><em>amplius</em></strong></span> <span class='ocrx_word' id='word_1_61' title='bbox 706 919 807 955; x_wconf 83' lang='lat' dir='ltr'><strong><em>non</em></strong></span> <span class='ocrx_word' id='word_1_62' title='bbox 835 904 1068 955; x_wconf 76' lang='lat' dir='ltr'><strong><em>videbitis</em></strong></span> <span class='ocrx_word' id='word_1_63' title='bbox 1100 904 1283 971; x_wconf 77' lang='lat' dir='ltr'><strong><em>faciem</em></strong></span> <span class='ocrx_word' id='word_1_64' title='bbox 1320 918 1481 954; x_wconf 86' lang='lat' dir='ltr'><strong><em>meum</em></strong></span> <span class='ocrx_word' id='word_1_65' title='bbox 1522 918 1608 954; x_wconf 81' lang='lat' dir='ltr'><strong><em>vos</em></strong></span> <span class='ocrx_word' id='word_1_66' title='bbox 1637 918 1745 955; x_wconf 85' lang='lat' dir='ltr'><strong><em>om-</em></strong></span> 
     </span>
    </p>
   </div>
   <div class='ocr_carea' id='block_1_9' title="bbox 161 994 1744 1066">
    <p class='ocr_par' dir='ltr' id='par_1_9' title="bbox 161 994 1744 1066">
     <span class='ocr_line' id='line_1_9' title="bbox 161 994 1744 1066; baseline 0.001 -19"><span class='ocrx_word' id='word_1_67' title='bbox 161 1010 264 1057; x_wconf 85' lang='lat' dir='ltr'><strong><em>nes,</em></strong></span> <span class='ocrx_word' id='word_1_68' title='bbox 294 996 427 1047; x_wconf 91' lang='lat' dir='ltr'><strong><em>inter</em></strong></span> <span class='ocrx_word' id='word_1_69' title='bbox 454 1004 473 1031; x_wconf 73' lang='grc' dir='ltr'>ε</span> <span class='ocrx_word' id='word_1_70' title='bbox 504 1010 631 1063; x_wconf 78' lang='lat' dir='ltr'><strong><em>quos</em></strong></span> <span class='ocrx_word' id='word_1_71' title='bbox 661 997 1011 1064; x_wconf 73' lang='lat' dir='ltr'><strong><em>perambulaei</em></strong></span> <span class='ocrx_word' id='word_1_72' title='bbox 1035 999 1085 1047; x_wconf 88' lang='lat' dir='ltr'><strong><em>in</em></strong></span> <span class='ocrx_word' id='word_1_73' title='bbox 1107 994 1133 1032; x_wconf 71' lang='grc' dir='ltr'><em>ἀ</em></span> <span class='ocrx_word' id='word_1_74' title='bbox 1165 996 1494 1063; x_wconf 82' lang='lat' dir='ltr'><strong><em>prredicundo</em></strong></span> <span class='ocrx_word' id='word_1_75' title='bbox 1534 1012 1744 1066; x_wconf 82' lang='lat' dir='ltr'><strong><em>regnum</em></strong></span> 
     </span>
    </p>
   </div>
   <div class='ocr_carea' id='block_1_10' title="bbox 166 1084 1746 1157">
    <p class='ocr_par' dir='ltr' id='par_1_10' title="bbox 166 1084 1746 1157">
     <span class='ocr_line' id='line_1_10' title="bbox 166 1084 1746 1157; baseline 0.001 -19"><span class='ocrx_word' id='word_1_76' title='bbox 166 1084 368 1139; x_wconf 82' lang='lat' dir='ltr'><strong><em>Domini</em></strong></span> <span class='ocrx_word' id='word_1_77' title='bbox 392 1084 537 1141; x_wconf 76' lang='lat' dir='ltr'><strong><em>Iesu.</em></strong></span> <span class='ocrx_word' id='word_1_78' title='bbox 574 1085 796 1155; x_wconf 87' lang='lat' dir='ltr'><strong><em>Propter</em></strong></span> <span class='ocrx_word' id='word_1_79' title='bbox 826 1098 847 1124; x_wconf 76' lang='grc' dir='ltr'><strong>ο</strong></span> <span class='ocrx_word' id='word_1_80' title='bbox 876 1089 1013 1157; x_wconf 82' lang='lat' dir='ltr'><strong><em>quod</em></strong></span> <span class='ocrx_word' id='word_1_81' title='bbox 1044 1099 1301 1140; x_wconf 74' lang='lat' dir='ltr'><strong><em>contestor</em></strong></span> <span class='ocrx_word' id='word_1_82' title='bbox 1327 1089 1467 1141; x_wconf 81' lang='lat' dir='ltr'><strong><em>vobis</em></strong></span> <span class='ocrx_word' id='word_1_83' title='bbox 1496 1088 1746 1140; x_wconf 80' lang='lat' dir='ltr'><strong><em>hodierna</em></strong></span> 
     </span>
    </p>
   </div>
   <div class='ocr_carea' id='block_1_11' title="bbox 158 1179 1744 1250">
    <p class='ocr_par' dir='ltr' id='par_1_11' title="bbox 158 1179 1744 1250">
     <span class='ocr_line' id='line_1_11' title="bbox 158 1179 1744 1250; baseline 0.003 -19"><span class='ocrx_word' id='word_1_84' title='bbox 158 1179 265 1241; x_wconf 89' lang='lat' dir='ltr'><strong><em>die,</em></strong></span> <span class='ocrx_word' id='word_1_85' title='bbox 292 1179 416 1247; x_wconf 75' lang='lat' dir='ltr'><strong><em>quia</em></strong></span> <span class='ocrx_word' id='word_1_86' title='bbox 458 1181 681 1234; x_wconf 76' lang='lat' dir='ltr'><strong><em>mundus</em></strong></span> <span class='ocrx_word' id='word_1_87' title='bbox 722 1198 834 1233; x_wconf 88' lang='lat' dir='ltr'><strong><em>sum</em></strong></span> <span class='ocrx_word' id='word_1_88' title='bbox 875 1199 906 1234; x_wconf 79' lang='grc' dir='ltr'><strong><em>ιι</em></strong></span> <span class='ocrx_word' id='word_1_89' title='bbox 948 1182 1197 1250; x_wconf 76' lang='lat' dir='ltr'><strong><em>sanguine</em></strong></span> <span class='ocrx_word' id='word_1_90' title='bbox 1242 1184 1503 1243; x_wconf 64' lang='lat' dir='ltr'><strong><em>omnium,</em></strong></span> <span class='ocrx_word' id='word_1_91' title='bbox 1554 1192 1600 1234; x_wconf 91' lang='lat' dir='ltr'><strong><em>et</em></strong></span> <span class='ocrx_word' id='word_1_92' title='bbox 1645 1199 1744 1236; x_wconf 85' lang='lat' dir='ltr'><strong><em>non</em></strong></span> 
     </span>
    </p>
   </div>
   <div class='ocr_carea' id='block_1_12' title="bbox 157 1253 1743 1339">
    <p class='ocr_par' dir='ltr' id='par_1_12' title="bbox 157 1268 1743 1339">
     <span class='ocr_line' id='line_1_12' title="bbox 157 1268 1743 1339; baseline 0.005 -20"><span class='ocrx_word' id='word_1_93' title='bbox 157 1271 459 1339; x_wconf 79' lang='lat' dir='ltr'><strong><em>prtetermisi</em></strong></span> <span class='ocrx_word' id='word_1_94' title='bbox 488 1268 503 1306; x_wconf 73' lang='grc' dir='ltr'>ί</span> <span class='ocrx_word' id='word_1_95' title='bbox 532 1273 864 1339; x_wconf 74' lang='lat' dir='ltr'><strong><em>prwdicaudo</em></strong></span> <span class='ocrx_word' id='word_1_96' title='bbox 888 1282 911 1317; x_wconf 71' lang='grc' dir='ltr'>κ</span> <span class='ocrx_word' id='word_1_97' title='bbox 952 1289 1149 1325; x_wconf 79' lang='lat' dir='ltr'><strong><em>omnem</em></strong></span> <span class='ocrx_word' id='word_1_98' title='bbox 1176 1274 1483 1327; x_wconf 81' lang='lat' dir='ltr'><strong><em>voluntatem</em></strong></span> <span class='ocrx_word' id='word_1_99' title='bbox 1509 1273 1623 1327; x_wconf 33' lang='lat' dir='ltr'><strong><em>Dei.</em></strong></span> <span class='ocrx_word' id='word_1_100' title='bbox 1654 1276 1743 1327; x_wconf 72' lang='lat' dir='ltr'><strong><em>At-</em></strong></span> 
     </span>
    </p>
   </div>
   <div class='ocr_carea' id='block_1_13' title="bbox 156 1362 1745 1437">
    <p class='ocr_par' dir='ltr' id='par_1_13' title="bbox 156 1362 1745 1437">
     <span class='ocr_line' id='line_1_13' title="bbox 156 1362 1745 1437; baseline 0.004 -20"><span class='ocrx_word' id='word_1_101' title='bbox 156 1363 341 1418; x_wconf 89' lang='lat' dir='ltr'><strong><em>tenditc</em></strong></span> <span class='ocrx_word' id='word_1_102' title='bbox 361 1362 386 1400; x_wconf 73' lang='lat' dir='ltr'><strong>h</strong></span> <span class='ocrx_word' id='word_1_103' title='bbox 412 1366 548 1418; x_wconf 76' lang='lat' dir='ltr'><strong><em>robis</em></strong></span> <span class='ocrx_word' id='word_1_104' title='bbox 570 1377 616 1418; x_wconf 87' lang='lat' dir='ltr'><strong><em>et</em></strong></span> <span class='ocrx_word' id='word_1_105' title='bbox 639 1368 776 1420; x_wconf 85' lang='lat' dir='ltr'><strong><em>omni</em></strong></span> <span class='ocrx_word' id='word_1_106' title='bbox 798 1368 961 1437; x_wconf 80' lang='lat' dir='ltr'><strong><em>gregi,</em></strong></span> <span class='ocrx_word' id='word_1_107' title='bbox 982 1369 1037 1419; x_wconf 78' lang='lat' dir='ltr'><strong><em>in</em></strong></span> <span class='ocrx_word' id='word_1_108' title='bbox 1056 1383 1157 1436; x_wconf 78' lang='lat' dir='ltr'><strong><em>quo</em></strong></span> <span class='ocrx_word' id='word_1_109' title='bbox 1178 1382 1263 1420; x_wconf 77' lang='lat' dir='ltr'><strong><em>vos</em></strong></span> <span class='ocrx_word' id='word_1_110' title='bbox 1284 1367 1513 1436; x_wconf 88' lang='lat' dir='ltr'><strong><em>Spiritus</em></strong></span> <span class='ocrx_word' id='word_1_111' title='bbox 1536 1378 1745 1423; x_wconf 85' lang='lat' dir='ltr'><strong><em>sanctus</em></strong></span> 
     </span>
    </p>
   </div>
   <div class='ocr_carea' id='block_1_14' title="bbox 155 1457 1745 1530">
    <p class='ocr_par' dir='ltr' id='par_1_14' title="bbox 155 1457 1745 1530">
     <span class='ocr_line' id='line_1_14' title="bbox 155 1457 1745 1530; baseline 0.003 -22"><span class='ocrx_word' id='word_1_112' title='bbox 155 1457 317 1523; x_wconf 85' lang='lat' dir='ltr'><strong><em>posuit</em></strong></span> <span class='ocrx_word' id='word_1_113' title='bbox 365 1458 629 1527; x_wconf 75' lang='lat' dir='ltr'><strong><em>episcopos</em></strong></span> <span class='ocrx_word' id='word_1_114' title='bbox 681 1474 855 1530; x_wconf 72' lang='lat' dir='ltr'><strong><em>regere</em></strong></span> <span class='ocrx_word' id='word_1_115' title='bbox 913 1460 1178 1512; x_wconf 82' lang='lat' dir='ltr'><strong><em>ecclesiam</em></strong></span> <span class='ocrx_word' id='word_1_116' title='bbox 1225 1458 1430 1513; x_wconf 82' lang='lat' dir='ltr'><strong><em>Domini</em></strong></span> <span class='ocrx_word' id='word_1_117' title='bbox 1480 1459 1540 1525; x_wconf 67' lang='grc' dir='ltr'><strong><em>ί,</em></strong></span> <span class='ocrx_word' id='word_1_118' title='bbox 1590 1477 1745 1530; x_wconf 80' lang='lat' dir='ltr'><strong><em>quam</em></strong></span> 
     </span>
    </p>
   </div>
   <div class='ocr_carea' id='block_1_15' title="bbox 153 1548 1743 1620">
    <p class='ocr_par' dir='ltr' id='par_1_15' title="bbox 153 1548 1743 1620">
     <span class='ocr_line' id='line_1_15' title="bbox 153 1548 1743 1620; baseline 0.005 -23"><span class='ocrx_word' id='word_1_119' title='bbox 153 1548 417 1613; x_wconf 72' lang='lat' dir='ltr'><strong><em>acquisivit</em></strong></span> <span class='ocrx_word' id='word_1_120' title='bbox 448 1551 696 1617; x_wconf 75' lang='lat' dir='ltr'><strong><em>sanguine</em></strong></span> <span class='ocrx_word' id='word_1_121' title='bbox 720 1566 832 1603; x_wconf 87' lang='lat' dir='ltr'><strong><em>suo.</em></strong></span> <span class='ocrx_word' id='word_1_122' title='bbox 868 1550 979 1620; x_wconf 86' lang='lat' dir='ltr'><strong><em>Ego</em></strong></span> <span class='ocrx_word' id='word_1_123' title='bbox 1007 1552 1111 1603; x_wconf 84' lang='lat' dir='ltr'><strong><em>scio</em></strong></span> <span class='ocrx_word' id='word_1_124' title='bbox 1144 1550 1157 1600; x_wconf 79' lang='grc' dir='ltr'><strong><em>ι</em></strong></span> <span class='ocrx_word' id='word_1_125' title='bbox 1195 1551 1315 1619; x_wconf 86' lang='lat' dir='ltr'><strong><em>quia</em></strong></span> <span class='ocrx_word' id='word_1_126' title='bbox 1345 1552 1608 1604; x_wconf 77' lang='lat' dir='ltr'><strong><em>intrabunt</em></strong></span> <span class='ocrx_word' id='word_1_127' title='bbox 1634 1561 1743 1619; x_wconf 86' lang='lat' dir='ltr'><strong><em>post</em></strong></span> 
     </span>
    </p>
   </div>
   <div class='ocr_carea' id='block_1_16' title="bbox 153 1639 1743 1711">
    <p class='ocr_par' dir='ltr' id='par_1_16' title="bbox 153 1639 1743 1711">
     <span class='ocr_line' id='line_1_16' title="bbox 153 1639 1743 1711; baseline 0.004 -20"><span class='ocrx_word' id='word_1_128' title='bbox 153 1639 435 1692; x_wconf 82' lang='lat' dir='ltr'><strong><em>discessum</em></strong></span> <span class='ocrx_word' id='word_1_129' title='bbox 476 1657 641 1693; x_wconf 86' lang='lat' dir='ltr'><strong><em>mcum</em></strong></span> <span class='ocrx_word' id='word_1_130' title='bbox 681 1644 792 1710; x_wconf 84' lang='lat' dir='ltr'><strong><em>lupi</em></strong></span> <span class='ocrx_word' id='word_1_131' title='bbox 838 1660 1016 1711; x_wconf 72' lang='lat' dir='ltr'><strong><em>grar&#39;es</em></strong></span> <span class='ocrx_word' id='word_1_132' title='bbox 1064 1644 1117 1695; x_wconf 89' lang='lat' dir='ltr'><strong><em>in</em></strong></span> <span class='ocrx_word' id='word_1_133' title='bbox 1160 1659 1284 1705; x_wconf 81' lang='lat' dir='ltr'><strong><em>vos,</em></strong></span> <span class='ocrx_word' id='word_1_134' title='bbox 1332 1660 1431 1695; x_wconf 87' lang='lat' dir='ltr'><strong><em>non</em></strong></span> <span class='ocrx_word' id='word_1_135' title='bbox 1476 1654 1743 1711; x_wconf 82' lang='lat' dir='ltr'><strong><em>parcentes</em></strong></span> 
     </span>
    </p>
   </div>
   <div class='ocr_carea' id='block_1_17' title="bbox 152 1730 1742 1808">
    <p class='ocr_par' dir='ltr' id='par_1_17' title="bbox 152 1730 1742 1808">
     <span class='ocr_line' id='line_1_17' title="bbox 152 1730 1742 1808; baseline 0.004 -26"><span class='ocrx_word' id='word_1_136' title='bbox 152 1734 291 1801; x_wconf 82' lang='lat' dir='ltr'><strong><em>gregi</em></strong></span> <span class='ocrx_word' id='word_1_137' title='bbox 315 1750 333 1786; x_wconf 89' lang='lat'><strong><em>:</em></strong></span> <span class='ocrx_word' id='word_1_138' title='bbox 364 1748 428 1786; x_wconf 78' lang='lat' dir='ltr'><strong><em>ra:</em></strong></span> <span class='ocrx_word' id='word_1_139' title='bbox 453 1730 480 1771; x_wconf 61' lang='grc' dir='ltr'><strong><em>ι</em></strong></span> <span class='ocrx_word' id='word_1_140' title='bbox 502 1735 640 1789; x_wconf 74' lang='lat' dir='ltr'><strong><em>vobis</em></strong></span> <span class='ocrx_word' id='word_1_141' title='bbox 666 1736 788 1805; x_wconf 85' lang='lat' dir='ltr'><strong><em>ipsis</em></strong></span> <span class='ocrx_word' id='word_1_142' title='bbox 813 1746 1088 1805; x_wconf 57' lang='lat' dir='ltr'><strong><em>exsurgxnt</em></strong></span> <span class='ocrx_word' id='word_1_143' title='bbox 1116 1736 1345 1790; x_wconf 82' lang='lat' dir='ltr'><strong><em>homines</em></strong></span> <span class='ocrx_word' id='word_1_144' title='bbox 1364 1779 1377 1800; x_wconf 89' lang='lat'><strong><em>,</em></strong></span> <span class='ocrx_word' id='word_1_145' title='bbox 1401 1748 1444 1789; x_wconf 91' lang='lat' dir='ltr'><strong><em>et</em></strong></span> <span class='ocrx_word' id='word_1_146' title='bbox 1473 1740 1742 1808; x_wconf 78' lang='lat' dir='ltr'><strong><em>loquentur</em></strong></span> 
     </span>
    </p>
   </div>
   <div class='ocr_carea' id='block_1_18' title="bbox 154 1828 1743 1901">
    <p class='ocr_par' dir='ltr' id='par_1_18' title="bbox 154 1828 1743 1901">
     <span class='ocr_line' id='line_1_18' title="bbox 154 1828 1743 1901; baseline 0.004 -25"><span class='ocrx_word' id='word_1_147' title='bbox 154 1840 412 1893; x_wconf 72' lang='lat' dir='ltr'><strong><em>perversa,</em></strong></span> <span class='ocrx_word' id='word_1_148' title='bbox 441 1838 495 1879; x_wconf 87' lang='lat' dir='ltr'><strong><em>ut</em></strong></span> <span class='ocrx_word' id='word_1_149' title='bbox 516 1828 780 1881; x_wconf 71' lang='lat' dir='ltr'><strong><em>adducant</em></strong></span> <span class='ocrx_word' id='word_1_150' title='bbox 808 1830 1091 1895; x_wconf 69' lang='lat' dir='ltr'><strong><em>discipulos</em></strong></span> <span class='ocrx_word' id='word_1_151' title='bbox 1122 1842 1233 1900; x_wconf 84' lang='lat' dir='ltr'><strong><em>post</em></strong></span> <span class='ocrx_word' id='word_1_152' title='bbox 1262 1847 1335 1883; x_wconf 90' lang='lat' dir='ltr'><strong><em>sc.</em></strong></span> <span class='ocrx_word' id='word_1_153' title='bbox 1369 1829 1584 1899; x_wconf 77' lang='lat' dir='ltr'><strong><em>Propter</em></strong></span> <span class='ocrx_word' id='word_1_154' title='bbox 1606 1832 1743 1901; x_wconf 83' lang='lat' dir='ltr'><strong><em>quod</em></strong></span> 
     </span>
    </p>
   </div>
   <div class='ocr_carea' id='block_1_19' title="bbox 1849 646 3442 715">
    <p class='ocr_par' dir='ltr' id='par_1_19' title="bbox 1849 646 3442 715">
     <span class='ocr_line' id='line_1_19' title="bbox 1849 646 3442 715; baseline 0.002 -16"><span class='ocrx_word' id='word_1_155' title='bbox 1849 648 2112 701; x_wconf 87' lang='lat' dir='ltr'><strong><em>merueris</em></strong></span> <span class='ocrx_word' id='word_1_156' title='bbox 2140 646 2431 715; x_wconf 86' lang='lat' dir='ltr'><strong><em>repulsam.</em></strong></span> <span class='ocrx_word' id='word_1_157' title='bbox 2456 646 2571 699; x_wconf 86' lang='lat' dir='ltr'><strong><em>Tali</em></strong></span> <span class='ocrx_word' id='word_1_158' title='bbox 2602 648 2798 715; x_wconf 78' lang='lat' dir='ltr'><strong><em>putasti</em></strong></span> <span class='ocrx_word' id='word_1_159' title='bbox 2830 662 2915 701; x_wconf 89' lang='lat' dir='ltr'><strong><em>me</em></strong></span> <span class='ocrx_word' id='word_1_160' title='bbox 2939 646 3274 701; x_wconf 84' lang='lat' dir='ltr'><strong><em>onerandum</em></strong></span> <span class='ocrx_word' id='word_1_161' title='bbox 3307 648 3442 702; x_wconf 89' lang='lat' dir='ltr'><strong><em>iuvi-</em></strong></span> 
     </span>
    </p>
   </div>
   <div class='ocr_carea' id='block_1_20' title="bbox 1847 736 3441 805">
    <p class='ocr_par' dir='ltr' id='par_1_20' title="bbox 1847 736 3441 805">
     <span class='ocr_line' id='line_1_20' title="bbox 1847 736 3441 805; baseline 0.001 -17"><span class='ocrx_word' id='word_1_162' title='bbox 1847 736 1933 789; x_wconf 87' lang='lat' dir='ltr'><strong><em>dia</em></strong></span> <span class='ocrx_word' id='word_1_163' title='bbox 1961 779 1974 800; x_wconf 90' lang='lat'><strong><em>,</em></strong></span> <span class='ocrx_word' id='word_1_164' title='bbox 2014 747 2069 789; x_wconf 81' lang='lat' dir='ltr'><strong><em>ut</em></strong></span> <span class='ocrx_word' id='word_1_165' title='bbox 2104 750 2386 790; x_wconf 85' lang='lat' dir='ltr'><strong><em>assereres</em></strong></span> <span class='ocrx_word' id='word_1_166' title='bbox 2419 736 2508 789; x_wconf 82' lang='lat' dir='ltr'><strong><em>Dei</em></strong></span> <span class='ocrx_word' id='word_1_167' title='bbox 2541 752 2761 791; x_wconf 80' lang='lat' dir='ltr'><strong><em>servum</em></strong></span> <span class='ocrx_word' id='word_1_168' title='bbox 2796 736 2889 789; x_wconf 85' lang='lat' dir='ltr'><strong><em>libi</em></strong></span> <span class='ocrx_word' id='word_1_169' title='bbox 2924 738 3239 805; x_wconf 90' lang='lat' dir='ltr'><strong><em>imperatori</em></strong></span> <span class='ocrx_word' id='word_1_170' title='bbox 3273 741 3441 791; x_wconf 59' lang='lat' dir='ltr'><strong><em>exmi-</em></strong></span> 
     </span>
    </p>
   </div>
   <div class='ocr_carea' id='block_1_21' title="bbox 1848 830 3444 902">
    <p class='ocr_par' dir='ltr' id='par_1_21' title="bbox 1848 830 3444 902">
     <span class='ocr_line' id='line_1_21' title="bbox 1848 830 3444 902; baseline 0.001 -18"><span class='ocrx_word' id='word_1_171' title='bbox 1848 832 1977 884; x_wconf 80' lang='lat' dir='ltr'><strong><em>tisse</em></strong></span> <span class='ocrx_word' id='word_1_172' title='bbox 2004 832 2481 885; x_wconf 86' lang='lat' dir='ltr'><strong><em>contumeliosum.</em></strong></span> <span class='ocrx_word' id='word_1_173' title='bbox 2512 830 2567 885; x_wconf 89' lang='lat' dir='ltr'><strong><em>Si</em></strong></span> <span class='ocrx_word' id='word_1_174' title='bbox 2602 844 2758 899; x_wconf 84' lang='lat' dir='ltr'><strong><em>putas</em></strong></span> <span class='ocrx_word' id='word_1_175' title='bbox 2788 846 2887 883; x_wconf 82' lang='lat' dir='ltr'><strong><em>nos</em></strong></span> <span class='ocrx_word' id='word_1_176' title='bbox 2915 830 3228 899; x_wconf 72' lang='lat' dir='ltr'><strong><em>iniuriosus,</em></strong></span> <span class='ocrx_word' id='word_1_177' title='bbox 3260 832 3444 902; x_wconf 78' lang='lat' dir='ltr'><strong><em>accipe</em></strong></span> 
     </span>
    </p>
   </div>
   <div class='ocr_carea' id='block_1_22' title="bbox 1849 920 3443 992">
    <p class='ocr_par' dir='ltr' id='par_1_22' title="bbox 1849 920 3443 992">
     <span class='ocr_line' id='line_1_22' title="bbox 1849 920 3443 992; baseline 0.003 -19"><span class='ocrx_word' id='word_1_178' title='bbox 1849 921 1974 989; x_wconf 84' lang='lat' dir='ltr'><strong><em>quid</em></strong></span> <span class='ocrx_word' id='word_1_179' title='bbox 1996 922 2337 989; x_wconf 76' lang='lat' dir='ltr'><strong><em>responderit</em></strong></span> <span class='ocrx_word' id='word_1_180' title='bbox 2358 922 2588 989; x_wconf 82' lang='lat' dir='ltr'><strong><em>principi</em></strong></span> <span class='ocrx_word' id='word_1_181' title='bbox 2614 920 2957 975; x_wconf 90' lang='lat' dir='ltr'><strong><em>sacerdotum</em></strong></span> <span class='ocrx_word' id='word_1_182' title='bbox 2986 922 3286 990; x_wconf 88' lang='lat' dir='ltr'><strong><em>prolubenti</em></strong></span> <span class='ocrx_word' id='word_1_183' title='bbox 3308 938 3443 992; x_wconf 69' lang='lat' dir='ltr'><strong><em>prte-</em></strong></span> 
     </span>
    </p>
   </div>
   <div class='ocr_carea' id='block_1_23' title="bbox 1849 1011 3439 1083">
    <p class='ocr_par' dir='ltr' id='par_1_23' title="bbox 1849 1011 3439 1083">
     <span class='ocr_line' id='line_1_23' title="bbox 1849 1011 3439 1083; baseline -0.001 -17"><span class='ocrx_word' id='word_1_184' title='bbox 1849 1012 2030 1066; x_wconf 78' lang='lat' dir='ltr'><strong><em>dicnrc</em></strong></span> <span class='ocrx_word' id='word_1_185' title='bbox 2054 1016 2161 1065; x_wconf 77' lang='lat' dir='ltr'><strong><em>unit</em></strong></span> <span class='ocrx_word' id='word_1_186' title='bbox 2183 1029 2269 1066; x_wconf 91' lang='lat' dir='ltr'><strong><em>um</em></strong></span> <span class='ocrx_word' id='word_1_187' title='bbox 2289 1013 2383 1066; x_wconf 85' lang='lat' dir='ltr'><strong><em>Dei</em></strong></span> <span class='ocrx_word' id='word_1_188' title='bbox 2404 1012 2597 1066; x_wconf 80' lang='lat' dir='ltr'><strong><em>Filium</em></strong></span> <span class='ocrx_word' id='word_1_189' title='bbox 2622 1013 2810 1067; x_wconf 86' lang='lat' dir='ltr'><strong><em>beatus</em></strong></span> <span class='ocrx_word' id='word_1_190' title='bbox 2836 1013 3071 1067; x_wconf 84' lang='lat' dir='ltr'><strong><em>Paullus.</em></strong></span> <span class='ocrx_word' id='word_1_191' title='bbox 3095 1011 3374 1069; x_wconf 84' lang='lat' dir='ltr'><strong><em>Intendeus</em></strong></span> <span class='ocrx_word' id='word_1_192' title='bbox 3392 1027 3439 1083; x_wconf 74' lang='grc' dir='ltr'><strong><em>τι,</em></strong></span> 
     </span>
    </p>
   </div>
   <div class='ocr_carea' id='block_1_24' title="bbox 1850 1104 3444 1174">
    <p class='ocr_par' dir='ltr' id='par_1_24' title="bbox 1850 1104 3444 1174">
     <span class='ocr_line' id='line_1_24' title="bbox 1850 1104 3444 1174; baseline 0.002 -17"><span class='ocrx_word' id='word_1_193' title='bbox 1850 1106 1980 1158; x_wconf 81' lang='lat' dir='ltr'><strong><em>dicit</em></strong></span> <span class='ocrx_word' id='word_1_194' title='bbox 2005 1106 2271 1174; x_wconf 84' lang='lat' dir='ltr'><strong><em>scriptura</em></strong></span> <span class='ocrx_word' id='word_1_195' title='bbox 2293 1147 2307 1171; x_wconf 84' lang='lat'><strong><em>,</em></strong></span> <span class='ocrx_word' id='word_1_196' title='bbox 2334 1106 2389 1158; x_wconf 93' lang='lat' dir='ltr'><strong><em>in</em></strong></span> <span class='ocrx_word' id='word_1_197' title='bbox 2410 1104 2688 1158; x_wconf 79' lang='lat' dir='ltr'><strong><em>concilium</em></strong></span> <span class='ocrx_word' id='word_1_198' title='bbox 2715 1104 2939 1159; x_wconf 79' lang='lat' dir='ltr'><strong><em>Paullus</em></strong></span> <span class='ocrx_word' id='word_1_199' title='bbox 2957 1148 2970 1171; x_wconf 89' lang='lat'><strong><em>,</em></strong></span> <span class='ocrx_word' id='word_1_200' title='bbox 2997 1105 3129 1159; x_wconf 65' lang='lat' dir='ltr'><strong><em>dixit</em></strong></span> <span class='ocrx_word' id='word_1_201' title='bbox 3151 1123 3168 1159; x_wconf 88' lang='lat'><strong><em>:</em></strong></span> <span class='ocrx_word' id='word_1_202' title='bbox 3205 1105 3310 1159; x_wconf 88' lang='lat' dir='ltr'><strong><em>Viri</em></strong></span> <span class='ocrx_word' id='word_1_203' title='bbox 3337 1108 3444 1174; x_wconf 84' lang='lat' dir='ltr'><strong><em>fra-</em></strong></span> 
     </span>
    </p>
   </div>
   <div class='ocr_carea' id='block_1_25' title="bbox 1852 1197 3443 1269">
    <p class='ocr_par' dir='ltr' id='par_1_25' title="bbox 1852 1197 3443 1269">
     <span class='ocr_line' id='line_1_25' title="bbox 1852 1197 3443 1269; baseline 0.002 -20"><span class='ocrx_word' id='word_1_204' title='bbox 1852 1207 1976 1260; x_wconf 89' lang='lat' dir='ltr'><strong><em>tres,</em></strong></span> <span class='ocrx_word' id='word_1_205' title='bbox 2002 1212 2094 1269; x_wconf 80' lang='lat' dir='ltr'><strong><em>ego</em></strong></span> <span class='ocrx_word' id='word_1_206' title='bbox 2117 1200 2254 1251; x_wconf 82' lang='lat' dir='ltr'><strong><em>nanti</em></strong></span> <span class='ocrx_word' id='word_1_207' title='bbox 2284 1197 2598 1251; x_wconf 74' lang='lat' dir='ltr'><strong><em>conscientia</em></strong></span> <span class='ocrx_word' id='word_1_208' title='bbox 2621 1197 2751 1251; x_wconf 87' lang='lat' dir='ltr'><strong><em>bona</em></strong></span> <span class='ocrx_word' id='word_1_209' title='bbox 2782 1208 3113 1253; x_wconf 78' lang='lat' dir='ltr'><strong><em>com-ersatus</em></strong></span> <span class='ocrx_word' id='word_1_210' title='bbox 3134 1214 3248 1251; x_wconf 88' lang='lat' dir='ltr'><strong><em>sum</em></strong></span> <span class='ocrx_word' id='word_1_211' title='bbox 3270 1216 3443 1252; x_wconf 87' lang='lat' dir='ltr'><strong><em>coram</em></strong></span> 
     </span>
    </p>
   </div>
   <div class='ocr_carea' id='block_1_26' title="bbox 1850 1288 3440 1359">
    <p class='ocr_par' dir='ltr' id='par_1_26' title="bbox 1850 1288 3440 1359">
     <span class='ocr_line' id='line_1_26' title="bbox 1850 1288 3440 1359; baseline 0.001 -15"><span class='ocrx_word' id='word_1_212' title='bbox 1850 1290 1960 1344; x_wconf 88' lang='lat' dir='ltr'><strong><em>Deo</em></strong></span> <span class='ocrx_word' id='word_1_213' title='bbox 1984 1306 2143 1359; x_wconf 75' lang='lat' dir='ltr'><strong><em>usque</em></strong></span> <span class='ocrx_word' id='word_1_214' title='bbox 2162 1291 2213 1343; x_wconf 85' lang='lat' dir='ltr'><strong><em>in</em></strong></span> <span class='ocrx_word' id='word_1_215' title='bbox 2238 1290 2376 1345; x_wconf 78' lang='lat' dir='ltr'><strong><em>[tunc</em></strong></span> <span class='ocrx_word' id='word_1_216' title='bbox 2398 1291 2554 1343; x_wconf 83' lang='lat' dir='ltr'><strong><em>diem.</em></strong></span> <span class='ocrx_word' id='word_1_217' title='bbox 2591 1288 2836 1358; x_wconf 82' lang='lat' dir='ltr'><strong><em>Princeps</em></strong></span> <span class='ocrx_word' id='word_1_218' title='bbox 2862 1301 2882 1328; x_wconf 89' lang='grc'><strong><em>¹’</em></strong></span> <span class='ocrx_word' id='word_1_219' title='bbox 2912 1301 3085 1344; x_wconf 77' lang='lat' dir='ltr'><strong><em>autent</em></strong></span> <span class='ocrx_word' id='word_1_220' title='bbox 3116 1296 3440 1345; x_wconf 74' lang='lat' dir='ltr'><strong><em>sacerdotum</em></strong></span> 
     </span>
    </p>
   </div>
   <div class='ocr_carea' id='block_1_27' title="bbox 1850 1382 3444 1452">
    <p class='ocr_par' dir='ltr' id='par_1_27' title="bbox 1850 1382 3444 1452">
     <span class='ocr_line' id='line_1_27' title="bbox 1850 1382 3444 1452; baseline 0.003 -17"><span class='ocrx_word' id='word_1_221' title='bbox 1850 1383 2078 1435; x_wconf 83' lang='lat' dir='ltr'><strong><em>Ananias</em></strong></span> <span class='ocrx_word' id='word_1_222' title='bbox 2121 1395 2142 1417; x_wconf 65' lang='grc' dir='ltr'>δ</span> <span class='ocrx_word' id='word_1_223' title='bbox 2180 1383 2625 1435; x_wconf 82' lang='lat' dir='ltr'><strong><em>circum:.tantibus</em></strong></span> <span class='ocrx_word' id='word_1_224' title='bbox 2670 1382 2687 1417; x_wconf 70' lang='grc' dir='ltr'>ί</span> <span class='ocrx_word' id='word_1_225' title='bbox 2737 1399 2790 1436; x_wconf 85' lang='lat' dir='ltr'><strong><em>se</em></strong></span> <span class='ocrx_word' id='word_1_226' title='bbox 2840 1400 2988 1450; x_wconf 72' lang='lat' dir='ltr'><strong><em>prtcct</em></strong></span> <span class='ocrx_word' id='word_1_227' title='bbox 3009 1385 3079 1451; x_wconf 85' lang='lat' dir='ltr'><strong><em>pit</em></strong></span> <span class='ocrx_word' id='word_1_228' title='bbox 3135 1387 3333 1452; x_wconf 69' lang='grc' dir='ltr'><strong><em>ροισι.ιὶ</em></strong></span> <span class='ocrx_word' id='word_1_229' title='bbox 3387 1402 3444 1440; x_wconf 85' lang='lat' dir='ltr'><strong><em>os</em></strong></span> 
     </span>
    </p>
   </div>
   <div class='ocr_carea' id='block_1_28' title="bbox 1851 1473 3435 1529">
    <p class='ocr_par' dir='ltr' id='par_1_28' title="bbox 1851 1473 3435 1529">
     <span class='ocr_line' id='line_1_28' title="bbox 1851 1473 3435 1529; baseline 0.001 -1"><span class='ocrx_word' id='word_1_230' title='bbox 1851 1473 2054 1528; x_wconf 83' lang='lat' dir='ltr'><strong><em>Paulli.</em></strong></span> <span class='ocrx_word' id='word_1_231' title='bbox 2090 1473 2233 1528; x_wconf 90' lang='lat' dir='ltr'><strong><em>Tunc</em></strong></span> <span class='ocrx_word' id='word_1_232' title='bbox 2264 1473 2483 1529; x_wconf 84' lang='lat' dir='ltr'><strong><em>Paullus</em></strong></span> <span class='ocrx_word' id='word_1_233' title='bbox 2512 1476 2580 1528; x_wconf 85' lang='lat' dir='ltr'><strong><em>ad</em></strong></span> <span class='ocrx_word' id='word_1_234' title='bbox 2609 1492 2724 1529; x_wconf 83' lang='lat' dir='ltr'><strong><em>cum</em></strong></span> <span class='ocrx_word' id='word_1_235' title='bbox 2749 1476 2881 1529; x_wconf 71' lang='lat' dir='ltr'><strong><em>dixit</em></strong></span> <span class='ocrx_word' id='word_1_236' title='bbox 2906 1491 2925 1528; x_wconf 89' lang='lat'><em>:</em></span> <span class='ocrx_word' id='word_1_237' title='bbox 2962 1474 3235 1529; x_wconf 79' lang='lat' dir='ltr'><strong><em>l&#39;ercutrre</em></strong></span> <span class='ocrx_word' id='word_1_238' title='bbox 3274 1487 3321 1527; x_wconf 78' lang='lat' dir='ltr'><strong><em>te</em></strong></span> <span class='ocrx_word' id='word_1_239' title='bbox 3357 1478 3435 1529; x_wconf 88' lang='lat' dir='ltr'><strong><em>in-</em></strong></span> 
     </span>
    </p>
   </div>
   <div class='ocr_carea' id='block_1_29' title="bbox 1849 1565 3441 1641">
    <p class='ocr_par' dir='ltr' id='par_1_29' title="bbox 1849 1565 3441 1641">
     <span class='ocr_line' id='line_1_29' title="bbox 1849 1565 3441 1641; baseline 0 -20"><span class='ocrx_word' id='word_1_240' title='bbox 1849 1568 2004 1637; x_wconf 87' lang='lat' dir='ltr'><strong><em>cipiet</em></strong></span> <span class='ocrx_word' id='word_1_241' title='bbox 2030 1565 2206 1630; x_wconf 85' lang='lat' dir='ltr'><strong><em>Deus,</em></strong></span> <span class='ocrx_word' id='word_1_242' title='bbox 2240 1568 2411 1638; x_wconf 86' lang='lat' dir='ltr'><strong><em>paries</em></strong></span> <span class='ocrx_word' id='word_1_243' title='bbox 2441 1568 2675 1622; x_wconf 83' lang='lat' dir='ltr'><strong><em>dealbate</em></strong></span> <span class='ocrx_word' id='word_1_244' title='bbox 2698 1579 2776 1622; x_wconf 82' lang='lat' dir='ltr'><strong><em>:et</em></strong></span> <span class='ocrx_word' id='word_1_245' title='bbox 2800 1578 2853 1621; x_wconf 87' lang='lat' dir='ltr'><strong><em>tu</em></strong></span> <span class='ocrx_word' id='word_1_246' title='bbox 2882 1569 3024 1622; x_wconf 80' lang='lat' dir='ltr'><strong><em>sedes</em></strong></span> <span class='ocrx_word' id='word_1_247' title='bbox 3043 1569 3291 1641; x_wconf 84' lang='lat' dir='ltr'><strong><em>judicare</em></strong></span> <span class='ocrx_word' id='word_1_248' title='bbox 3321 1578 3345 1604; x_wconf 81' lang='grc' dir='ltr'><strong>υ</strong></span> <span class='ocrx_word' id='word_1_249' title='bbox 3379 1570 3441 1621; x_wconf 82' lang='lat' dir='ltr'><strong><em>de</em></strong></span> 
     </span>
    </p>
   </div>
   <div class='ocr_carea' id='block_1_30' title="bbox 1848 1659 3441 1733">
    <p class='ocr_par' dir='ltr' id='par_1_30' title="bbox 1848 1659 3441 1733">
     <span class='ocr_line' id='line_1_30' title="bbox 1848 1659 3441 1733; baseline 0.001 -20"><span class='ocrx_word' id='word_1_250' title='bbox 1848 1677 1929 1713; x_wconf 91' lang='lat' dir='ltr'><strong><em>me</em></strong></span> <span class='ocrx_word' id='word_1_251' title='bbox 1957 1662 2235 1714; x_wconf 83' lang='lat' dir='ltr'><strong><em>secundum</em></strong></span> <span class='ocrx_word' id='word_1_252' title='bbox 2262 1659 2425 1731; x_wconf 75' lang='lat' dir='ltr'><strong><em>legem</em></strong></span> <span class='ocrx_word' id='word_1_253' title='bbox 2448 1701 2461 1724; x_wconf 90' lang='lat'><strong><em>,</em></strong></span> <span class='ocrx_word' id='word_1_254' title='bbox 2490 1670 2534 1713; x_wconf 90' lang='lat' dir='ltr'><strong><em>et</em></strong></span> <span class='ocrx_word' id='word_1_255' title='bbox 2563 1670 2742 1714; x_wconf 88' lang='lat' dir='ltr'><strong><em>contra</em></strong></span> <span class='ocrx_word' id='word_1_256' title='bbox 2771 1660 2933 1731; x_wconf 84' lang='lat' dir='ltr'><strong><em>legem</em></strong></span> <span class='ocrx_word' id='word_1_257' title='bbox 2952 1662 3106 1733; x_wconf 82' lang='lat' dir='ltr'><strong><em>jubes</em></strong></span> <span class='ocrx_word' id='word_1_258' title='bbox 3137 1679 3217 1716; x_wconf 87' lang='lat' dir='ltr'><strong><em>me</em></strong></span> <span class='ocrx_word' id='word_1_259' title='bbox 3242 1662 3441 1733; x_wconf 60' lang='lat' dir='ltr'><strong><em>percuti</em></strong></span> 
     </span>
    </p>
   </div>
   <div class='ocr_carea' id='block_1_31' title="bbox 1852 1749 3436 1821">
    <p class='ocr_par' dir='ltr' id='par_1_31' title="bbox 1852 1749 3436 1821">
     <span class='ocr_line' id='line_1_31' title="bbox 1852 1749 3436 1821; baseline 0.001 -17"><span class='ocrx_word' id='word_1_260' title='bbox 1852 1750 1957 1820; x_wconf 82' lang='lat' dir='ltr'><strong><em>(Ib.</em></strong></span> <span class='ocrx_word' id='word_1_261' title='bbox 1989 1767 2158 1814; x_wconf 72' lang='grc' dir='ltr'>χχιιι,</span> <span class='ocrx_word' id='word_1_262' title='bbox 2194 1749 2269 1821; x_wconf 81' lang='grc'><strong><em>1).</em></strong></span> <span class='ocrx_word' id='word_1_263' title='bbox 2308 1751 2467 1821; x_wconf 87' lang='lat' dir='ltr'><strong><em>Igitur</em></strong></span> <span class='ocrx_word' id='word_1_264' title='bbox 2492 1753 2535 1804; x_wconf 81' lang='lat' dir='ltr'><strong><em>si</em></strong></span> <span class='ocrx_word' id='word_1_265' title='bbox 2569 1767 2674 1806; x_wconf 85' lang='lat' dir='ltr'><strong><em>non</em></strong></span> <span class='ocrx_word' id='word_1_266' title='bbox 2711 1762 2889 1821; x_wconf 86' lang='lat' dir='ltr'><strong><em>potest</em></strong></span> <span class='ocrx_word' id='word_1_267' title='bbox 2918 1768 3073 1807; x_wconf 86' lang='lat' dir='ltr'><strong><em>saera</em></strong></span> <span class='ocrx_word' id='word_1_268' title='bbox 3103 1755 3185 1809; x_wconf 84' lang='lat' dir='ltr'><strong><em>lex</em></strong></span> <span class='ocrx_word' id='word_1_269' title='bbox 3220 1755 3436 1809; x_wconf 61' lang='lat' dir='ltr'><strong><em>brutum</em></strong></span> 
     </span>
    </p>
   </div>
   <div class='ocr_carea' id='block_1_32' title="bbox 1850 1844 3441 1915">
    <p class='ocr_par' dir='ltr' id='par_1_32' title="bbox 1850 1844 3441 1915">
     <span class='ocr_line' id='line_1_32' title="bbox 1850 1844 3441 1915; baseline -0.001 -17"><span class='ocrx_word' id='word_1_270' title='bbox 1850 1845 2091 1898; x_wconf 90' lang='lat' dir='ltr'><strong><em>Paullum</em></strong></span> <span class='ocrx_word' id='word_1_271' title='bbox 2120 1845 2575 1898; x_wconf 76' lang='lat' dir='ltr'><strong><em>contumeliosam</em></strong></span> <span class='ocrx_word' id='word_1_272' title='bbox 2602 1844 2880 1912; x_wconf 83' lang='lat' dir='ltr'><strong><em>judicare,</em></strong></span> <span class='ocrx_word' id='word_1_273' title='bbox 2910 1845 3033 1915; x_wconf 87' lang='lat' dir='ltr'><strong><em>quia</em></strong></span> <span class='ocrx_word' id='word_1_274' title='bbox 3066 1846 3168 1898; x_wconf 88' lang='lat' dir='ltr'><strong><em>hoc</em></strong></span> <span class='ocrx_word' id='word_1_275' title='bbox 3196 1846 3329 1898; x_wconf 84' lang='lat' dir='ltr'><strong><em>dixit</em></strong></span> <span class='ocrx_word' id='word_1_276' title='bbox 3362 1864 3441 1898; x_wconf 80' lang='grc' dir='ltr'>ιιι-</span> 
     </span>
    </p>
   </div>
   <div class='ocr_carea' id='block_1_33' title="bbox 150 1916 1742 2005">
    <p class='ocr_par' dir='ltr' id='par_1_33' title="bbox 150 1916 1741 1990">
     <span class='ocr_line' id='line_1_33' title="bbox 150 1916 1741 1990; baseline 0.005 -24"><span class='ocrx_word' id='word_1_277' title='bbox 150 1916 388 1985; x_wconf 81' lang='lat' dir='ltr'><strong><em>vigi’ate,</em></strong></span> <span class='ocrx_word' id='word_1_278' title='bbox 441 1920 739 1973; x_wconf 84' lang='lat' dir='ltr'><strong><em>memoriam</em></strong></span> <span class='ocrx_word' id='word_1_279' title='bbox 796 1918 809 1955; x_wconf 74' lang='grc' dir='ltr'><strong><em>ι</em></strong></span> <span class='ocrx_word' id='word_1_280' title='bbox 860 1931 1112 1983; x_wconf 60' lang='lat' dir='ltr'><strong><em>terrenus,</em></strong></span> <span class='ocrx_word' id='word_1_281' title='bbox 1159 1924 1279 1990; x_wconf 76' lang='lat' dir='ltr'><strong><em>quia</em></strong></span> <span class='ocrx_word' id='word_1_282' title='bbox 1326 1938 1420 1990; x_wconf 86' lang='lat' dir='ltr'><strong><em>per</em></strong></span> <span class='ocrx_word' id='word_1_283' title='bbox 1462 1923 1741 1974; x_wconf 76' lang='lat' dir='ltr'><strong><em>triennium</em></strong></span> 
     </span>
    </p>
   </div>
   <div class='ocr_carea' id='block_1_34' title="bbox 1861 1916 3436 2005">
    <p class='ocr_par' dir='ltr' id='par_1_34' title="bbox 1870 1935 3436 2005">
     <span class='ocr_line' id='line_1_34' title="bbox 1870 1935 3436 2005; baseline 0.001 -17"><span class='ocrx_word' id='word_1_284' title='bbox 1870 1945 1988 1990; x_wconf 82' lang='lat' dir='ltr'><strong><em>usto</em></strong></span> <span class='ocrx_word' id='word_1_285' title='bbox 2013 1935 2215 2005; x_wconf 83' lang='lat' dir='ltr'><strong><em>judici,</em></strong></span> <span class='ocrx_word' id='word_1_286' title='bbox 2250 1952 2349 1991; x_wconf 88' lang='lat' dir='ltr'><strong><em>nec</em></strong></span> <span class='ocrx_word' id='word_1_287' title='bbox 2381 1946 2434 1990; x_wconf 84' lang='lat' dir='ltr'><strong><em>tu</em></strong></span> <span class='ocrx_word' id='word_1_288' title='bbox 2469 1953 2554 1990; x_wconf 88' lang='lat' dir='ltr'><strong><em>tne</em></strong></span> <span class='ocrx_word' id='word_1_289' title='bbox 2584 1951 2708 1991; x_wconf 84' lang='lat' dir='ltr'><strong><em>vera</em></strong></span> <span class='ocrx_word' id='word_1_290' title='bbox 2741 1937 2868 2000; x_wconf 87' lang='lat' dir='ltr'><strong><em>tibi,</em></strong></span> <span class='ocrx_word' id='word_1_291' title='bbox 2903 1946 2957 1991; x_wconf 87' lang='lat' dir='ltr'><strong><em>et</em></strong></span> <span class='ocrx_word' id='word_1_292' title='bbox 2986 1936 3128 2004; x_wconf 83' lang='lat' dir='ltr'><strong><em>quod</em></strong></span> <span class='ocrx_word' id='word_1_293' title='bbox 3158 1953 3218 1990; x_wconf 84' lang='lat' dir='ltr'><strong><em>es</em></strong></span> <span class='ocrx_word' id='word_1_294' title='bbox 3248 1938 3404 1991; x_wconf 79' lang='lat' dir='ltr'><strong><em>dit-en</em></strong></span> <span class='ocrx_word' id='word_1_295' title='bbox 3431 1968 3436 1977; x_wconf 91' lang='lat'><strong><em>-</em></strong></span> 
     </span>
    </p>
   </div>
   <div class='ocr_carea' id='block_1_35' title="bbox 151 2010 1743 2083">
    <p class='ocr_par' dir='ltr' id='par_1_35' title="bbox 151 2010 1743 2083">
     <span class='ocr_line' id='line_1_35' title="bbox 151 2010 1743 2083; baseline 0.006 -26"><span class='ocrx_word' id='word_1_296' title='bbox 151 2019 297 2059; x_wconf 88' lang='lat' dir='ltr'><strong><em>nocte</em></strong></span> <span class='ocrx_word' id='word_1_297' title='bbox 319 2024 380 2061; x_wconf 89' lang='lat' dir='ltr'><strong><em>ac</em></strong></span> <span class='ocrx_word' id='word_1_298' title='bbox 402 2010 484 2061; x_wconf 87' lang='lat' dir='ltr'><strong><em>die</em></strong></span> <span class='ocrx_word' id='word_1_299' title='bbox 513 2027 613 2064; x_wconf 88' lang='lat' dir='ltr'><strong><em>non</em></strong></span> <span class='ocrx_word' id='word_1_300' title='bbox 644 2013 836 2065; x_wconf 76' lang='lat' dir='ltr'><strong><em>cessuri</em></strong></span> <span class='ocrx_word' id='word_1_301' title='bbox 867 2029 981 2065; x_wconf 86' lang='lat' dir='ltr'><strong><em>cum</em></strong></span> <span class='ocrx_word' id='word_1_302' title='bbox 1009 2014 1248 2083; x_wconf 81' lang='lat' dir='ltr'><strong><em>laergmis</em></strong></span> <span class='ocrx_word' id='word_1_303' title='bbox 1273 2015 1523 2067; x_wconf 84' lang='lat' dir='ltr'><strong><em>monendo</em></strong></span> <span class='ocrx_word' id='word_1_304' title='bbox 1555 2031 1743 2067; x_wconf 53' lang='lat' dir='ltr'><strong><em>unum.</em></strong></span> 
     </span>
    </p>
   </div>
   <div class='ocr_carea' id='block_1_36' title="bbox 150 2104 1746 2174">
    <p class='ocr_par' dir='ltr' id='par_1_36' title="bbox 150 2104 1746 2174">
     <span class='ocr_line' id='line_1_36' title="bbox 150 2104 1746 2174; baseline 0.008 -25"><span class='ocrx_word' id='word_1_305' title='bbox 150 2115 400 2169; x_wconf 81' lang='lat' dir='ltr'><strong><em>quemque</em></strong></span> <span class='ocrx_word' id='word_1_306' title='bbox 425 2114 649 2155; x_wconf 71' lang='lat' dir='ltr'><strong><em>vestrum</em></strong></span> <span class='ocrx_word' id='word_1_307' title='bbox 678 2105 692 2171; x_wconf 94' lang='lat'><strong>(</strong></span> <span class='ocrx_word' id='word_1_308' title='bbox 722 2104 805 2157; x_wconf 87' lang='lat' dir='ltr'><strong><em>Ib.</em></strong></span> <span class='ocrx_word' id='word_1_309' title='bbox 842 2121 913 2157; x_wconf 74' lang='lat' dir='ltr'><strong>xx</strong></span> <span class='ocrx_word' id='word_1_310' title='bbox 939 2145 953 2168; x_wconf 93' lang='lat'><strong><em>,</em></strong></span> <span class='ocrx_word' id='word_1_311' title='bbox 990 2106 1049 2158; x_wconf 72' lang='grc'><strong><em>18</em></strong></span> <span class='ocrx_word' id='word_1_312' title='bbox 1079 2104 1118 2174; x_wconf 93' lang='grc'><strong><em>).</em></strong></span> <span class='ocrx_word' id='word_1_313' title='bbox 1165 2108 1296 2159; x_wconf 74' lang='lat' dir='ltr'><strong><em>Cum</em></strong></span> <span class='ocrx_word' id='word_1_314' title='bbox 1338 2105 1451 2159; x_wconf 71' lang='lat' dir='ltr'><strong><em>btec</em></strong></span> <span class='ocrx_word' id='word_1_315' title='bbox 1495 2106 1746 2161; x_wconf 82' lang='lat' dir='ltr'><strong><em>litandata</em></strong></span> 
     </span>
    </p>
   </div>
   <div class='ocr_carea' id='block_1_37' title="bbox 150 2191 1746 2263">
    <p class='ocr_par' dir='ltr' id='par_1_37' title="bbox 150 2191 1746 2263">
     <span class='ocr_line' id='line_1_37' title="bbox 150 2191 1746 2263; baseline 0.005 -19"><span class='ocrx_word' id='word_1_316' title='bbox 150 2191 337 2246; x_wconf 86' lang='lat' dir='ltr'><strong><em>videas</em></strong></span> <span class='ocrx_word' id='word_1_317' title='bbox 366 2208 489 2247; x_wconf 88' lang='lat' dir='ltr'><strong><em>esse</em></strong></span> <span class='ocrx_word' id='word_1_318' title='bbox 517 2195 787 2262; x_wconf 90' lang='lat' dir='ltr'><strong><em>apostoli,</em></strong></span> <span class='ocrx_word' id='word_1_319' title='bbox 818 2195 945 2263; x_wconf 80' lang='lat' dir='ltr'><strong><em>quid</em></strong></span> <span class='ocrx_word' id='word_1_320' title='bbox 978 2212 1063 2250; x_wconf 89' lang='lat' dir='ltr'><strong><em>me</em></strong></span> <span class='ocrx_word' id='word_1_321' title='bbox 1090 2197 1245 2263; x_wconf 78' lang='lat' dir='ltr'><strong><em>jubes</em></strong></span> <span class='ocrx_word' id='word_1_322' title='bbox 1277 2198 1490 2263; x_wconf 83' lang='lat' dir='ltr'><strong><em>facere,</em></strong></span> <span class='ocrx_word' id='word_1_323' title='bbox 1523 2212 1591 2251; x_wconf 90' lang='lat' dir='ltr'><strong><em>ne</em></strong></span> <span class='ocrx_word' id='word_1_324' title='bbox 1613 2212 1746 2252; x_wconf 85' lang='lat' dir='ltr'><strong><em>con-</em></strong></span> 
     </span>
    </p>
   </div>
   <div class='ocr_carea' id='block_1_38' title="bbox 149 2287 1747 2357">
    <p class='ocr_par' dir='ltr' id='par_1_38' title="bbox 149 2287 1747 2357">
     <span class='ocr_line' id='line_1_38' title="bbox 149 2287 1747 2357; baseline 0.004 -18"><span class='ocrx_word' id='word_1_325' title='bbox 149 2287 470 2341; x_wconf 89' lang='lat' dir='ltr'><strong><em>tumeliosus</em></strong></span> <span class='ocrx_word' id='word_1_326' title='bbox 508 2302 632 2342; x_wconf 87' lang='lat' dir='ltr'><strong><em>esse</em></strong></span> <span class='ocrx_word' id='word_1_327' title='bbox 674 2288 858 2342; x_wconf 83' lang='lat' dir='ltr'><strong><em>videar</em></strong></span> <span class='ocrx_word' id='word_1_328' title='bbox 898 2288 1040 2341; x_wconf 85' lang='lat' dir='ltr'><strong><em>tibi?</em></strong></span> <span class='ocrx_word' id='word_1_329' title='bbox 1083 2304 1277 2357; x_wconf 85' lang='lat' dir='ltr'><strong><em>nempe</em></strong></span> <span class='ocrx_word' id='word_1_330' title='bbox 1318 2301 1501 2343; x_wconf 84' lang='lat' dir='ltr'><strong><em>tacere</em></strong></span> <span class='ocrx_word' id='word_1_331' title='bbox 1541 2306 1659 2351; x_wconf 82' lang='lat' dir='ltr'><strong><em>me.</em></strong></span> <span class='ocrx_word' id='word_1_332' title='bbox 1690 2300 1747 2345; x_wconf 85' lang='lat' dir='ltr'><strong><em>et</em></strong></span> 
     </span>
    </p>
   </div>
   <div class='ocr_carea' id='block_1_39' title="bbox 147 2380 1747 2451">
    <p class='ocr_par' dir='ltr' id='par_1_39' title="bbox 147 2380 1747 2451">
     <span class='ocr_line' id='line_1_39' title="bbox 147 2380 1747 2451; baseline 0.003 -18"><span class='ocrx_word' id='word_1_333' title='bbox 147 2381 332 2436; x_wconf 82' lang='lat' dir='ltr'><strong><em>sinere</em></strong></span> <span class='ocrx_word' id='word_1_334' title='bbox 372 2380 568 2450; x_wconf 88' lang='lat' dir='ltr'><strong><em>jubes,</em></strong></span> <span class='ocrx_word' id='word_1_335' title='bbox 622 2393 679 2435; x_wconf 91' lang='lat' dir='ltr'><strong><em>ut</em></strong></span> <span class='ocrx_word' id='word_1_336' title='bbox 726 2392 779 2435; x_wconf 87' lang='lat' dir='ltr'><strong><em>tu</em></strong></span> <span class='ocrx_word' id='word_1_337' title='bbox 830 2398 967 2435; x_wconf 89' lang='lat' dir='ltr'><strong><em>unus</em></strong></span> <span class='ocrx_word' id='word_1_338' title='bbox 1007 2399 1073 2436; x_wconf 79' lang='lat' dir='ltr'><strong><em>ex</em></strong></span> <span class='ocrx_word' id='word_1_339' title='bbox 1122 2383 1228 2435; x_wconf 91' lang='lat' dir='ltr'><strong><em>illis</em></strong></span> <span class='ocrx_word' id='word_1_340' title='bbox 1269 2383 1409 2449; x_wconf 90' lang='lat' dir='ltr'><strong><em>lupis</em></strong></span> <span class='ocrx_word' id='word_1_341' title='bbox 1450 2382 1747 2451; x_wconf 69' lang='lat' dir='ltr'><strong><em>designatis</em></strong></span> 
     </span>
    </p>
   </div>
   <div class='ocr_carea' id='block_1_40' title="bbox 146 2473 1747 2543">
    <p class='ocr_par' dir='ltr' id='par_1_40' title="bbox 146 2473 1747 2543">
     <span class='ocr_line' id='line_1_40' title="bbox 146 2473 1747 2543; baseline 0 -16"><span class='ocrx_word' id='word_1_342' title='bbox 146 2474 401 2541; x_wconf 73' lang='lat' dir='ltr'><strong><em>gravibus</em></strong></span> <span class='ocrx_word' id='word_1_343' title='bbox 445 2477 638 2543; x_wconf 86' lang='lat' dir='ltr'><strong><em>quovis</em></strong></span> <span class='ocrx_word' id='word_1_344' title='bbox 680 2475 838 2527; x_wconf 83' lang='lat' dir='ltr'><strong><em>ntodo</em></strong></span> <span class='ocrx_word' id='word_1_345' title='bbox 867 2475 1136 2543; x_wconf 78' lang='lat' dir='ltr'><strong><em>grasseris</em></strong></span> <span class='ocrx_word' id='word_1_346' title='bbox 1172 2476 1220 2527; x_wconf 92' lang='lat' dir='ltr'><strong><em>in</em></strong></span> <span class='ocrx_word' id='word_1_347' title='bbox 1253 2475 1350 2528; x_wconf 89' lang='lat' dir='ltr'><strong><em>Dei</em></strong></span> <span class='ocrx_word' id='word_1_348' title='bbox 1376 2490 1625 2543; x_wconf 80' lang='lat' dir='ltr'><strong><em>gregem.</em></strong></span> <span class='ocrx_word' id='word_1_349' title='bbox 1659 2473 1747 2527; x_wconf 83' lang='lat' dir='ltr'><strong><em>Vi-</em></strong></span> 
     </span>
    </p>
   </div>
   <div class='ocr_carea' id='block_1_41' title="bbox 146 2565 1747 2637">
    <p class='ocr_par' dir='ltr' id='par_1_41' title="bbox 146 2565 1747 2637">
     <span class='ocr_line' id='line_1_41' title="bbox 146 2565 1747 2637; baseline 0.001 -18"><span class='ocrx_word' id='word_1_350' title='bbox 146 2565 345 2620; x_wconf 77' lang='lat' dir='ltr'><strong><em>demus</em></strong></span> <span class='ocrx_word' id='word_1_351' title='bbox 390 2582 488 2620; x_wconf 86' lang='lat' dir='ltr'><strong><em>vos</em></strong></span> <span class='ocrx_word' id='word_1_352' title='bbox 532 2568 717 2635; x_wconf 73' lang='lat' dir='ltr'><strong><em>lupos,</em></strong></span> <span class='ocrx_word' id='word_1_353' title='bbox 758 2583 893 2637; x_wconf 87' lang='lat' dir='ltr'><strong><em>quos</em></strong></span> <span class='ocrx_word' id='word_1_354' title='bbox 938 2568 1344 2635; x_wconf 70' lang='lat' dir='ltr'><strong><em>pracostenderc</em></strong></span> <span class='ocrx_word' id='word_1_355' title='bbox 1374 2578 1461 2621; x_wconf 73' lang='lat' dir='ltr'><strong><em>est</em></strong></span> <span class='ocrx_word' id='word_1_356' title='bbox 1495 2567 1747 2635; x_wconf 84' lang='lat' dir='ltr'><strong><em>dignatus</em></strong></span> 
     </span>
    </p>
   </div>
   <div class='ocr_carea' id='block_1_42' title="bbox 153 2656 1745 2727">
    <p class='ocr_par' dir='ltr' id='par_1_42' title="bbox 153 2656 1745 2727">
     <span class='ocr_line' id='line_1_42' title="bbox 153 2656 1745 2727; baseline 0.002 -16"><span class='ocrx_word' id='word_1_357' title='bbox 153 2656 393 2723; x_wconf 88' lang='lat' dir='ltr'><strong><em>Spiritus</em></strong></span> <span class='ocrx_word' id='word_1_358' title='bbox 419 2667 638 2711; x_wconf 88' lang='lat' dir='ltr'><strong><em>sanctus</em></strong></span> <span class='ocrx_word' id='word_1_359' title='bbox 670 2674 765 2723; x_wconf 77' lang='lat' dir='ltr'><strong><em>per</em></strong></span> <span class='ocrx_word' id='word_1_360' title='bbox 796 2675 886 2710; x_wconf 82' lang='lat' dir='ltr'><strong><em>vas</em></strong></span> <span class='ocrx_word' id='word_1_361' title='bbox 929 2660 1219 2713; x_wconf 84' lang='lat' dir='ltr'><strong><em>electionis</em></strong></span> <span class='ocrx_word' id='word_1_362' title='bbox 1260 2660 1598 2727; x_wconf 88' lang='lat' dir='ltr'><strong><em>apostolum,</em></strong></span> <span class='ocrx_word' id='word_1_363' title='bbox 1628 2674 1745 2714; x_wconf 89' lang='lat' dir='ltr'><strong><em>om-</em></strong></span> 
     </span>
    </p>
   </div>
   <div class='ocr_carea' id='block_1_43' title="bbox 151 2748 1743 2819">
    <p class='ocr_par' dir='ltr' id='par_1_43' title="bbox 151 2748 1743 2819">
     <span class='ocr_line' id='line_1_43' title="bbox 151 2748 1743 2819; baseline 0.002 -18"><span class='ocrx_word' id='word_1_364' title='bbox 151 2762 278 2801; x_wconf 89' lang='lat' dir='ltr'><strong><em>nem</em></strong></span> <span class='ocrx_word' id='word_1_365' title='bbox 310 2748 780 2817; x_wconf 81' lang='lat' dir='ltr'><strong><em>comprehendere</em></strong></span> <span class='ocrx_word' id='word_1_366' title='bbox 806 2760 1033 2802; x_wconf 66' lang='lat' dir='ltr'><strong><em>conatos</em></strong></span> <span class='ocrx_word' id='word_1_367' title='bbox 1070 2749 1166 2802; x_wconf 86' lang='lat' dir='ltr'><strong><em>Dei</em></strong></span> <span class='ocrx_word' id='word_1_368' title='bbox 1207 2766 1424 2819; x_wconf 87' lang='lat' dir='ltr'><strong><em>gregem</em></strong></span> <span class='ocrx_word' id='word_1_369' title='bbox 1452 2766 1466 2814; x_wconf 89' lang='lat'>;</span> <span class='ocrx_word' id='word_1_370' title='bbox 1508 2761 1562 2805; x_wconf 87' lang='lat' dir='ltr'><strong><em>et</em></strong></span> <span class='ocrx_word' id='word_1_371' title='bbox 1600 2764 1699 2804; x_wconf 87' lang='lat' dir='ltr'><strong><em>nos</em></strong></span> <span class='ocrx_word' id='word_1_372' title='bbox 1724 2791 1743 2813; x_wconf 64' lang='grc' dir='ltr'><strong>ν</strong></span> 
     </span>
    </p>
   </div>
   <div class='ocr_carea' id='block_1_44' title="bbox 143 2841 1746 2911">
    <p class='ocr_par' dir='ltr' id='par_1_44' title="bbox 143 2841 1746 2911">
     <span class='ocr_line' id='line_1_44' title="bbox 143 2841 1746 2911; baseline -0.001 -15"><span class='ocrx_word' id='word_1_373' title='bbox 143 2843 489 2910; x_wconf 74' lang='lat' dir='ltr'><strong><em>episcoposm</em></strong></span> <span class='ocrx_word' id='word_1_374' title='bbox 512 2858 649 2911; x_wconf 86' lang='lat' dir='ltr'><strong><em>quos</em></strong></span> <span class='ocrx_word' id='word_1_375' title='bbox 678 2842 914 2910; x_wconf 88' lang='lat' dir='ltr'><strong><em>Spiritus</em></strong></span> <span class='ocrx_word' id='word_1_376' title='bbox 945 2854 1167 2896; x_wconf 85' lang='lat' dir='ltr'><strong><em>sanctus</em></strong></span> <span class='ocrx_word' id='word_1_377' title='bbox 1192 2842 1256 2895; x_wconf 85' lang='lat' dir='ltr'><strong><em>ad</em></strong></span> <span class='ocrx_word' id='word_1_378' title='bbox 1278 2842 1572 2911; x_wconf 78' lang='lat' dir='ltr'><strong><em>gerendam</em></strong></span> <span class='ocrx_word' id='word_1_379' title='bbox 1595 2850 1622 2877; x_wconf 81' lang='grc' dir='ltr'><strong>υ</strong></span> <span class='ocrx_word' id='word_1_380' title='bbox 1650 2841 1746 2896; x_wconf 91' lang='lat' dir='ltr'><strong><em>Dei</em></strong></span> 
     </span>
    </p>
   </div>
   <div class='ocr_carea' id='block_1_45' title="bbox 143 2935 1741 3003">
    <p class='ocr_par' dir='ltr' id='par_1_45' title="bbox 143 2935 1741 3003">
     <span class='ocr_line' id='line_1_45' title="bbox 143 2935 1741 3003; baseline 0 -14"><span class='ocrx_word' id='word_1_381' title='bbox 143 2935 438 2989; x_wconf 82' lang='lat' dir='ltr'><strong><em>ecclesiam</em></strong></span> <span class='ocrx_word' id='word_1_382' title='bbox 482 2937 866 2998; x_wconf 74' lang='lat' dir='ltr'><strong><em>constituerit,</em></strong></span> <span class='ocrx_word' id='word_1_383' title='bbox 909 2936 1043 2989; x_wconf 82' lang='lat' dir='ltr'><strong><em>dicit</em></strong></span> <span class='ocrx_word' id='word_1_384' title='bbox 1087 2935 1278 2989; x_wconf 83' lang='lat' dir='ltr'><strong><em>bemus</em></strong></span> <span class='ocrx_word' id='word_1_385' title='bbox 1305 2936 1617 3003; x_wconf 81' lang='lat' dir='ltr'><strong><em>apOstolus,</em></strong></span> <span class='ocrx_word' id='word_1_386' title='bbox 1647 2936 1741 2989; x_wconf 89' lang='lat' dir='ltr'><strong><em>de—</em></strong></span> 
     </span>
    </p>
   </div>
   <div class='ocr_carea' id='block_1_46' title="bbox 148 3024 1745 3095">
    <p class='ocr_par' dir='ltr' id='par_1_46' title="bbox 148 3024 1745 3095">
     <span class='ocr_line' id='line_1_46' title="bbox 148 3024 1745 3095; baseline -0.001 -16"><span class='ocrx_word' id='word_1_387' title='bbox 148 3024 350 3080; x_wconf 88' lang='lat' dir='ltr'><strong><em>bemus</em></strong></span> <span class='ocrx_word' id='word_1_388' title='bbox 379 3026 476 3079; x_wconf 90' lang='lat' dir='ltr'><strong><em>tibi</em></strong></span> <span class='ocrx_word' id='word_1_389' title='bbox 512 3027 641 3094; x_wconf 79' lang='lat' dir='ltr'><strong><em>lupo</em></strong></span> <span class='ocrx_word' id='word_1_390' title='bbox 675 3041 733 3093; x_wconf 81' lang='lat' dir='ltr'><strong><em>pa</em></strong></span> <span class='ocrx_word' id='word_1_391' title='bbox 748 3040 928 3089; x_wconf 74' lang='lat' dir='ltr'><strong><em>rcere,</em></strong></span> <span class='ocrx_word' id='word_1_392' title='bbox 969 3026 1231 3080; x_wconf 81' lang='lat' dir='ltr'><strong><em>debemus</em></strong></span> <span class='ocrx_word' id='word_1_393' title='bbox 1264 3027 1441 3081; x_wconf 81' lang='lat' dir='ltr'><strong><em>vereri</em></strong></span> <span class='ocrx_word' id='word_1_394' title='bbox 1480 3028 1627 3095; x_wconf 84' lang='lat' dir='ltr'><strong><em>regni</em></strong></span> <span class='ocrx_word' id='word_1_395' title='bbox 1669 3026 1745 3078; x_wconf 87' lang='lat' dir='ltr'><strong><em>tui</em></strong></span> 
     </span>
    </p>
   </div>
   <div class='ocr_carea' id='block_1_47' title="bbox 143 3116 1746 3182">
    <p class='ocr_par' dir='ltr' id='par_1_47' title="bbox 143 3116 1746 3182">
     <span class='ocr_line' id='line_1_47' title="bbox 143 3116 1746 3182; baseline -0.001 -12"><span class='ocrx_word' id='word_1_396' title='bbox 143 3116 420 3182; x_wconf 83' lang='lat' dir='ltr'><strong><em>diadema,</em></strong></span> <span class='ocrx_word' id='word_1_397' title='bbox 441 3117 688 3171; x_wconf 88' lang='lat' dir='ltr'><strong><em>inaurem</em></strong></span> <span class='ocrx_word' id='word_1_398' title='bbox 710 3125 733 3151; x_wconf 89' lang='grc' dir='ltr'>ο</span> <span class='ocrx_word' id='word_1_399' title='bbox 755 3116 919 3171; x_wconf 83' lang='lat' dir='ltr'><strong><em>etiam</em></strong></span> <span class='ocrx_word' id='word_1_400' title='bbox 942 3126 996 3170; x_wconf 90' lang='lat' dir='ltr'><strong><em>et</em></strong></span> <span class='ocrx_word' id='word_1_401' title='bbox 1014 3116 1390 3172; x_wconf 83' lang='lat' dir='ltr'><strong><em>dextrocheria</em></strong></span> <span class='ocrx_word' id='word_1_402' title='bbox 1412 3128 1460 3181; x_wconf 73' lang='grc' dir='ltr'>ιι,</span> <span class='ocrx_word' id='word_1_403' title='bbox 1483 3118 1746 3171; x_wconf 83' lang='lat' dir='ltr'><strong><em>debemus</em></strong></span> 
     </span>
    </p>
   </div>
   <div class='ocr_carea' id='block_1_48' title="bbox 145 3209 1745 3277">
    <p class='ocr_par' dir='ltr' id='par_1_48' title="bbox 145 3209 1745 3277">
     <span class='ocr_line' id='line_1_48' title="bbox 145 3209 1745 3277; baseline -0.001 -15"><span class='ocrx_word' id='word_1_404' title='bbox 145 3210 391 3277; x_wconf 84' lang='lat' dir='ltr'><strong><em>insignes</em></strong></span> <span class='ocrx_word' id='word_1_405' title='bbox 431 3223 567 3277; x_wconf 84' lang='lat' dir='ltr'><strong><em>quas</em></strong></span> <span class='ocrx_word' id='word_1_406' title='bbox 610 3223 733 3263; x_wconf 88' lang='lat' dir='ltr'><strong><em>esse</em></strong></span> <span class='ocrx_word' id='word_1_407' title='bbox 772 3223 965 3262; x_wconf 86' lang='lat' dir='ltr'><strong><em>censes</em></strong></span> <span class='ocrx_word' id='word_1_408' title='bbox 995 3216 1175 3263; x_wconf 71' lang='lat' dir='ltr'><strong><em>restes</em></strong></span> <span class='ocrx_word' id='word_1_409' title='bbox 1207 3219 1326 3262; x_wconf 88' lang='lat' dir='ltr'><strong><em>tuas</em></strong></span> <span class='ocrx_word' id='word_1_410' title='bbox 1359 3209 1626 3262; x_wconf 87' lang='lat' dir='ltr'><strong><em>honorare</em></strong></span> <span class='ocrx_word' id='word_1_411' title='bbox 1649 3250 1661 3269; x_wconf 87' lang='lat'><strong><em>,</em></strong></span> <span class='ocrx_word' id='word_1_412' title='bbox 1691 3218 1745 3261; x_wconf 87' lang='lat' dir='ltr'><strong><em>et</em></strong></span> 
     </span>
    </p>
   </div>
   <div class='ocr_carea' id='block_1_49' title="bbox 1845 2028 3436 2098">
    <p class='ocr_par' dir='ltr' id='par_1_49' title="bbox 1845 2028 3436 2098">
     <span class='ocr_line' id='line_1_49' title="bbox 1845 2028 3436 2098; baseline 0 -17"><span class='ocrx_word' id='word_1_413' title='bbox 1845 2038 1954 2083; x_wconf 85' lang='lat' dir='ltr'><strong><em>tem</em></strong></span> <span class='ocrx_word' id='word_1_414' title='bbox 1981 2029 2133 2097; x_wconf 88' lang='lat' dir='ltr'><strong><em>juste</em></strong></span> <span class='ocrx_word' id='word_1_415' title='bbox 2162 2031 2368 2098; x_wconf 85' lang='lat' dir='ltr'><strong><em>poteris</em></strong></span> <span class='ocrx_word' id='word_1_416' title='bbox 2395 2028 2577 2083; x_wconf 86' lang='lat' dir='ltr'><strong><em>dicere</em></strong></span> <span class='ocrx_word' id='word_1_417' title='bbox 2608 2031 2922 2098; x_wconf 85' lang='lat' dir='ltr'><strong><em>superbum.</em></strong></span> <span class='ocrx_word' id='word_1_418' title='bbox 2968 2028 3139 2084; x_wconf 80' lang='lat' dir='ltr'><strong><em>Reum</em></strong></span> <span class='ocrx_word' id='word_1_419' title='bbox 3184 2046 3270 2084; x_wconf 88' lang='lat' dir='ltr'><strong><em>me</em></strong></span> <span class='ocrx_word' id='word_1_420' title='bbox 3310 2046 3436 2083; x_wconf 70' lang='lat' dir='ltr'><strong><em>eoa.-</em></strong></span> 
     </span>
    </p>
   </div>
   <div class='ocr_carea' id='block_1_50' title="bbox 1846 2125 3439 2195">
    <p class='ocr_par' dir='ltr' id='par_1_50' title="bbox 1846 2125 3439 2195">
     <span class='ocr_line' id='line_1_50' title="bbox 1846 2125 3439 2195; baseline 0.002 -17"><span class='ocrx_word' id='word_1_421' title='bbox 1846 2126 2192 2180; x_wconf 85' lang='lat' dir='ltr'><strong><em>tumeliarum</em></strong></span> <span class='ocrx_word' id='word_1_422' title='bbox 2220 2125 2509 2195; x_wconf 84' lang='lat' dir='ltr'><strong><em>designas,</em></strong></span> <span class='ocrx_word' id='word_1_423' title='bbox 2535 2125 2628 2180; x_wconf 88' lang='lat' dir='ltr'><strong><em>sed</em></strong></span> <span class='ocrx_word' id='word_1_424' title='bbox 2653 2140 2837 2194; x_wconf 80' lang='lat' dir='ltr'><strong><em>qua-so</em></strong></span> <span class='ocrx_word' id='word_1_425' title='bbox 2866 2134 2915 2178; x_wconf 90' lang='lat' dir='ltr'><strong><em>te</em></strong></span> <span class='ocrx_word' id='word_1_426' title='bbox 2943 2125 3124 2188; x_wconf 87' lang='lat' dir='ltr'><strong><em>dicas,</em></strong></span> <span class='ocrx_word' id='word_1_427' title='bbox 3150 2126 3233 2179; x_wconf 85' lang='lat' dir='ltr'><strong><em>cui</em></strong></span> <span class='ocrx_word' id='word_1_428' title='bbox 3259 2125 3325 2179; x_wconf 84' lang='lat' dir='ltr'><strong><em>de</em></strong></span> <span class='ocrx_word' id='word_1_429' title='bbox 3354 2142 3439 2181; x_wconf 89' lang='lat' dir='ltr'><strong><em>me</em></strong></span> 
     </span>
    </p>
   </div>
   <div class='ocr_carea' id='block_1_51' title="bbox 1846 2216 3434 2287">
    <p class='ocr_par' dir='ltr' id='par_1_51' title="bbox 1846 2216 3434 2287">
     <span class='ocr_line' id='line_1_51' title="bbox 1846 2216 3434 2287; baseline 0.003 -21"><span class='ocrx_word' id='word_1_430' title='bbox 1846 2218 2022 2287; x_wconf 74' lang='lat' dir='ltr'><strong><em>possis</em></strong></span> <span class='ocrx_word' id='word_1_431' title='bbox 2049 2216 2349 2287; x_wconf 83' lang='lat' dir='ltr'><strong><em>conqueri?</em></strong></span> <span class='ocrx_word' id='word_1_432' title='bbox 2376 2216 2431 2271; x_wconf 90' lang='lat' dir='ltr'><strong><em>Si</em></strong></span> <span class='ocrx_word' id='word_1_433' title='bbox 2462 2216 2603 2281; x_wconf 88' lang='lat' dir='ltr'><strong><em>Deo,</em></strong></span> <span class='ocrx_word' id='word_1_434' title='bbox 2632 2216 2902 2285; x_wconf 89' lang='lat' dir='ltr'><strong><em>quomodo</em></strong></span> <span class='ocrx_word' id='word_1_435' title='bbox 2927 2216 2978 2270; x_wconf 90' lang='lat' dir='ltr'><strong><em>ei</em></strong></span> <span class='ocrx_word' id='word_1_436' title='bbox 3005 2218 3249 2285; x_wconf 86' lang='lat' dir='ltr'><strong><em>quereris</em></strong></span> <span class='ocrx_word' id='word_1_437' title='bbox 3276 2233 3434 2285; x_wconf 75' lang='lat' dir='ltr'><strong><em>quem</em></strong></span> 
     </span>
    </p>
   </div>
   <div class='ocr_carea' id='block_1_52' title="bbox 1847 2307 3433 2377">
    <p class='ocr_par' dir='ltr' id='par_1_52' title="bbox 1847 2307 3433 2377">
     <span class='ocr_line' id='line_1_52' title="bbox 1847 2307 3433 2377; baseline 0.002 -17"><span class='ocrx_word' id='word_1_438' title='bbox 1847 2307 1920 2360; x_wconf 88' lang='lat' dir='ltr'><strong><em>sis</em></strong></span> <span class='ocrx_word' id='word_1_439' title='bbox 1941 2307 2229 2375; x_wconf 78' lang='lat' dir='ltr'><strong><em>ignorans?</em></strong></span> <span class='ocrx_word' id='word_1_440' title='bbox 2247 2308 2520 2377; x_wconf 89' lang='lat' dir='ltr'><strong><em>quomodo</em></strong></span> <span class='ocrx_word' id='word_1_441' title='bbox 2539 2321 2663 2362; x_wconf 91' lang='lat' dir='ltr'><strong><em>cum</em></strong></span> <span class='ocrx_word' id='word_1_442' title='bbox 2684 2308 2896 2363; x_wconf 85' lang='lat' dir='ltr'><strong><em>alienus</em></strong></span> <span class='ocrx_word' id='word_1_443' title='bbox 2916 2309 2990 2363; x_wconf 76' lang='lat' dir='ltr'><strong><em>sis</em></strong></span> <span class='ocrx_word' id='word_1_444' title='bbox 3014 2309 3083 2364; x_wconf 87' lang='lat' dir='ltr'><strong><em>ab</em></strong></span> <span class='ocrx_word' id='word_1_445' title='bbox 3105 2309 3220 2377; x_wconf 87' lang='lat' dir='ltr'><strong><em>ejus</em></strong></span> <span class='ocrx_word' id='word_1_446' title='bbox 3242 2309 3433 2363; x_wconf 85' lang='lat' dir='ltr'><strong><em>domo?</em></strong></span> 
     </span>
    </p>
   </div>
   <div class='ocr_carea' id='block_1_53' title="bbox 1850 2406 3443 2476">
    <p class='ocr_par' dir='ltr' id='par_1_53' title="bbox 1850 2406 3443 2476">
     <span class='ocr_line' id='line_1_53' title="bbox 1850 2406 3443 2476; baseline 0 -15"><span class='ocrx_word' id='word_1_447' title='bbox 1850 2408 1905 2461; x_wconf 89' lang='lat' dir='ltr'><strong><em>Si</em></strong></span> <span class='ocrx_word' id='word_1_448' title='bbox 1934 2421 2063 2462; x_wconf 84' lang='lat' dir='ltr'><strong><em>vero</em></strong></span> <span class='ocrx_word' id='word_1_449' title='bbox 2095 2407 2296 2460; x_wconf 83' lang='lat' dir='ltr'><strong><em>tibimet</em></strong></span> <span class='ocrx_word' id='word_1_450' title='bbox 2340 2406 2441 2475; x_wconf 83' lang='lat' dir='ltr'><strong><em>ipsi</em></strong></span> <span class='ocrx_word' id='word_1_451' title='bbox 2468 2407 2826 2475; x_wconf 89' lang='lat' dir='ltr'><strong><em>conqueraris</em></strong></span> <span class='ocrx_word' id='word_1_452' title='bbox 2847 2448 2861 2471; x_wconf 90' lang='lat'><strong><em>,</em></strong></span> <span class='ocrx_word' id='word_1_453' title='bbox 2890 2408 3017 2476; x_wconf 88' lang='lat' dir='ltr'><strong><em>quid</em></strong></span> <span class='ocrx_word' id='word_1_454' title='bbox 3067 2407 3309 2461; x_wconf 70' lang='lat' dir='ltr'><strong><em>lacunas</em></strong></span> <span class='ocrx_word' id='word_1_455' title='bbox 3346 2407 3443 2461; x_wconf 86' lang='lat' dir='ltr'><strong><em>ho-</em></strong></span> 
     </span>
    </p>
   </div>
   <div class='ocr_carea' id='block_1_54' title="bbox 1851 2505 3438 2578">
    <p class='ocr_par' dir='ltr' id='par_1_54' title="bbox 1851 2505 3438 2578">
     <span class='ocr_line' id='line_1_54' title="bbox 1851 2505 3438 2578; baseline -0.001 -17"><span class='ocrx_word' id='word_1_456' title='bbox 1851 2524 1971 2571; x_wconf 87' lang='lat' dir='ltr'><strong><em>mo,</em></strong></span> <span class='ocrx_word' id='word_1_457' title='bbox 2000 2507 2090 2578; x_wconf 87' lang='lat' dir='ltr'><strong><em>qui</em></strong></span> <span class='ocrx_word' id='word_1_458' title='bbox 2122 2520 2319 2561; x_wconf 89' lang='lat' dir='ltr'><strong><em>nocere</em></strong></span> <span class='ocrx_word' id='word_1_459' title='bbox 2349 2506 2443 2560; x_wconf 89' lang='lat' dir='ltr'><strong><em>Dei</em></strong></span> <span class='ocrx_word' id='word_1_460' title='bbox 2477 2507 2649 2560; x_wconf 81' lang='lat' dir='ltr'><strong><em>servis</em></strong></span> <span class='ocrx_word' id='word_1_461' title='bbox 2675 2521 2737 2559; x_wconf 77' lang='lat' dir='ltr'><strong><em>ex</em></strong></span> <span class='ocrx_word' id='word_1_462' title='bbox 2772 2505 2916 2559; x_wconf 89' lang='lat' dir='ltr'><strong><em>nulla</em></strong></span> <span class='ocrx_word' id='word_1_463' title='bbox 2952 2507 3128 2574; x_wconf 86' lang='lat' dir='ltr'><strong><em>possis</em></strong></span> <span class='ocrx_word' id='word_1_464' title='bbox 3158 2518 3306 2574; x_wconf 78' lang='lat' dir='ltr'><strong><em>parte</em></strong></span> <span class='ocrx_word' id='word_1_465' title='bbox 3332 2507 3353 2559; x_wconf 87' lang='lat'><strong>?</strong></span> <span class='ocrx_word' id='word_1_466' title='bbox 3382 2509 3438 2561; x_wconf 78' lang='lat' dir='ltr'><strong><em>Si</em></strong></span> 
     </span>
    </p>
   </div>
   <div class='ocr_carea' id='block_1_55' title="bbox 1848 2600 3439 2671">
    <p class='ocr_par' dir='ltr' id='par_1_55' title="bbox 1848 2600 3439 2671">
     <span class='ocr_line' id='line_1_55' title="bbox 1848 2600 3439 2671; baseline -0.001 -16"><span class='ocrx_word' id='word_1_467' title='bbox 1848 2612 2136 2671; x_wconf 84' lang='lat' dir='ltr'><strong><em>torqueas,</em></strong></span> <span class='ocrx_word' id='word_1_468' title='bbox 2171 2600 2343 2669; x_wconf 87' lang='lat' dir='ltr'><strong><em>magis</em></strong></span> <span class='ocrx_word' id='word_1_469' title='bbox 2376 2615 2632 2653; x_wconf 76' lang='lat' dir='ltr'><strong><em>curantur</em></strong></span> <span class='ocrx_word' id='word_1_470' title='bbox 2663 2618 2673 2651; x_wconf 88' lang='lat'>:</span> <span class='ocrx_word' id='word_1_471' title='bbox 2706 2601 2751 2655; x_wconf 91' lang='lat' dir='ltr'><strong><em>si</em></strong></span> <span class='ocrx_word' id='word_1_472' title='bbox 2784 2601 2994 2655; x_wconf 86' lang='lat' dir='ltr'><strong><em>crucias</em></strong></span> <span class='ocrx_word' id='word_1_473' title='bbox 3016 2642 3030 2664; x_wconf 82' lang='lat'><strong><em>,</em></strong></span> <span class='ocrx_word' id='word_1_474' title='bbox 3064 2600 3233 2669; x_wconf 86' lang='lat' dir='ltr'><strong><em>magis</em></strong></span> <span class='ocrx_word' id='word_1_475' title='bbox 3266 2603 3439 2655; x_wconf 71' lang='lat' dir='ltr'><strong><em>relici-</em></strong></span> 
     </span>
    </p>
   </div>
   <div class='ocr_carea' id='block_1_56' title="bbox 1849 2688 3436 2759">
    <p class='ocr_par' dir='ltr' id='par_1_56' title="bbox 1849 2688 3436 2759">
     <span class='ocr_line' id='line_1_56' title="bbox 1849 2688 3436 2759; baseline -0.001 -14"><span class='ocrx_word' id='word_1_476' title='bbox 1849 2707 2001 2745; x_wconf 91' lang='lat' dir='ltr'><strong><em>mur:</em></strong></span> <span class='ocrx_word' id='word_1_477' title='bbox 2028 2692 2073 2745; x_wconf 89' lang='lat' dir='ltr'><strong><em>si</em></strong></span> <span class='ocrx_word' id='word_1_478' title='bbox 2099 2690 2377 2755; x_wconf 68' lang='lat' dir='ltr'><strong><em>interﬁcis,</em></strong></span> <span class='ocrx_word' id='word_1_479' title='bbox 2404 2691 2573 2759; x_wconf 80' lang='lat' dir='ltr'><strong><em>magis</em></strong></span> <span class='ocrx_word' id='word_1_480' title='bbox 2596 2692 2862 2743; x_wconf 86' lang='lat' dir='ltr'><strong><em>vivemus.</em></strong></span> <span class='ocrx_word' id='word_1_481' title='bbox 2888 2688 2999 2743; x_wconf 90' lang='lat' dir='ltr'><strong><em>Cur</em></strong></span> <span class='ocrx_word' id='word_1_482' title='bbox 3020 2691 3249 2746; x_wconf 82' lang='lat' dir='ltr'><strong><em>audeam</em></strong></span> <span class='ocrx_word' id='word_1_483' title='bbox 3280 2702 3329 2745; x_wconf 90' lang='lat' dir='ltr'><strong><em>te</em></strong></span> <span class='ocrx_word' id='word_1_484' title='bbox 3357 2692 3436 2744; x_wconf 83' lang='lat' dir='ltr'><strong><em>di-</em></strong></span> 
     </span>
    </p>
   </div>
   <div class='ocr_carea' id='block_1_57' title="bbox 1846 2787 3431 2858">
    <p class='ocr_par' dir='ltr' id='par_1_57' title="bbox 1846 2787 3431 2858">
     <span class='ocr_line' id='line_1_57' title="bbox 1846 2787 3431 2858; baseline -0.001 -14"><span class='ocrx_word' id='word_1_485' title='bbox 1846 2789 2309 2847; x_wconf 77' lang='lat' dir='ltr'><strong><em>cereantiehristi</em></strong></span> <span class='ocrx_word' id='word_1_486' title='bbox 2344 2803 2771 2857; x_wconf 67' lang='lat' dir='ltr'><strong><em>priccursorem,</em></strong></span> <span class='ocrx_word' id='word_1_487' title='bbox 2805 2787 2940 2843; x_wconf 89' lang='lat' dir='ltr'><strong><em>dicis</em></strong></span> <span class='ocrx_word' id='word_1_488' title='bbox 2971 2804 3058 2843; x_wconf 89' lang='lat' dir='ltr'><strong><em>me</em></strong></span> <span class='ocrx_word' id='word_1_489' title='bbox 3087 2790 3431 2858; x_wconf 83' lang='lat' dir='ltr'><strong><em>injuriosmn.</em></strong></span> 
     </span>
    </p>
   </div>
   <div class='ocr_carea' id='block_1_58' title="bbox 1850 2887 3437 2957">
    <p class='ocr_par' dir='ltr' id='par_1_58' title="bbox 1850 2887 3437 2957">
     <span class='ocr_line' id='line_1_58' title="bbox 1850 2887 3437 2957; baseline 0 -13"><span class='ocrx_word' id='word_1_490' title='bbox 1850 2890 1905 2944; x_wconf 89' lang='lat' dir='ltr'><strong><em>Si</em></strong></span> <span class='ocrx_word' id='word_1_491' title='bbox 1926 2906 2029 2943; x_wconf 89' lang='lat' dir='ltr'><strong><em>non</em></strong></span> <span class='ocrx_word' id='word_1_492' title='bbox 2053 2897 2105 2944; x_wconf 80' lang='lat' dir='ltr'><strong><em>te</em></strong></span> <span class='ocrx_word' id='word_1_493' title='bbox 2127 2900 2278 2943; x_wconf 86' lang='lat' dir='ltr'><strong><em>actus</em></strong></span> <span class='ocrx_word' id='word_1_494' title='bbox 2296 2887 2370 2942; x_wconf 89' lang='lat' dir='ltr'><strong><em>tui</em></strong></span> <span class='ocrx_word' id='word_1_495' title='bbox 2392 2888 2494 2941; x_wconf 89' lang='lat' dir='ltr'><strong><em>hoc</em></strong></span> <span class='ocrx_word' id='word_1_496' title='bbox 2510 2902 2633 2943; x_wconf 89' lang='lat' dir='ltr'><strong><em>esse</em></strong></span> <span class='ocrx_word' id='word_1_497' title='bbox 2650 2890 2966 2957; x_wconf 83' lang='lat' dir='ltr'><strong><em>ostendunt,</em></strong></span> <span class='ocrx_word' id='word_1_498' title='bbox 2981 2888 3297 2944; x_wconf 64' lang='lat' dir='ltr'><strong><em>canusidcras</em></strong></span> <span class='ocrx_word' id='word_1_499' title='bbox 3315 2906 3437 2944; x_wconf 85' lang='lat' dir='ltr'><strong><em>cum</em></strong></span> 
     </span>
    </p>
   </div>
   <div class='ocr_carea' id='block_1_59' title="bbox 1852 2991 3440 3064">
    <p class='ocr_par' dir='ltr' id='par_1_59' title="bbox 1852 2991 3440 3064">
     <span class='ocr_line' id='line_1_59' title="bbox 1852 2991 3440 3064; baseline -0.001 -17"><span class='ocrx_word' id='word_1_500' title='bbox 1852 2994 2055 3064; x_wconf 80' lang='lat' dir='ltr'><strong><em>ingenti</em></strong></span> <span class='ocrx_word' id='word_1_501' title='bbox 2084 2991 2450 3047; x_wconf 77' lang='lat' dir='ltr'><strong><em>Sollicitudine</em></strong></span> <span class='ocrx_word' id='word_1_502' title='bbox 2473 2991 2802 3046; x_wconf 77' lang='lat' dir='ltr'><strong><em>sanctissimi</em></strong></span> <span class='ocrx_word' id='word_1_503' title='bbox 2836 2993 2996 3045; x_wconf 89' lang='lat' dir='ltr'><strong><em>ctiam</em></strong></span> <span class='ocrx_word' id='word_1_504' title='bbox 3029 2991 3304 3061; x_wconf 78' lang='lat' dir='ltr'><strong><em>propin-Le</em></strong></span> <span class='ocrx_word' id='word_1_505' title='bbox 3340 2993 3440 3045; x_wconf 72' lang='lat' dir='ltr'><strong><em>lla-</em></strong></span> 
     </span>
    </p>
   </div>
   <div class='ocr_carea' id='block_1_60' title="bbox 1849 3093 3437 3162">
    <p class='ocr_par' dir='ltr' id='par_1_60' title="bbox 1849 3093 3437 3162">
     <span class='ocr_line' id='line_1_60' title="bbox 1849 3093 3437 3162; baseline -0.002 -12"><span class='ocrx_word' id='word_1_506' title='bbox 1849 3096 2006 3150; x_wconf 91' lang='lat' dir='ltr'><strong><em>nielis</em></strong></span> <span class='ocrx_word' id='word_1_507' title='bbox 2029 3094 2246 3161; x_wconf 88' lang='lat' dir='ltr'><strong><em>librum,</em></strong></span> <span class='ocrx_word' id='word_1_508' title='bbox 2266 3106 2317 3148; x_wconf 86' lang='lat' dir='ltr'><strong><em>et</em></strong></span> <span class='ocrx_word' id='word_1_509' title='bbox 2344 3093 2588 3148; x_wconf 84' lang='lat' dir='ltr'><strong><em>invenies</em></strong></span> <span class='ocrx_word' id='word_1_510' title='bbox 2607 3101 2656 3147; x_wconf 89' lang='lat' dir='ltr'><strong><em>te</em></strong></span> <span class='ocrx_word' id='word_1_511' title='bbox 2681 3108 2845 3147; x_wconf 91' lang='lat' dir='ltr'><strong><em>unum</em></strong></span> <span class='ocrx_word' id='word_1_512' title='bbox 2866 3108 2929 3147; x_wconf 85' lang='lat' dir='ltr'><strong><em>ex</em></strong></span> <span class='ocrx_word' id='word_1_513' title='bbox 2958 3093 3062 3146; x_wconf 93' lang='lat' dir='ltr'><strong><em>illis</em></strong></span> <span class='ocrx_word' id='word_1_514' title='bbox 3086 3096 3437 3162; x_wconf 69' lang='lat' dir='ltr'><strong><em>prasostensis</em></strong></span> 
     </span>
    </p>
   </div>
   <div class='ocr_carea' id='block_1_61' title="bbox 1851 3196 3441 3268">
    <p class='ocr_par' dir='ltr' id='par_1_61' title="bbox 1851 3196 3441 3268">
     <span class='ocr_line' id='line_1_61' title="bbox 1851 3196 3441 3268; baseline -0.001 -14"><span class='ocrx_word' id='word_1_515' title='bbox 1851 3199 2289 3268; x_wconf 73' lang='lat' dir='ltr'><strong><em>persecutoribus</em></strong></span> <span class='ocrx_word' id='word_1_516' title='bbox 2309 3198 2403 3251; x_wconf 85' lang='lat' dir='ltr'><strong><em>Dei</em></strong></span> <span class='ocrx_word' id='word_1_517' title='bbox 2428 3198 2727 3267; x_wconf 77' lang='lat' dir='ltr'><strong><em>religionis.</em></strong></span> <span class='ocrx_word' id='word_1_518' title='bbox 2743 3196 2811 3250; x_wconf 88' lang='lat' dir='ltr'><strong><em>In</em></strong></span> <span class='ocrx_word' id='word_1_519' title='bbox 2833 3200 3001 3267; x_wconf 84' lang='lat' dir='ltr'><strong><em>primo</em></strong></span> <span class='ocrx_word' id='word_1_520' title='bbox 3018 3216 3152 3252; x_wconf 89' lang='lat' dir='ltr'><strong><em>anno</em></strong></span> <span class='ocrx_word' id='word_1_521' title='bbox 3165 3199 3441 3253; x_wconf 83' lang='lat' dir='ltr'><strong><em>Baltlmsar</em></strong></span> 
     </span>
    </p>
   </div>
   <div class='ocr_carea' id='block_1_62' title="bbox 144 3296 3443 3371">
    <p class='ocr_par' dir='ltr' id='par_1_62' title="bbox 144 3296 3443 3371">
     <span class='ocr_line' id='line_1_62' title="bbox 144 3296 3443 3371; baseline -0 -15"><span class='ocrx_word' id='word_1_522' title='bbox 144 3302 434 3370; x_wconf 78' lang='lat' dir='ltr'><strong><em>despicere</em></strong></span> <span class='ocrx_word' id='word_1_523' title='bbox 466 3318 641 3355; x_wconf 85' lang='lat' dir='ltr'><strong><em>rerum</em></strong></span> <span class='ocrx_word' id='word_1_524' title='bbox 671 3311 974 3355; x_wconf 72' lang='lat' dir='ltr'><strong><em>creatorem</em></strong></span> <span class='ocrx_word' id='word_1_525' title='bbox 1004 3312 1167 3370; x_wconf 88' lang='lat' dir='ltr'><strong><em>atque</em></strong></span> <span class='ocrx_word' id='word_1_526' title='bbox 1196 3302 1507 3355; x_wconf 87' lang='lat' dir='ltr'><strong><em>reetorem?</em></strong></span> <span class='ocrx_word' id='word_1_527' title='bbox 1533 3300 1664 3367; x_wconf 86' lang='lat' dir='ltr'><strong><em>Quis</em></strong></span> <span class='ocrx_word' id='word_1_528' title='bbox 1698 3311 1748 3355; x_wconf 89' lang='lat' dir='ltr'><strong><em>te</em></strong></span> <span class='ocrx_word' id='word_1_529' title='bbox 1777 3300 1821 3363; x_wconf 90' lang='lat' dir='ltr'><strong>C</strong></span> <span class='ocrx_word' id='word_1_530' title='bbox 1852 3300 1988 3371; x_wconf 84' lang='lat' dir='ltr'><strong><em>regis</em></strong></span> <span class='ocrx_word' id='word_1_531' title='bbox 2007 3298 2392 3363; x_wconf 68' lang='lat' dir='ltr'><strong><em>Chaldatorum,</em></strong></span> <span class='ocrx_word' id='word_1_532' title='bbox 2415 3296 2606 3351; x_wconf 87' lang='lat' dir='ltr'><strong><em>Daniel</em></strong></span> <span class='ocrx_word' id='word_1_533' title='bbox 2627 3300 2885 3352; x_wconf 87' lang='lat' dir='ltr'><strong><em>somnium</em></strong></span> <span class='ocrx_word' id='word_1_534' title='bbox 2909 3300 3052 3365; x_wconf 82' lang='lat' dir='ltr'><strong><em>vidit,</em></strong></span> <span class='ocrx_word' id='word_1_535' title='bbox 3078 3312 3122 3355; x_wconf 89' lang='lat' dir='ltr'><strong><em>et</em></strong></span> <span class='ocrx_word' id='word_1_536' title='bbox 3145 3306 3283 3356; x_wconf 79' lang='lat' dir='ltr'><strong><em>visus</em></strong></span> <span class='ocrx_word' id='word_1_537' title='bbox 3315 3315 3327 3339; x_wconf 61' lang='grc' dir='ltr'><strong>κ</strong></span> <span class='ocrx_word' id='word_1_538' title='bbox 3360 3320 3443 3355; x_wconf 85' lang='lat' dir='ltr'><strong><em>cu-</em></strong></span> 
     </span>
    </p>
   </div>
   <div class='ocr_carea' id='block_1_63' title="bbox 145 3393 1747 3466">
    <p class='ocr_par' dir='ltr' id='par_1_63' title="bbox 145 3393 1747 3466">
     <span class='ocr_line' id='line_1_63' title="bbox 145 3393 1747 3466; baseline -0.002 -17"><span class='ocrx_word' id='word_1_539' title='bbox 145 3396 550 3463; x_wconf 88' lang='lat' dir='ltr'><strong><em>imprudentior</em></strong></span> <span class='ocrx_word' id='word_1_540' title='bbox 576 3404 687 3457; x_wconf 82' lang='lat' dir='ltr'><strong><em>est,</em></strong></span> <span class='ocrx_word' id='word_1_541' title='bbox 726 3405 784 3448; x_wconf 92' lang='lat' dir='ltr'><strong><em>ut</em></strong></span> <span class='ocrx_word' id='word_1_542' title='bbox 814 3395 963 3449; x_wconf 83' lang='lat' dir='ltr'><strong><em>dicas</em></strong></span> <span class='ocrx_word' id='word_1_543' title='bbox 989 3412 1001 3446; x_wconf 92' lang='lat'>:</span> <span class='ocrx_word' id='word_1_544' title='bbox 1035 3393 1296 3466; x_wconf 87' lang='lat' dir='ltr'><strong><em>lnjuriam</em></strong></span> <span class='ocrx_word' id='word_1_545' title='bbox 1329 3395 1498 3463; x_wconf 90' lang='lat' dir='ltr'><strong><em>patior</em></strong></span> <span class='ocrx_word' id='word_1_546' title='bbox 1526 3411 1557 3445; x_wconf 82' lang='grc' dir='ltr'><em>α</em></span> <span class='ocrx_word' id='word_1_547' title='bbox 1594 3393 1747 3447; x_wconf 78' lang='lat' dir='ltr'><strong><em>Luci-</em></strong></span> 
     </span>
    </p>
   </div>
   <div class='ocr_carea' id='block_1_64' title="bbox 148 3486 1745 3557">
    <p class='ocr_par' dir='ltr' id='par_1_64' title="bbox 148 3486 1745 3557">
     <span class='ocr_line' id='line_1_64' title="bbox 148 3486 1745 3557; baseline -0.001 -17"><span class='ocrx_word' id='word_1_548' title='bbox 148 3490 297 3557; x_wconf 90' lang='lat' dir='ltr'><strong><em>fero,</em></strong></span> <span class='ocrx_word' id='word_1_549' title='bbox 339 3488 620 3556; x_wconf 85' lang='lat' dir='ltr'><strong><em>imperator</em></strong></span> <span class='ocrx_word' id='word_1_550' title='bbox 658 3488 721 3539; x_wconf 86' lang='lat' dir='ltr'><strong><em>ab</em></strong></span> <span class='ocrx_word' id='word_1_551' title='bbox 759 3488 962 3540; x_wconf 83' lang='lat' dir='ltr'><strong><em>homine</em></strong></span> <span class='ocrx_word' id='word_1_552' title='bbox 1000 3488 1203 3556; x_wconf 85' lang='lat' dir='ltr'><strong><em>egeno?</em></strong></span> <span class='ocrx_word' id='word_1_553' title='bbox 1240 3501 1345 3541; x_wconf 91' lang='lat' dir='ltr'><strong><em>nec</em></strong></span> <span class='ocrx_word' id='word_1_554' title='bbox 1385 3486 1623 3556; x_wconf 83' lang='lat' dir='ltr'><strong><em>dignaris</em></strong></span> <span class='ocrx_word' id='word_1_555' title='bbox 1662 3488 1745 3541; x_wconf 88' lang='lat' dir='ltr'><strong><em>di-</em></strong></span> 
     </span>
    </p>
   </div>
   <div class='ocr_carea' id='block_1_65' title="bbox 222 3646 1741 3716">
    <p class='ocr_par' dir='ltr' id='par_1_65' title="bbox 222 3646 1741 3716">
     <span class='ocr_line' id='line_1_65' title="bbox 222 3646 1741 3716; baseline -0.001 -15"><span class='ocrx_word' id='word_1_556' title='bbox 222 3655 249 3682; x_wconf 73' lang='lat'>“</span> <span class='ocrx_word' id='word_1_557' title='bbox 283 3646 390 3701; x_wconf 88' lang='lat' dir='ltr'><strong><em>Sed</em></strong></span> <span class='ocrx_word' id='word_1_558' title='bbox 420 3649 677 3701; x_wconf 79' lang='lat' dir='ltr'><strong><em>nominum</em></strong></span> <span class='ocrx_word' id='word_1_559' title='bbox 706 3649 954 3700; x_wconf 75' lang='lat' dir='ltr'><strong><em>rationein</em></strong></span> <span class='ocrx_word' id='word_1_560' title='bbox 987 3648 1122 3716; x_wconf 89' lang='lat' dir='ltr'><strong><em>facio</em></strong></span> <span class='ocrx_word' id='word_1_561' title='bbox 1151 3663 1167 3699; x_wconf 90' lang='lat'><em>:</em></span> <span class='ocrx_word' id='word_1_562' title='bbox 1199 3662 1289 3699; x_wconf 88' lang='lat' dir='ltr'><strong><em>nec</em></strong></span> <span class='ocrx_word' id='word_1_563' title='bbox 1316 3646 1477 3699; x_wconf 79' lang='lat' dir='ltr'><strong><em>habeo</em></strong></span> <span class='ocrx_word' id='word_1_564' title='bbox 1517 3648 1741 3699; x_wconf 89' lang='lat' dir='ltr'><strong><em>animam</em></strong></span> 
     </span>
    </p>
   </div>
   <div class='ocr_carea' id='block_1_66' title="bbox 150 3718 1745 3787">
    <p class='ocr_par' dir='ltr' id='par_1_66' title="bbox 150 3718 1745 3787">
     <span class='ocr_line' id='line_1_66' title="bbox 150 3718 1745 3787; baseline -0.003 -16"><span class='ocrx_word' id='word_1_565' title='bbox 150 3718 511 3787; x_wconf 82' lang='lat' dir='ltr'><strong><em>pretiosiorem</em></strong></span> <span class='ocrx_word' id='word_1_566' title='bbox 546 3736 649 3780; x_wconf 82' lang='lat' dir='ltr'><strong><em>me,</em></strong></span> <span class='ocrx_word' id='word_1_567' title='bbox 683 3720 732 3771; x_wconf 89' lang='lat' dir='ltr'><strong><em>in</em></strong></span> <span class='ocrx_word' id='word_1_568' title='bbox 762 3720 873 3785; x_wconf 84' lang='lat' dir='ltr'><strong><em>ipso</em></strong></span> <span class='ocrx_word' id='word_1_569' title='bbox 900 3730 951 3769; x_wconf 87' lang='lat' dir='ltr'><strong><em>ut</em></strong></span> <span class='ocrx_word' id='word_1_570' title='bbox 979 3734 1319 3770; x_wconf 81' lang='lat' dir='ltr'><strong><em>consummem</em></strong></span> <span class='ocrx_word' id='word_1_571' title='bbox 1343 3735 1545 3769; x_wconf 81' lang='lat' dir='ltr'><strong><em>cursum</em></strong></span> <span class='ocrx_word' id='word_1_572' title='bbox 1580 3734 1745 3769; x_wconf 85' lang='lat' dir='ltr'><strong><em>meum</em></strong></span> 
     </span>
    </p>
   </div>
   <div class='ocr_carea' id='block_1_67' title="bbox 142 3787 1739 3856">
    <p class='ocr_par' dir='ltr' id='par_1_67' title="bbox 142 3787 1739 3856">
     <span class='ocr_line' id='line_1_67' title="bbox 142 3787 1739 3856; baseline -0.002 -14"><span class='ocrx_word' id='word_1_573' title='bbox 142 3806 266 3842; x_wconf 89' lang='lat' dir='ltr'><strong><em>cum</em></strong></span> <span class='ocrx_word' id='word_1_574' title='bbox 295 3792 487 3855; x_wconf 86' lang='lat' dir='ltr'><strong><em>gaudio</em></strong></span> <span class='ocrx_word' id='word_1_575' title='bbox 506 3832 518 3854; x_wconf 89' lang='lat'><strong><em>,</em></strong></span> <span class='ocrx_word' id='word_1_576' title='bbox 550 3800 595 3841; x_wconf 88' lang='lat' dir='ltr'><strong><em>et</em></strong></span> <span class='ocrx_word' id='word_1_577' title='bbox 624 3791 961 3841; x_wconf 82' lang='lat' dir='ltr'><strong><em>ministerium</em></strong></span> <span class='ocrx_word' id='word_1_578' title='bbox 989 3789 1124 3856; x_wconf 86' lang='lat' dir='ltr'><strong><em>quod</em></strong></span> <span class='ocrx_word' id='word_1_579' title='bbox 1148 3828 1159 3840; x_wconf 97' lang='lat'><strong><em>.</em></strong></span> <span class='ocrx_word' id='word_1_580' title='bbox 1185 3829 1193 3838; x_wconf 94' lang='lat'><strong><em>.</em></strong></span> <span class='ocrx_word' id='word_1_581' title='bbox 1216 3827 1226 3838; x_wconf 90' lang='lat'><strong><em>.</em></strong></span> <span class='ocrx_word' id='word_1_582' title='bbox 1250 3827 1261 3838; x_wconf 94' lang='lat'><strong><em>.</em></strong></span> <span class='ocrx_word' id='word_1_583' title='bbox 1284 3827 1293 3838; x_wconf 95' lang='lat'><strong><em>.</em></strong></span> <span class='ocrx_word' id='word_1_584' title='bbox 1320 3787 1444 3840; x_wconf 85' lang='lat' dir='ltr'><strong><em>Jesu</em></strong></span> <span class='ocrx_word' id='word_1_585' title='bbox 1474 3787 1739 3852; x_wconf 78' lang='lat' dir='ltr'><strong><em>testiﬁcari</em></strong></span> 
     </span>
    </p>
   </div>
   <div class='ocr_carea' id='block_1_68' title="bbox 143 3859 1743 3929">
    <p class='ocr_par' dir='ltr' id='par_1_68' title="bbox 143 3859 1743 3929">
     <span class='ocr_line' id='line_1_68' title="bbox 143 3859 1743 3929; baseline -0.001 -17"><span class='ocrx_word' id='word_1_586' title='bbox 143 3861 473 3929; x_wconf 81' lang='lat' dir='ltr'><strong><em>evangelium</em></strong></span> <span class='ocrx_word' id='word_1_587' title='bbox 521 3871 653 3920; x_wconf 85' lang='lat' dir='ltr'><strong><em>etc.,</em></strong></span> <span class='ocrx_word' id='word_1_588' title='bbox 706 3860 859 3911; x_wconf 81' lang='lat' dir='ltr'><strong><em>Vors.</em></strong></span> <span class='ocrx_word' id='word_1_589' title='bbox 888 3859 1013 3911; x_wconf 84' lang='lat' dir='ltr'><strong><em>Ant.</em></strong></span> <span class='ocrx_word' id='word_1_590' title='bbox 1060 3860 1156 3910; x_wconf 82' lang='lat' dir='ltr'><strong><em>Ms.</em></strong></span> <span class='ocrx_word' id='word_1_591' title='bbox 1206 3859 1458 3910; x_wconf 61' lang='lat' dir='ltr'><strong><em>Cantabr.</em></strong></span> <span class='ocrx_word' id='word_1_592' title='bbox 1505 3860 1743 3911; x_wconf 78' lang='lat' dir='ltr'><strong><em>Aniuunn</em></strong></span> 
     </span>
    </p>
   </div>
   <div class='ocr_carea' id='block_1_69' title="bbox 144 3930 1739 3990">
    <p class='ocr_par' dir='ltr' id='par_1_69' title="bbox 144 3930 1739 3990">
     <span class='ocr_line' id='line_1_69' title="bbox 144 3930 1739 3990; baseline -0.002 -9"><span class='ocrx_word' id='word_1_593' title='bbox 144 3945 330 3981; x_wconf 87' lang='lat' dir='ltr'><strong><em>carum</em></strong></span> <span class='ocrx_word' id='word_1_594' title='bbox 373 3930 497 3980; x_wconf 87' lang='lat' dir='ltr'><strong><em>nti/ti</em></strong></span> <span class='ocrx_word' id='word_1_595' title='bbox 541 3947 695 3990; x_wconf 79' lang='lat' dir='ltr'><strong><em>quam</em></strong></span> <span class='ocrx_word' id='word_1_596' title='bbox 739 3945 1097 3981; x_wconf 83' lang='lat' dir='ltr'><strong><em>consummare</em></strong></span> <span class='ocrx_word' id='word_1_597' title='bbox 1140 3946 1343 3980; x_wconf 86' lang='lat' dir='ltr'><strong><em>cursum</em></strong></span> <span class='ocrx_word' id='word_1_598' title='bbox 1390 3945 1584 3990; x_wconf 82' lang='lat' dir='ltr'><strong><em>meum,</em></strong></span> <span class='ocrx_word' id='word_1_599' title='bbox 1625 3940 1739 3983; x_wconf 77' lang='lat' dir='ltr'><strong><em>etc.</em></strong></span> 
     </span>
    </p>
   </div>
   <div class='ocr_carea' id='block_1_70' title="bbox 140 3947 1744 4069">
    <p class='ocr_par' dir='ltr' id='par_1_70' title="bbox 140 3947 1744 4069">
     <span class='ocr_line' id='line_1_70' title="bbox 144 3947 1739 3990; baseline -0.002 -9"><span class='ocrx_word' id='word_1_600' title='bbox 144 3947 330 3981; x_wconf 87' lang='lat' dir='ltr'><strong><em>carum</em></strong></span> <span class='ocrx_word' id='word_1_601' title='bbox 373 3947 497 3980; x_wconf 83' lang='lat' dir='ltr'><strong><em>nunt</em></strong></span> <span class='ocrx_word' id='word_1_602' title='bbox 541 3947 695 3981; x_wconf 82' lang='lat' dir='ltr'><strong><em>tuum</em></strong></span> <span class='ocrx_word' id='word_1_603' title='bbox 739 3947 1097 3981; x_wconf 84' lang='lat' dir='ltr'><strong><em>consummare</em></strong></span> <span class='ocrx_word' id='word_1_604' title='bbox 1140 3947 1343 3980; x_wconf 86' lang='lat' dir='ltr'><strong><em>cursum</em></strong></span> <span class='ocrx_word' id='word_1_605' title='bbox 1390 3947 1584 3990; x_wconf 82' lang='lat' dir='ltr'><strong><em>meum,</em></strong></span> <span class='ocrx_word' id='word_1_606' title='bbox 1625 3947 1739 3983; x_wconf 77' lang='lat' dir='ltr'><strong><em>etc.</em></strong></span> 
     </span>
     <span class='ocr_line' id='line_1_71' title="bbox 140 3947 1744 4069; baseline 0 -16"><span class='ocrx_word' id='word_1_607' title='bbox 140 3999 327 4054; x_wconf 57' lang='lat' dir='ltr'><strong><em>Graec.</em></strong></span> <span class='ocrx_word' id='word_1_608' title='bbox 362 4000 508 4065; x_wconf 82' lang='lat' dir='ltr'><strong><em>quid.</em></strong></span> <span class='ocrx_word' id='word_1_609' title='bbox 541 3947 793 4055; x_wconf 65' lang='grc' dir='ltr'><strong><em>έιακονίαν</em></strong></span> <span class='ocrx_word' id='word_1_610' title='bbox 816 4001 986 4069; x_wconf 73' lang='grc' dir='ltr'><strong><em>λόγου,</em></strong></span> <span class='ocrx_word' id='word_1_611' title='bbox 1010 3999 1345 4069; x_wconf 73' lang='lat' dir='ltr'><strong><em>ministerium</em></strong></span> <span class='ocrx_word' id='word_1_612' title='bbox 1379 4000 1532 4061; x_wconf 86' lang='lat' dir='ltr'><strong><em>verbi,</em></strong></span> <span class='ocrx_word' id='word_1_613' title='bbox 1556 4010 1606 4051; x_wconf 80' lang='lat' dir='ltr'><strong><em>et</em></strong></span> <span class='ocrx_word' id='word_1_614' title='bbox 1626 3999 1744 4053; x_wconf 70' lang='grc' dir='ltr'>’ἰθυ-</span> 
     </span>
    </p>
   </div>
   <div class='ocr_carea' id='block_1_71' title="bbox 142 4068 1748 4135">
    <p class='ocr_par' dir='ltr' id='par_1_71' title="bbox 142 4068 1748 4135">
     <span class='ocr_line' id='line_1_72' title="bbox 142 4068 1748 4135; baseline -0.002 -10"><span class='ocrx_word' id='word_1_615' title='bbox 142 4070 314 4131; x_wconf 68' lang='lat' dir='ltr'><strong><em>Betim;</em></strong></span> <span class='ocrx_word' id='word_1_616' title='bbox 337 4073 422 4125; x_wconf 78' lang='grc' dir='ltr'><strong><em>καὶ</em></strong></span> <span class='ocrx_word' id='word_1_617' title='bbox 447 4068 676 4135; x_wconf 80' lang='grc' dir='ltr'><strong><em>Ἐλλησι,</em></strong></span> <span class='ocrx_word' id='word_1_618' title='bbox 710 4072 913 4127; x_wconf 77' lang='lat' dir='ltr'><strong><em>Jutltcis</em></strong></span> <span class='ocrx_word' id='word_1_619' title='bbox 940 4083 985 4123; x_wconf 91' lang='lat' dir='ltr'><strong><em>et</em></strong></span> <span class='ocrx_word' id='word_1_620' title='bbox 1020 4068 1237 4134; x_wconf 79' lang='lat' dir='ltr'><strong><em>Grtecis,</em></strong></span> <span class='ocrx_word' id='word_1_621' title='bbox 1273 4073 1325 4121; x_wconf 90' lang='lat' dir='ltr'><strong><em>in</em></strong></span> <span class='ocrx_word' id='word_1_622' title='bbox 1357 4070 1513 4123; x_wconf 87' lang='lat' dir='ltr'><strong><em>codd.</em></strong></span> <span class='ocrx_word' id='word_1_623' title='bbox 1548 4069 1748 4124; x_wconf 84' lang='lat' dir='ltr'><strong><em>Canta-</em></strong></span> 
     </span>
    </p>
   </div>
   <div class='ocr_carea' id='block_1_72' title="bbox 142 4140 1747 4210">
    <p class='ocr_par' dir='ltr' id='par_1_72' title="bbox 142 4140 1747 4210">
     <span class='ocr_line' id='line_1_73' title="bbox 142 4140 1747 4210; baseline -0.001 -15"><span class='ocrx_word' id='word_1_624' title='bbox 142 4143 291 4210; x_wconf 86' lang='lat' dir='ltr'><strong><em>brig.</em></strong></span> <span class='ocrx_word' id='word_1_625' title='bbox 338 4152 392 4194; x_wconf 90' lang='lat' dir='ltr'><strong><em>et</em></strong></span> <span class='ocrx_word' id='word_1_626' title='bbox 436 4142 627 4209; x_wconf 78' lang='lat' dir='ltr'><strong><em>Steph.</em></strong></span> <span class='ocrx_word' id='word_1_627' title='bbox 680 4142 823 4210; x_wconf 88' lang='lat' dir='ltr'><strong><em>apud</em></strong></span> <span class='ocrx_word' id='word_1_628' title='bbox 870 4143 1097 4195; x_wconf 83' lang='lat' dir='ltr'><strong><em>Millium</em></strong></span> <span class='ocrx_word' id='word_1_629' title='bbox 1140 4156 1263 4195; x_wconf 89' lang='lat' dir='ltr'><strong><em>cum</em></strong></span> <span class='ocrx_word' id='word_1_630' title='bbox 1314 4140 1483 4194; x_wconf 85' lang='lat' dir='ltr'><strong><em>Lucil.</em></strong></span> <span class='ocrx_word' id='word_1_631' title='bbox 1538 4144 1589 4194; x_wconf 89' lang='lat' dir='ltr'><strong><em>in</em></strong></span> <span class='ocrx_word' id='word_1_632' title='bbox 1639 4157 1747 4210; x_wconf 88' lang='lat' dir='ltr'><strong><em>quo</em></strong></span> 
     </span>
    </p>
   </div>
   <div class='ocr_carea' id='block_1_73' title="bbox 142 4212 1065 4281">
    <p class='ocr_par' dir='ltr' id='par_1_73' title="bbox 142 4212 1065 4281">
     <span class='ocr_line' id='line_1_74' title="bbox 142 4212 1065 4281; baseline -0.004 -13"><span class='ocrx_word' id='word_1_633' title='bbox 142 4214 341 4268; x_wconf 82' lang='lat' dir='ltr'><strong><em>Sabat.</em></strong></span> <span class='ocrx_word' id='word_1_634' title='bbox 377 4212 504 4281; x_wconf 80' lang='lat' dir='ltr'><strong><em>legit</em></strong></span> <span class='ocrx_word' id='word_1_635' title='bbox 543 4214 769 4266; x_wconf 86' lang='lat' dir='ltr'><strong><em>animum</em></strong></span> <span class='ocrx_word' id='word_1_636' title='bbox 797 4216 1065 4265; x_wconf 82' lang='lat' dir='ltr'><strong><em>cariorem.</em></strong></span> 
     </span>
    </p>
   </div>
   <div class='ocr_carea' id='block_1_74' title="bbox 220 4280 1745 4352">
    <p class='ocr_par' dir='ltr' id='par_1_74' title="bbox 220 4280 1745 4352">
     <span class='ocr_line' id='line_1_75' title="bbox 220 4280 1745 4352; baseline -0.003 -16"><span class='ocrx_word' id='word_1_637' title='bbox 220 4282 251 4319; x_wconf 74' lang='grc' dir='ltr'>ι’</span> <span class='ocrx_word' id='word_1_638' title='bbox 286 4283 341 4336; x_wconf 91' lang='lat' dir='ltr'><strong><em>lu</em></strong></span> <span class='ocrx_word' id='word_1_639' title='bbox 383 4280 596 4337; x_wconf 77' lang='lat' dir='ltr'><strong><em>Titiana</em></strong></span> <span class='ocrx_word' id='word_1_640' title='bbox 642 4295 826 4337; x_wconf 84' lang='lat' dir='ltr'><strong><em>nostra</em></strong></span> <span class='ocrx_word' id='word_1_641' title='bbox 860 4284 1099 4336; x_wconf 87' lang='lat' dir='ltr'><strong><em>editione</em></strong></span> <span class='ocrx_word' id='word_1_642' title='bbox 1140 4282 1357 4352; x_wconf 84' lang='lat' dir='ltr'><strong><em>legitur,</em></strong></span> <span class='ocrx_word' id='word_1_643' title='bbox 1406 4280 1745 4352; x_wconf 67' lang='lat' dir='ltr'><strong><em>Etvangelium</em></strong></span> 
     </span>
    </p>
   </div>
   <div class='ocr_carea' id='block_1_75' title="bbox 142 4352 1747 4427">
    <p class='ocr_par' dir='ltr' id='par_1_75' title="bbox 142 4352 1747 4427">
     <span class='ocr_line' id='line_1_76' title="bbox 142 4352 1747 4427; baseline -0.001 -21"><span class='ocrx_word' id='word_1_644' title='bbox 142 4355 337 4427; x_wconf 76' lang='lat' dir='ltr'><strong><em>gratia:</em></strong></span> <span class='ocrx_word' id='word_1_645' title='bbox 368 4356 502 4427; x_wconf 74' lang='lat' dir='ltr'><strong><em>Dei;</em></strong></span> <span class='ocrx_word' id='word_1_646' title='bbox 534 4354 687 4427; x_wconf 66' lang='lat' dir='ltr'><strong><em>mide</em></strong></span> <span class='ocrx_word' id='word_1_647' title='bbox 707 4354 1024 4427; x_wconf 85' lang='lat' dir='ltr'><strong><em>Gallandius</em></strong></span> <span class='ocrx_word' id='word_1_648' title='bbox 1056 4369 1161 4406; x_wconf 86' lang='lat' dir='ltr'><strong><em>non</em></strong></span> <span class='ocrx_word' id='word_1_649' title='bbox 1194 4362 1340 4427; x_wconf 57' lang='lat' dir='ltr'><strong><em>recte</em></strong></span> <span class='ocrx_word' id='word_1_650' title='bbox 1364 4352 1571 4427; x_wconf 79' lang='lat' dir='ltr'><strong><em>judicat</em></strong></span> <span class='ocrx_word' id='word_1_651' title='bbox 1598 4352 1747 4427; x_wconf 70' lang='lat' dir='ltr'><strong><em>Pari-</em></strong></span> 
     </span>
    </p>
   </div>
   <div class='ocr_carea' id='block_1_76' title="bbox 140 4423 1745 4491">
    <p class='ocr_par' dir='ltr' id='par_1_76' title="bbox 140 4423 1745 4491">
     <span class='ocr_line' id='line_1_77' title="bbox 140 4423 1745 4491; baseline -0.001 -12"><span class='ocrx_word' id='word_1_652' title='bbox 140 4423 365 4480; x_wconf 73' lang='lat' dir='ltr'><strong><em>isicnses</em></strong></span> <span class='ocrx_word' id='word_1_653' title='bbox 408 4426 510 4479; x_wconf 85' lang='lat' dir='ltr'><strong><em>PP.</em></strong></span> <span class='ocrx_word' id='word_1_654' title='bbox 557 4424 811 4479; x_wconf 82' lang='lat' dir='ltr'><strong><em>Biblioth.</em></strong></span> <span class='ocrx_word' id='word_1_655' title='bbox 847 4426 1086 4478; x_wconf 81' lang='lat' dir='ltr'><strong><em>editores</em></strong></span> <span class='ocrx_word' id='word_1_656' title='bbox 1113 4440 1176 4478; x_wconf 85' lang='lat' dir='ltr'><strong><em>ex</em></strong></span> <span class='ocrx_word' id='word_1_657' title='bbox 1210 4423 1351 4477; x_wconf 90' lang='lat' dir='ltr'><strong><em>Tilio</em></strong></span> <span class='ocrx_word' id='word_1_658' title='bbox 1378 4423 1745 4491; x_wconf 77' lang='lat' dir='ltr'><strong><em>exseripsisse</em></strong></span> 
     </span>
    </p>
   </div>
   <div class='ocr_carea' id='block_1_77' title="bbox 142 4495 831 4567">
    <p class='ocr_par' dir='ltr' id='par_1_77' title="bbox 142 4495 831 4567">
     <span class='ocr_line' id='line_1_78' title="bbox 142 4495 831 4567; baseline -0.001 -18"><span class='ocrx_word' id='word_1_659' title='bbox 142 4497 475 4565; x_wconf 83' lang='lat' dir='ltr'><strong><em>evangelium</em></strong></span> <span class='ocrx_word' id='word_1_660' title='bbox 508 4496 697 4567; x_wconf 13' lang='lat' dir='ltr'><strong><em>gloriae,</em></strong></span> <span class='ocrx_word' id='word_1_661' title='bbox 716 4495 831 4549; x_wconf 91' lang='lat' dir='ltr'><strong><em>Dei.</em></strong></span> 
     </span>
    </p>
   </div>
   <div class='ocr_carea' id='block_1_78' title="bbox 226 4564 1825 4652">
    <p class='ocr_par' dir='ltr' id='par_1_78' title="bbox 226 4564 1825 4652">
     <span class='ocr_line' id='line_1_79' title="bbox 226 4564 1825 4652; baseline -0.001 -33"><span class='ocrx_word' id='word_1_662' title='bbox 226 4578 253 4605; x_wconf 74' lang='grc' dir='ltr'><strong><em>ο</em></strong></span> <span class='ocrx_word' id='word_1_663' title='bbox 288 4564 446 4652; x_wconf 64' lang='lat' dir='ltr'><strong><em>vers.</em></strong></span> <span class='ocrx_word' id='word_1_664' title='bbox 494 4564 620 4621; x_wconf 79' lang='grc' dir='ltr'>Ᾱιιι.</span> <span class='ocrx_word' id='word_1_665' title='bbox 674 4566 774 4621; x_wconf 85' lang='lat' dir='ltr'><strong><em>Per</em></strong></span> <span class='ocrx_word' id='word_1_666' title='bbox 818 4582 945 4635; x_wconf 87' lang='lat' dir='ltr'><strong><em>quos</em></strong></span> <span class='ocrx_word' id='word_1_667' title='bbox 985 4565 1289 4634; x_wconf 75' lang='lat' dir='ltr'><strong><em>pertransiri</em></strong></span> <span class='ocrx_word' id='word_1_668' title='bbox 1330 4564 1619 4633; x_wconf 72' lang='lat' dir='ltr'><strong><em>pratdicans</em></strong></span> <span class='ocrx_word' id='word_1_669' title='bbox 1657 4580 1741 4617; x_wconf 88' lang='lat' dir='ltr'><strong><em>re-</em></strong></span> <span class='ocrx_word' id='word_1_670' title='bbox 1770 4592 1825 4652; x_wconf 83' lang='lat' dir='ltr'><strong>D</strong></span> 
     </span>
    </p>
   </div>
   <div class='ocr_carea' id='block_1_79' title="bbox 140 4638 457 4709">
    <p class='ocr_par' dir='ltr' id='par_1_79' title="bbox 140 4638 457 4709">
     <span class='ocr_line' id='line_1_80' title="bbox 140 4638 457 4709; baseline -0.003 -18"><span class='ocrx_word' id='word_1_671' title='bbox 140 4654 313 4709; x_wconf 74' lang='lat' dir='ltr'><strong><em>gnum</em></strong></span> <span class='ocrx_word' id='word_1_672' title='bbox 340 4638 457 4692; x_wconf 83' lang='lat' dir='ltr'><strong><em>Dei.</em></strong></span> 
     </span>
    </p>
   </div>
   <div class='ocr_carea' id='block_1_80' title="bbox 222 4704 1744 4775">
    <p class='ocr_par' dir='ltr' id='par_1_80' title="bbox 222 4704 1744 4775">
     <span class='ocr_line' id='line_1_81' title="bbox 222 4704 1744 4775; baseline -0.001 -14"><span class='ocrx_word' id='word_1_673' title='bbox 222 4707 253 4744; x_wconf 73' lang='grc' dir='ltr'><em>ά</em></span> <span class='ocrx_word' id='word_1_674' title='bbox 283 4708 645 4761; x_wconf 86' lang='lat' dir='ltr'><strong><em>Perambulavi</em></strong></span> <span class='ocrx_word' id='word_1_675' title='bbox 665 4709 1012 4774; x_wconf 71' lang='lat' dir='ltr'><strong><em>prazdicando.</em></strong></span> <span class='ocrx_word' id='word_1_676' title='bbox 1038 4705 1209 4759; x_wconf 84' lang='lat' dir='ltr'><strong><em>Vatic.</em></strong></span> <span class='ocrx_word' id='word_1_677' title='bbox 1231 4706 1409 4759; x_wconf 69' lang='lat' dir='ltr'><strong><em>(index</em></strong></span> <span class='ocrx_word' id='word_1_678' title='bbox 1430 4704 1744 4775; x_wconf 82' lang='lat' dir='ltr'><strong><em>Cutrtabrig.</em></strong></span> 
     </span>
    </p>
   </div>
   <div class='ocr_carea' id='block_1_81' title="bbox 140 4776 1598 4848">
    <p class='ocr_par' dir='ltr' id='par_1_81' title="bbox 140 4776 1598 4848">
     <span class='ocr_line' id='line_1_82' title="bbox 140 4776 1598 4848; baseline -0.001 -17"><span class='ocrx_word' id='word_1_679' title='bbox 140 4780 296 4848; x_wconf 84' lang='lat' dir='ltr'><strong><em>apud</em></strong></span> <span class='ocrx_word' id='word_1_680' title='bbox 330 4780 555 4832; x_wconf 84' lang='lat' dir='ltr'><strong><em>Millium</em></strong></span> <span class='ocrx_word' id='word_1_681' title='bbox 592 4779 806 4846; x_wconf 68' lang='lat' dir='ltr'><strong><em>pra&#39;lcrt</em></strong></span> <span class='ocrx_word' id='word_1_682' title='bbox 831 4796 1040 4845; x_wconf 77' lang='lat' dir='ltr'><strong><em>regnum</em></strong></span> <span class='ocrx_word' id='word_1_683' title='bbox 1067 4780 1256 4840; x_wconf 70' lang='lat' dir='ltr'><strong><em>Jesus,</em></strong></span> <span class='ocrx_word' id='word_1_684' title='bbox 1290 4785 1381 4832; x_wconf 83' lang='grc' dir='ltr'><strong><em>τοῦ</em></strong></span> <span class='ocrx_word' id='word_1_685' title='bbox 1414 4776 1598 4835; x_wconf 71' lang='grc' dir='ltr'><strong><em>Ἰησοῦ.</em></strong></span> 
     </span>
    </p>
   </div>
   <div class='ocr_carea' id='block_1_82' title="bbox 227 4848 1747 4919">
    <p class='ocr_par' dir='ltr' id='par_1_82' title="bbox 227 4848 1747 4919">
     <span class='ocr_line' id='line_1_83' title="bbox 227 4848 1747 4919; baseline -0.002 -17"><span class='ocrx_word' id='word_1_686' title='bbox 227 4858 255 4885; x_wconf 71' lang='grc' dir='ltr'><strong><em>ο</em></strong></span> <span class='ocrx_word' id='word_1_687' title='bbox 288 4848 443 4903; x_wconf 84' lang='lat' dir='ltr'><strong><em>Vers.</em></strong></span> <span class='ocrx_word' id='word_1_688' title='bbox 476 4850 603 4902; x_wconf 79' lang='lat' dir='ltr'><strong><em>Ant.</em></strong></span> <span class='ocrx_word' id='word_1_689' title='bbox 640 4849 1057 4919; x_wconf 79' lang='lat' dir='ltr'><strong><em>Quapropter....</em></strong></span> <span class='ocrx_word' id='word_1_690' title='bbox 1087 4850 1139 4901; x_wconf 87' lang='lat' dir='ltr'><strong><em>in</em></strong></span> <span class='ocrx_word' id='word_1_691' title='bbox 1167 4848 1414 4901; x_wconf 83' lang='lat' dir='ltr'><strong><em>hodierno</em></strong></span> <span class='ocrx_word' id='word_1_692' title='bbox 1442 4850 1617 4903; x_wconf 85' lang='lat' dir='ltr'><strong><em>die....</em></strong></span> <span class='ocrx_word' id='word_1_693' title='bbox 1638 4864 1747 4900; x_wconf 81' lang='lat' dir='ltr'><strong><em>om-</em></strong></span> 
     </span>
    </p>
   </div>
   <div class='ocr_carea' id='block_1_83' title="bbox 141 4919 1733 4987">
    <p class='ocr_par' dir='ltr' id='par_1_83' title="bbox 141 4919 1733 4987">
     <span class='ocr_line' id='line_1_84' title="bbox 141 4919 1733 4987; baseline -0.001 -14"><span class='ocrx_word' id='word_1_694' title='bbox 141 4920 299 4973; x_wconf 71' lang='lat' dir='ltr'><strong><em>nium</em></strong></span> <span class='ocrx_word' id='word_1_695' title='bbox 329 4930 573 4973; x_wconf 74' lang='lat' dir='ltr'><strong><em>vestrum.</em></strong></span> <span class='ocrx_word' id='word_1_696' title='bbox 612 4920 703 4973; x_wconf 67' lang='grc' dir='ltr'>ιιδ.</span> <span class='ocrx_word' id='word_1_697' title='bbox 733 4920 989 4974; x_wconf 85' lang='lat' dir='ltr'><strong><em>Cantabr.</em></strong></span> <span class='ocrx_word' id='word_1_698' title='bbox 1021 4931 1227 4987; x_wconf 81' lang='lat' dir='ltr'><strong><em>propter</em></strong></span> <span class='ocrx_word' id='word_1_699' title='bbox 1251 4919 1417 4987; x_wconf 79' lang='lat' dir='ltr'><strong><em>quod,</em></strong></span> <span class='ocrx_word' id='word_1_700' title='bbox 1455 4927 1513 4973; x_wconf 78' lang='lat' dir='ltr'><strong><em>ut</em></strong></span> <span class='ocrx_word' id='word_1_701' title='bbox 1543 4920 1733 4974; x_wconf 78' lang='lat' dir='ltr'><strong><em>Lucil&#39;.’</em></strong></span> 
     </span>
    </p>
   </div>
   <div class='ocr_carea' id='block_1_84' title="bbox 231 4988 1259 5061">
    <p class='ocr_par' dir='ltr' id='par_1_84' title="bbox 231 4988 1259 5061">
     <span class='ocr_line' id='line_1_85' title="bbox 231 4988 1259 5061; baseline -0.001 -17"><span class='ocrx_word' id='word_1_702' title='bbox 231 4990 252 5028; x_wconf 73' lang='grc' dir='ltr'><strong>ί</strong></span> <span class='ocrx_word' id='word_1_703' title='bbox 284 4988 568 5061; x_wconf 51' lang='grc' dir='ltr'><strong><em>ᾅοηριιὶηι</em></strong></span> <span class='ocrx_word' id='word_1_704' title='bbox 600 4991 906 5061; x_wconf 75' lang='lat' dir='ltr'><strong><em>subterfugi.</em></strong></span> <span class='ocrx_word' id='word_1_705' title='bbox 941 4990 1095 5043; x_wconf 80' lang='lat' dir='ltr'><strong><em>Vers.</em></strong></span> <span class='ocrx_word' id='word_1_706' title='bbox 1133 4989 1259 5043; x_wconf 81' lang='lat' dir='ltr'><strong><em>Ant.</em></strong></span> 
     </span>
    </p>
   </div>
   <div class='ocr_carea' id='block_1_85' title="bbox 230 5060 1745 5117">
    <p class='ocr_par' dir='ltr' id='par_1_85' title="bbox 230 5060 1745 5117">
     <span class='ocr_line' id='line_1_86' title="bbox 230 5060 1745 5117; baseline -0.003 0"><span class='ocrx_word' id='word_1_707' title='bbox 230 5072 257 5108; x_wconf 73' lang='grc' dir='ltr'><strong>Β</strong></span> <span class='ocrx_word' id='word_1_708' title='bbox 296 5060 364 5117; x_wconf 67' lang='lat' dir='ltr'><strong><em>Ut</em></strong></span> <span class='ocrx_word' id='word_1_709' title='bbox 420 5079 522 5115; x_wconf 85' lang='lat' dir='ltr'><strong><em>non</em></strong></span> <span class='ocrx_word' id='word_1_710' title='bbox 558 5060 922 5116; x_wconf 73' lang='lat' dir='ltr'><strong><em>adnuntiurem</em></strong></span> <span class='ocrx_word' id='word_1_711' title='bbox 966 5062 1102 5114; x_wconf 83' lang='lat' dir='ltr'><strong><em>vobis</em></strong></span> <span class='ocrx_word' id='word_1_712' title='bbox 1144 5076 1290 5115; x_wconf 87' lang='lat' dir='ltr'><strong><em>omne</em></strong></span> <span class='ocrx_word' id='word_1_713' title='bbox 1321 5062 1594 5115; x_wconf 86' lang='lat' dir='ltr'><strong><em>consilium</em></strong></span> <span class='ocrx_word' id='word_1_714' title='bbox 1628 5060 1745 5114; x_wconf 85' lang='lat' dir='ltr'><strong><em>Dei.</em></strong></span> 
     </span>
    </p>
   </div>
   <div class='ocr_carea' id='block_1_86' title="bbox 156 5132 300 5188">
    <p class='ocr_par' dir='ltr' id='par_1_86' title="bbox 156 5132 300 5188">
     <span class='ocr_line' id='line_1_87' title="bbox 156 5132 300 5188; baseline -0.021 0"><span class='ocrx_word' id='word_1_715' title='bbox 156 5132 300 5188; x_wconf 64' lang='lat' dir='ltr'><strong><em>Earl.</em></strong></span> 
     </span>
    </p>
   </div>
   <div class='ocr_carea' id='block_1_87' title="bbox 232 5202 1745 5274">
    <p class='ocr_par' dir='ltr' id='par_1_87' title="bbox 232 5202 1745 5274">
     <span class='ocr_line' id='line_1_88' title="bbox 232 5202 1745 5274; baseline -0.001 -19"><span class='ocrx_word' id='word_1_716' title='bbox 232 5216 261 5239; x_wconf 73' lang='grc' dir='ltr'><strong><em>ιι</em></strong></span> <span class='ocrx_word' id='word_1_717' title='bbox 291 5204 548 5256; x_wconf 77' lang='lat' dir='ltr'><strong><em>Attendite</em></strong></span> <span class='ocrx_word' id='word_1_718' title='bbox 576 5220 697 5273; x_wconf 89' lang='lat' dir='ltr'><strong><em>ergo</em></strong></span> <span class='ocrx_word' id='word_1_719' title='bbox 724 5204 905 5271; x_wconf 81' lang='lat' dir='ltr'><strong><em>seipsis</em></strong></span> <span class='ocrx_word' id='word_1_720' title='bbox 925 5246 937 5267; x_wconf 87' lang='lat'><strong><em>,</em></strong></span> <span class='ocrx_word' id='word_1_721' title='bbox 964 5212 1007 5255; x_wconf 89' lang='lat' dir='ltr'><strong><em>et</em></strong></span> <span class='ocrx_word' id='word_1_722' title='bbox 1033 5203 1266 5255; x_wconf 83' lang='lat' dir='ltr'><strong><em>universo</em></strong></span> <span class='ocrx_word' id='word_1_723' title='bbox 1290 5203 1449 5274; x_wconf 85' lang='lat' dir='ltr'><strong><em>gregi.</em></strong></span> <span class='ocrx_word' id='word_1_724' title='bbox 1478 5202 1611 5256; x_wconf 85' lang='lat' dir='ltr'><strong><em>Ead.</em></strong></span> <span class='ocrx_word' id='word_1_725' title='bbox 1641 5217 1745 5256; x_wconf 89' lang='lat' dir='ltr'><strong><em>ms.</em></strong></span> 
     </span>
    </p>
   </div>
   <div class='ocr_carea' id='block_1_88' title="bbox 145 5274 773 5329">
    <p class='ocr_par' dir='ltr' id='par_1_88' title="bbox 145 5274 773 5329">
     <span class='ocr_line' id='line_1_89' title="bbox 145 5274 773 5329; baseline -0.003 0"><span class='ocrx_word' id='word_1_726' title='bbox 145 5274 416 5329; x_wconf 81' lang='lat' dir='ltr'><strong><em>Cantabr.</em></strong></span> <span class='ocrx_word' id='word_1_727' title='bbox 454 5291 570 5328; x_wconf 85' lang='lat' dir='ltr'><strong><em>cum</em></strong></span> <span class='ocrx_word' id='word_1_728' title='bbox 605 5274 773 5328; x_wconf 84' lang='lat' dir='ltr'><strong><em>Lucil.</em></strong></span> 
     </span>
    </p>
   </div>
   <div class='ocr_carea' id='block_1_89' title="bbox 237 5341 1749 5412">
    <p class='ocr_par' dir='ltr' id='par_1_89' title="bbox 237 5341 1749 5412">
     <span class='ocr_line' id='line_1_90' title="bbox 237 5341 1749 5412; baseline -0.001 -14"><span class='ocrx_word' id='word_1_729' title='bbox 237 5344 469 5398; x_wconf 67' lang='lat' dir='ltr'><strong><em>iGrtcc.</em></strong></span> <span class='ocrx_word' id='word_1_730' title='bbox 522 5361 645 5399; x_wconf 86' lang='lat' dir='ltr'><strong><em>cum</em></strong></span> <span class='ocrx_word' id='word_1_731' title='bbox 699 5344 853 5412; x_wconf 76' lang='lat' dir='ltr'><strong><em>Vulg.</em></strong></span> <span class='ocrx_word' id='word_1_732' title='bbox 908 5345 1169 5397; x_wconf 87' lang='lat' dir='ltr'><strong><em>ecclesiam</em></strong></span> <span class='ocrx_word' id='word_1_733' title='bbox 1218 5341 1333 5397; x_wconf 89' lang='lat' dir='ltr'><strong><em>Dei.</em></strong></span> <span class='ocrx_word' id='word_1_734' title='bbox 1389 5347 1565 5411; x_wconf 78' lang='lat' dir='ltr'><strong><em>Atque</em></strong></span> <span class='ocrx_word' id='word_1_735' title='bbox 1612 5344 1749 5397; x_wconf 86' lang='lat' dir='ltr'><strong><em>hanc</em></strong></span> 
     </span>
    </p>
   </div>
   <div class='ocr_carea' id='block_1_90' title="bbox 153 5416 1746 5482">
    <p class='ocr_par' dir='ltr' id='par_1_90' title="bbox 153 5416 1746 5482">
     <span class='ocr_line' id='line_1_91' title="bbox 153 5416 1746 5482; baseline -0.003 -11"><span class='ocrx_word' id='word_1_736' title='bbox 153 5416 455 5471; x_wconf 85' lang='lat' dir='ltr'><strong><em>lectionem</em></strong></span> <span class='ocrx_word' id='word_1_737' title='bbox 492 5419 726 5471; x_wconf 75' lang='lat' dir='ltr'><strong><em>retinent</em></strong></span> <span class='ocrx_word' id='word_1_738' title='bbox 775 5418 989 5482; x_wconf 80' lang='lat' dir='ltr'><strong><em>plurimi</em></strong></span> <span class='ocrx_word' id='word_1_739' title='bbox 1023 5429 1151 5468; x_wconf 85' lang='lat' dir='ltr'><strong><em>mss.</em></strong></span> <span class='ocrx_word' id='word_1_740' title='bbox 1186 5416 1402 5468; x_wconf 83' lang='lat' dir='ltr'><strong><em>codices</em></strong></span> <span class='ocrx_word' id='word_1_741' title='bbox 1433 5423 1489 5468; x_wconf 84' lang='lat' dir='ltr'><strong><em>et</em></strong></span> <span class='ocrx_word' id='word_1_742' title='bbox 1520 5416 1746 5469; x_wconf 82' lang='lat' dir='ltr'><strong><em>Patres:</em></strong></span> 
     </span>
    </p>
   </div>
   <div class='ocr_carea' id='block_1_91' title="bbox 145 5486 1749 5558">
    <p class='ocr_par' dir='ltr' id='par_1_91' title="bbox 145 5486 1749 5558">
     <span class='ocr_line' id='line_1_92' title="bbox 145 5486 1749 5558; baseline -0.001 -17"><span class='ocrx_word' id='word_1_743' title='bbox 145 5502 283 5558; x_wconf 74' lang='lat' dir='ltr'><strong><em>qua:</em></strong></span> <span class='ocrx_word' id='word_1_744' title='bbox 307 5486 535 5558; x_wconf 87' lang='lat' dir='ltr'><strong><em>proinde</em></strong></span> <span class='ocrx_word' id='word_1_745' title='bbox 560 5486 921 5558; x_wconf 70' lang='lat' dir='ltr'><strong><em>Lucil‘eriame</em></strong></span> <span class='ocrx_word' id='word_1_746' title='bbox 949 5487 1151 5540; x_wconf 77' lang='lat' dir='ltr'><strong><em>Domini</em></strong></span> <span class='ocrx_word' id='word_1_747' title='bbox 1178 5486 1535 5553; x_wconf 65' lang='lat' dir='ltr'><strong><em>pracferenda,</em></strong></span> <span class='ocrx_word' id='word_1_748' title='bbox 1561 5500 1749 5558; x_wconf 39' lang='lat' dir='ltr'><strong><em>quam:</em></strong></span> 
     </span>
    </p>
   </div>
   <div class='ocr_carea' id='block_1_92' title="bbox 148 5557 1750 5625">
    <p class='ocr_par' dir='ltr' id='par_1_92' title="bbox 148 5557 1750 5625">
     <span class='ocr_line' id='line_1_93' title="bbox 148 5557 1750 5625; baseline -0.003 -13"><span class='ocrx_word' id='word_1_749' title='bbox 148 5559 243 5612; x_wconf 79' lang='lat' dir='ltr'><strong><em>vis</em></strong></span> <span class='ocrx_word' id='word_1_750' title='bbox 266 5567 321 5611; x_wconf 82' lang='lat' dir='ltr'><strong><em>et</em></strong></span> <span class='ocrx_word' id='word_1_751' title='bbox 348 5557 449 5610; x_wconf 79' lang='lat' dir='ltr'><strong><em>ista</em></strong></span> <span class='ocrx_word' id='word_1_752' title='bbox 478 5560 529 5609; x_wconf 92' lang='lat' dir='ltr'><strong><em>in</em></strong></span> <span class='ocrx_word' id='word_1_753' title='bbox 561 5557 680 5611; x_wconf 80' lang='lat' dir='ltr'><strong><em>aliis</em></strong></span> <span class='ocrx_word' id='word_1_754' title='bbox 708 5560 867 5611; x_wconf 78' lang='lat' dir='ltr'><strong><em>codd.</em></strong></span> <span class='ocrx_word' id='word_1_755' title='bbox 898 5570 1111 5612; x_wconf 78' lang='lat' dir='ltr'><strong><em>exstare</em></strong></span> <span class='ocrx_word' id='word_1_756' title='bbox 1140 5567 1415 5619; x_wconf 73' lang='lat' dir='ltr'><strong><em>noscatur,</em></strong></span> <span class='ocrx_word' id='word_1_757' title='bbox 1440 5565 1603 5625; x_wconf 84' lang='lat' dir='ltr'><strong><em>atque</em></strong></span> <span class='ocrx_word' id='word_1_758' title='bbox 1630 5557 1750 5610; x_wconf 90' lang='lat' dir='ltr'><strong><em>aliis</em></strong></span> 
     </span>
    </p>
   </div>
   <div class='ocr_carea' id='block_1_93' title="bbox 145 5626 1752 5696">
    <p class='ocr_par' dir='ltr' id='par_1_93' title="bbox 145 5626 1752 5696">
     <span class='ocr_line' id='line_1_94' title="bbox 145 5626 1752 5696; baseline -0.002 -12"><span class='ocrx_word' id='word_1_759' title='bbox 145 5630 519 5696; x_wconf 77' lang='lat' dir='ltr'><strong><em>scriptoribus</em></strong></span> <span class='ocrx_word' id='word_1_760' title='bbox 563 5629 952 5684; x_wconf 71' lang='lat' dir='ltr'><strong><em>etclesiasticis</em></strong></span> <span class='ocrx_word' id='word_1_761' title='bbox 1001 5640 1256 5696; x_wconf 88' lang='lat' dir='ltr'><strong><em>usurpata</em></strong></span> <span class='ocrx_word' id='word_1_762' title='bbox 1295 5638 1568 5680; x_wconf 81' lang='lat' dir='ltr'><strong><em>occurrat.</em></strong></span> <span class='ocrx_word' id='word_1_763' title='bbox 1617 5626 1752 5681; x_wconf 81' lang='lat' dir='ltr'><strong><em>Vide</em></strong></span> 
     </span>
    </p>
   </div>
   <div class='ocr_carea' id='block_1_94' title="bbox 142 5696 1751 5756">
    <p class='ocr_par' dir='ltr' id='par_1_94' title="bbox 142 5696 1751 5756">
     <span class='ocr_line' id='line_1_95' title="bbox 142 5696 1751 5756; baseline -0.004 0"><span class='ocrx_word' id='word_1_764' title='bbox 142 5702 232 5756; x_wconf 86' lang='lat' dir='ltr'><strong><em>sis</em></strong></span> <span class='ocrx_word' id='word_1_765' title='bbox 263 5701 489 5754; x_wconf 77' lang='lat' dir='ltr'><strong><em>Mill&#39;nnn</em></strong></span> <span class='ocrx_word' id='word_1_766' title='bbox 522 5698 584 5751; x_wconf 83' lang='lat' dir='ltr'><strong><em>ad</em></strong></span> <span class='ocrx_word' id='word_1_767' title='bbox 618 5702 759 5754; x_wconf 86' lang='lat' dir='ltr'><strong><em>hunc</em></strong></span> <span class='ocrx_word' id='word_1_768' title='bbox 791 5701 986 5755; x_wconf 87' lang='lat' dir='ltr'><strong><em>locum.</em></strong></span> <span class='ocrx_word' id='word_1_769' title='bbox 1018 5699 1267 5753; x_wconf 78' lang='lat' dir='ltr'><strong><em>Gallautt.</em></strong></span> <span class='ocrx_word' id='word_1_770' title='bbox 1304 5698 1457 5753; x_wconf 70' lang='lat' dir='ltr'><strong><em>Vers.</em></strong></span> <span class='ocrx_word' id='word_1_771' title='bbox 1484 5700 1615 5750; x_wconf 76' lang='lat' dir='ltr'><strong><em>Ant.</em></strong></span> <span class='ocrx_word' id='word_1_772' title='bbox 1650 5696 1751 5750; x_wconf 88' lang='lat' dir='ltr'><strong><em>Per</em></strong></span> 
     </span>
    </p>
   </div>
   <div class='ocr_carea' id='block_1_95' title="bbox 144 5773 658 5839">
    <p class='ocr_par' dir='ltr' id='par_1_95' title="bbox 144 5773 658 5839">
     <span class='ocr_line' id='line_1_96' title="bbox 144 5773 658 5839; baseline -0.006 -14"><span class='ocrx_word' id='word_1_773' title='bbox 144 5773 460 5839; x_wconf 77' lang='lat' dir='ltr'><strong><em>sanguinem</em></strong></span> <span class='ocrx_word' id='word_1_774' title='bbox 488 5787 658 5823; x_wconf 87' lang='lat' dir='ltr'><strong><em>suum.</em></strong></span> 
     </span>
    </p>
   </div>
   <div class='ocr_carea' id='block_1_96' title="bbox 227 5839 1753 5912">
    <p class='ocr_par' dir='ltr' id='par_1_96' title="bbox 227 5839 1753 5912">
     <span class='ocr_line' id='line_1_97' title="bbox 227 5839 1753 5912; baseline -0.003 -19"><span class='ocrx_word' id='word_1_775' title='bbox 227 5846 241 5893; x_wconf 79' lang='grc' dir='ltr'><strong><em>ι</em></strong></span> <span class='ocrx_word' id='word_1_776' title='bbox 286 5842 399 5912; x_wconf 74' lang='lat' dir='ltr'><strong><em>Ego</em></strong></span> <span class='ocrx_word' id='word_1_777' title='bbox 427 5844 562 5895; x_wconf 86' lang='lat' dir='ltr'><strong><em>enim</em></strong></span> <span class='ocrx_word' id='word_1_778' title='bbox 592 5844 699 5895; x_wconf 87' lang='lat' dir='ltr'><strong><em>scio</em></strong></span> <span class='ocrx_word' id='word_1_779' title='bbox 728 5840 823 5895; x_wconf 77' lang='lat' dir='ltr'><strong><em>lioc</em></strong></span> <span class='ocrx_word' id='word_1_780' title='bbox 844 5883 859 5907; x_wconf 90' lang='lat'><strong><em>,</em></strong></span> <span class='ocrx_word' id='word_1_781' title='bbox 886 5843 1005 5912; x_wconf 74' lang='lat' dir='ltr'><strong><em>quia</em></strong></span> <span class='ocrx_word' id='word_1_782' title='bbox 1035 5844 1232 5895; x_wconf 84' lang='lat' dir='ltr'><strong><em>venient</em></strong></span> <span class='ocrx_word' id='word_1_783' title='bbox 1260 5850 1369 5911; x_wconf 82' lang='lat' dir='ltr'><strong><em>post</em></strong></span> <span class='ocrx_word' id='word_1_784' title='bbox 1390 5839 1753 5893; x_wconf 78' lang='lat' dir='ltr'><strong><em>discessionem</em></strong></span> 
     </span>
    </p>
   </div>
   <div class='ocr_carea' id='block_1_97' title="bbox 145 5912 1747 5981">
    <p class='ocr_par' dir='ltr' id='par_1_97' title="bbox 145 5912 1747 5981">
     <span class='ocr_line' id='line_1_98' title="bbox 145 5912 1747 5981; baseline -0.002 -12"><span class='ocrx_word' id='word_1_785' title='bbox 145 5929 354 5981; x_wconf 87' lang='lat' dir='ltr'><strong><em>meam,</em></strong></span> <span class='ocrx_word' id='word_1_786' title='bbox 388 5922 494 5969; x_wconf 85' lang='lat' dir='ltr'><strong><em>etc.</em></strong></span> <span class='ocrx_word' id='word_1_787' title='bbox 532 5912 685 5969; x_wconf 67' lang='grc' dir='ltr'><strong><em>νει-δ.</em></strong></span> <span class='ocrx_word' id='word_1_788' title='bbox 722 5919 848 5969; x_wconf 76' lang='lat' dir='ltr'><strong><em>Aut.</em></strong></span> <span class='ocrx_word' id='word_1_789' title='bbox 886 5912 1002 5966; x_wconf 84' lang='lat' dir='ltr'><strong><em>Hoc</em></strong></span> <span class='ocrx_word' id='word_1_790' title='bbox 1027 5914 1296 5967; x_wconf 80' lang='lat' dir='ltr'><strong><em>amittitur</em></strong></span> <span class='ocrx_word' id='word_1_791' title='bbox 1318 5921 1369 5967; x_wconf 87' lang='lat' dir='ltr'><strong><em>et</em></strong></span> <span class='ocrx_word' id='word_1_792' title='bbox 1400 5912 1451 5966; x_wconf 88' lang='lat' dir='ltr'><strong><em>in</em></strong></span> <span class='ocrx_word' id='word_1_793' title='bbox 1482 5925 1583 5966; x_wconf 83' lang='lat' dir='ltr'><strong><em>ins.</em></strong></span> <span class='ocrx_word' id='word_1_794' title='bbox 1612 5912 1747 5969; x_wconf 75' lang='lat' dir='ltr'><strong><em>Can-</em></strong></span> 
     </span>
    </p>
   </div>
   <div class='ocr_carea' id='block_1_98' title="bbox 1859 3389 3449 3467">
    <p class='ocr_par' dir='ltr' id='par_1_98' title="bbox 1859 3389 3449 3467">
     <span class='ocr_line' id='line_1_99' title="bbox 1859 3389 3449 3467; baseline 0.003 -22"><span class='ocrx_word' id='word_1_795' title='bbox 1859 3394 1980 3461; x_wconf 87' lang='lat' dir='ltr'><strong><em>pitis</em></strong></span> <span class='ocrx_word' id='word_1_796' title='bbox 2002 3392 2109 3460; x_wconf 84' lang='lat' dir='ltr'><strong><em>ejus</em></strong></span> <span class='ocrx_word' id='word_1_797' title='bbox 2131 3391 2182 3443; x_wconf 90' lang='lat' dir='ltr'><strong><em>in</em></strong></span> <span class='ocrx_word' id='word_1_798' title='bbox 2204 3389 2358 3442; x_wconf 87' lang='lat' dir='ltr'><strong><em>cubili</em></strong></span> <span class='ocrx_word' id='word_1_799' title='bbox 2384 3392 2521 3461; x_wconf 88' lang='lat' dir='ltr'><strong><em>ejus,</em></strong></span> <span class='ocrx_word' id='word_1_800' title='bbox 2545 3399 2591 3442; x_wconf 91' lang='lat' dir='ltr'><strong><em>et</em></strong></span> <span class='ocrx_word' id='word_1_801' title='bbox 2612 3391 2871 3444; x_wconf 88' lang='lat' dir='ltr'><strong><em>somnium</em></strong></span> <span class='ocrx_word' id='word_1_802' title='bbox 2895 3408 3047 3445; x_wconf 88' lang='lat' dir='ltr'><strong><em>suum</em></strong></span> <span class='ocrx_word' id='word_1_803' title='bbox 3069 3396 3311 3462; x_wconf 88' lang='lat' dir='ltr'><strong><em>scripsit:</em></strong></span> <span class='ocrx_word' id='word_1_804' title='bbox 3337 3394 3449 3467; x_wconf 79' lang='lat' dir='ltr'><strong><em>Ego</em></strong></span> 
     </span>
    </p>
   </div>
   <div class='ocr_carea' id='block_1_99' title="bbox 1854 3480 3454 3550">
    <p class='ocr_par' dir='ltr' id='par_1_99' title="bbox 1854 3480 3454 3550">
     <span class='ocr_line' id='line_1_100' title="bbox 1854 3480 3454 3550; baseline 0.001 -13"><span class='ocrx_word' id='word_1_805' title='bbox 1854 3482 2047 3537; x_wconf 83' lang='lat' dir='ltr'><strong><em>Daniel</em></strong></span> <span class='ocrx_word' id='word_1_806' title='bbox 2069 3480 2299 3535; x_wconf 81' lang='lat' dir='ltr'><strong><em>videbam</em></strong></span> <span class='ocrx_word' id='word_1_807' title='bbox 2319 3521 2332 3545; x_wconf 94' lang='lat'><strong><em>,</em></strong></span> <span class='ocrx_word' id='word_1_808' title='bbox 2365 3490 2409 3533; x_wconf 91' lang='lat' dir='ltr'><strong><em>et</em></strong></span> <span class='ocrx_word' id='word_1_809' title='bbox 2442 3496 2557 3534; x_wconf 82' lang='lat' dir='ltr'><strong><em>erce</em></strong></span> <span class='ocrx_word' id='word_1_810' title='bbox 2582 3493 2770 3550; x_wconf 84' lang='lat' dir='ltr'><strong><em>quator</em></strong></span> <span class='ocrx_word' id='word_1_811' title='bbox 2800 3484 2935 3536; x_wconf 82' lang='lat' dir='ltr'><strong><em>renti</em></strong></span> <span class='ocrx_word' id='word_1_812' title='bbox 2966 3483 3081 3538; x_wconf 77' lang='lat' dir='ltr'><strong><em>cwli</em></strong></span> <span class='ocrx_word' id='word_1_813' title='bbox 3111 3484 3454 3541; x_wconf 66' lang='lat' dir='ltr'><strong><em>immittebant</em></strong></span> 
     </span>
    </p>
   </div>
   <div class='ocr_carea' id='block_1_100' title="bbox 1850 3641 3441 3715">
    <p class='ocr_par' dir='ltr' id='par_1_100' title="bbox 1850 3641 3441 3715">
     <span class='ocr_line' id='line_1_101' title="bbox 1850 3641 3441 3715; baseline 0.001 -19"><span class='ocrx_word' id='word_1_814' title='bbox 1850 3644 1959 3715; x_wconf 73' lang='lat' dir='ltr'><strong><em>tab.</em></strong></span> <span class='ocrx_word' id='word_1_815' title='bbox 1987 3642 2159 3715; x_wconf 43' lang='lat' dir='ltr'><strong><em>Graio.</em></strong></span> <span class='ocrx_word' id='word_1_816' title='bbox 2187 3641 2577 3715; x_wconf 57' lang='lat' dir='ltr'><strong><em>sicelsutroa‘rat,</em></strong></span> <span class='ocrx_word' id='word_1_817' title='bbox 2605 3641 2894 3715; x_wconf 81' lang='lat' dir='ltr'><strong><em>intrabunt,</em></strong></span> <span class='ocrx_word' id='word_1_818' title='bbox 2920 3645 3291 3715; x_wconf 74' lang='lat' dir='ltr'><strong><em>ingrediantur,</em></strong></span> <span class='ocrx_word' id='word_1_819' title='bbox 3318 3664 3441 3706; x_wconf 83' lang='lat' dir='ltr'><strong><em>cum</em></strong></span> 
     </span>
    </p>
   </div>
   <div class='ocr_carea' id='block_1_101' title="bbox 1849 3712 3294 3785">
    <p class='ocr_par' dir='ltr' id='par_1_101' title="bbox 1849 3712 3294 3785">
     <span class='ocr_line' id='line_1_102' title="bbox 1849 3712 3294 3785; baseline 0.003 -17"><span class='ocrx_word' id='word_1_820' title='bbox 1849 3712 2025 3785; x_wconf 76' lang='lat' dir='ltr'><strong><em>Lucil.</em></strong></span> <span class='ocrx_word' id='word_1_821' title='bbox 2057 3713 2163 3766; x_wconf 83' lang='lat' dir='ltr'><strong><em>Pro</em></strong></span> <span class='ocrx_word' id='word_1_822' title='bbox 2188 3715 2295 3781; x_wconf 84' lang='lat' dir='ltr'><strong><em>lupi</em></strong></span> <span class='ocrx_word' id='word_1_823' title='bbox 2324 3728 2500 3785; x_wconf 82' lang='lat' dir='ltr'><strong><em>graves</em></strong></span> <span class='ocrx_word' id='word_1_824' title='bbox 2532 3713 2692 3766; x_wconf 83' lang='lat' dir='ltr'><strong><em>habet</em></strong></span> <span class='ocrx_word' id='word_1_825' title='bbox 2726 3715 2836 3785; x_wconf 82' lang='lat' dir='ltr'><strong><em>lupi</em></strong></span> <span class='ocrx_word' id='word_1_826' title='bbox 2863 3712 3079 3780; x_wconf 76' lang='lat' dir='ltr'><strong><em>rapaces</em></strong></span> <span class='ocrx_word' id='word_1_827' title='bbox 3110 3716 3294 3773; x_wconf 87' lang='lat' dir='ltr'><strong><em>Sabat.</em></strong></span> 
     </span>
    </p>
   </div>
   <div class='ocr_carea' id='block_1_102' title="bbox 1890 3782 3438 3857">
    <p class='ocr_par' dir='ltr' id='par_1_102' title="bbox 1890 3782 3438 3857">
     <span class='ocr_line' id='line_1_103' title="bbox 1890 3782 3438 3857; baseline 0.006 -21"><span class='ocrx_word' id='word_1_828' title='bbox 1890 3782 1902 3790; x_wconf 88' lang='grc'><strong>’</strong></span> <span class='ocrx_word' id='word_1_829' title='bbox 1921 3783 1947 3821; x_wconf 71' lang='grc' dir='ltr'>λι</span> <span class='ocrx_word' id='word_1_830' title='bbox 1982 3784 2045 3837; x_wconf 73' lang='lat' dir='ltr'><strong><em>Et</em></strong></span> <span class='ocrx_word' id='word_1_831' title='bbox 2072 3800 2138 3857; x_wconf 76' lang='lat' dir='ltr'><strong><em>ex</em></strong></span> <span class='ocrx_word' id='word_1_832' title='bbox 2335 3785 2429 3834; x_wconf 86' lang='lat' dir='ltr'><strong><em>viri</em></strong></span> <span class='ocrx_word' id='word_1_833' title='bbox 2460 3782 2719 3857; x_wconf 83' lang='lat' dir='ltr'><strong><em>loquentes</em></strong></span> <span class='ocrx_word' id='word_1_834' title='bbox 2885 3798 2998 3857; x_wconf 78' lang='lat' dir='ltr'><strong><em>post</em></strong></span> <span class='ocrx_word' id='word_1_835' title='bbox 3028 3788 3222 3857; x_wconf 87' lang='lat' dir='ltr'><strong><em>seipsos</em></strong></span> <span class='ocrx_word' id='word_1_836' title='bbox 3281 3790 3438 3846; x_wconf 75' lang='lat' dir='ltr'><strong><em>Vcrs.</em></strong></span> 
     </span>
    </p>
   </div>
   <div class='ocr_carea' id='block_1_103' title="bbox 1849 3853 3079 3924">
    <p class='ocr_par' dir='ltr' id='par_1_103' title="bbox 1849 3853 3079 3924">
     <span class='ocr_line' id='line_1_104' title="bbox 1849 3853 3079 3924; baseline 0 -14"><span class='ocrx_word' id='word_1_837' title='bbox 1849 3854 1978 3924; x_wconf 83' lang='lat' dir='ltr'><strong><em>Aul.</em></strong></span> <span class='ocrx_word' id='word_1_838' title='bbox 2016 3856 2281 3907; x_wconf 80' lang='lat' dir='ltr'><strong><em>Abducant</em></strong></span> <span class='ocrx_word' id='word_1_839' title='bbox 2316 3869 2411 3921; x_wconf 85' lang='lat' dir='ltr'><strong><em>pro</em></strong></span> <span class='ocrx_word' id='word_1_840' title='bbox 2438 3853 2701 3914; x_wconf 77' lang='lat' dir='ltr'><strong><em>adducant</em></strong></span> <span class='ocrx_word' id='word_1_841' title='bbox 2736 3857 2864 3924; x_wconf 83' lang='lat' dir='ltr'><strong><em>legit</em></strong></span> <span class='ocrx_word' id='word_1_842' title='bbox 2893 3856 3079 3911; x_wconf 83' lang='lat' dir='ltr'><strong><em>Sabat.</em></strong></span> 
     </span>
    </p>
   </div>
   <div class='ocr_carea' id='block_1_104' title="bbox 1929 3923 3079 3987">
    <p class='ocr_par' dir='ltr' id='par_1_104' title="bbox 1929 3923 3079 3987">
     <span class='ocr_line' id='line_1_105' title="bbox 1929 3923 3079 3987; baseline 0.002 -10"><span class='ocrx_word' id='word_1_843' title='bbox 1929 3923 1945 3962; x_wconf 80' lang='grc' dir='ltr'><strong><em>ι</em></strong></span> <span class='ocrx_word' id='word_1_844' title='bbox 1983 3924 2236 3977; x_wconf 79' lang='lat' dir='ltr'><strong><em>Memoria</em></strong></span> <span class='ocrx_word' id='word_1_845' title='bbox 2264 3924 2530 3978; x_wconf 82' lang='lat' dir='ltr'><strong><em>retinentes</em></strong></span> <span class='ocrx_word' id='word_1_846' title='bbox 2550 3964 2567 3987; x_wconf 89' lang='lat'><strong><em>,</em></strong></span> <span class='ocrx_word' id='word_1_847' title='bbox 2599 3936 2651 3978; x_wconf 89' lang='lat' dir='ltr'><strong><em>et</em></strong></span> <span class='ocrx_word' id='word_1_848' title='bbox 2681 3923 2912 3979; x_wconf 78' lang='lat' dir='ltr'><strong><em>monens.</em></strong></span> <span class='ocrx_word' id='word_1_849' title='bbox 2945 3928 3079 3981; x_wconf 80' lang='lat' dir='ltr'><strong><em>Ead.</em></strong></span> 
     </span>
    </p>
   </div>
   <div class='ocr_carea' id='block_1_105' title="bbox 1922 3994 3438 4070">
    <p class='ocr_par' dir='ltr' id='par_1_105' title="bbox 1922 3994 3438 4070">
     <span class='ocr_line' id='line_1_106' title="bbox 1922 3994 3438 4070; baseline 0.007 -21"><span class='ocrx_word' id='word_1_850' title='bbox 1922 4004 1961 4031; x_wconf 75' lang='grc' dir='ltr'><strong><em>³η</em></strong></span> <span class='ocrx_word' id='word_1_851' title='bbox 1988 3994 2305 4070; x_wconf 79' lang='lat' dir='ltr'><strong><em>Gallandins</em></strong></span> <span class='ocrx_word' id='word_1_852' title='bbox 2335 3995 2505 4049; x_wconf 89' lang='lat' dir='ltr'><strong><em>edidit</em></strong></span> <span class='ocrx_word' id='word_1_853' title='bbox 2535 4012 2627 4049; x_wconf 85' lang='lat' dir='ltr'><strong><em>nos</em></strong></span> <span class='ocrx_word' id='word_1_854' title='bbox 2668 3998 2938 4066; x_wconf 83' lang='lat' dir='ltr'><strong><em>episc0pi;</em></strong></span> <span class='ocrx_word' id='word_1_855' title='bbox 2968 4000 3063 4056; x_wconf 86' lang='lat' dir='ltr'><strong><em>sed</em></strong></span> <span class='ocrx_word' id='word_1_856' title='bbox 3085 4015 3285 4058; x_wconf 79' lang='lat' dir='ltr'><strong><em>sensus</em></strong></span> <span class='ocrx_word' id='word_1_857' title='bbox 3312 4014 3394 4059; x_wconf 89' lang='lat' dir='ltr'><strong><em>est</em></strong></span> <span class='ocrx_word' id='word_1_858' title='bbox 3425 4046 3438 4070; x_wconf 89' lang='lat'><strong><em>,</em></strong></span> 
     </span>
    </p>
   </div>
   <div class='ocr_carea' id='block_1_106' title="bbox 1854 4065 2440 4135">
    <p class='ocr_par' dir='ltr' id='par_1_106' title="bbox 1854 4065 2440 4135">
     <span class='ocr_line' id='line_1_107' title="bbox 1854 4065 2440 4135; baseline -0.005 -17"><span class='ocrx_word' id='word_1_859' title='bbox 1854 4082 1968 4129; x_wconf 86' lang='lat' dir='ltr'><strong><em>nos,</em></strong></span> <span class='ocrx_word' id='word_1_860' title='bbox 1998 4083 2127 4135; x_wconf 80' lang='lat' dir='ltr'><strong><em>quos</em></strong></span> <span class='ocrx_word' id='word_1_861' title='bbox 2154 4065 2440 4131; x_wconf 84' lang='lat' dir='ltr'><strong><em>episcopos.</em></strong></span> 
     </span>
    </p>
   </div>
   <div class='ocr_carea' id='block_1_107' title="bbox 1928 4136 2507 4207">
    <p class='ocr_par' dir='ltr' id='par_1_107' title="bbox 1928 4136 2507 4207">
     <span class='ocr_line' id='line_1_108' title="bbox 1928 4136 2507 4207; baseline -0.005 -16"><span class='ocrx_word' id='word_1_862' title='bbox 1928 4146 1953 4172; x_wconf 73' lang='grc' dir='ltr'>ι’</span> <span class='ocrx_word' id='word_1_863' title='bbox 1993 4137 2300 4207; x_wconf 72' lang='lat' dir='ltr'><strong><em>Regendum.</em></strong></span> <span class='ocrx_word' id='word_1_864' title='bbox 2332 4136 2507 4191; x_wconf 87' lang='lat' dir='ltr'><strong><em>Latin.</em></strong></span> 
     </span>
    </p>
   </div>
   <div class='ocr_carea' id='block_1_108' title="bbox 1929 4208 3442 4285">
    <p class='ocr_par' dir='ltr' id='par_1_108' title="bbox 1929 4208 3442 4285">
     <span class='ocr_line' id='line_1_109' title="bbox 1929 4208 3442 4285; baseline 0.005 -24"><span class='ocrx_word' id='word_1_865' title='bbox 1929 4208 2206 4261; x_wconf 86' lang='lat' dir='ltr'><strong><em>°Aurium</em></strong></span> <span class='ocrx_word' id='word_1_866' title='bbox 2257 4218 2635 4285; x_wconf 75' lang='lat' dir='ltr'><strong><em>ornamentum</em></strong></span> <span class='ocrx_word' id='word_1_867' title='bbox 2688 4208 2859 4285; x_wconf 82' lang='lat' dir='ltr'><strong><em>viris,</em></strong></span> <span class='ocrx_word' id='word_1_868' title='bbox 2909 4226 2973 4285; x_wconf 75' lang='lat' dir='ltr'><strong><em>ac</em></strong></span> <span class='ocrx_word' id='word_1_869' title='bbox 3026 4210 3241 4268; x_wconf 82' lang='lat' dir='ltr'><strong><em>feminis</em></strong></span> <span class='ocrx_word' id='word_1_870' title='bbox 3287 4230 3442 4285; x_wconf 60' lang='lat' dir='ltr'><strong><em>a&#39;qne</em></strong></span> 
     </span>
    </p>
   </div>
   <div class='ocr_carea' id='block_1_109' title="bbox 1856 4278 3440 4343">
    <p class='ocr_par' dir='ltr' id='par_1_109' title="bbox 1856 4278 3440 4343">
     <span class='ocr_line' id='line_1_110' title="bbox 1856 4278 3440 4343; baseline 0.004 -10"><span class='ocrx_word' id='word_1_871' title='bbox 1856 4294 2180 4343; x_wconf 89' lang='lat' dir='ltr'><strong><em>commune,</em></strong></span> <span class='ocrx_word' id='word_1_872' title='bbox 2225 4279 2317 4332; x_wconf 89' lang='lat' dir='ltr'><strong><em>sed</em></strong></span> <span class='ocrx_word' id='word_1_873' title='bbox 2363 4278 2675 4333; x_wconf 77' lang='lat' dir='ltr'><strong><em>inriente</em></strong></span> <span class='ocrx_word' id='word_1_874' title='bbox 2717 4280 3029 4335; x_wconf 84' lang='lat' dir='ltr'><strong><em>hominibus</em></strong></span> <span class='ocrx_word' id='word_1_875' title='bbox 3068 4286 3238 4337; x_wconf 87' lang='lat' dir='ltr'><strong><em>multo</em></strong></span> <span class='ocrx_word' id='word_1_876' title='bbox 3269 4278 3440 4340; x_wconf 68' lang='lat' dir='ltr'><strong><em>usua-</em></strong></span> 
     </span>
    </p>
   </div>
   <div class='ocr_carea' id='block_1_110' title="bbox 1856 4349 3437 4425">
    <p class='ocr_par' dir='ltr' id='par_1_110' title="bbox 1856 4349 3437 4425">
     <span class='ocr_line' id='line_1_111' title="bbox 1856 4349 3437 4425; baseline 0.006 -23"><span class='ocrx_word' id='word_1_877' title='bbox 1856 4356 1997 4425; x_wconf 86' lang='lat' dir='ltr'><strong><em>t_ius_.</em></strong></span> <span class='ocrx_word' id='word_1_878' title='bbox 2042 4352 2342 4425; x_wconf 66' lang='lat' dir='ltr'><strong><em>pricsertim</em></strong></span> <span class='ocrx_word' id='word_1_879' title='bbox 2389 4349 2747 4425; x_wconf 78' lang='lat' dir='ltr'><strong><em>principibus.</em></strong></span> <span class='ocrx_word' id='word_1_880' title='bbox 2780 4350 2921 4408; x_wconf 83' lang='lat' dir='ltr'><strong><em>Plin.</em></strong></span> <span class='ocrx_word' id='word_1_881' title='bbox 2954 4354 3050 4406; x_wconf 88' lang='lat' dir='ltr'><strong><em>lib.</em></strong></span> <span class='ocrx_word' id='word_1_882' title='bbox 3086 4370 3164 4416; x_wconf 77' lang='grc' dir='ltr'>χι,</span> <span class='ocrx_word' id='word_1_883' title='bbox 3196 4371 3316 4425; x_wconf 87' lang='lat' dir='ltr'><strong><em>cap.</em></strong></span> <span class='ocrx_word' id='word_1_884' title='bbox 3352 4359 3437 4413; x_wconf 76' lang='lat'><strong><em>37.</em></strong></span> 
     </span>
    </p>
   </div>
   <div class='ocr_carea' id='block_1_111' title="bbox 1855 4418 3440 4502">
    <p class='ocr_par' dir='ltr' id='par_1_111' title="bbox 1855 4418 3440 4502">
     <span class='ocr_line' id='line_1_112' title="bbox 1855 4418 3440 4502; baseline 0.006 -29"><span class='ocrx_word' id='word_1_885' title='bbox 1855 4419 1921 4473; x_wconf 91' lang='lat' dir='ltr'><strong><em>In</em></strong></span> <span class='ocrx_word' id='word_1_886' title='bbox 1952 4418 2411 4502; x_wconf 37' lang='lat' dir='ltr'><strong><em>Drienteuguid‘cm</em></strong></span> <span class='ocrx_word' id='word_1_887' title='bbox 2445 4430 2492 4472; x_wconf 88' lang='lat' dir='ltr'><strong><em>et</em></strong></span> <span class='ocrx_word' id='word_1_888' title='bbox 2532 4420 2650 4500; x_wconf 77' lang='lat' dir='ltr'><strong><em>viris</em></strong></span> <span class='ocrx_word' id='word_1_889' title='bbox 2680 4437 2866 4502; x_wconf 69' lang='lat' dir='ltr'><strong><em>aurum</em></strong></span> <span class='ocrx_word' id='word_1_890' title='bbox 2905 4433 3105 4493; x_wconf 84' lang='lat' dir='ltr'><strong><em>gestare</em></strong></span> <span class='ocrx_word' id='word_1_891' title='bbox 3135 4442 3194 4479; x_wconf 86' lang='lat' dir='ltr'><strong><em>eo</em></strong></span> <span class='ocrx_word' id='word_1_892' title='bbox 3230 4418 3328 4482; x_wconf 80' lang='lat' dir='ltr'><strong><em>loci</em></strong></span> <span class='ocrx_word' id='word_1_893' title='bbox 3360 4432 3440 4502; x_wconf 90' lang='lat' dir='ltr'><strong><em>(in</em></strong></span> 
     </span>
    </p>
   </div>
   <div class='ocr_carea' id='block_1_112' title="bbox 1848 4490 2903 4558">
    <p class='ocr_par' dir='ltr' id='par_1_112' title="bbox 1848 4490 2903 4558">
     <span class='ocr_line' id='line_1_113' title="bbox 1848 4490 2903 4558; baseline 0.001 -13"><span class='ocrx_word' id='word_1_894' title='bbox 1848 4492 2074 4545; x_wconf 82' lang='lat' dir='ltr'><strong><em>auribus</em></strong></span> <span class='ocrx_word' id='word_1_895' title='bbox 2104 4491 2349 4558; x_wconf 89' lang='lat' dir='ltr'><strong><em>scilicet)</em></strong></span> <span class='ocrx_word' id='word_1_896' title='bbox 2379 4492 2533 4543; x_wconf 83' lang='lat' dir='ltr'><strong><em>decus</em></strong></span> <span class='ocrx_word' id='word_1_897' title='bbox 2563 4490 2903 4547; x_wconf 75' lang='lat' dir='ltr'><strong><em>existimatur.</em></strong></span> 
     </span>
    </p>
   </div>
   <div class='ocr_carea' id='block_1_113' title="bbox 1922 4560 3439 4635">
    <p class='ocr_par' dir='ltr' id='par_1_113' title="bbox 1922 4560 3439 4635">
     <span class='ocr_line' id='line_1_114' title="bbox 1922 4560 3439 4635; baseline 0.009 -26"><span class='ocrx_word' id='word_1_898' title='bbox 1922 4571 1947 4609; x_wconf 77' lang='grc' dir='ltr'>ι»</span> <span class='ocrx_word' id='word_1_899' title='bbox 1980 4560 2203 4614; x_wconf 78' lang='lat' dir='ltr'><strong><em>Videtur</em></strong></span> <span class='ocrx_word' id='word_1_900' title='bbox 2250 4562 2416 4615; x_wconf 89' lang='lat' dir='ltr'><strong><em>dictio</em></strong></span> <span class='ocrx_word' id='word_1_901' title='bbox 2458 4578 2486 4635; x_wconf 80' lang='lat' dir='ltr'><strong><em>e</em></strong></span> <span class='ocrx_word' id='word_1_902' title='bbox 2530 4561 2723 4635; x_wconf 77' lang='lat' dir='ltr'><strong><em>Latino</em></strong></span> <span class='ocrx_word' id='word_1_903' title='bbox 2769 4574 2823 4617; x_wconf 90' lang='lat' dir='ltr'><strong><em>et</em></strong></span> <span class='ocrx_word' id='word_1_904' title='bbox 2866 4565 3058 4620; x_wconf 67' lang='grc' dir='ltr'><strong><em>(ἰτέηςο</em></strong></span> <span class='ocrx_word' id='word_1_905' title='bbox 3097 4570 3439 4635; x_wconf 80' lang='lat' dir='ltr'><strong><em>composita.</em></strong></span> 
     </span>
    </p>
   </div>
   <div class='ocr_carea' id='block_1_114' title="bbox 1854 4633 3443 4701">
    <p class='ocr_par' dir='ltr' id='par_1_114' title="bbox 1854 4633 3443 4701">
     <span class='ocr_line' id='line_1_115' title="bbox 1854 4633 3443 4701; baseline 0.006 -16"><span class='ocrx_word' id='word_1_906' title='bbox 1854 4646 1950 4701; x_wconf 91' lang='lat' dir='ltr'><strong><em>pro</em></strong></span> <span class='ocrx_word' id='word_1_907' title='bbox 1979 4644 2304 4685; x_wconf 85' lang='lat' dir='ltr'><strong><em>ornamento</em></strong></span> <span class='ocrx_word' id='word_1_908' title='bbox 2335 4633 2565 4700; x_wconf 69' lang='lat' dir='ltr'><strong><em>quiulam</em></strong></span> <span class='ocrx_word' id='word_1_909' title='bbox 2595 4634 2645 4686; x_wconf 84' lang='lat' dir='ltr'><strong><em>in</em></strong></span> <span class='ocrx_word' id='word_1_910' title='bbox 2682 4649 2841 4687; x_wconf 87' lang='lat' dir='ltr'><strong><em>manu</em></strong></span> <span class='ocrx_word' id='word_1_911' title='bbox 2872 4636 3115 4691; x_wconf 79' lang='lat' dir='ltr'><strong><em>dextera.</em></strong></span> <span class='ocrx_word' id='word_1_912' title='bbox 3156 4633 3262 4692; x_wconf 11' lang='lat' dir='ltr'><strong><em>Titi.</em></strong></span> <span class='ocrx_word' id='word_1_913' title='bbox 3298 4652 3346 4693; x_wconf 86' lang='lat' dir='ltr'><strong><em>et</em></strong></span> <span class='ocrx_word' id='word_1_914' title='bbox 3392 4643 3443 4694; x_wconf 88' lang='lat' dir='ltr'><strong><em>la</em></strong></span> 
     </span>
    </p>
   </div>
   <div class='ocr_carea' id='block_1_115' title="bbox 1852 4702 3440 4785">
    <p class='ocr_par' dir='ltr' id='par_1_115' title="bbox 1852 4702 3440 4785">
     <span class='ocr_line' id='line_1_116' title="bbox 1852 4702 3440 4785; baseline 0.006 -30"><span class='ocrx_word' id='word_1_915' title='bbox 1852 4702 2038 4785; x_wconf 55' lang='lat' dir='ltr'><strong><em>Cerdo:</em></strong></span> <span class='ocrx_word' id='word_1_916' title='bbox 2068 4703 2390 4785; x_wconf 46' lang='lat' dir='ltr'><strong><em>{fimi‘ruma</em></strong></span> <span class='ocrx_word' id='word_1_917' title='bbox 2410 4703 2601 4785; x_wconf 51' lang='lat' dir='ltr'><strong><em>Latino</em></strong></span> <span class='ocrx_word' id='word_1_918' title='bbox 2632 4707 2907 4785; x_wconf 44' lang='lat' dir='ltr'><strong><em>deneget</em></strong></span> <span class='ocrx_word' id='word_1_919' title='bbox 2930 4706 3144 4785; x_wconf 62' lang='lat' dir='ltr'><strong><em>Graeco,</em></strong></span> <span class='ocrx_word' id='word_1_920' title='bbox 3177 4714 3299 4785; x_wconf 66' lang='grc' dir='ltr'><strong><em>χεᾷρ</em></strong></span> <span class='ocrx_word' id='word_1_921' title='bbox 3326 4727 3440 4785; x_wconf 51' lang='lat' dir='ltr'><strong><em>mag</em></strong></span> 
     </span>
    </p>
   </div>
   <div class='ocr_carea' id='block_1_116' title="bbox 1851 4772 3442 4844">
    <p class='ocr_par' dir='ltr' id='par_1_116' title="bbox 1851 4772 3442 4844">
     <span class='ocr_line' id='line_1_117' title="bbox 1851 4772 3442 4844; baseline 0.008 -19"><span class='ocrx_word' id='word_1_922' title='bbox 1851 4791 1965 4827; x_wconf 83' lang='lat' dir='ltr'><strong><em>nus.</em></strong></span> <span class='ocrx_word' id='word_1_923' title='bbox 2002 4772 2146 4828; x_wconf 82' lang='lat' dir='ltr'><strong><em>ADu</em></strong></span> <span class='ocrx_word' id='word_1_924' title='bbox 2183 4772 2388 4844; x_wconf 85' lang='lat' dir='ltr'><strong><em>Cangio</em></strong></span> <span class='ocrx_word' id='word_1_925' title='bbox 2428 4776 2480 4828; x_wconf 91' lang='lat' dir='ltr'><strong><em>in</em></strong></span> <span class='ocrx_word' id='word_1_926' title='bbox 2522 4775 2698 4828; x_wconf 87' lang='lat' dir='ltr'><strong><em>Gloss.</em></strong></span> <span class='ocrx_word' id='word_1_927' title='bbox 2746 4776 2948 4832; x_wconf 86' lang='lat' dir='ltr'><strong><em>dicitur</em></strong></span> <span class='ocrx_word' id='word_1_928' title='bbox 2990 4772 3442 4837; x_wconf 58' lang='lat' dir='ltr'><strong><em>bracln&#39;i&#39;dextcti</em></strong></span> 
     </span>
    </p>
   </div>
   <div class='ocr_carea' id='block_1_117' title="bbox 1851 4845 3444 4921">
    <p class='ocr_par' dir='ltr' id='par_1_117' title="bbox 1851 4845 3444 4921">
     <span class='ocr_line' id='line_1_118' title="bbox 1851 4845 3444 4921; baseline 0.007 -27"><span class='ocrx_word' id='word_1_929' title='bbox 1851 4855 2268 4921; x_wconf 72' lang='lat' dir='ltr'><strong><em>ornamentum,</em></strong></span> <span class='ocrx_word' id='word_1_930' title='bbox 2302 4853 2527 4921; x_wconf 80' lang='lat' dir='ltr'><strong><em>auctore</em></strong></span> <span class='ocrx_word' id='word_1_931' title='bbox 2558 4845 2860 4921; x_wconf 10' lang='lat' dir='ltr'><strong><em>Ugutione‘;</em></strong></span> <span class='ocrx_word' id='word_1_932' title='bbox 2890 4850 2983 4902; x_wconf 86' lang='lat' dir='ltr'><strong><em>sed</em></strong></span> <span class='ocrx_word' id='word_1_933' title='bbox 3019 4850 3064 4903; x_wconf 73' lang='lat' dir='ltr'><strong><em>si</em></strong></span> <span class='ocrx_word' id='word_1_934' title='bbox 3096 4860 3313 4921; x_wconf 75' lang='lat' dir='ltr'><strong><em>ctymon</em></strong></span> <span class='ocrx_word' id='word_1_935' title='bbox 3347 4868 3444 4905; x_wconf 89' lang='lat' dir='ltr'><strong><em>no-</em></strong></span> 
     </span>
    </p>
   </div>
   <div class='ocr_carea' id='block_1_118' title="bbox 1853 4916 3439 4993">
    <p class='ocr_par' dir='ltr' id='par_1_118' title="bbox 1853 4916 3439 4993">
     <span class='ocr_line' id='line_1_119' title="bbox 1853 4916 3439 4993; baseline 0.006 -24"><span class='ocrx_word' id='word_1_936' title='bbox 1853 4916 2019 4993; x_wconf 79' lang='lat' dir='ltr'><strong><em>iuinis</em></strong></span> <span class='ocrx_word' id='word_1_937' title='bbox 2044 4918 2359 4971; x_wconf 87' lang='lat' dir='ltr'><strong><em>consideres</em></strong></span> <span class='ocrx_word' id='word_1_938' title='bbox 2381 4956 2395 4980; x_wconf 91' lang='lat'><strong><em>,</em></strong></span> <span class='ocrx_word' id='word_1_939' title='bbox 2431 4916 2643 4971; x_wconf 87' lang='lat' dir='ltr'><strong><em>videtur</em></strong></span> <span class='ocrx_word' id='word_1_940' title='bbox 2675 4916 3207 4993; x_wconf 47' lang='lat' dir='ltr'><strong><em>arrrtillgquoddnht</em></strong></span> <span class='ocrx_word' id='word_1_941' title='bbox 3239 4938 3439 4993; x_wconf 85' lang='lat' dir='ltr'><strong><em>genus.</em></strong></span> 
     </span>
    </p>
   </div>
   <div class='ocr_carea' id='block_1_119' title="bbox 1851 4988 3437 5058">
    <p class='ocr_par' dir='ltr' id='par_1_119' title="bbox 1851 4988 3437 5058">
     <span class='ocr_line' id='line_1_120' title="bbox 1851 4988 3437 5058; baseline 0.007 -20"><span class='ocrx_word' id='word_1_942' title='bbox 1851 4989 2210 5058; x_wconf 79' lang='lat' dir='ltr'><strong><em>quodextcra</em></strong></span> <span class='ocrx_word' id='word_1_943' title='bbox 2244 5002 2436 5041; x_wconf 89' lang='lat' dir='ltr'><strong><em>manus</em></strong></span> <span class='ocrx_word' id='word_1_944' title='bbox 2467 4998 2792 5058; x_wconf 84' lang='lat' dir='ltr'><strong><em>ornaretur:</em></strong></span> <span class='ocrx_word' id='word_1_945' title='bbox 2827 4988 2959 5044; x_wconf 88' lang='lat' dir='ltr'><strong><em>viris</em></strong></span> <span class='ocrx_word' id='word_1_946' title='bbox 3002 5002 3184 5048; x_wconf 82' lang='lat' dir='ltr'><strong><em>tamen</em></strong></span> <span class='ocrx_word' id='word_1_947' title='bbox 3208 4988 3317 5056; x_wconf 31' lang='lat' dir='ltr'><strong><em>(ac</em></strong></span> <span class='ocrx_word' id='word_1_948' title='bbox 3361 4994 3437 5050; x_wconf 85' lang='lat' dir='ltr'><strong><em>le-</em></strong></span> 
     </span>
    </p>
   </div>
   <div class='ocr_carea' id='block_1_120' title="bbox 1853 5057 3443 5128">
    <p class='ocr_par' dir='ltr' id='par_1_120' title="bbox 1853 5057 3443 5128">
     <span class='ocr_line' id='line_1_121' title="bbox 1853 5057 3443 5128; baseline 0.007 -18"><span class='ocrx_word' id='word_1_949' title='bbox 1853 5057 2014 5111; x_wconf 87' lang='lat' dir='ltr'><strong><em>minis</em></strong></span> <span class='ocrx_word' id='word_1_950' title='bbox 2042 5073 2331 5113; x_wconf 81' lang='lat' dir='ltr'><strong><em>Commune</em></strong></span> <span class='ocrx_word' id='word_1_951' title='bbox 2352 5058 2449 5112; x_wconf 86' lang='lat' dir='ltr'><strong><em>luit</em></strong></span> <span class='ocrx_word' id='word_1_952' title='bbox 2470 5099 2483 5120; x_wconf 89' lang='lat'><strong><em>,</em></strong></span> <span class='ocrx_word' id='word_1_953' title='bbox 2517 5060 2567 5111; x_wconf 92' lang='lat' dir='ltr'><strong><em>in</em></strong></span> <span class='ocrx_word' id='word_1_954' title='bbox 2595 5057 2821 5112; x_wconf 89' lang='lat' dir='ltr'><strong><em>Oriente</em></strong></span> <span class='ocrx_word' id='word_1_955' title='bbox 2853 5064 3151 5128; x_wconf 64' lang='lat' dir='ltr'><strong><em>prtcscrtitn</em></strong></span> <span class='ocrx_word' id='word_1_956' title='bbox 3170 5103 3186 5128; x_wconf 96' lang='lat'><strong><em>,</em></strong></span> <span class='ocrx_word' id='word_1_957' title='bbox 3215 5078 3337 5118; x_wconf 90' lang='lat' dir='ltr'><strong><em>cum</em></strong></span> <span class='ocrx_word' id='word_1_958' title='bbox 3364 5081 3443 5121; x_wconf 74' lang='lat' dir='ltr'><strong><em>ea:</em></strong></span> 
     </span>
    </p>
   </div>
   <div class='ocr_carea' id='block_1_121' title="bbox 1849 5126 3146 5198">
    <p class='ocr_par' dir='ltr' id='par_1_121' title="bbox 1849 5126 3146 5198">
     <span class='ocr_line' id='line_1_122' title="bbox 1849 5126 3146 5198; baseline 0.002 -16"><span class='ocrx_word' id='word_1_959' title='bbox 1849 5138 2040 5198; x_wconf 86' lang='lat' dir='ltr'><strong><em>gentes</em></strong></span> <span class='ocrx_word' id='word_1_960' title='bbox 2074 5129 2381 5196; x_wconf 87' lang='lat' dir='ltr'><strong><em>hujusmodi</em></strong></span> <span class='ocrx_word' id='word_1_961' title='bbox 2414 5130 2747 5183; x_wconf 87' lang='lat' dir='ltr'><strong><em>ornamentis</em></strong></span> <span class='ocrx_word' id='word_1_962' title='bbox 2779 5126 3146 5186; x_wconf 83' lang='lat' dir='ltr'><strong><em>delectentur.</em></strong></span> 
     </span>
    </p>
   </div>
   <div class='ocr_carea' id='block_1_122' title="bbox 1923 5198 3440 5262">
    <p class='ocr_par' dir='ltr' id='par_1_122' title="bbox 1923 5198 3440 5262">
     <span class='ocr_line' id='line_1_123' title="bbox 1923 5198 3440 5262; baseline 0.003 -8"><span class='ocrx_word' id='word_1_963' title='bbox 1923 5210 1951 5247; x_wconf 77' lang='grc' dir='ltr'>(ι</span> <span class='ocrx_word' id='word_1_964' title='bbox 1978 5198 2152 5254; x_wconf 65' lang='lat' dir='ltr'><strong><em>Greco.</em></strong></span> <span class='ocrx_word' id='word_1_965' title='bbox 2186 5204 2446 5262; x_wconf 79' lang='grc' dir='ltr'><strong><em>ἀτενίσας.</em></strong></span> <span class='ocrx_word' id='word_1_966' title='bbox 2479 5200 2631 5254; x_wconf 82' lang='lat' dir='ltr'><strong><em>Vers.</em></strong></span> <span class='ocrx_word' id='word_1_967' title='bbox 2658 5203 2782 5253; x_wconf 83' lang='lat' dir='ltr'><strong><em>Ant.</em></strong></span> <span class='ocrx_word' id='word_1_968' title='bbox 2809 5202 3103 5257; x_wconf 79' lang='lat' dir='ltr'><strong><em>Adtendcns</em></strong></span> <span class='ocrx_word' id='word_1_969' title='bbox 3122 5214 3291 5257; x_wconf 85' lang='lat' dir='ltr'><strong><em>autem</em></strong></span> <span class='ocrx_word' id='word_1_970' title='bbox 3314 5222 3440 5259; x_wconf 86' lang='lat' dir='ltr'><strong><em>con-</em></strong></span> 
     </span>
    </p>
   </div>
   <div class='ocr_carea' id='block_1_123' title="bbox 1849 5268 3443 5342">
    <p class='ocr_par' dir='ltr' id='par_1_123' title="bbox 1849 5268 3443 5342">
     <span class='ocr_line' id='line_1_124' title="bbox 1849 5268 3443 5342; baseline 0.006 -21"><span class='ocrx_word' id='word_1_971' title='bbox 1849 5268 1971 5342; x_wconf 86' lang='lat' dir='ltr'><strong><em>cilio</em></strong></span> <span class='ocrx_word' id='word_1_972' title='bbox 2104 5287 2226 5342; x_wconf 83' lang='lat' dir='ltr'><strong><em>sum</em></strong></span> <span class='ocrx_word' id='word_1_973' title='bbox 2256 5269 2368 5327; x_wconf 90' lang='lat' dir='ltr'><strong><em>Deo</em></strong></span> <span class='ocrx_word' id='word_1_974' title='bbox 2394 5288 2555 5342; x_wconf 86' lang='lat' dir='ltr'><strong><em>usque</em></strong></span> <span class='ocrx_word' id='word_1_975' title='bbox 2585 5271 2718 5325; x_wconf 84' lang='lat' dir='ltr'><strong><em>hanc</em></strong></span> <span class='ocrx_word' id='word_1_976' title='bbox 2748 5271 2904 5326; x_wconf 86' lang='lat' dir='ltr'><strong><em>diem.</em></strong></span> <span class='ocrx_word' id='word_1_977' title='bbox 2938 5273 3128 5330; x_wconf 81' lang='lat' dir='ltr'><strong><em>Sabat.</em></strong></span> <span class='ocrx_word' id='word_1_978' title='bbox 3162 5275 3327 5333; x_wconf 82' lang='lat' dir='ltr'><strong><em>habet</em></strong></span> <span class='ocrx_word' id='word_1_979' title='bbox 3359 5278 3443 5331; x_wconf 77' lang='lat' dir='ltr'><strong><em>di—</em></strong></span> 
     </span>
    </p>
   </div>
   <div class='ocr_carea' id='block_1_124' title="bbox 1850 5340 2231 5409">
    <p class='ocr_par' dir='ltr' id='par_1_124' title="bbox 1850 5340 2231 5409">
     <span class='ocr_line' id='line_1_125' title="bbox 1850 5340 2231 5409; baseline 0.005 -16"><span class='ocrx_word' id='word_1_980' title='bbox 1850 5340 1919 5393; x_wconf 89' lang='lat' dir='ltr'><strong><em>cit</em></strong></span> <span class='ocrx_word' id='word_1_981' title='bbox 1950 5354 2046 5409; x_wconf 88' lang='lat' dir='ltr'><strong><em>pro</em></strong></span> <span class='ocrx_word' id='word_1_982' title='bbox 2076 5340 2231 5395; x_wconf 74' lang='lat' dir='ltr'><strong><em>dixit.</em></strong></span> 
     </span>
    </p>
   </div>
   <div class='ocr_carea' id='block_1_125' title="bbox 1928 5411 3445 5487">
    <p class='ocr_par' dir='ltr' id='par_1_125' title="bbox 1928 5411 3445 5487">
     <span class='ocr_line' id='line_1_126' title="bbox 1928 5411 3445 5487; baseline 0.005 -22"><span class='ocrx_word' id='word_1_983' title='bbox 1928 5421 1949 5447; x_wconf 73' lang='grc' dir='ltr'><strong><em>τ</em></strong></span> <span class='ocrx_word' id='word_1_984' title='bbox 1984 5411 2137 5487; x_wconf 67' lang='grc' dir='ltr'>Υβις.</span> <span class='ocrx_word' id='word_1_985' title='bbox 2166 5416 2301 5487; x_wconf 60' lang='lat' dir='ltr'><strong><em>Ant.</em></strong></span> <span class='ocrx_word' id='word_1_986' title='bbox 2337 5411 2583 5487; x_wconf 75' lang='lat' dir='ltr'><strong><em>Pontifex</em></strong></span> <span class='ocrx_word' id='word_1_987' title='bbox 2608 5422 2776 5467; x_wconf 84' lang='lat' dir='ltr'><strong><em>autem</em></strong></span> <span class='ocrx_word' id='word_1_988' title='bbox 2804 5414 3035 5471; x_wconf 82' lang='lat' dir='ltr'><strong><em>Ananias</em></strong></span> <span class='ocrx_word' id='word_1_989' title='bbox 3065 5420 3304 5487; x_wconf 79' lang='lat' dir='ltr'><strong><em>pra‘cepit</em></strong></span> <span class='ocrx_word' id='word_1_990' title='bbox 3344 5420 3445 5473; x_wconf 85' lang='lat' dir='ltr'><strong><em>ud-</em></strong></span> 
     </span>
    </p>
   </div>
   <div class='ocr_carea' id='block_1_126' title="bbox 1853 5484 2709 5553">
    <p class='ocr_par' dir='ltr' id='par_1_126' title="bbox 1853 5484 2709 5553">
     <span class='ocr_line' id='line_1_127' title="bbox 1853 5484 2709 5553; baseline 0.002 -17"><span class='ocrx_word' id='word_1_991' title='bbox 1853 5484 2103 5536; x_wconf 81' lang='lat' dir='ltr'><strong><em>stttntibus</em></strong></span> <span class='ocrx_word' id='word_1_992' title='bbox 2129 5485 2174 5536; x_wconf 85' lang='lat' dir='ltr'><strong><em>ei</em></strong></span> <span class='ocrx_word' id='word_1_993' title='bbox 2201 5494 2463 5552; x_wconf 88' lang='lat' dir='ltr'><strong><em>percutere</em></strong></span> <span class='ocrx_word' id='word_1_994' title='bbox 2494 5486 2601 5553; x_wconf 84' lang='lat' dir='ltr'><strong><em>ejus</em></strong></span> <span class='ocrx_word' id='word_1_995' title='bbox 2636 5501 2709 5537; x_wconf 90' lang='lat' dir='ltr'><strong><em>os.</em></strong></span> 
     </span>
    </p>
   </div>
   <div class='ocr_carea' id='block_1_127' title="bbox 1928 5554 3446 5629">
    <p class='ocr_par' dir='ltr' id='par_1_127' title="bbox 1928 5554 3446 5629">
     <span class='ocr_line' id='line_1_128' title="bbox 1928 5554 3446 5629; baseline 0.005 -23"><span class='ocrx_word' id='word_1_996' title='bbox 1928 5564 1949 5589; x_wconf 71' lang='grc' dir='ltr'><strong><em>’δ</em></strong></span> <span class='ocrx_word' id='word_1_997' title='bbox 1982 5555 2041 5629; x_wconf 79' lang='lat' dir='ltr'><strong><em>lu</em></strong></span> <span class='ocrx_word' id='word_1_998' title='bbox 2074 5554 2279 5607; x_wconf 81' lang='lat' dir='ltr'><strong><em>Tiliana</em></strong></span> <span class='ocrx_word' id='word_1_999' title='bbox 2323 5566 2511 5629; x_wconf 87' lang='lat' dir='ltr'><strong><em>nostra</em></strong></span> <span class='ocrx_word' id='word_1_1000' title='bbox 2552 5557 2791 5610; x_wconf 81' lang='lat' dir='ltr'><strong><em>editione</em></strong></span> <span class='ocrx_word' id='word_1_1001' title='bbox 2836 5558 2907 5611; x_wconf 86' lang='lat' dir='ltr'><strong><em>ita</em></strong></span> <span class='ocrx_word' id='word_1_1002' title='bbox 2953 5559 3147 5629; x_wconf 76' lang='lat' dir='ltr'><strong><em>legitur</em></strong></span> <span class='ocrx_word' id='word_1_1003' title='bbox 3174 5560 3446 5628; x_wconf 70' lang='lat' dir='ltr'><strong><em>Anartius;</em></strong></span> 
     </span>
    </p>
   </div>
   <div class='ocr_carea' id='block_1_128' title="bbox 1854 5625 2581 5694">
    <p class='ocr_par' dir='ltr' id='par_1_128' title="bbox 1854 5625 2581 5694">
     <span class='ocr_line' id='line_1_129' title="bbox 1854 5625 2581 5694; baseline -0.001 -16"><span class='ocrx_word' id='word_1_1004' title='bbox 1854 5625 1907 5678; x_wconf 89' lang='lat' dir='ltr'><strong><em>iu</em></strong></span> <span class='ocrx_word' id='word_1_1005' title='bbox 1940 5626 2063 5679; x_wconf 86' lang='lat' dir='ltr'><strong><em>aliis</em></strong></span> <span class='ocrx_word' id='word_1_1006' title='bbox 2094 5636 2350 5694; x_wconf 79' lang='lat' dir='ltr'><strong><em>Corrupto</em></strong></span> <span class='ocrx_word' id='word_1_1007' title='bbox 2384 5628 2581 5681; x_wconf 84' lang='lat' dir='ltr'><strong><em>Annus.</em></strong></span> 
     </span>
    </p>
   </div>
   <div class='ocr_carea' id='block_1_129' title="bbox 1933 5694 2792 5751">
    <p class='ocr_par' dir='ltr' id='par_1_129' title="bbox 1933 5694 2792 5751">
     <span class='ocr_line' id='line_1_130' title="bbox 1933 5694 2792 5751; baseline 0 -2"><span class='ocrx_word' id='word_1_1008' title='bbox 1933 5696 1947 5730; x_wconf 76' lang='grc' dir='ltr'>ί</span> <span class='ocrx_word' id='word_1_1009' title='bbox 1986 5694 2444 5751; x_wconf 83' lang='lat' dir='ltr'><strong><em>Circumstantibus</em></strong></span> <span class='ocrx_word' id='word_1_1010' title='bbox 2469 5698 2601 5751; x_wconf 82' lang='lat' dir='ltr'><strong><em>sibi..</em></strong></span> <span class='ocrx_word' id='word_1_1011' title='bbox 2623 5697 2792 5751; x_wconf 81' lang='lat' dir='ltr'><strong><em>Vatic.</em></strong></span> 
     </span>
    </p>
   </div>
   <div class='ocr_carea' id='block_1_130' title="bbox 1928 5767 3447 5841">
    <p class='ocr_par' dir='ltr' id='par_1_130' title="bbox 1928 5767 3447 5841">
     <span class='ocr_line' id='line_1_131' title="bbox 1928 5767 3447 5841; baseline 0.007 -22"><span class='ocrx_word' id='word_1_1012' title='bbox 1928 5777 1952 5801; x_wconf 76' lang='grc' dir='ltr'><strong><em>ιι</em></strong></span> <span class='ocrx_word' id='word_1_1013' title='bbox 1986 5767 2231 5841; x_wconf 74' lang='lat' dir='ltr'><strong><em>.ltttlicans</em></strong></span> <span class='ocrx_word' id='word_1_1014' title='bbox 2252 5784 2339 5841; x_wconf 84' lang='lat' dir='ltr'><strong><em>me</em></strong></span> <span class='ocrx_word' id='word_1_1015' title='bbox 2503 5779 2549 5823; x_wconf 87' lang='lat' dir='ltr'><strong><em>et</em></strong></span> <span class='ocrx_word' id='word_1_1016' title='bbox 2581 5778 2723 5823; x_wconf 73' lang='lat' dir='ltr'><strong><em>extra</em></strong></span> <span class='ocrx_word' id='word_1_1017' title='bbox 2753 5770 2948 5841; x_wconf 59' lang='lat' dir='ltr'><strong><em>legem,</em></strong></span> <span class='ocrx_word' id='word_1_1018' title='bbox 2983 5781 3089 5828; x_wconf 84' lang='lat' dir='ltr'><strong><em>etc.</em></strong></span> <span class='ocrx_word' id='word_1_1019' title='bbox 3129 5771 3283 5829; x_wconf 66' lang='lat' dir='ltr'><strong><em>Veis.</em></strong></span> <span class='ocrx_word' id='word_1_1020' title='bbox 3321 5777 3447 5829; x_wconf 82' lang='lat' dir='ltr'><strong><em>Ant.</em></strong></span> 
     </span>
    </p>
   </div>
   <div class='ocr_carea' id='block_1_131' title="bbox 1929 5838 2541 5906">
    <p class='ocr_par' dir='ltr' id='par_1_131' title="bbox 1929 5838 2541 5906">
     <span class='ocr_line' id='line_1_132' title="bbox 1929 5838 2541 5906; baseline 0.003 -14"><span class='ocrx_word' id='word_1_1021' title='bbox 1929 5847 1952 5871; x_wconf 69' lang='grc' dir='ltr'><strong>ν</strong></span> <span class='ocrx_word' id='word_1_1022' title='bbox 1983 5838 2137 5906; x_wconf 82' lang='lat' dir='ltr'><strong><em>Apud</em></strong></span> <span class='ocrx_word' id='word_1_1023' title='bbox 2170 5838 2358 5895; x_wconf 76' lang='lat' dir='ltr'><strong><em>Saltat.</em></strong></span> <span class='ocrx_word' id='word_1_1024' title='bbox 2391 5842 2541 5895; x_wconf 82' lang='lat' dir='ltr'><strong><em>visio.</em></strong></span> 
     </span>
    </p>
   </div>
  </div>
