4582 6378
759 392 861 449 999

1830 383 2157 443 LUCIFICRI
2195 383 2513 441 EPISCOPI
2550 380 2972 440 CALARITANI

3922 381 4045 441 1000

757 516 783 545 ι
808 509 861 562 in
887 523 1028 561 mare
1046 521 1329 577 magnum:
1361 512 1405 558 et
1432 512 1657 576 quatuor
1685 500 1903 558 bestiwb
1923 504 1985 555 de
2008 502 2172 565 mari,
2198 500 2363 554 altera
2391 507 2438 563 Α
2470 502 2607 555 visus
2637 502 2821 573 capitis
2852 499 2954 553 mei
2984 496 3318 553 conturbabat
3346 514 3429 552 me
3452 514 3471 553 :
3499 503 3545 553 et
3571 497 3767 551 accessi
3804 498 3868 552 ad
3903 513 4045 550 unum

752 604 971 656 alteram
994 601 1349 673 magnitudine
1373 598 1709 652 antecedens.
1744 596 1921 651 Prima
1949 607 2004 650 ut
2031 598 2109 650 leo
2131 606 2150 634 ε
2174 604 2220 649 et
2250 594 2363 666 pin-

758 712 840 748 nte
858 698 993 769 ejus.
1020 693 1085 747 Et
1101 694 1327 747 surrexit
1349 710 1380 745 a
1401 703 1537 745 terra
1557 703 1601 746 et
1618 709 1775 761 super
1794 691 2015 745 hominis
2035 690 2186 754 pedes
2204 688 2362 749 stetit,

758 800 804 843 et
837 805 925 841 cor
956 788 1182 841 hommis
1211 786 1391 839 datum
1419 796 1491 839 est
1518 786 1583 839 ei.
1622 783 1688 838 Et
1713 801 1827 839 ecce
1854 784 1961 837 alia
1989 783 2151 836 bestia
2175 780 2365 836 similis

757 898 879 935 urso
896 877 945 947 ἀ,
963 892 1010 934 et
1034 883 1085 933 in
1107 897 1211 934 una
1234 890 1380 947 parte
1403 880 1541 932 stetit
1567 894 1585 931 :
1610 890 1657 931 et
1682 881 1782 931 tria
1804 881 1968 930 latera
1993 876 2042 928 in
2066 890 2156 928 ore
2176 876 2287 946 ejus
2315 873 2368 925 iit

761 983 785 1011 ο
819 975 986 1028 medio
1018 974 1252 1026 dentium
1281 976 1397 1045 ejus
1419 1014 1433 1036 ,
1466 981 1517 1027 et
1546 973 1620 1025 sic
1649 971 1781 1023 dixit
1810 972 1860 1024 ei
1892 986 1911 1023 :
1946 972 2114 1040 Surge
2139 978 2189 1023 et
2220 983 2369 1019 matt—

760 1066 896 1120 duca
926 1083 1106 1119 carnes
1147 1066 1358 1119 multas.
1401 1064 1525 1117 Post
1562 1060 1580 1100 τ
1613 1062 1745 1115 hanc
1772 1062 1985 1116 bestiam
2013 1060 2276 1122 videbam,
2321 1068 2370 1114 et

760 1174 877 1211 ecce
904 1158 1009 1211 ala
1036 1157 1195 1210 bestia
1223 1166 1275 1208 ut
1306 1155 1605 1225 (eapardus,
1637 1165 1683 1208 et
1711 1155 1755 1208 ei
1784 1158 1883 1209 ala:
1902 1172 1967 1225 qu
1990 1164 2127 1206 ttuor
2147 1152 2369 1204 rolueris

760 1266 917 1321 super
953 1266 1067 1303 eam
1090 1290 1104 1310 ,
1134 1258 1181 1302 et
1208 1259 1434 1317 quatuor
1462 1250 1635 1316 capita
1666 1247 1873 1317 bestiw,
1917 1259 1963 1299 et
1993 1255 2217 1317 potestas
2249 1243 2371 1296 data'

758 1362 835 1404 est
862 1351 931 1406 ei.
975 1349 1104 1404 Post
1133 1361 1155 1397 8
1179 1350 1314 1402 hunc
1346 1348 1580 1403 uidebam
1603 1388 1617 1411 ,
1642 1357 1689 1400 et
1718 1363 1831 1400 ecce
1853 1345 2015 1399 bestia
2036 1354 2225 1415 quarta
2250 1344 2368 1395 lior-

762 1444 953 1508 ribilis,
984 1443 1311 1495 admirabilis
1332 1484 1346 1504 ,
1376 1452 1422 1495 et
1456 1442 1608 1511 fortis
1648 1438 2013 1493 uehementer:
2054 1436 2235 1489 dentes
2265 1438 2374 1507 ejus

764 1540 917 1609 ferrei
943 1536 1328 1589 manducabant
1350 1547 1397 1589 et
1415 1535 1861 1589 comminuebunt.
1880 1543 1926 1586 et
1944 1533 2143 1599 reliqua
2162 1529 2374 1597 pedibus

760 1631 870 1681 suis
892 1626 1267 1682 conculcabnnt
1298 1624 1349 1681 δε
1381 1638 1425 1680 et
1454 1625 1565 1679 hac
1594 1624 1756 1678 bestia
1786 1625 1951 1687 maior
1977 1623 2171 1674 ueteris
2199 1619 2373 1673 bestiis

759 1735 878 1790 qua:
899 1732 1055 1773 antea
1080 1722 1202 1773 uisse
1217 1730 1350 1785 sunt,
1373 1728 1421 1773 et
1444 1735 1640 1772 cornua
1663 1718 1839 1770 deoem
1861 1717 1929 1769 ei.
1957 1714 2023 1768 Et
2043 1714 2375 1767 intendebam

765 1812 822 1865 in
860 1828 1058 1865 cornua
1088 1813 1231 1882 ejus,
1266 1821 1313 1864 et
1345 1826 1459 1864 ecce
1487 1826 1648 1863 cornu
1676 1810 1823 1862 aliud
1854 1810 2026 1861 minus
2056 1807 2289 1860 ascendit
2318 1807 2373 1859 in

2468 595 2913 649 circumstantium
2937 634 2951 656 ,
2984 605 3030 646 et
3061 594 3325 647 ueritatem
3351 592 3644 661 quaerebam
3672 589 3737 644 ab
3765 607 3824 644 eo
3854 591 3915 645 de
3948 607 4049 643 oni-

2468 690 2618 742 nibus
2648 691 2749 743 his.
2785 686 2852 740 Et
2880 688 3013 741 dixit
3040 687 3168 741 milis
3196 687 3491 751 ueritatem,
3518 686 4046 753 et'interpretationem

2469 800 2761 838 sermonum
2791 783 3071 837 declaravit
3097 781 3225 835 mihi
3250 798 3266 835 :
3293 780 3395 835 Hie
3425 781 3599 835 bestia
3625 790 3845 850 quatuor
3867 795 4047 853 magna:

2469 891 2689 949 quatuor
2718 886 2742 913 ο
2768 894 2928 949 regna
2956 886 3169 946 surgent
3195 876 3249 928 in
3277 886 3414 928 terra
3434 916 3449 937 ,
3483 884 3529 928 et
3568 874 3822 941 accipient
3860 888 4049 942 regnum

2471 971 2635 1023 sancti
2661 970 2900 1022 altissimi
2930 967 3026 1021 Dei
3058 972 3085 1011 Ρ
3146 982 3193 1021 et
3222 967 3517 1021 obtinebunt
3546 964 3683 1020 illud
3711 981 3869 1034 usque
3893 966 3943 1018 in
3966 980 4051 1019 ste-

2471 1066 2664 1118 culum.
2697 1062 2763 1116 Et
2790 1062 3075 1132 quazrebam
3105 1060 3382 1134 diligenter
3409 1060 3473 1113 de
3497 1060 3658 1114 bestia
3683 1068 3874 1131 quarta
3896 1101 3907 1121 ,
3928 1058 4050 1128 quod

2472 1166 2580 1211 erat
2612 1167 2797 1223 pra’ttr
2825 1166 3035 1210 cwteras
3062 1156 3249 1209 bestias
3280 1151 3540 1207 horribilis
3566 1150 3717 1206 valde
3744 1165 3761 1205 :
3783 1154 3947 1204 dentes
3969 1159 3993 1199 ιι
4015 1149 4055 1204 ei

2474 1251 2662 1320 ferrei,
2694 1260 2740 1303 et
2767 1266 2965 1320 ungues
2993 1253 3108 1321 ejus
3136 1248 3259 1302 terei
3281 1264 3298 1301 :
3327 1247 3668 1301 manducabat
3696 1255 3745 1299 et
3769 1259 4051 1298 comminue-

2475 1345 2560 1398 bat
2582 1388 2596 1407 ,
2630 1354 2677 1399 et
2702 1343 2904 1414 reliqua
2932 1343 3148 1414 pedibus
3177 1342 3285 1394 suis
3318 1339 3653 1393 conculcabat
3679 1354 3697 1391 :
3728 1347 3773 1390 et
3809 1336 3874 1391 de
3906 1350 4051 1389 cornu

2475 1439 2586 1508 ejus
2632 1437 2861 1500 decinto,
2907 1435 3046 1505 quod
3089 1444 3199 1489 erat
3238 1435 3290 1487 in
3332 1434 3502 1499 capite
3534 1433 3677 1498 eius,
3721 1441 3771 1485 et
3810 1431 3871 1484 de
3909 1429 4050 1483 altero

2475 1545 2637 1582 cornu
2664 1529 2803 1599 quod
2828 1528 3060 1580 ascendit
3088 1568 3101 1588 ,
3139 1535 3187 1580 et
3226 1527 3400 1596 priora
3438 1524 3540 1579 tria
3577 1539 3774 1577 cornua
3815 1521 4049 1587 excussit,

2478 1622 2628 1687 enjns
2657 1620 2793 1673 oruli
2822 1631 2867 1673 et
2894 1635 2948 1673 os
2980 1619 3193 1685 loquens
3235 1634 3423 1690 magna
3443 1659 3457 1679 ,
3501 1626 3549 1670 et
3589 1617 3732 1670 visus
3764 1618 3876 1688 ejus
3905 1616 4050 1685 major

2478 1714 2674 1768 ca’teris
2703 1722 2725 1749 ι’
2757 1713 3046 1771 videbatur,
3073 1721 3118 1765 et
3149 1727 3309 1763 cornu
3339 1708 3473 1762 illud
3500 1710 3719 1778 faciebat
3749 1708 3928 1762 bellum
3953 1720 4051 1758 cum

2479 1807 2672 1859 sanctis
2695 1846 2709 1869 ,
2738 1815 2784 1858 et
2811 1804 3011 1857 valebat
3044 1813 3064 1840 ε
3095 1802 3339 1855 adversus
3368 1818 3481 1862 eos,
3511 1799 3847 1868 quoadusque
3873 1796 4055 1850 advenit

766 1906 940 1957 medio
974 1920 1149 1957 earum
1176 1945 1190 1966 ,
1219 1916 1265 1956 et
1300 1903 1398 1955 tria
1423 1919 1622 1955 cornua
1654 1900 1697 1963 ί,
1723 1916 1840 1971 (μίαν
1861 1910 2004 1953 erant
2031 1911 2151 1951 ante
2182 1897 2331 1951 illum
2358 1938 2372 1963 ,
2408 1899 2451 1957 Β
2479 1907 2705 1951 vetustus
2726 1897 2953 1952 dierum.
2977 1906 3025 1949 et
3039 1896 3300 1966 judicium
3322 1892 3461 1946 dedit
3483 1893 3676 1948 sanctis
3696 1891 3931 1945 altissimi
3953 1887 4051 1952 Dei,

766 1998 1033 2051 eradicata
1074 2008 1195 2050 sunt
1238 2014 1267 2047 a
1309 1997 1441 2066 [acie
1482 1997 1636 2066 ejus:
1677 2005 1725 2048 et
1757 2012 1872 2049 ecce
1897 1992 2038 2047 oculi
2067 1993 2288 2047 hominis
2318 1993 2373 2044 in

764 2105 928 2143 cornu
958 2086 1055 2141 hoc
1081 2130 1095 2151 ,
1118 2098 1166 2141 et
1190 2105 1246 2141 os
1271 2089 1482 2158 loquens
1513 2104 1722 2158 magna.
1762 2086 2005 2139 Videbam
2036 2084 2375 2155 quoadusque

762 2187 910 2236 sedes
942 2183 1121 2250 posita:
1142 2193 1294 2248 sunt,
1326 2191 1373 2234 et
1404 2190 1631 2237 uetustas
1659 2182 1861 2233 dierum
1887 2179 2093 2234 sedebat
2117 2195 2134 2232 :
2161 2180 2373 2231 vestitus

770 2281 888 2350 ejus
909 2276 1056 2330 albus
1085 2291 1139 2329 ut
1163 2278 1253 2331 nix
1273 2319 1288 2341 ,
1315 2287 1362 2330 et
1383 2277 1609 2345 capillus
1634 2276 1822 2335 capitis
1846 2278 1960 2347 ejus
1989 2283 2041 2326 ut
2073 2272 2196 2324 lana
2226 2288 2373 2324 mun—

771 2372 840 2423 da
858 2413 871 2436 ,
899 2382 946 2424 et
970 2374 1115 2426 sedes
1141 2376 1254 2444 ejus
1276 2374 1489 2441 ﬂamma
1515 2372 1672 2442 ignis.
1697 2381 1825 2424 rotet
1854 2374 1967 2442 ejus
1992 2371 2125 2442 ignis
2146 2368 2335 2421 ardens
2357 2384 2375 2421 .'

766 2463 959 2532 ﬂuvius
992 2466 1124 2534 ignis
1168 2464 1367 2517 lucebat
1407 2474 1528 2516 ante
1556 2479 1706 2527 eum,
1739 2460 1905 2513 milia
1935 2459 2153 2512 millium
2182 2459 2373 2511 servie-

763 2554 887 2608 bant
916 2556 997 2616 ei,
1028 2565 1073 2608 et
1115 2555 1247 2608 dena
1286 2552 1453 2607 millia
1491 2556 1681 2607 denum
1718 2552 1944 2605 millium
1982 2553 2222 2603 astabant
2254 2560 2375 2602 ante

765 2664 881 2701 eum
905 2665 923 2702 :
947 2648 1275 2719 injudrcium
1300 2646 1313 2696 ἱ
1349 2646 1483 2701 sedit
1501 2688 1515 2706 ,
1541 2657 1585 2698 et
1612 2644 1728 2698 libri
1756 2645 1923 2713 aperti
1947 2653 2094 2697 sunt.
2127 2640 2376 2695 Videbam

771 2754 894 2797 tunc
932 2760 964 2795 a
998 2758 1118 2795 voce
1155 2757 1447 2795 sermonum
1492 2750 1799 2807 magnorum
1821 2778 1835 2800 ,
1879 2753 2007 2806 quos
2043 2752 2203 2789 cornu
2245 2732 2379 2785 illud

770 2832 1099 2904 loquebatur,
1148 2834 1483 2903 quoadusque
1526 2830 1723 2883 interiit
1765 2830 1965 2891 bestia,
2008 2842 2055 2881 et
2102 2826 2286 2895 periit,
2335 2836 2381 2877 et

716 2970 727 2979 .
771 2944 961 3000 corpus
997 2932 1107 3001 ejus
1144 2927 1325 2979 dule
1365 2937 1437 2979 est
1480 2938 1535 2978 ut
1577 2925 1951 2977 comburatur:
1980 2931 2026 2974 et
2059 2921 2379 2989 reliquarum

772 3022 1048 3075 bestiarum
1098 3036 1314 3091 regnum
1361 3018 1667 3071 translatum
1707 3026 1817 3075 est.
1860 3027 1906 3069 et
1946 3014 2221 3086 longitudo
2260 3014 2379 3065 t'ttte

770 3115 893 3167 data
936 3125 1011 3167 est
1054 3114 1128 3165 eis
1174 3128 1331 3177 usque
1361 3114 1429 3163 ad
1462 3110 1487 3146 ι
1520 3124 1743 3175 tempus.
1784 3105 2033 3159 Videbam
2070 3106 2122 3156 in
2161 3101 2176 3141 ι
2215 3104 2378 3156 uisum

770 3210 935 3262 noctis
957 3249 971 3268 ,
1006 3218 1051 3260 et
1078 3222 1193 3259 ecce
1224 3221 1337 3258 cum
1369 3204 1588 3256 nubibus
1615 3201 1728 3255 etin
1768 3212 1823 3253 ut
1863 3200 2004 3267 ﬁlius
2042 3197 2266 3249 hominis
2295 3212 2379 3247 ve-

2476 2002 2520 2042 et
2546 1988 2849 2056 anticipavit
2876 1998 3076 2056 tempus
3096 2027 3111 2053 ,
3137 1997 3182 2041 et
3206 2002 3421 2059 regnum
3449 1986 3778 2040 obtinuerunt
3798 1984 3975 2039 sancti.
4004 1981 4057 2035 Et

2475 2086 2646 2141 dixit:
2681 2085 2854 2138 Bestia
2881 2096 3096 2155 quarta,
3145 2096 3384 2150 quartum
3421 2099 3635 2154 regnum
3674 2084 3765 2135 erit
3805 2081 3859 2133 in
3900 2090 4053 2140 terra,

2475 2178 2613 2249 quod
2654 2179 2891 2232 eminebit
2932 2178 3108 2230 omnia
3142 2178 3157 2212 ι
3190 2192 3382 2248 regna,
3418 2185 3464 2229 et
3499 2174 3832 2227 mandat-abit
3871 2186 4051 2225 omnem

2478 2283 2700 2335 terrant,
2733 2280 2781 2323 et
2816 2270 3140 2324 conculcabit
3178 2285 3322 2333 eam,
3362 2277 3410 2321 et
3447 2268 3712 2321 concident
3758 2266 3924 2319 decem
3958 2278 4058 2316 cor-

2480 2380 2583 2416 nua
2613 2366 2745 2434 ejus.
2778 2360 2965 2413 Decem
2992 2375 3136 2429 reges
3167 2368 3476 2427 exsurgent,
3507 2368 3554 2411 et
3578 2366 3690 2421 post
3716 2371 3801 2409 eas
3834 2358 4053 2421 exsurget

2478 2454 2613 2507 alius
2642 2456 2730 2523 qui
2756 2452 3018 2518 superabit
3052 2450 3201 2504 malis
3232 2466 3406 2503 omnes
3431 2449 3519 2519 qui
3544 2458 3667 2500 ante
3688 2463 3800 2500 eum
3832 2448 4054 2516 fuerunt,

2478 2555 2525 2600 et
2557 2558 2659 2598 tres
2690 2553 2717 2580 ιι
2749 2542 2971 2596 humiles
3004 2543 3158 2612 [aciei
3178 2582 3193 2603 ,
3224 2551 3270 2594 et
3303 2556 3376 2593 rei
3391 2540 3454 2592 ba
3485 2537 3733 2592 adversus
3762 2537 4055 2589 altissimum

2484 2638 2647 2692 Deunt
2675 2640 2931 2707 loquetur,
2965 2646 3013 2688 ct
3042 2645 3245 2689 sanctos
3275 2633 3518 2687 altissimi
3553 2633 3643 2685 Dei
3672 2630 3966 2685 inueterabit
3994 2636 4019 2665 ν
4044 2668 4055 2691 ,

2480 2744 2528 2787 et
2559 2730 2871 2803 excugitabit
2911 2739 3111 2781 mutare
3142 2739 3376 2797 tempora
3402 2736 3447 2778 et
3480 2726 3675 2795 legem,
3710 2735 3757 2778 et
3786 2724 3985 2776 dubitur
4012 2721 4059 2773 in

2483 2842 2636 2877 manu
2679 2827 2793 2895 ejus
2834 2838 2995 2891 usque
3037 2820 3104 2873 ad
3146 2832 3348 2886 tempus
3386 2830 3702 2886 temporum,
3730 2828 3779 2869 et
3807 2815 4061 2867 dimidium

2482 2916 2726 2983 temporis
2752 2930 2769 2978 ;
2797 2925 2843 2966 et
2864 2912 3128 2986 judicium
3153 2909 3378 2971 sedebit,
3407 2918 3455 2962 et
3485 2925 3698 2979 regnum
3721 2911 3985 2977 transferet
4013 2913 4062 2956 ut

2483 3009 2784 3062 exterminit
2823 3018 2868 3059 et
2909 3006 3091 3075 perdat
3138 3018 3301 3073 usque
3329 3003 3397 3053 ad
3448 3001 3605 3071 ﬁnem
3626 3016 3645 3053 :
3675 3008 3723 3054 et
3753 3014 3995 3069 regnum,
4023 3004 4064 3049 et

2485 3113 2708 3173 po:estas
2731 3143 2745 3165 ,
2780 3110 2825 3153 et
2856 3098 3157 3169 magnitudo
3187 3112 3367 3167 regunt
3396 3104 3423 3131 ι
3455 3097 3579 3147 data
3608 3104 3685 3147 est
3715 3095 3905 3148 sanctis
3931 3090 4067 3143 altis~

2486 3196 2603 3248 simi
2642 3192 2691 3245 D
2722 3194 2738 3245 i
2765 3234 2779 3255 ,
2820 3202 2866 3246 et
2904 3207 3116 3257 regnum
3154 3190 3269 3257 ejus
3307 3188 3675 3258 sempifernnnt
3702 3226 3718 3252 ,
3741 3196 3797 3255 ‘e:
3828 3198 3994 3239 omnes
4021 3181 4060 3233 ei

764 3301 910 3354 niens
949 3300 1083 3353 venit
1128 3314 1287 3367 usque
1325 3300 1393 3348 ad
1432 3304 1686 3348 retustum
1716 3295 1915 3345 dierum
1941 3308 1957 3345 :
1990 3290 2293 3357 anticipavit
2322 3299 2369 3341 et
2401 3288 2445 3349 C
2478 3290 2693 3342 servient
2720 3294 2768 3339 et
2798 3285 3029 3337 obedirn!
3064 3286 3080 3351 (
3108 3281 3243 3333 Dan.
3272 3295 3369 3346 \‘ll,
3400 3276 3483 3349 1).
3523 3279 3565 3332 D
3592 3279 3828 3331 litteram
3860 3275 4066 3348 quidem

766 3396 973 3449 oblatus
1016 3405 1089 3447 est
1131 3394 1218 3446 ei:
1252 3402 1299 3445 et
1329 3393 1509 3444 datum
1536 3401 1609 3444 est
1638 3390 1684 3443 ei
1712 3405 1961 3459 regnum,
2004 3398 2050 3440 et
2092 3386 2282 3449 honor,
2329 3394 2376 3438 et

760 3488 1070 3553 intperium,
1112 3498 1160 3538 et
1201 3501 1375 3537 omnes
1413 3485 1631 3554 papnli,
1675 3482 1872 3543 tribus,
1907 3480 2105 3549 lingua:
2148 3479 2375 3531 serviunt

764 3588 805 3617 ω
832 3580 900 3645 ei,
930 3589 977 3632 et
1005 3588 1231 3647 potestas
1256 3581 1367 3650 ejus
1398 3587 1627 3645 potestas
1660 3583 1926 3644 perpetua,
1956 3586 2071 3638 qua:
2096 3584 2376 3633 numquam

760 3670 1028 3733 transibit,
1084 3678 1133 3723 et
1176 3670 1448 3735 imperium
1501 3669 1614 3730 eius
1664 3680 1943 3734 numquam
1991 3674 2371 3733 corrumpetur.

766 3762 992 3817 Horruit
1014 3762 1228 3831 spiritus
1257 3777 1398 3815 mens
1419 3760 1471 3813 in
1495 3759 1675 3812 habitu
1695 3773 1829 3823 meo,
1854 3767 1901 3810 et
1925 3770 2017 3824 ego
2040 3751 2229 3807 Daniel
2253 3762 2303 3819 ιι,
2329 3763 2375 3807 et

836 3952 864 3981 ⁸
896 3941 1049 4013 Apud
1080 3938 1331 4013 eumdem
1358 3955 1371 3991 :
1406 3934 1795 4013 Pugnabantiu
1823 3930 1957 4013 mari
1982 3945 2195 4013 inriguo.
2231 3925 2371 4013 Edit.

766 4001 958 4070 nostra.
982 4030 1106 4069 cum
1136 4012 1361 4075 (ἓνεκα),
1409 4001 1688 4085 πρὸὶϐαλον
1730 4009 1801 4065 εἰς
1845 4009 1936 4062 τήν
1978 4001 2236 4055 θάλασσαν
2285 4002 2377 4056 τήν

764 4088 1085 4211 “ingenim
1110 4153 1331 4226 grandes
1361 4149 1700 4226 ascendebant
1727 4146 1794 4226 de
1819 4144 1948 4197 mari
1971 4142 2153 4226 ςεξριιιι
2185 4142 2371 4221 Solvat.

841 4242 863 4269 ο
905 4230 1083 4281 Prima
1111 4214 1165 4278 ἷιῑ
1196 4228 1357 4278 lea’na
1381 4265 1393 4279 .
1428 4234 1473 4275 et
1505 4224 1617 4274 alas
1647 4218 1864 4270 habebat
1893 4216 2083 4284 aquila:
2109 4230 2124 4265 .'
2158 4214 2381 4278 aspicie-

770 4302 888 4356 bam
915 4300 1076 4352 donec
1103 4298 1287 4350 euulsa:
1311 4303 1430 4348 sunt
1460 4295 1557 4346 alit'
1585 4294 1721 4363 ejus.
1763 4289 1824 4363 ιρι
1854 4288 2057 4341 sublata
2084 4297 2154 4335 est
2182 4288 2248 4363 de
2278 4293 2381 4335 ter-

765 4390 829 4428 ra
848 4416 863 4435 ,
894 4380 939 4425 et
969 4386 1125 4435 super
1155 4370 1305 4437 pedes
1332 4366 1479 4424 quasi
1508 4359 1659 4416 homo
1686 4360 1821 4437 stetit
1849 4400 1862 4421 ,
1905 4368 2015 4437 etc.
2051 4359 2190 4425 apud
2223 4369 2381 4437 euru-

769 4427 896 4498 dt'ttt
922 4485 936 4504 ,
970 4427 1061 4510 qui
1096 4427 1243 4493 re'ctt-
1275 4438 1490 4510 siipplet
1519 4477 1533 4497 ,
1562 4439 1703 4503 quod
1736 4434 1890 4510 deest
1936 4427 1988 4481 in
2024 4436 2210 4510 nostra
2244 4427 2379 4505 edit.

769 4514 877 4570 Sed
927 4498 1046 4582 piist
1097 4513 1264 4574 pinnat
1305 4498 1419 4580 ejus
1454 4498 1741 4582 legendum:
1786 4499 2179 4582 sicutaquilte,
2223 4508 2276 4547 ut
2310 4498 2378 4547 'iu

770 4572 967 4641 (ἕτερά)
986 4626 998 4643 .
1028 4572 1111 4638 καὶ
1141 4572 1592 4655 πτερὰᾲὶιύτῇςςὼλς
1626 4578 1800 4633 ἀετοῦ.
1821 4581 1876 4626 ‘Jl
1906 4572 2105 4624 ibidem
2138 4580 2261 4637 post
2289 4582 2378 4637 pe-

774 4656 867 4711 des
899 4659 1093 4721 legitur
1126 4651 1349 4705 hominis
1370 4691 1385 4715 ,
1418 4651 1712 4725 ἀνθρώπου.

844 4727 872 4765 ά
910 4725 1078 4781 Ursa'.
1120 4726 1291 4777 \‘nt'tr.

853 4808 876 4837 ⁸
914 4799 976 4851 Et
1006 4802 1059 4850 in
1085 4798 1272 4850 medio.
1308 4793 1497 4847 Subiit.
1528 4789 1593 4843 Et
1627 4802 1759 4842 Vt‘I'O
1787 4786 1939 4838 aliest
1974 4797 2002 4835 n
2032 4783 2246 4838 Gra‘eo.

850 4867 872 4909 ί
908 4872 1062 4939 Apud
1096 4872 1264 4923 Subiit
1325 4864 1452 4918 Past
1485 4866 1594 4915 Itu'c
1634 4857 1984 4930 aspiciebttnt,
2031 4864 2076 4907 et
2118 4870 2230 4907 ecce
2270 4851 2381 4904 bes-

776 4944 848 4996 tia
870 4984 882 4997 .
916 4949 1022 4994 etc.

850 4996 879 5060 tt
905 5014 1039 5067 Cum
1068 5009 1264 5066 Grmco
1284 5049 1298 5072 ,
1324 5008 1492 5063 ὀπίσω
1514 5002 1720 5061 τούτου.
1752 5002 1881 5057 Post
1911 5003 2020 5054 licet:
2046 4996 2377 5067 aspiciebam.

774 5085 963 5142 Sulmt.

850 5154 877 5193 δ
908 5154 1272 5208 (ἰοητιιιεαὺηι.
1323 5152 1401 5206 Id.

854 5226 869 5264 ί
906 5225 1112 5292 Cornua
1142 5240 1323 5277 eorum
1344 5265 1356 5283 ,
1400 5238 1517 5292 quae
1547 5228 1691 5273 erant
1721 5228 1869 5292 ave,
1904 5213 2200 5292 eradicata,
2233 5220 2340 5265 etc.

776 5299 856 5355 ΙιΙ.
882 5288 1060 5355 Cru-C.
1085 5282 1594 5369 Ἐμπροσοενάὓτοῦ
1616 5333 1631 5357 ,
1663 5300 1782 5344 ante
1807 5286 1957 5341 illuni
1981 5324 1995 5348 ,
2028 5296 2085 5337 ut
2114 5282 2165 5335 iu
2198 5294 2379 5334 nostra

778 5371 910 5428 edit.

853 5421 1171 5493 idudicium
1204 5439 1345 5491 duco
1374 5435 1664 5495 scripsisse
1706 5430 2019 5486 Luciferum
2060 5424 2211 5492 juxta
2250 5421 2384 5489 δορα

780 5513 1019 5588 titauintu
1092 5516 1350 5588 κριτήριον
1381 5511 1578 5563 inedita:
1636 5503 1883 5558 Galland.
1929 5502 2039 5553 hos
2082 5498 2384 5549 tctiuetuus

778 5583 917 5639 Vers
970 5584 1096 5637 Aut.

850 5655 875 5692 ἢ
909 5652 1309 5726 δεΓῙυἏΒ-Ἐως
1333 5656 1511 5726 καιροῦ
1535 5651 1619 5703 καὶ
1637 5653 1863 5720 καιροῦ,ι
1885 5657 2008 5711 sque
2029 5638 2313 5719 aditentpus
2335 5645 2379 5687 ct

776 5737 995 5792 tentpns.
1038 5725 1111 5780 ΕΚ
1144 5740 1289 5776 νοουιθ
1321 5723 1651 5789 τειιὶειιιιυιιε
1683 5726 1985 5779 ιιιιειϋιΊιηῖὶ
2011 5723 2377 5792 οιιιινητιιιλιη-

774 5777 1253 5855 o‘tt‘rvirus—lviIt—rurius.
1277 5777 1640 5845 Gallandb‘cd
1664 5777 1825 5843 lectio
1842 5777 2375 5839 colt;t-retVers.Aut.

854 5866 869 5904 ¹
914 5870 975 5923 lit
1007 5870 1213 5923 visione.
1244 5866 1434 5919 Subat.

849 5922 1179 5999 "‘Seroient.
1236 5936 1317 5992 td.
1370 5942 1427 5990 et
1474 5931 1725 5991 Galland.
1776 5945 1842 5986 ex
1890 5927 2085 5984 Greco
2118 5922 2377 5992 Septuag.

2479 3390 2690 3434 tantum
2723 3378 2868 3429 illum
2898 3387 3104 3443 partem
3135 3373 3351 3437 indere,
3374 3386 3497 3439 qua:
3527 3383 3577 3423 te
3603 3369 3838 3423 det-Iurat
3874 3381 3966 3435 per
3987 3378 4068 3417 ac-

2482 3480 2565 3525 tus
2601 3482 2721 3524 tuus
2744 3510 2760 3535 ,
2802 3468 3022 3521 cuinam
3052 3468 3129 3521 sis
3159 3464 3361 3518 similis
3394 3464 3696 3517 bestiarum
3728 3478 3742 3515 :
3772 3460 3865 3515 sed
3896 3470 3951 3511 ut
3978 3456 4071 3511 sci-

2480 3582 2570 3621 res
2596 3573 2645 3618 te.
2678 3565 2731 3616 iu
2762 3562 2853 3615 illa
2879 3563 3128 3630 geltenuu
3162 3558 3407 3610 futurum
3427 3597 3441 3617 ,
3472 3559 3524 3608 in
3554 3568 3661 3622 qua
3684 3552 3908 3608 bestiuu
3934 3549 4068 3605 illam

2482 3657 2704 3712 missam
2730 3652 2902 3708 refert
2924 3652 3201 3718 gloriosus
3223 3647 3433 3709 Daniel,
3456 3646 3558 3700 nisi
3584 3660 3635 3700 te
3656 3643 3979 3703 correxeris,
3998 3649 4066 3701 et,

2480 3746 2759 3820 quomodo
2798 3761 2935 3816 quos
2969 3741 3320 3814 persequeris
3360 3739 3415 3794 iu
3456 3748 3728 3793 internum
3756 3739 3868 3791 sint
3898 3746 4073 3803 regna.

2482 3920 2870 3977 δουλεύσουσιν.
3898 3968 3906 3975 ⁸

2551 4002 2577 4028 ιι
2615 3993 2798 4044 Daniel
2848 3988 3052 4040 territus
3092 4001 3209 4038 sum
3249 3986 3303 4037 in
3352 3985 3445 4036 eis.
3490 3982 3679 4039 Saltat.
3726 3980 3858 4049 Quae
3901 3988 4067 4032 tamen

2481 4074 2680 4137 pt'mtor
2716 4060 2901 4114 Daniel
2932 4065 3130 4111 desiuit
3158 4058 3327 4110 etiam
3360 4072 3412 4108 Ill
3440 4054 3658 4110 Cra-cu.

2555 4144 2578 4169 ο
2615 4135 2851 4201 Quatuor
2890 4139 3007 4184 sunt
3050 4145 3209 4191 rema
3248 4142 3364 4197 que
3402 4137 3611 4191 sura-nt
3656 4128 3707 4178 in
3738 4133 3912 4187 terra;
3940 4118 4067 4201 apud

2484 4194 2672 4260 Saluti.
2707 4206 2885 4257 (ἔκιες.
2922 4202 3053 4253 edit.
3088 4194 3553 4252 Iloutfcttusetiltt
3581 4213 3702 4251 cum
3738 4208 3918 4249 ιιυδῑιιι
3947 4194 4067 4246 edit.

2488 4276 2806 4333 (italu-mlius
2837 4289 2903 4327 ex
2935 4270 3286 4339 Septuaginta
3320 4271 3451 4340 legit
3477 4278 3701 4338 quatuor
3729 4282 3885 4337 regna
3907 4305 3919 4317 .
3944 4304 3957 4318 .
3982 4303 3992 4315 .
4018 4302 4028 4315 .
4056 4299 4067 4312 .

2489 4365 2605 4419 qum
2630 4351 2933 4419 anferenrur
2965 4345 3016 4396 in
3047 4353 3204 4395 terra.

2561 4430 2586 4468 P
2621 4410 2716 4471 Dei
2740 4458 2753 4477 ,
2789 4418 2875 4469 hic
2905 4427 2961 4469 et.
2993 4415 3173 4484 paullo
3203 4410 3433 4466 inferius
3464 4410 3798 4466 demendum
3841 4410 4071 4484 autumat

2490 4491 2664 4546 Latin.
2702 4491 2844 4541 nulla
2890 4478 3071 4540 talin-ti
3113 4499 3307 4538 caussa
3333 4524 3347 4546 ,
3380 4499 3505 4539 cum
3539 4490 3745 4554 tegatur
3777 4483 3828 4534 iu
3858 4478 4068 4538 erio,

2491 4564 2938 4633 pruilemuatujn
2975 4561 3102 4610 line.

2562 4644 2587 4683 τι
2618 4617 2805 4685 ὃςιιῖιιι.
2842 4629 3029 4681 Dentes
3054 4639 3101 4680 et
3125 4642 3323 4697 ungues
3352 4628 3465 4697 ejus
3512 4626 3708 4696 ferrei;
3738 4632 3918 4676 nostra
3943 4617 4067 4673 edit.

2488 4723 2607 4759 cum
2642 4702 2855 4757 Cra-cu.

2563 4786 2583 4812 τ
2619 4778 2707 4827 Sic
2737 4772 3072 4839 interpungit
3100 4768 3231 4823 Sal».
3262 4767 3493 4839 δαΐῳ-ξε.
3536 4766 3973 4839 Videbatur,_ct_c.

2564 4855 2585 4880 ⁸
2626 4846 2696 4898 Ita
2720 4854 2773 4896 et
2801 4832 2940 4896 Ircit.
2970 4832 3065 4895 liii.
3095 4856 3150 4903 ν,
3175 4856 3226 4893 c.
3251 4839 3341 4894 25.
3372 4838 3693 4892 Pra-t'alebat
3721 4836 3861 4903 apud
3894 4832 4064 4903 διώξῃ.

2570 4920 2585 4953 ί
2624 4918 2795 4980 δίιμεν
2818 4901 3175 4986 υηιηίαμτεθη-ιι
3195 4952 3209 4972 .
3234 4922 3288 4963 et
3314 4910 3570 4964 concidet.
3599 4901 3787 4963 Decem
3809 4949 3822 4967 ,
3852 4920 3950 4986 νίς.
3982 4901 4069 4955 8η-

2492 4992 2601 5044 ltat.
2663 4977 2927 5041 concidet.
2978 4984 3044 5037 Et
3075 4977 3263 5038 'decem
3307 4999 3502 5035 cornua
3543 4984 3653 5053 ejus
3700 4993 3843 5046 reges
3887 4977 4062 5053 decent.

2490 5062 2669 5117 Latin.
2702 5065 3017 5111 adsensum
3056 5055 3206 5115 Vulg.
3243 5053 3494 5107 Eni-nebit
3536 5051 3709 5105 tritinia
3754 5060 3947 5118 regna:
3988 5051 4067 5094 Itt-

2671 5131 2900 5183 ιιιὶιίυτθι
2932 5139 3160 5191 auctor;
3192 5119 3427 5204 ὑπερἐξει
3453 5126 3634 5185 πάσας
3663 5124 3757 5182 τὰς
3798 5118 4063 5192 βασιλείας-

2538 5220 2564 5257 a
2650 5209 2738 5255 Ittl.

2538 5206 2607 5257 all
2650 5209 2738 5255 Ittl.

2488 5259 2588 5403 ἐν
2621 5274 2746 5327 Tres
2777 5288 2941 5344 reges.
2992 5270 3172 5325 Latin.
3224 5282 3346 5323 cum
3394 5267 3556 5336 Vulg.
3611 5275 3667 5321 et
3712 5259 3961 5320 Gallund.
4008 5268 4062 5308 ex

2531 5358 2747 5403 «ιῃιυηα.

2531 5358 2747 5413 t‘thng.
3437 5411 3447 5413 ξ
3794 5403 3854 5413 __
3958 5401 3970 5413 _
4020 5398 4029 5407 .

2791 5416 2984 5469 Grmcn
3007 5414 3140 5467 edit.
3173 5413 3333 5465 Rom.
3358 5411 3676 5473 παλαιώσει.
3706 5417 3760 5463 et
3794 5401 3991 5460 Throd.
4020 5398 4062 5448 in

2492 5489 2719 5551 "(’Xitltl.
2752 5488 2797 5542 Α
2838 5488 2907 5539 tul
2941 5486 3126 5539 Sonat.
3162 5492 3406 5535 conteret.

2566 5538 2604 5595 ἶ
2628 5538 2820 5631 (legunt
2848 5538 3047 5611 eori-m.
3085 5556 3279 5631 Latin:
3301 5553 3453 5631 Vers.
3488 5556 3616 5607 Ant.
3654 5552 3843 5619 Regum
3870 5542 3953 5627 qui
3984 5538 4065 5631 sub

2490 5633 2625 5685 (mni
2679 5619 2805 5685 eluta
2852 5641 2970 5683 sunt
2998 5667 3008 5680 .
3044 5668 3057 5681 .
3090 5666 3101 5678 .
3134 5666 3144 5677 .
3174 5624 3464 5678 Altissimi:
3512 5635 3559 5676 et
3590 5634 3807 5693 regnum
3850 5619 3953 5687 ejus
3982 5626 4064 5693 ’τις

2489 5718 2648 5777 gnum
2676 5704 2836 5777 si-mpi
2862 5714 3082 5777 emum_,
3114 5707 3160 5749 et
3191 5712 3364 5777 omnes
3396 5687 3718 5777 μιῖητθρίέἱιδ
3745 5693 3842 5756 ipsi
3870 5687 4064 5777 servient

2490 5763 2534 5830 ἓι
2565 5775 2749 5827 obaudi
2784 5763 2816 5826 tt
2847 5815 2857 5825 .
2895 5774 3020 5825 lla-0
3051 5770 3192 5823 Itcu.
3240 5770 3332 5821 Ill).
3372 5784 3425 5829 ν,
3457 5763 3575 5835 cup.
3613 5766 3682 5819 54
3704 5806 3717 5825 ,
3749 5778 3866 5813 eum
3899 5763 4062 5809 tiOstr:

2489 5846 2622 5969 οἱ]ιὲ
2656 5846 2909 5898 Altissimi
2940 5842 3071 5895 Dei:
3103 5854 3150 5893 et
3178 5856 3395 5909 regnum
3422 5841 3536 5909 ejus
3562 5839 3928 5907 εωρίιενηωη
3951 5863 3963 5878 ,
3985 5864 3997 5877 ο
4022 5854 4061 5875 η

2490 5934 2520 5969 ο
2553 5933 2581 5969 ι
2619 5926 2743 5969 ient.

2490 5920 2743 5971 obedtent.
