3854 6422
147 406 269 462 1001

706 405 796 462 DE
834 404 970 462 NON
1012 405 1381 462 PARCENDO
1422 404 1488 460 IN
1531 406 1718 462 DEUM
1759 404 2365 475 DELINQUENTIBUS
2407 405 2610 461 LIBER
2655 406 2853 464 UNUS.

3277 413 3414 471 l002

145 522 240 576 turi
273 522 326 576 in
359 535 528 592 regno
556 521 816 576 collocati
848 523 1098 587 Domini,
1131 538 1239 591 quo
1269 522 1562 577 advertere
1593 537 1719 592 pos-
1751 533 1796 589 Α
1829 523 2021 577 beatus
2051 522 2118 576 de
2147 522 2395 577 collectis
2423 520 2448 559 ι’
2480 523 2587 575 tuis
2614 522 2813 577 dixerit
2852 522 3247 581 Cretensibus:
3291 529 3418 585 Cre-

143 628 224 669 ses
250 614 366 669 huic
397 619 579 670 omnia
607 617 955 669 annectimus
984 635 994 668 :
1029 617 1156 670 item
1187 617 1252 670 ad
1285 616 1385 669 hoc
1415 617 1726 670 universam

143 706 534 762 rchlationein
580 706 772 762 censui
809 709 1228 778 applicandam,
1273 724 1376 779 quo
1423 720 1476 762 tu
1519 708 1728 763 tibimet

142 808 192 853 et
219 799 410 854 Saltem
445 801 635 870 legens
665 802 985 855 satisfacere
1025 816 1213 869 posses
1237 843 1251 865 ,
1279 801 1422 870 quod
1455 803 1600 855 enim
1633 817 1730 856 vos

143 893 351 962 tyranni
389 903 778 962 persecutores
809 894 901 948 Dei
954 894 1236 963 religionis
1273 895 1464 949 bestia:
1513 895 1732 949 fueritis

140 984 264 1040 dicti
287 1003 300 1049 ;
322 987 553 1055 cupiens
582 989 783 1041 etenim
807 1002 924 1041 sum
952 1004 1036 1042 me
1065 1005 1294 1058 purgare
1317 989 1458 1059 apud
1482 1001 1635 1045 tuam
1654 990 1732 1044 in-

141 1079 334 1133 fectam
360 1080 588 1135 venenis
615 1081 804 1135 Ariani
831 1080 1099 1148 dogmatis
1123 1084 1517 1136 conscientiam
1543 1125 1558 1149 ,
1593 1082 1733 1154 apud

140 1183 189 1226 te
215 1190 322 1226 non
353 1175 668 1244 religiosum
693 1216 706 1240 ,
736 1175 831 1229 sed
861 1175 1146 1244 religionis
1171 1176 1594 1242 destructorem,
1625 1192 1731 1232 non

141 1281 223 1321 me
266 1276 325 1320 ut
368 1269 568 1322 astruis
611 1283 733 1323 esse
772 1270 1269 1333 contumeliosum,
1314 1271 1439 1339 quia
1471 1271 1648 1324 dicam
1683 1279 1733 1325 te

138 1363 306 1420 ferant
339 1367 569 1420 bestiam
596 1410 607 1431 ,
640 1368 723 1422 vel
757 1369 1045 1423 immanem
1082 1370 1319 1424 bellu'im
1343 1413 1356 1434 ,
1392 1386 1514 1424 curn
1548 1371 1735 1424 videas

137 1459 216 1514 sic
247 1476 347 1512 vos
381 1463 646 1526 vocitari,
673 1465 824 1530 juxta
864 1463 996 1516 facta
1025 1473 1198 1517 vestra
1242 1465 1396 1517 vobis
1435 1465 1598 1518 etiam
1643 1479 1736 1519 no-

137 1552 282 1607 mina
308 1555 598 1622 applicata.
631 1554 899 1610 Czelerum
933 1569 1140 1625 quartze
1174 1557 1316 1611 illius
1341 1559 1527 1612 bestizc
1561 1568 1610 1612 te
1638 1574 1734 1627 ge-

135 1661 258 1702 rere
282 1648 730 1714 similitudinem,
759 1662 808 1703 te
841 1650 954 1702 ll‘.l?(:
987 1651 1216 1718 implere
1241 1666 1362 1704 esse
1388 1651 1695 1720 cupientem
1719 1692 1732 1718 ,

134 1754 254 1809 qua:
283 1741 373 1794 illa
407 1741 728 1810 praedictum
763 1753 846 1795 est
876 1743 1018 1812 quod
1063 1753 1207 1797 esset
1253 1743 1539 1811 impletura
1561 1785 1575 1808 ,
1621 1759 1735 1796 ma-

137 1831 400 1886 nifestum
429 1845 533 1887 est.
568 1835 845 1903 Scriptum
877 1848 958 1888 cst
988 1836 1056 1890 de
1085 1837 1439 1895 antichristo.
1469 1838 1552 1890 cui
1586 1846 1638 1889 tu
1666 1837 1738 1888 si-

1829 627 1995 669 tenses
2035 631 2233 686 semper
2271 617 2573 680 mendaces,
2620 615 2771 670 mala:
2809 618 3017 683 bestico,
3053 629 3247 676 ventres
3284 624 3419 696 pigri

1833 706 1852 777 (
1880 705 1982 759 Tit.
2015 722 2065 771 ι,
2098 707 2164 760 12
2269 706 2332 760 Et
2373 707 2512 759 infra
2544 725 2555 759 :
2603 706 2948 772 Quamobrem
2982 720 3004 747 ο
3047 711 3260 778 increpa
3298 714 3419 768 illos

1827 797 2233 859 acriter,utsani
2253 798 2418 850 sintin
2445 799 2580 865 fide,
2613 815 2713 852 non
2739 801 3056 856 intendentes
3076 800 3316 860 Judaicis
3339 808 3419 877 fa-

1831 890 1964 942 bulis
1987 902 2034 944 et
2063 891 2344 944 mendaciis
2363 887 2390 926 δ
2414 892 2684 945 hominum
2709 895 3058 949 aversantium
3082 913 3135 950 se
3155 914 3187 950 a
3211 900 3423 956 veritate

1831 981 2011 1054 (Ibid.
2042 984 2168 1056 l3).
2202 985 2338 1040 Hinc
2367 985 2459 1040 tibi
2492 988 2743 1058 episcopi
2764 1003 2956 1044 sumus
2981 990 3229 1060 injuriosi
3251 1035 3266 1058 ,
3295 995 3422 1063 quia

1833 1087 1884 1132 te
1916 1079 2260 1149 increpemus
2291 1090 2452 1150 atque
2491 1080 2876 1151 objnrgemus,
2920 1100 3018 1140 cur
3051 1085 3220 1143 fueris
3259 1103 3424 1146 ausus

1833 1183 2080 1228 avertere
2111 1182 2279 1229 temet
2305 1189 2333 1226 a
2360 1175 2613 1241 veritate,
2632 1191 2730 1230 cur
2757 1178 3002 1233 volueris
3029 1179 3121 1235 Dei
3151 1181 3425 1239 mandatis

1834 1266 2111 1322 derelictis
2143 1268 2422 1322 hominum
2457 1270 2666 1326 haerere
2697 1271 3052 1340 blasphemiis
3082 1283 3242 1345 atque
3275 1292 3430 1332 mau-

1834 1361 1995 1427 datis,
2026 1378 2123 1417 cur
2147 1363 2386 1433 denique
2413 1363 2675 1420 derelicto
2705 1365 2818 1420 Deo
2847 1366 3211 1422 idololatriam
3243 1385 3431 1427 susce-

1837 1455 2000 1524 peris.
2045 1455 2181 1509 llinc
2212 1465 2334 1509 tuus
2364 1456 2460 1511 tibi
2500 1457 2752 1514 inimicus
2787 1474 2908 1513 csse
2938 1459 3147 1524 videor,
3181 1465 3306 1532 quia
3337 1479 3432 1519 ve-

1836 1547 1926 1599 lim
1959 1557 2009 1601 te
2036 1548 2183 1615 gradi
2217 1549 2516 1604 secundum
2548 1550 2777 1618 apostoli
2810 1561 3177 1621 praeceptum,
3223 1563 3277 1609 et
3320 1571 3430 1610 non

1837 1645 2131 1696 secundum
2150 1645 2441 1714 Ariiatque
2472 1645 2784 1700 Judreorum
2810 1647 3086 1704 mandata.
3104 1647 3302 1704 Contra
3332 1649 3433 1707 has

1842 1739 2403 1806 nostrasjustissimas
2421 1739 2774 1809 allegationes
2789 1741 2982 1795 videns
3010 1750 3061 1796 te
3084 1742 3316 1797 veritate
3341 1758 3432 1798 su-

1843 1839 2082 1896 peratum
2100 1829 2284 1886 dicere
2303 1845 2363 1886 es
2381 1831 2606 1886 solitus:
2631 1832 2812 1888 Sacra
2831 1834 3104 1902 scriptura
3125 1836 3432 1905 praecipiunt

134 1923 349 1978 milaris
370 1967 385 1990 ,
413 1936 508 1979 aut
542 1927 656 1994 ipse
684 1943 807 1982 esse
836 1929 1096 1996 jndicaris
1125 1947 1134 1978 :
1182 1927 1339 1980 Verba
1367 1929 1618 1980 adversus
1648 1929 1736 1980 Αι-
1766 1915 1813 1974 Β
1841 1923 2041 1990 regibus
2059 1932 2106 1976 et
2124 1925 2732 1998 omnibusdegentibusin
2746 1926 3432 1982 sublimitatedebereteesse

135 2017 398 2070 tissimum
429 2028 451 2052 ιι
487 2015 700 2072 Domini
742 2022 1010 2085 loquetur,
1044 2031 1089 2071 et
1120 2030 1320 2073 sanctos
1359 2019 1601 2072 altissimi
1639 2017 1736 2071 Dei

132 2109 436 2162 inveterabit
456 2153 470 2176 ,
499 2121 546 2162 et
572 2113 878 2184 exCOgitabit
907 2123 1103 2164 mutare
1133 2122 1359 2180 tempora
1388 2121 1434 2162 et
1464 2112 1622 2183 legent
1643 2152 1656 2172 ,
1689 2119 1736 2162 et

134 2202 348 2255 dabitur
369 2204 422 2256 in
446 2221 599 2256 manu
617 2209 728 2276 ejus
747 2205 906 2275 (Dan.
929 2205 1158 2275 \‘ll,‘25).
1178 2205 1302 2258 “(cc
1335 2215 1389 2257 ιιι
1415 2204 1525 2272 jam
1559 2203 1734 2258 fecisti

131 2302 300 2363 atque
342 2309 404 2346 es
449 2295 672 2349 faciens.
722 2295 857 2349 Cum
901 2297 1048 2349 enim
1092 2296 1265 2348 dicis:
1313 2293 1433 2347 Non
1481 2305 1551 2347 est
1595 2311 1738 2347 rerus

131 2381 279 2438 Deus
324 2382 497 2439 Filius
535 2384 666 2450 Dei,
709 2387 799 2440 sed
835 2391 1001 2453 [actus
1031 2398 1102 2440 est
1136 2404 1197 2439 ea:
1238 2385 1430 2451 nihilo,
1461 2387 1622 2439 verba
1663 2387 1736 2439 lo-

128 2478 328 2546 queris
354 2477 617 2532 adversus
647 2478 837 2532 Demn.
870 2479 1164 2532 Christiani
1197 2477 1398 2531 etenim
1429 2493 1550 2531 cum
1581 2492 1738 2530 unam

131 2569 482 2625 viodicemus
511 2570 857 2625 divinitatem
890 2572 1035 2625 Patri
1065 2580 1119 2625 et
1150 2571 1309 2624 unico
1344 2570 1485 2624 Filio
1505 2570 1656 2640 ejus,
1687 2579 1742 2624 et

131 2669 192 2714 tu
227 2662 314 2716 sis
348 2661 488 2716 hanc
521 2674 764 2716 nostram
787 2664 1106 2732 impugnans
1138 2661 1628 2722 defensionem,sis
1657 2678 1744 2716 as-

131 2765 338 2811 truens
364 2755 432 2810 de
465 2757 603 2810 Filio
630 2757 768 2825 quod
791 2759 947 2826 fuerit
975 2757 1179 2825 quando
1200 2773 1300 2810 non
1322 2756 1512 2827 fuerit,
1535 2756 1743 2824 etquod

128 2849 311 2916 factus
349 2849 416 2901 sit
447 2865 508 2901 ea:
539 2848 735 2913 nihilo,
769 2851 961 2918 utique
1003 2851 1200 2917 probas
1234 2861 1285 2904 te
1317 2857 1415 2902 aut
1444 2863 1565 2902 esse
1605 2849 1745 2901 anti-

127 2941 409 2995 christuni
431 2982 446 3008 ,
477 2954 571 2996 aut
599 2952 752 2997 certe
781 2943 899 3011 ejus
933 2957 1352 3010 praecursorem.
1385 2942 1569 3011 Neque
1600 2943 1742 2996 enim

124 3035 350 3103 poteris
392 3035 530 3086 alius
571 3049 695 3087 esse
739 3035 1009 3103 intelligi,
1042 3035 1146 3088 nisi
1181 3044 1272 3086 aut
1315 3049 1619 3103 praecursor
1649 3049 1746 3087 an-

127 3126 382 3180 tichristi
433 3135 525 3179 aut
565 3127 963 3191 antichristus,
1008 3129 1097 3196 qui
1145 3127 1344 3180 audeas
1385 3127 1743 3195 apostolicam

124 3217 625 3289 evangelicainque
667 3219 988 3275 hmreticam
1030 3222 1217 3275 dicere
1259 3221 1454 3286 fidem,
1498 3231 1555 3277 et
1598 3233 1743 3276 tuam

1839 2014 2099 2067 subditum
2122 2032 2140 2079 ;
2173 2027 2218 2069 et
2244 2017 2405 2070 audes
2435 2027 2579 2071 tanta
2601 2035 2661 2071 ac
2690 2019 2813 2071 talia
2841 2019 2969 2072 mihi
2994 2019 3246 2090 ingerere,
3278 2019 3437 2075 Luci-

1840 2107 1916 2174 fer
1937 2108 1962 2160 .7
1990 2107 2113 2163 lla-c
2140 2110 2412 2178 conspicis
2435 2152 2448 2174 ,
2483 2111 2794 2179 bujusmodi
2821 2126 2940 2180 quae
2969 2121 3019 2165 te
3041 2111 3237 2180 jubent
3263 2113 3435 2168 bono-

1840 2201 1945 2253 rari
1974 2200 2268 2271 intelligis;
2301 2217 2420 2272 qua:
2449 2217 2579 2257 vero
2610 2212 2660 2256 te
2682 2202 2876 2270 jubent
2906 2201 3125 2267 facere,
3157 2203 3244 2257 illa
3277 2203 3436 2274 tlngis

1843 2307 1948 2344 non
1991 2308 2187 2357 nosse,
2231 2293 2317 2346 illa
2357 2309 2476 2362 quin
2518 2303 2572 2348 te
2615 2302 2832 2348 mooeat
2874 2293 3134 2349 Dominus
3173 2294 3437 2350 sacerdo-

1843 2383 1985 2438 tibus
2011 2385 2266 2450 obedire,
2297 2386 2384 2438 illa
2411 2402 2530 2454 qua:
2555 2396 2787 2455 urgeant
2814 2401 2978 2439 unum
3007 2395 3057 2440 te
3081 2387 3344 2442 exhibere
3369 2403 3438 2444 ex

1841 2477 2096 2531 omnibus
2123 2478 2409 2532 conservis
2437 2479 2544 2532 tuis
2571 2490 2856 2548 oportere,
2887 2493 2987 2532 nec
3015 2478 3261 2549 cuiquam
3290 2490 3364 2542 te,
3393 2481 3439 2534 si

1842 2570 1979 2624 velis
2011 2571 2103 2625 Dei
2133 2570 2364 2625 inveniri
2392 2585 2617 2636 servus,
2647 2570 2987 2640 superiorem
3018 2571 3222 2626 dicere.
3270 2570 3400 2627 Haec
3424 2615 3439 2641 ,

1844 2662 2158 2730 inquit'l‘ito
2187 2663 2372 2716 beatus
2401 2662 2704 2731 apostolus,
2735 2661 2944 2731 loquere
2963 2704 2976 2727 ,
3003 2673 3050 2715 et
3074 2663 3350 2718 eahortare
3373 2672 3396 2700 ε
3419 2705 3434 2729 ,

1845 2763 1892 2806 et
1922 2771 2082 2824 argue
2111 2771 2222 2807 cum
2249 2755 2386 2808 omni
2417 2756 2636 2823 imperio
2663 2771 2679 2808 :
2717 2772 2864 2809 nemo
2894 2766 2941 2808 te
2970 2766 3262 2810 contemnat
3305 2756 3325 2828 (
3351 2756 3433 2812 Ib.

1846 2863 1880 2900 ιι
1899 2888 1914 2908 ,
1942 2847 2050 2915 15).
2076 2847 2128 2901 Si
2152 2847 2495 2903 Christianus
2521 2864 2608 2914 es,
2633 2849 2758 2918 quia
2784 2860 2834 2903 et
2865 2862 2917 2902 tu
2950 2864 3089 2903 unus
3115 2850 3191 2903 sis
3217 2849 3283 2903 de
3310 2849 3439 2915 illis,

1847 2949 2068 3008 propter
2095 2955 2230 3009 quos
2261 2941 2458 2995 dixerit
2486 2958 2499 2995 :
2535 2940 2662 2994 Hau:
2690 2943 2900 3010 loquere
2921 2982 2936 3008 ,
2971 2953 3016 2996 et
3049 2941 3325 2996 exhortare
3347 2984 3361 3006 ,
3393 2953 3442 2997 et

1845 3050 2007 3104 argue
2035 3050 2150 3086 cum
2173 3037 2308 3087 omni
2342 3035 2559 3101 imperio
2579 3050 2598 3088 :
2629 3050 2776 3087 nemo
2808 3044 2856 3086 lo:
2884 3045 3175 3088 contemnat
3207 3033 3254 3103 (Ι
3265 3035 3398 3103 bid.)
3424 3051 3440 3100 ;

1847 3130 2034 3197 utique
2062 3143 2146 3183 me
2174 3143 2294 3182 cum
2325 3127 2473 3181 omni
2503 3136 2553 3182 te
2581 3128 2970 3195 corripientem
2999 3127 3229 3195 imperio
3255 3128 3444 3181 audire

1848 3221 2046 3285 debes,
2079 3236 2184 3276 non
2217 3229 2589 3275 contemnere.
2633 3219 2785 3274 Tunc
2826 3222 2935 3275 eris
2975 3220 3354 3286 Christianus,
3397 3222 3442 3275 si

126 3322 330 3369 tentes
357 3313 750 3383 blasphemiam
779 3315 1106 3368 catholicam
1140 3316 1299 3370 fidem
1330 3315 1630 3370 vindicare.
1664 3316 1748 3370 ln-
1775 3289 1820 3352 C
1854 3329 1940 3368 me
1967 3329 2072 3368 non
2105 3313 2499 3382 contempseris
2547 3313 2860 3384 hortantem
2906 3323 2978 3378 te,
3024 3321 3082 3366 ut
3127 3328 3444 3382 perseveres

121 3405 342 3476 juriam
375 3415 430 3460 te
463 3407 568 3475 pati
600 3407 772 3460 sentis
795 3447 809 3468 ,
845 3409 967 3475 quia
1000 3407 1172 3461 bestia
1207 3423 1328 3462 esse
1360 3407 1564 3462 dicaris
1592 3423 1619 3460 a
1651 3423 1751 3462 no-

126 3499 223 3555 bis
256 3517 271 3553 :
311 3499 574 3554 inveniris
603 3501 918 3568 excogitare
947 3501 1110 3554 fidem
1143 3510 1351 3555 mutare
1376 3543 1390 3566 ,
1423 3501 1526 3554 hoc
1567 3512 1652 3556 est
1694 3512 1751 3556 ut

126 3609 250 3648 non
289 3594 364 3646 ita
390 3593 708 3652 credamus.
735 3593 1016 3662 quomodo
1047 3593 1406 3661 patriarchae,
1434 3593 1712 3662 prophetae
1731 3636 1745 3659 ,

125 3686 393 3757 apostoli
420 3701 485 3740 ac
517 3695 786 3756 martyies
817 3687 1182 3746 crediderint.
1214 3685 1307 3739 sed
1343 3688 1646 3739 institueris
1673 3687 1752 3740 sic

123 3777 485 3834 credendum
509 3817 523 3836 .
555 3776 836 3846 quomodo
877 3777 1251 3844 comperditus
1299 3787 1420 3831 tuus
1464 3778 1664 3830 Arius:
1698 3787 1755 3831 et

125 3871 290 3927 dicis
320 3884 429 3924 non
454 3878 506 3924 te
533 3881 679 3923 recte
705 3868 809 3922 dici
839 3870 1101 3933 bestiam,
1128 3885 1248 3923 cum
1268 3913 1282 3935 ,
1309 3868 1432 3938 quia
1464 3869 1578 3924 lucc
1603 3885 1755 3925 esses

122 3974 416 4027 acturus,
462 3963 688 4016 bestiam
722 3970 773 4016 te
802 3977 923 4016 esse
966 3963 1166 4017 dixerit
1206 3966 1586 4018 sanctissimus
1629 3981 1758 4033 pro-

127 4056 362 4129 pheta?
403 4055 518 4110 Non
563 4056 744 4110 minor
783 4071 875 4120 es,
916 4055 1235 4124 Constanti,
1281 4057 1659 4112 incredulitate
1687 4058 1755 4112 ab

123 4146 527 4204 anticliristo:
563 4161 686 4199 nam
717 4145 971 4199 dentibus
1005 4146 1199 4200 ferreis
1230 4147 1326 4201 Dei
1372 4163 1568 4202 servos
1594 4147 1758 4202 devo-

126 4242 333 4299 rando
375 4257 483 4294 non
522 4239 748 4295 desinis.
788 4240 924 4306 Quid
969 4240 1254 4308 pluribus?
1298 4242 1371 4294 nil
1408 4242 1756 4296 antichristus

127 4344 386 4392 acturus
417 4342 499 4387 est
521 4372 537 4398 ,
579 4332 680 4386 nisi
715 4341 776 4386 ut
807 4344 1034 4401 negetur
1065 4335 1255 4388 unicus
1286 4335 1380 4389 Dei
1414 4335 1623 4391 Filius:
1658 4336 1759 4390 hoc

122 4430 260 4500 agit
298 4425 530 4480 stultitia
560 4424 836 4494 saginatus
867 4426 1339 4482 immundissimus
1369 4428 1582 4484 animus
1613 4439 1755 4484 tuus.

123 4521 256 4579 Sed
310 4519 660 4590 quantumvis
700 4520 924 4584 saevias,
971 4521 1270 4587 transient,
1317 4523 1584 4577 transient
1625 4535 1761 4578 teni-

124 4629 290 4687 pora
333 4622 420 4667 tua
442 4654 457 4678 ,
491 4621 546 4666 et
577 4611 798 4667 venient
831 4611 956 4676 illa,
996 4613 1048 4666 in
1080 4613 1283 4683 quibus
1313 4614 1529 4669 visurus
1567 4630 1628 4670 es
1669 4626 1755 4682 te,

125 4709 257 4765 nisi
293 4707 394 4761 tibi
418 4705 784 4769 consulueris,
810 4705 861 4758 in
889 4704 982 4758 illo
1007 4707 1166 4776 igneo
1192 4706 1354 4762 lluvio
1375 4707 1757 4774 constitutum,

124 4802 384 4860 visurus
417 4808 545 4853 tunc
575 4815 691 4860 eos,
723 4814 860 4869 quos
891 4797 1085 4855 infeste
1114 4802 1483 4870 persequeris,
1517 4810 1760 4870 pr0pter-

122 4913 203 4954 ea
246 4892 410 4966 quod
457 4892 629 4945 nolint
674 4892 849 4961 perire
883 4901 1094 4956 tecum,
1136 4909 1241 4947 non
1273 4893 1325 4947 in
1363 4893 1460 4947 illo
1489 4895 1540 4948 in
1573 4910 1679 4964 quo
1710 4903 1762 4947 tu

125 4992 382 5046 futurus
407 5004 466 5040 es
492 4987 609 5039 loco
641 4995 1069 5052 tormentorum,
1101 4985 1199 5042 sed
1224 5002 1344 5042 cum
1377 4988 1585 5057 angelis
1612 5001 1766 5042 sanc-

126 5084 213 5138 tis
251 5081 478 5152 gratias
509 5088 562 5133 et
591 5077 777 5132 laudes
807 5081 1108 5134 referentes
1139 5095 1357 5150 semper
1392 5080 1526 5145 Deo,
1559 5090 1609 5135 te
1640 5095 1766 5134 vero

124 5178 192 5232 in
233 5174 350 5229 illo
383 5173 593 5241 liquore
623 5171 890 5226 ﬂammeo.
923 5170 1057 5224 Nolo
1086 5173 1332 5237 mireris,
1361 5171 1405 5226 si
1435 5172 1621 5226 Daniel
1650 5173 1767 5241 glo-

125 5272 350 5328 riosus
380 5276 433 5320 te
457 5266 684 5320 bestiam
724 5281 844 5320 esse
871 5265 1199 5335 designarit,
1230 5265 1450 5335 quando
1490 5274 1547 5319 et
1574 5265 1769 5320 Paulus

222 5437 253 5464 α
299 5420 478 5477 Paulo
508 5423 758 5485 superius
779 5462 793 5482 ,
827 5422 1134 5474 altissimum
1166 5419 1353 5474 Deum.

217 5500 253 5538 ι»
298 5491 614 5552 Conelectis,
645 5494 728 5545 vel
753 5494 1062 5545 combestiis.
1091 5494 1266 5546 Latin.
1303 5493 1492 5548 Utrum
1518 5507 1648 5546 vero
1676 5491 1774 5544 ali-

125 5571 293 5645 quid
337 5567 428 5619 hic
455 5566 660 5645 subsit,
695 5565 836 5629 quod
871 5569 933 5615 ad
969 5565 1255 5645 historiam
1278 5566 1494 5645 _re_terri
1538 5565 1772 5645 delicat,

124 5633 290 5701 c'um
349 5653 470 5690 suos
514 5633 777 5688 Cretenses
820 5636 1099 5703 appellat,
1150 5635 1290 5688 haud
1336 5634 1570 5688 divinari
1613 5635 1773 5688 licet:

126 5725 326 5773 certe
373 5708 607 5760 Arianus
654 5707 945 5774 intelligit,
996 5711 1231 5774 quibus,
1282 5717 1340 5759 ut
1387 5707 1776 5769 Cretensibus,

128 5783 460 5842 bes:iarum
490 5778 816 5846 appellatio,
853 5787 906 5830 et
949 5779 1099 5830 l’auli
1134 5782 1299 5833 verba
1332 5780 1636 5832 rectiSsime
1682 5793 1780 5844 ap-

132 5867 390 5918 tentur.
426 5847 650 5919 (Iollegis
685 5866 781 5918 pro
811 5850 998 5903 sociis.
1033 5848 1282 5904 Gulland.

232 5939 261 5966 ε
314 5920 544 5991 Propter
565 5938 719 5988 quam
740 5937 949 5974 causam
1073 5923 1329 5976 mandatis
1351 5921 1612 5976 hominum
1635 5936 1782 5974 aver-

623 6014 898 6074 ΡΛτιιοι..
952 6013 1124 6075 Xlll.

1852 3406 2193 3461 Christianus
2218 3424 2230 3458 :
2253 3408 2296 3459 si
2312 3419 2444 3460 vero
2465 3404 2865 3476 contempseris
2882 3447 2894 3468 ,
2913 3405 3026 3474 jam
3047 3419 3153 3458 non
3179 3406 3246 3459 de
3263 3404 3447 3458 Chris-

1853 3502 2016 3554 tianis
2051 3516 2175 3555 esse
2210 3500 2531 3563 inveneris;
2573 3500 2700 3568 quia
2739 3499 2784 3552 si
2825 3500 3020 3553 fuisses
3059 3497 3440 3560 Christianus,

1853 3610 1962 3648 non
1994 3593 2416 3662 contempsisses
2446 3606 2568 3647 eum
2614 3606 2776 3660 quem
2815 3591 2956 3645 Deus
3004 3591 3346 3645 ordinaverit
3377 3590 3444 3644 ad

1853 3684 2230 3739 instruendam
2269 3685 2481 3753 plebem
2521 3698 2698 3750 suam,
2745 3693 2800 3737 et
2835 3699 2994 3748 eum,
3035 3685 3120 3737 cui
3162 3683 3444 3751 apostolus

1853 3778 2092 3832 dixerit:
2136 3776 2264 3831 Ηωε
2309 3778 2551 3847 loquere,
2592 3787 2640 3830 et
2678 3778 2992 3843 exliortare;
3036 3788 3082 3830 et
3124 3794 3281 3850 argue
3328 3793 3443 3831 cum

1855 3871 1994 3923 ωιιηὶ
2022 3870 2235 3940 imperio
2261 3885 2279 3922 :
2309 3885 2457 3923 nemo
2487 3878 2533 3922 te
2559 3877 2849 3922 contemnat
2881 3867 3095 3938 (Ibid).
3128 3870 3268 3935 Quid
3298 3870 3445 3924 enim

1858 3971 1909 4018 te
1951 3961 2182 4017 hortor?
2229 3963 2332 4016 nisi
2373 3971 2434 4016 ut
2464 3975 2568 4014 non
2613 3960 2691 4015 sis
2737 3959 3047 4028 homicida,
3097 3971 3156 4015 ut
3196 3960 3296 4015 Dci
3340 3976 3446 4015 non

1857 4057 2203 4123 persequaris
2233 4053 2483 4114 domum;
2520 4060 2577 4105 ut
2609 4052 2830 4106 desinas
2871 4060 3128 4122 torquere
3156 4093 3169 4118 ,
3204 4054 3448 4121 p'oscri-

1855 4146 1981 4202 bere
1999 4188 2012 4211 ,
2040 4147 2329 4216 deportare
2352 4188 2367 4212 ,
2396 4145 2681 4201 recludere
2709 4161 2931 4202 carcere
2955 4188 2971 4213 ,
3004 4147 3278 4203 trucidare
3305 4190 3320 4214 ,
3350 4164 3447 4201 va-

1857 4240 1936 4294 rie
1974 4239 2328 4308 disperdere,
2371 4238 2684 4295 interficere
2720 4255 2814 4294 eos
2844 4255 2986 4310 quos
3022 4256 3220 4296 cernas
3267 4241 3452 4297 Chris-

1858 4332 2036 4384 tianos
2061 4347 2076 4396 ;
2107 4339 2168 4385 ut
2187 4331 2411 4386 desinas
2436 4331 2670 4401 denique
2697 4331 3082 4403 blasphemarc
3108 4335 3326 4388 unicum
3355 4334 3453 4389 Dei

1862 4421 2095 4488 Filium;
2129 4435 2183 4478 ut
2214 4425 2568 4494 apostolicam
2599 4426 2866 4493 suscipias
2889 4467 2904 4491 ,
2935 4442 3096 4496 quam
3133 4430 3449 4482 lizereticam

1862 4517 1995 4571 dicis
2025 4516 2185 4571 ﬁdem
2214 4557 2228 4579 ,
2259 4517 2402 4572 hanc
2429 4519 2642 4572 scilicet
2669 4528 2910 4573 nostram
2938 4561 2953 4585 ,
2984 4535 3145 4590 quam
3186 4521 3329 4591 apud
3361 4520 3452 4575 Ni-

1862 4625 2027 4663 caeam
2071 4619 2121 4663 te
2161 4620 2350 4663 contra
2382 4621 2436 4664 et
2464 4621 2690 4666 cunctos
2734 4611 3025 4668 haereticos
3073 4614 3316 4685 episcopi
3359 4613 3452 4668 de-

1864 4703 2223 4770 scripserunt;
2240 4702 2383 4756 utsis
2407 4703 2637 4757 credens
2658 4703 2818 4758 sicuti
2843 4720 2964 4771 nos,
2989 4705 3338 4776 diguerisque
3367 4722 3451 4761 rc-

1864 4810 2063 4864 spuere
2091 4796 2454 4849 idololatriam
2477 4811 2571 4865 per
2592 4798 2780 4850 Arium
2814 4797 3133 4866 magistrum
3179 4807 3329 4853 tuum
3369 4800 3457 4855 in-

1868 4885 2144 4949 stitutam;
2170 4898 2226 4940 ut
2249 4888 2617 4941 Christianum
2643 4897 2693 4942 te
2719 4889 2988 4955 claniites,
3024 4904 3129 4944 non
3154 4891 3456 4957 Ai'ianum;

1870 4989 1928 5034 ut
1962 4978 1978 5016 ί
2015 4979 2237 5033 desinas
2265 4979 2492 5034 crimina
2518 4978 2654 5035 falsa
2678 4980 2772 5035 Dei
2801 4981 3016 5036 mittere
3047 4985 3456 5039 sacerdotibus;

1876 5073 1992 5129 hinc
2009 5083 2091 5128 est
2115 5073 2390 5143 correptio
2419 5089 2573 5138 mea,
2625 5075 2744 5129 lia'c
2786 5075 3109 5146 objurgatio.
3162 5077 3458 5145 Apostolus

1873 5168 2004 5222 mihi
2035 5167 2165 5222 dicit
2193 5177 2253 5220 ut
2276 5176 2326 5222 te
2354 5183 2574 5237 arguam
2604 5182 2726 5222 cum
2757 5170 2903 5223 omni
2930 5169 3181 5238 imperio,
3205 5180 3260 5224 et
3291 5178 3344 5224 tu
3376 5169 3460 5225 di-

1873 5262 1951 5316 cis
1982 5279 1995 5313 :
2028 5258 2180 5313 Facit
2222 5259 2348 5313 mihi
2388 5260 2635 5328 injuriam
2660 5259 2902 5331 Lucifer;
2933 5271 2986 5315 et
3014 5275 3122 5316 non
3152 5261 3293 5317 dicis
3319 5283 3332 5318 ε
3361 5260 3462 5316 Dei

1880 5418 2090 5471 tentiam
2111 5458 2122 5479 ,
2150 5424 2256 5470 elc.
2288 5414 2446 5470 Vers.
2478 5417 2606 5470 Ant.

1951 5490 1975 5524 ά
2011 5489 2170 5542 Forte
2198 5488 2456 5540 mandatis
2479 5528 2493 5550 ,
2529 5499 2586 5562 ut
2622 5486 2776 5542 Vers.
2813 5488 2941 5562 Ant.
2965 5533 2978 5554 ,
3007 5505 3128 5544 cum
3157 5492 3318 5562 paulo
3345 5503 3469 5562 post

1876 5560 2017 5614 hanc
2045 5576 2226 5613 vocem
2255 5575 2374 5612 usui
2394 5569 2481 5625 pet
2506 5559 2571 5610 ad
2600 5575 2819 5614 sensum
2843 5561 3018 5615 Pauli.

1958 5643 1979 5669 θ
2014 5631 2254 5684 llortare.
2295 5631 2445 5682 \ers.
2478 5631 2609 5682 Ant.

1961 5703 1978 5740 ί
2016 5706 2068 5757 Id
2101 5714 2181 5756 est
2210 5743 2224 5764 ,
2257 5712 2310 5755 nt
2338 5701 2540 5754 desinas
2568 5702 2784 5755 crimina
2815 5703 2954 5763 falsa
2978 5701 3077 5759 Dei
3117 5706 3465 5761 sacerdotibus

1888 5774 2124 5846 objicere,
2153 5773 2284 5842 [also
2306 5790 2392 5827 eos
2419 5788 2662 5846 accusare
2692 5791 2711 5839 ,°
2743 5776 2828 5828 ubi
2845 5775 3043 5831 mittere
3069 5791 3167 5846 pro
3195 5778 3469 5833 immittere

1887 5842 2036 5902 dicit.
2073 5846 2173 5899 Tit.
2208 5853 2264 5899 et
2289 5860 2356 5900 ex
2379 5861 2443 5900 eo
2464 5842 2712 5901 Galland.

2916 6011 2992 6070 32
