3854 6388
438 366 574 425 ¹10οΖσί

1516 361 1836 423 ιυοιρειιι
1875 362 2186 426 EPISCOPI
2223 369 2648 429 CALAlilTANI

3576 377 3684 435 4004

434 484 674 542 sacerdos
732 492 1017 540 commonet
1069 491 1222 552 atque
1273 482 1512 536 hortatur
1553 482 1838 537 secundum
1878 498 2041 538 sacra
2067 489 2120 549 Α
2147 487 2252 543 hoc
2277 499 2360 544 est
2391 499 2690 560 apostatas,
2720 498 2776 544 tu
2807 489 2894 562 qui
2915 489 3089 546 adhuc
3121 489 3310 546 stultus
3337 490 3432 558 sis,
3465 501 3514 547 et
3543 493 3687 549 incre-

435 583 559 653 legis
594 594 868 649 prtecepta,
903 592 956 636 ut
1001 581 1195 649 possim
1225 581 1408 634 ducere
1439 581 1595 634 vitam
1634 579 1746 634 Deo
1787 580 2036 648 acceptis-

432 677 635 731 simam.
670 676 800 730 Nam
826 678 948 748 quia
968 674 1120 730 dicas
1141 674 1341 730 ili-bere
1358 689 1462 729 nos
1481 673 1576 728 tibi
1600 675 1883 746 obsequia,
1904 676 2042 728 scito

431 773 555 841 quia
581 788 684 823 uou
715 771 809 824 tibi
836 771 958 834 soli,
995 770 1089 824 sed
1121 779 1175 824 et
1197 768 1456 822 omnibus
1482 783 1580 822 nos
1607 767 1662 822 in
1697 767 2040 824 sublimitate

433 862 758 932 degentibus
791 863 842 916 in
875 861 1150 929 obsequiis
1175 860 1697 929 repraesentanlibus
1731 869 1755 896 ⁸
1789 873 1911 914 esse
1937 873 2036 914 no-

435 957 612 1012 vimus
638 957 936 1009 debitores.
978 956 1114 1010 Dicit
1156 957 1302 1009 enim
1347 957 1634 1024 apostolus
1665 973 1677 1008 :
1710 955 1945 1008 Admone
1975 955 2041 1008 il-

438 1051 510 1104 los
525 1049 843 1118 principibus
871 1059 918 1104 et
945 1050 1327 1117 magistratibus
1347 1047 1372 1086 δ
1395 1049 1624 1102 subditos
1650 1064 1782 1114 esse,
1798 1050 2040 1103 obedien-

437 1153 523 1208 ῐτκ,
553 1149 620 1196 ad
650 1160 797 1197 omne
827 1161 953 1212 opus
992 1143 1176 1195 bonum
1219 1153 1428 1213 paratos
1470 1159 1598 1202 esse,
1625 1143 1874 1196 neminem
1900 1142 2039 1196 blas-

435 1237 698 1305 phemate,
733 1254 835 1289 non
877 1236 1131 1306 litigiosos
1163 1247 1183 1273 ε
1213 1251 1338 1297 esse,
1369 1237 1461 1288 sed
1503 1236 1792 1300 modestos,
1843 1247 2041 1288 omnem

434 1333 755 1388 ostendentes
783 1331 1230 1384 mansuetudinem
1255 1330 1322 1382 ad
1348 1345 1522 1381 omnes
1544 1327 1801 1382 homines.
1826 1327 2042 1381 Fuimus

433 1427 570 1480 enim
597 1439 641 1479 et
672 1442 762 1479 nos
795 1423 1075 1491 aliquando
1119 1423 1263 1476 stulti
1281 1432 1326 1474 et
1358 1418 1760 1483 incredibiles“,
1792 1428 2040 1484 errantes,

435 1523 704 1575 servientes
763 1518 1026 1572 desideriis
1069 1527 1118 1570 et
1156 1514 1506 1585 voluptatibus
1565 1515 1739 1578 variis,
1796 1515 1850 1566 in
1893 1513 2046 1566 ntali-

434 1615 504 1668 tia
521 1627 564 1666 et
585 1613 780 1666 inuidia
795 1623 1022 1682 agentes,
1039 1610 1276 1674 odibiles,
1297 1610 1547 1674 odientes,
1564 1610 1900 1662 alterutrum¢
1920 1621 1937 1662 :
1956 1607 2045 1661 sed

433 1725 548 1761 cum
591 1707 881 1777 benignitas
924 1717 970 1760 et
1014 1705 1308 1759 humanitus
1345 1706 1519 1758 illuxit
1565 1704 1838 1756 salvatoris
1884 1703 2048 1757 nostri

436 1799 552 1862 Dei,
586 1818 691 1854 non
716 1818 778 1854 ex
801 1802 1040 1866 operibus
1062 1801 1285 1868 justitia:
1316 1815 1429 1867 qute
1453 1815 1544 1851 nos
1574 1799 1815 1868 fecimus,
1849 1798 1938 1852 sed
1970 1814 2047 1851 se-

2143 581 2325 636 dibilis
2358 596 2682 651 permanens
2713 584 2764 637 in
2797 581 3000 638 malitia
3022 593 3134 648 tua,
3167 583 3218 638 in
3247 599 3346 656 qua
3363 594 3414 639 ct
3442 599 3532 638 nos
3553 585 3689 642 fuisse

2142 683 2270 728 ante
2299 674 2664 745 agnitionem,
2697 686 2823 731 aute
2845 684 3153 745 susceptam
3172 691 3378 732 sacram
3412 675 3561 732 ﬁdem
3581 693 3688 746 apo-

2142 768 2316 822 stolus
2334 769 2484 824 dicit.
2507 768 2562 823 lu
2578 770 2886 840 quibustibi
2913 773 3260 841 temperaturi
3287 787 3516 838 eramus,
3533 771 3623 827 nisi
3643 782 3690 826 ut

2143 875 2265 930 quae
2291 860 2440 916 licita
2459 872 2643 917 essent
2663 863 3046 931 impleremus?
3075 866 3182 919 Aut
3202 879 3319 920 cum
3340 865 3480 920 dicas
3498 874 3546 917 tu
3569 864 3690 919 blas-

2145 956 2342 1024 pheme
2364 954 2666 1010 homicida:
2700 954 2896 1012 Nectite
2918 956 3174 1012 credentes
3203 959 3253 1012 in
3276 958 3476 1012 unicum
3496 956 3583 1012 Dei
3608 956 3689 1011 Fi-

2147 1049 2297 1118 lium,
2328 1059 2486 1105 estote
2512 1064 2710 1105 mecum
2747 1061 3093 1123 persecutores
3131 1052 3308 1106 domus
3351 1053 3474 1120 ejus,
3520 1066 3691 1105 met-nm

2146 1152 2326 1214 negate
2356 1159 2489 1210 eum,
2524 1145 2858 1216 apostolicam
2887 1144 3108 1215 respuite
3138 1145 3309 1214 ﬁdem,
3350 1145 3580 1215 suscipite
3603 1145 3695 1198 lur-

2145 1238 2303 1290 resim
2332 1253 2520 1302 meum,
2572 1240 2723 1308 cujus
2769 1255 2860 1312 ego
2910 1239 3140 1293 omnibus
3187 1240 3370 1294 viribus
3407 1240 3564 1294 cordi:
3611 1243 3693 1294 mei

2146 1329 2324 1382 exstiti
2355 1339 2593 1395 amator;
2620 1333 2740 1400 quis
2774 1340 2824 1384 te
2857 1329 3128 1386 infelicior
3157 1339 3257 1397 est,
3285 1339 3334 1385 ut
3365 1347 3464 1386 non
3485 1342 3533 1386 te
3559 1335 3696 1387 vitet?

2147 1421 2338 1478 Nonne
2363 1431 2413 1477 te
2444 1422 2559 1478 huic
2587 1423 2766 1480 facere
2793 1426 3108 1480 suadentem
3138 1426 3433 1481 dtetnottum
3461 1429 3693 1497 templum

2147 1532 2269 1571 esse
2298 1531 2640 1586 cognoscens
2663 1516 2855 1588 fugiat?
2875 1519 3006 1585 Quia
3033 1517 3146 1574 lucc
3167 1518 3338 1585 audis,
3363 1518 3492 1574 dicis
3515 1538 3527 1573 :
3560 1518 3695 1587 Iniu-

2147 1611 2280 1664 riam
2304 1611 2474 1680 patior
2500 1627 2531 1663 a
2562 1609 2803 1682 Lucifero
2829 1611 3036 1666 homine
3059 1613 3262 1678 misero,
3291 1621 3336 1666 et
3366 1613 3530 1683 utique
3551 1614 3695 1683 impe-

2148 1719 2334 1773 rator;
2373 1721 2478 1762 nou
2516 1707 2872 1775 subsequitur
2901 1722 3080 1762 sermo
3112 1707 3203 1763 ille
3229 1715 3348 1762 tuus
3377 1706 3698 1777 blasphemus

2151 1813 2551 1872 conspurcalus
2575 1818 2587 1854 :
2614 1801 2785 1855 Audio
2813 1817 2928 1872 qum
2957 1817 3151 1855 mereor
3177 1817 3208 1853 a
3244 1799 3476 1870 Lucifero
3509 1796 3700 1852 Domini

433 1899 660 1948 cundum
681 1911 826 1948 suout
859 1894 1268 1946 miscricordiam
1296 1892 1468 1946 salvos
1494 1908 1589 1945 nos
1631 1895 1747 1962 fecit
1791 1907 1881 1960 per
1901 1891 2043 1944 lava-
2077 1887 2117 1942 Β
2146 1897 2431 1950 sacerdote.
2461 1895 2668 1951 calatis
2689 1910 2784 1949 vos
2805 1895 3109 1961 electionis,
3155 1894 3335 1959 Miror,
3365 1893 3548 1962 inquit,
3578 1891 3703 1963 quod

432 2006 578 2042 crum.
595 1989 1000 2059 regenerationis
1026 1997 1071 2040 et
1093 1988 1444 2041 renorationis
1465 2029 1478 2051 ,
1506 2003 1596 2055 per
1621 1987 1879 2054 Spiritum
1923 2001 2044 2038 san-

435 2093 594 2148 ctum,
623 2098 772 2151 quem
791 2079 976 2146 e/Tudit
999 2081 1050 2132 in
1069 2081 1213 2134 nobis
1240 2078 1256 2116 ί
1284 2083 1495 2133 honeste
1524 2088 1548 2125 8
1577 2094 1669 2148 per
1697 2076 1879 2131 Jesum
1901 2075 2042 2130 Chri-

435 2186 572 2229 stum
603 2177 910 2228 salvatorem
957 2185 1212 2234 nostrum,
1256 2185 1306 2224 ut
1345 2173 1622 2244 justi/irati
1663 2170 1838 2241 gratia
1879 2170 2045 2240 ipsius

435 2272 665 2327 htzredes
695 2271 976 2341 elﬁciautur
1007 2271 1290 2323 secundum
1320 2281 1462 2338 spem
1491 2269 1608 2321 vitae
1632 2264 1657 2302 δ
1678 2265 1812 2336 (Tit.
1851 2279 1934 2326 ιιι,
1963 2265 2040 2333 1).

434 2365 709 2421 Admonet
731 2380 863 2433 ergo
888 2363 1135 2418 subditos
1165 2380 1262 2418 nos
1287 2362 1491 2416 debere
1518 2375 1644 2415 esse
1662 2359 1713 2413 in
1739 2358 1897 2412 bonis
1920 2371 2048 2426 0pc-

435 2461 610 2525 ribus,
647 2476 751 2512 non
789 2459 840 2512 in
878 2457 1055 2512 malis.
1092 2457 1148 2512 Si
1195 2457 1397 2510 bonum
1431 2465 1674 2523 estopus
1702 2493 1716 2519 ,
1755 2461 1814 2505 ιιι
1853 2450 2047 2504 absen-

436 2563 542 2606 tem
579 2549 1016 2612 iinteritnamtts,
1049 2557 1108 2600 ut
1139 2548 1446 2602 inauditum
1483 2559 1714 2613 purgare
1744 2557 1802 2596 se
1836 2541 2050 2611 procla-

439 2642 720 2696 mantemi
765 2655 1050 2703 nccemus,
1077 2649 1133 2692 ut
1160 2655 1309 2702 eum,
1337 2653 1497 2708 quem
1548 2637 1896 2690 innocentem
1941 2636 2045 2687 scl-

438 2751 580 2800 mus,
614 2734 928 2789 omittentcs
953 2748 1169 2787 omnem
1206 2742 1514 2800 respectum
1547 2727 1943 2784 misericordia:
1971 2737 2050 2782 te-

435 2846 556 2886 cum
581 2830 890 2900 puniamus.
916 2829 959 2882 si
984 2842 1124 2897 opus
1151 2826 1353 2881 bonum
1377 2835 1462 2880 est
1483 2839 1682 2894 negare
1709 2822 1802 2878 Dei
1830 2825 2046 2877 unicum

439 2922 663 2987 Filium,
694 2923 739 2976 si
771 2936 906 2991 Opus
942 2921 1053 2975 Deo
1081 2929 1365 2988 acceptum
1391 2928 1472 2971 est
1506 2917 1862 2987 apostolicam
1891 2916 2050 2969 dese-

440 3031 562 3070 rere
609 3015 768 3068 tidem
797 3054 811 3079 ,
861 3014 1147 3081 suscipere
1198 3013 1558 3074 lucreticam,
1611 3011 1807 3064 merito
1837 3009 2052 3064 diceres

440 3121 633 3166 contra
686 3123 960 3163 sacrarum
1010 3106 1192 3160 facere
1237 3122 1323 3160 tne
1376 3105 1768 3172 scripturarum
1822 3103 2047 3156 monita.

445 3205 600 3260 Addo
634 3203 789 3266 illud,
811 3219 952 3273 quot.
984 3203 1200 3254 illorum
1230 3199 1533 3267 principum
1560 3207 1614 3252 et
1635 3198 2048 3267 magistratuum

2145 1989 2222 2042 sic
2247 1997 2352 2041 tant
2379 1989 2478 2041 cito
2508 1988 2893 2058 transferamini
2925 1986 2967 2052 ι,
3009 1987 3096 2060 qui
3121 2001 3207 2040 vos
3233 1985 3422 2040 vocavit
3445 1986 3496 2038 in
3521 1985 3700 2058 gratia,

2145 2083 2200 2135 in
2254 2079 2402 2135 aliud
2449 2081 2805 2154 evangelium,
2863 2082 3004 2152 quod
3059 2096 3162 2135 non
3208 2088 3279 2133 est
3314 2077 3488 2143 aliud,
3532 2079 3626 2132 nisi
3669 2087 3703 2114 ιι

2149 2184 2267 2228 sunt
2299 2176 2461 2245 aliqui
2501 2177 2590 2247 qui
2633 2191 2724 2230 vos
2754 2175 3084 2241 conturbant,
3131 2185 3175 2230 et
3233 2175 3404 2229 volunt
3437 2183 3707 2227 conrertere

2151 2271 2472 2340 euangelium
2500 2269 2715 2326 Christi.
2751 2270 2858 2327 Sed
2887 2271 3000 2325 licet
3031 2287 3122 2324 nos
3146 2281 3233 2324 aut
3254 2270 3460 2342 angelus
3495 2268 3552 2321 de
3596 2267 3706 2321 calo

2153 2366 2576 2436 evangelizaverit
2603 2374 2628 2402 ι’
2675 2376 3012 2437 prteterquam
3044 2364 3489 2436 euangelizarimus
3539 2361 3706 2422 vobis,

2152 2456 2423 2510 anathema
2452 2459 2537 2510 sit.
2570 2457 2717 2513 Sicut
2751 2459 3104 2524 praediximus,
3137 2467 3182 2510 e!
3209 2473 3338 2510 nunc
3363 2455 3535 2508 iterum
3565 2454 3709 2506 dico:

2151 2552 2195 2602 si
2207 2551 2325 2619 quis
2345 2550 2483 2603 vobis
2500 2549 2643 2602 aliud
2668 2558 2691 2585 ο
2714 2550 3096 2605 amtuntiaverit
3119 2567 3266 2621 qnam
3287 2547 3421 2620 quod
3435 2548 3707 2618 accepistis,

2151 2642 2425 2698 anathema
2454 2645 2517 2698 sit
2540 2643 2741 2715 (Colat.
2767 2645 2898 2715 1,6).
2925 2643 2992 2700 Et
3023 2653 3078 2699 tu
3106 2644 3381 2699 arbitraris
3403 2643 3536 2697 aliud
3564 2655 3712 2710 posse

2155 2747 2206 2790 te
2225 2736 2456 2803 iudicari
2485 2753 2512 2790 a
2547 2753 2632 2792 me
2673 2738 2778 2792 nisi
2800 2738 3084 2793 anathema
3114 2737 3274 2793 esse?
3306 2751 3422 2792 cum
3458 2738 3709 2791 inveniam

2157 2838 2208 2883 te
2239 2830 2396 2883 aliter
2427 2830 2798 2900 cvangelizare
2838 2847 2996 2902 quam
3039 2829 3366 2886 tradiderunt
3414 2831 3544 2886 beati
3590 2845 3710 2896 apo-

2157 2923 2306 2976 stoli.
2336 2924 2469 2977 Cum
2513 2924 2695 2994 itaque
2747 2924 2902 2980 audis
2950 2940 2976 2978 a
3037 2939 3122 2980 me
3146 2925 3285 2994 quod
3327 2924 3710 2978 anathemati:-

2156 3014 2308 3070 beam
2362 3026 2411 3069 to
2454 3017 2912 3088 evangelizantem
2968 3019 3122 3074 aliter
3182 3035 3338 3088 quam
3397 3019 3712 3089 evangeliu-

2157 3116 2280 3162 rnnt
2329 3110 2584 3179 apostoli,
2647 3109 2691 3164 si
2720 3111 2867 3165 dicos
2913 3127 2994 3166 me
3024 3111 3335 3183 Iniuriosum
3365 3152 3377 3175 ,
3422 3110 3627 3166 mentiri
3666 3121 3712 3165 te

2159 3217 2523 3273 Cognoscere,
2557 3205 2759 3274 aliquid
2813 3206 3045 3260 hominis
3075 3217 3098 3256 ιι
3123 3220 3355 3278 gestans,
3388 3207 3610 3276 poteris;
3642 3207 3710 3260 si.

441 3302 721 3374 apostolus
751 3298 944 3353 fecerit
973 3298 1336 3358 mentionem,
1365 3297 1454 3362 qui
1486 3310 1588 3349 nec
1620 3294 1745 3348 dum
1784 3294 2053 3349 credidis-
2079 3273 2122 3331 Ε
2159 3297 2378 3361 quidem
2411 3297 2596 3352 videas
2627 3299 2720 3352 tibi
2753 3316 2836 3352 me
2862 3299 3058 3354 idcircii
3085 3301 3264 3355 dicere
3283 3273 3576 3363 anaihema,
3599 3303 3710 3369 quia

443 3406 568 3452 seut
599 3393 652 3448 in
685 3395 906 3448 unicum
930 3391 1025 3446 Dei
1053 3390 1248 3444 Filium
1284 3405 1298 3453 ;
1327 3390 1512 3456 utique
1542 3387 1566 3424 κ
1601 3387 1907 3441 humilitate.
1931 3401 2059 3441 nos-

446 3501 526 3545 tra
557 3500 610 3546 et
642 3487 1086 3551 mansuetudine,
1120 3495 1177 3541 et
1207 3487 1364 3555 longa
1393 3485 1446 3538 in
1489 3483 1735 3538 adversis
1760 3483 2057 3553 patientia,

445 3592 500 3638 ct
529 3581 761 3636 maxima
793 3581 843 3633 in
873 3579 1034 3633 rebus
1055 3577 1317 3646 congruis
1346 3576 1661 3631 obcdientia
1682 3575 1913 3629 fuissent
1937 3591 2063 3644 pro-

443 3677 618 3732 vocati
650 3675 714 3728 ad
749 3672 1101 3727 credendum.
1136 3668 1408 3724 Cmterum
1431 3669 1474 3722 si
1511 3678 1583 3732 tu,
1619 3670 1740 3738 quia
1771 3669 2063 3739 imperator

447 3773 543 3835 sis,
573 3770 776 3838 ﬁngens
808 3777 859 3820 te
889 3782 1050 3818 unum
1091 3779 1122 3818 e
1156 3764 1311 3816 turbis
1349 3776 1512 3831 cogas
1545 3776 1644 3815 nos
1687 3761 1854 3816 Deum
1903 3762 2062 3816 dere-

449 3859 1173 3934 linquere,etidololatriam
1195 3859 1503 3926 suscipere,
1527 3857 1786 3926 numquid
1810 3858 2057 3925 acquies-

452 3957 685 4016 cendum
717 3956 809 4010 tibi
844 3955 969 4019 erit,
1001 3968 1068 4008 ne
1111 3953 1344 4021 apostoli
1388 3952 1753 4018 praetermissa
1788 3951 1954 4006 fuisse
1988 3952 2064 4006 si-

452 4052 685 4107 deantur
711 4056 982 4118 prwcepta
1008 4048 1030 4100 ‘i
1060 4045 1130 4100 Et
1163 4052 1347 4099 tamen
1377 4055 1455 4109 tu,
1484 4043 1576 4114 qui
1612 4053 1660 4099 te
1694 4044 1850 4114 lingis
1879 4045 2062 4099 Chris-

453 4147 682 4208 tianum,
727 4142 1074 4198 Christianos
1123 4141 1353 4197 teutaris
1393 4140 1534 4211 quod
1582 4141 1696 4209 ipse
1728 4141 1804 4196 sis
1836 4141 2017 4196 facere
2045 4183 2058 4206 ,

533 4317 556 4344 ⁸
588 4299 1056 4375 lieprtcsentandis.
1083 4295 1338 4375 Galloni].

536 4378 563 4417 δ
597 4365 942 4430 Potestatibus
974 4381 1020 4424 et
1043 4369 1393 4422 obaudierles.
1431 4365 1587 4421 Vers.
1622 4369 1747 4421 Ant.

537 4462 558 4488 ε
594 4447 714 4502 Non
741 4449 942 4514 Iitigeos
971 4458 1100 4505 esse,
1130 4443 1454 4514 moderatos,
1479 4448 1586 4492 etc.
1626 4436 1760 4492 Ead.

532 4522 558 4559 (ι
592 4509 927 4577 Sabatierins
961 4516 1086 4583 lcgit
1119 4509 1398 4565 increduli.

537 4607 558 4631 ι·
596 4591 841 4645 Invicem.
873 4587 1030 4641 Vera.
1063 4587 1190 4639 Ant.

539 4663 559 4702 ί
596 4661 798 4716 lituos.
827 4659 960 4713 liud.

540 4747 563 4784 ε
592 4737 769 4791 αναξρ.
804 4731 1082 4788 πλουσίως.
1118 4725 1276 4794 Vulg.
1313 4724 1530 4778 abunde.
1565 4724 1672 4779 Sed
1716 4725 1848 4778 nihil
1887 4737 2057 4782 muto.

470 4812 559 4867 Sic
591 4809 734 4863 enim
774 4818 970 4870 I‘aSSIIII
1005 4799 1257 4867 vulgatus
1279 4839 1292 4861 ,
1337 4797 1791 4870 quemadmodum
1823 4805 1878 4851 ct
1908 4810 2062 4853 vetus

468 4868 956 4941 Interpros,'quem
983 4882 1227 4940 sequitur
1259 4868 1490 4922 annler.
1526 4869 1656 4937 Sap.
1681 4885 1751 4922 γη
1780 4910 1792 4929 ,
1839 4870 1898 4923 Η
1937 4875 2065 4926 εχαε

470 4953 804 5029 ἀναρίθμητος
828 4948 1048 5029 ,πλοῦτος
1077 4945 1124 4997 ἐν
1165 4945 1352 5014 χερσὶν
1381 4944 1539 5029 auria;
1571 4941 1802 5022 (σοφιίας)
1835 4941 1965 5029 :‘Efl
1989 4945 2067 5029 itt-

471 5013 800 5076 numerabilis
821 5018 1055 5068 honestas
1081 5032 1168 5079 per
1198 5013 1380 5066 manus
1401 5016 1542 5064 illius
1569 5013 1900 5081 (sapientiae).
1930 5014 2062 5069 Ibid.

475 5097 509 5149 ν
521 5115 547 5150 e
557 5113 626 5147 rs.
649 5094 714 5147 1⁸5
736 5113 746 5144 ;
767 5092 857 5144 Τὸν
876 5090 1090 5143 πλοῦτον
1106 5090 1256 5144 αὐτῆς
1274 5088 1356 5138 οὐκ
1369 5087 1760 5157 ἁποκρυπτᾳμαι
1777 5103 1786 5135 :
1813 5083 2069 5140 Honesta-

473 5180 568 5220 tem
594 5167 736 5219 illius
769 5179 868 5213 non
887 5160 1160 5212 abscondo.
1189 5157 1470 5229 Sicﬁcdr.
1499 5155 1574 5216 itt,
1597 5155 1664 5229 14
1689 5178 1697 5206 ;
1722 5161 1959 5229 Πτωχεία
1988 5163 2070 5215 καὶ

474 5241 690 5298 πλοῦτος
718 5237 862 5306 παρὰ
886 5233 1066 5306 κυρίου
1099 5232 1240 5306 sagi;
1269 5226 1558 5306 Paupertas
1575 5239 1619 5280 et
1646 5226 1885 5306 honestas
1908 5249 1946 5306 (ι
1967 5229 2072 5306 Do-

474 5256 690 5298 «Acuta;
718 5259 791 5291 πα
831 5258 862 5288 α
886 5256 1066 5306 Κυριου
1099 5256 1213 5284 εστι
1231 5270 1240 5280 .
1269 5256 1464 5288 ruitur:
1482 5256 1558 5279 sua
1575 5256 1619 5280 cs
1646 5256 1885 5282 truncatus
1908 5256 1936 5282 tt
1967 5256 2072 5284 υυ·

473 5322 609 5362 mtno
632 5320 767 5359 sunt.
785 5256 917 5361 {itit}.
940 5321 962 5354 λ
979 5319 1085 5361 XIV,
1109 5301 1207 5354 '23:
1230 5311 1318 5352 Ral
1334 5302 1396 5354 τὰ
1415 5295 1534 5374 ἆνᾷη
1559 5321 1655 5370 μου
1675 5343 1687 5364 ,
1714 5303 1908 5374 καρπὸς
1923 5301 2072 5367 δόξης

476 5387 556 5435 καί
584 5385 799 5433 πλοῦτον
827 5399 837 5428 ;
869 5376 927 5429 Et
953 5376 1102 5443 ﬂores
1132 5375 1227 5424 mei
1259 5376 1450 5438 {ructus
1475 5371 1682 5425 honoris
1700 5383 1745 5425 et
1768 5371 2068 5428 honestatis.

476 5454 679 5505 Litt-tera
711 5451 1033 5501 omittimus.
1065 5443 1320 5497 Gulland.

544 5530 571 5568 ti
618 5524 742 5575 Vita:
787 5529 990 5574 ceterth
1033 5515 1208 5570 Latin.
1247 5526 1303 5568 ιιι
1352 5512 1504 5568 Vera.
1559 5516 1682 5568 Ant.
1731 5525 1784 5570 et
1829 5514 1986 5586 Vulg.
2023 5527 2076 5573 et

477 5596 648 5649 (ἂι-αις.

555 5667 566 5701 ι
599 5665 723 5718 [an
752 5663 818 5716 de
852 5659 1152 5715 Athanasio
1174 5658 1435 5724 intelligo,
1464 5659 1618 5726 cujus
1650 5673 1869 5714 causam
1928 5661 2076 5716 hisce

477 5755 563 5789 me
594 5755 653 5788 ur
690 5737 921 5792 tau-iter,
958 5744 1010 5783 ut
1037 5733 1087 5784 in
1131 5729 1283 5782 libris
1321 5733 1697 5798 superioribus
1733 5745 1830 5800 pro
1867 5732 1960 5788 illo
2006 5731 2072 5788 ad

521 5822 847 5861 -.-nstauuutn
885 5804 1100 5871 scriptis

2158 3390 2268 3456 jam
2301 3390 2492 3443 beatus
2521 3391 2799 3459 apostolus
2837 3399 2889 3446 te
2921 3392 3459 3458 auatbematizaverit.
3504 3391 3715 3460 lujurio-

2164 3497 2282 3535 sum
2309 3498 2394 3536 me
2418 3483 2654 3553 judicas,
2685 3484 2808 3553 quia
2839 3485 3013 3540 dicam
3048 3493 3097 3538 te
3125 3486 3340 3540 stultum
3365 3502 3377 3538 :
3403 3485 3493 3539 sed
3516 3499 3716 3554 ιιιιοιιιοο

2165 3574 2236 3628 do
2269 3585 2461 3644 potero
2491 3586 2635 3631 recte
2666 3593 2693 3630 a
2728 3585 2777 3631 te
2823 3577 3113 3647 iniuriosus
3142 3577 3340 3640 vacari,
3373 3578 3575 3646 quando
3597 3591 3716 3628 eou-

2165 3677 2272 3723 stet
2295 3686 2380 3723 me
2405 3686 2589 3726 verum
2614 3671 2817 3738 dicere,
2844 3672 2983 3741 quod
3009 3673 3146 3726 enim
3173 3673 3244 3725 sis
3265 3670 3486 3725 stultus?
3511 3669 3560 3725 Si
3583 3668 3714 3722 enim

2164 3762 2370 3818 Galatae
2391 3766 2644 3831 audiant,
2670 3764 2715 3818 0
2747 3767 2894 3819 stulti
2917 3775 2944 3815 (ι
2971 3763 3168 3820 Galatte
3192 3763 3292 3834 (Ib.
3313 3780 3390 3828 ut,
3422 3762 3492 3835 l),
3517 3780 3542 3816 a
3571 3765 3718 3817 beato

2163 3858 2437 3924 apostolo,
2489 3874 2587 3913 cur
2624 3868 2780 3929 putes
2815 3870 2866 3914 tu
2908 3876 3012 3914 non
3056 3860 3200 3915 stulti
3225 3859 3418 3915 debere
3446 3870 3491 3913 te
3516 3858 3720 3911 nomine

2164 3954 2434 4008 vocitari?
2461 3954 2540 4009 Illi
2575 3957 2776 4012 etenim
2803 3957 2846 4009 si
2877 3968 3157 4028 propterea
3200 3954 3338 4025 quod
3379 3953 3518 4008 falsis
3553 3952 3721 4006 fratri—

2166 4048 2266 4103 bus
2287 4049 2787 4119 obtemperassent,
2820 4048 2944 4119 quia
2976 4048 3040 4104 ad
3074 4048 3279 4103 illorum
3303 4047 3720 4114 conscrpentino-

2166 4157 2283 4196 rum
2317 4152 2533 4196 tuorum
2579 4142 2954 4213 suggestiones
3007 4139 3368 4206 intendentes,
3419 4147 3468 4193 et
3515 4137 3719 4193 sabbata

2243 4300 2256 4348 ι
2293 4299 2366 4352 De
2394 4296 2497 4352 hac
2526 4310 2660 4352 voce
2693 4296 2814 4352 vide
2841 4296 3048 4351 initium
3091 4295 3184 4349 lib.
3234 4312 3271 4360 ι,

2240 4367 2263 4405 ¹ί
2295 4369 2353 4422 Νι
2382 4386 2480 4437 pro
2512 4379 2565 4422 ut
2595 4384 2659 4424 ea
2692 4369 2955 4439 particula
2991 4385 3113 4422 usus
3133 4370 3291 4423 fuerit
3312 4366 3531 4424 Lucifer.
3551 4367 3725 4439 exiui-

2168 4439 2358 4494 marim
2386 4436 2642 4511 equidem
2672 4436 2844 4511 ipsum
2875 4441 3179 4510 scrip~isse,
3211 4449 3262 4492 ut
3284 4442 3318 4492 ii
3357 4453 3559 4511 quoque.
3608 4436 3725 4490 Gal-

2167 4512 2313 4567 land.
2347 4508 2554 4569 Sensus
2583 4508 2704 4568 esti
2730 4508 3056 4582 [nfideles—ii
3094 4512 3264 4582 utique
3305 4508 3521 4578 exempla
3560 4519 3724 4562 ttOs'er

2169 4588 2389 4654 permoti
2416 4588 2701 4641 crederent.

2249 4654 2265 4694 ι
2303 4654 2712 4728 Transferamini
2752 4655 2842 4728 ab_
2865 4672 2941 4709 eo.
2997 4655 3177 4728 Latin.
3228 4662 3284 4708 ut
3322 4653 3464 4728 \_’ul_;:.
3492 4651 3726 4728 etj'ers.

2172 4728 2300 4782 Ant.
2351 4729 2403 4781 in
2452 4721 2552 4796 qua
2602 4729 2771 4799 gratia
2811 4725 2939 4781 Jesu
2991 4723 3225 4799 Christi;
3262 4726 3352 4799 sed
3395 4725 3510 4799 Jesu
3549 4721 3726 4799 Christi

2173 4799 2372 4853 omittit
2413 4804 2575 4855 etiam
2604 4797 2833 4854 Tertull.
2872 4799 2966 4855 lib.
2998 4797 3031 4853 5
3067 4809 3235 4852 contr.
3270 4797 3509 4870 Marcia
3533 4797 3726 4870 χάριτι.

2175 4871 2350 4926 ϐιαιο.
2387 4885 2508 4925 cum
2542 4871 2716 4927 Lucif.
2761 4869 3095 4927 Sabatierius
3125 4870 3246 4941 legit
3277 4871 3355 4924 hic
3394 4867 3726 4936 'Transfcra-

2177 4944 2322 4996 mini.
2356 4943 2482 5009 Quis
2504 4959 2658 4998 vos...
2680 4944 2703 4998 τ

2249 5024 2287 5050 πη
2320 5007 2441 5068 Nisi
2460 5017 2522 5070 si.
2549 5015 2701 5072 Vcrs.
2727 5013 2850 5071 Ant.
2881 5007 3101 5068 Turbant
3133 5029 3224 5084 pro
3247 5011 3533 5067 conturbant
3563 5011 3730 5080 legere

2181 5085 2394 5140 videtur
2426 5086 2611 5142 Sabat.

2248 5158 2372 5212 "lia
2404 5159 2566 5213 etiam
2600 5158 2821 5214 Tertull.
2850 5157 2942 5213 lib.
2967 5156 3000 5213 5
3046 5165 3217 5212 contr.
3262 5153 3417 5210 hiare.
3461 5164 3510 5208 ct
3547 5155 3594 5207 in
3640 5154 3727 5208 lib.

2176 5229 2573 5301 depraeserip'.
2600 5231 2750 5286 Vers.
2777 5235 2902 5286 Ant.
2930 5227 3357 5301 Evangelisaverit
3380 5227 3526 5281 robis.
3551 5226 3729 5283 Sabat.

2179 5299 2339 5373 habet
2371 5299 2556 5368 praeter
2583 5305 2634 5356 id
2663 5305 2798 5372 quod
2826 5321 2917 5370 pro
2942 5299 3290 5373 prteterquttm.

2254 5381 2276 5408 ο
2322 5372 2473 5426 Vobis
2499 5370 2877 5430 annuntiabat-it
2905 5370 3086 5444 prtetcr
3111 5389 3258 5442 quam
3279 5370 3590 5444 qttod.,Vet‘s.
3612 5373 3729 5444 Λιιιἶ

2255 5455 2278 5492 t'
2309 5446 2519 5514 Aliquid
2545 5465 2594 5502 es
2627 5449 2876 5510 hominis,
2905 5440 3031 5514 ’ctc.
3053 5440 3214 5498 Vatic.
3239 5443 3330 5499 sed
3359 5444 3600 5502 ob~cnrc,
3633 5440 3733 5494 nisi

2184 5530 2469 5586 prepouas
2501 5521 2818 5589 particulam
2849 5519 2892 5571 si
2924 5513 3036 5571 roci
3061 5515 3290 5589 aliquid;
3315 5530 3489 5589 quare
3505 5530 3605 5589 vox
3629 5529 3735 5589 ges-

2183 5597 2295 5642 tans
2332 5586 2616 5646 clariorem
2668 5605 2884 5647 sensum
2928 5587 3102 5643 reddit
3128 5587 3404 5652 absolute;
3450 5587 3520 5639 sic
3567 5586 3616 5638 iu
3644 5586 3733 5636 tib.

2183 5657 2512 5718 Moriendum
2548 5680 2645 5733 pro
2673 5663 2810 5718 Filio
2847 5661 2939 5718 Ι)θί
2979 5678 2990 5714 :
3025 5659 3175 5714 Nihil
3213 5658 3425 5714 hominis
3463 5658 3556 5711 nisi
3585 5657 3738 5712 linea-

2180 5748 2291 5786 men
2301 5750 2348 5808 Ιᾳ
2377 5752 2544 5808 gerat.

2252 5810 2279 5850 εἰ
2312 5803 2588 5863 Irtsensati.
2628 5808 2779 5864 Vcrs.
2803 5807 2927 5862 Ant.

3307 4311 3400 4366 pro
3442 4295 3496 4349 S.
3531 4294 3720 4347 Athan.
