3854 6406
161 435 180 481 ὶ
190 430 287 478 005

721 422 806 479 Dl-l
846 423 981 481 NON
1021 422 1387 482 PARCENDO
1428 423 1492 481 IN
1534 423 1724 486 ΜΣοΜ
1766 422 2358 495 DELINQUENTIBUS
2395 428 2597 490 LIBER
2630 432 2833 494 UNUS.

3289 433 3424 490 lOOG

159 548 372 590 servate
399 549 460 590 se
489 537 818 604 oportuisse,
843 547 897 593 et
919 539 1394 594 circumclsionem
1429 539 1596 594 fuisse
1618 555 1736 594 cus-
1765 543 1816 604 Α
1841 549 2200 595 correxerunt
2229 540 2425 596 Paulus
2469 544 2848 613 beatissimus,
2894 556 2950 601 ct
2998 548 3180 602 caeteri
3228 562 3289 603 ex
3330 549 3428 603 illo

160 627 461 685 todiendam
494 643 843 696 censuerant,
879 644 1005 688 sunt
1033 637 1182 688 stulti
1212 635 1362 695 dicti.
1393 646 1597 704 quanto
1629 651 1740 690 ma-

155 725 234 795 gis
260 734 315 778 tu
341 724 508 795 digne
534 726 736 781 diceris
763 727 980 791 stultus.
1007 730 1098 797 qui
1125 729 1267 783 unici
1303 729 1396 782 Dei
1426 728 1546 784 Filii
1577 744 1742 797 nega-

159 829 237 874 tor
288 820 609 875 exstiteris!
661 821 795 886 Quia
839 822 1013 876 dicam
1051 822 1166 884 tibi,
1202 821 1359 890 Eripe
1384 833 1430 875 te
1469 840 1500 875 a
1530 823 1740 876 canibus

153 911 341 965 rabidis
362 911 591 977 Arionis,
621 912 738 967 dole
759 914 846 966 tibi
869 913 1006 983 quod
1027 915 1236 968 illorum
1253 916 1478 986 maligno
1499 914 1740 969 httrcndo

152 1005 365 1059 concilio
393 1016 440 1058 et
461 1007 570 1074 ipse
590 1007 735 1060 canis
763 1010 928 1076 factus
949 1008 1042 1069 sis.
1065 1018 1442 1063 contumacem
1469 1023 1555 1062 me
1579 1007 1737 1071 dicis;

150 1098 239 1155 sed
271 1098 518 1156 fortassis
546 1101 769 1170 ignoras
794 1101 943 1156 unici
975 1102 1068 1156 Dei
1098 1103 1218 1158 Filii
1251 1114 1538 1172 negatores
1567 1104 1742 1158 dictos

151 1209 335 1260 canes.
353 1193 534 1250 dictos
560 1205 746 1250 tauros
767 1195 1018 1266 pingues,
1043 1197 1220 1252 dictos
1244 1199 1384 1252 tilios
1409 1197 1737 1266 iniquitatis,

149 1301 334 1344 semen
367 1287 672 1344 adulterum
705 1299 759 1344 et
783 1291 1108 1355 meretricis,
1146 1292 1287 1344 lilios
1314 1291 1657 1359 perditionis.
1689 1299 1743 1342 et

149 1395 335 1437 semen
368 1381 635 1453 iniquum.
669 1381 724 1438 Si
758 1383 938 1453 lugitis
967 1392 992 1419 ι
1023 1385 1091 1436 ita
1129 1385 1396 1438 vocitatos
1424 1399 1519 1436 vos
1547 1398 1575 1437 a
1609 1381 1739 1448 Deo',

147 1469 273 1526 audi
307 1486 404 1541 per
431 1473 644 1527 Esaiam
669 1473 844 1542 ipsum
869 1473 1142 1529 dicentem
1175 1475 1240 1528 atl
1271 1475 1744 1543 comltlasphemos

151 1570 271 1618 tuos
299 1563 518 1618 Judreos
553 1584 564 1617 ε
597 1566 832 1619 Accedite
856 1568 976 1629 huc,
1008 1565 1136 1620 Filii
1179 1569 1466 1636 iniquitatis
1489 1567 1535 1631 ι’,
1575 1584 1742 1622 semen

149 1656 448 1710 adulterum
478 1668 524 1710 et
553 1659 850 1712 meretricis.
889 1657 951 1711 In
983 1676 1080 1728 quo
1117 1661 1349 1713 delectati
1390 1673 1409 1699 ε
1445 1663 1584 1722 estis.
1619 1664 1741 1715 etin

148 1765 300 1819 quens
326 1751 597 1820 aperuistis
625 1767 680 1804 os
709 1763 927 1804 uestrum
946 1793 959 1818 ,
983 1763 1027 1804 et
1058 1754 1297 1806 adversus
1322 1770 1471 1822 quem
1499 1755 1741 1809 immisis-

150 1843 213 1896 tis
241 1843 472 1913 linguam
501 1844 766 1896 uestram?
807 1861 974 1897 nonne
1013 1861 1097 1897 vos
1130 1847 1244 1898 estis
1288 1845 1389 1914 ﬁlii
1420 1847 1740 1914 perditionis,

1842 631 2047 700 perlido
2074 633 2290 701 populo.
2317 633 2450 701 Quia
2484 635 2657 691 dicam
2685 638 2815 692 tibi:
2841 637 3004 709 Eripe
3017 648 3064 694 te
3087 657 3118 693 a
3139 642 3426 712 malignan-

1842 725 1969 777 tium
1997 725 2234 790 concilio,
2284 725 2471 782 videor
2511 743 2634 785 esse
2680 729 2778 785 tibi
2807 733 3256 789 contumeliosus.
3311 735 3424 802 Qua

1843 816 1910 871 de
1940 817 2033 872 re?
2064 833 2259 888 nempe
2284 820 2406 890 quia
2436 821 2693 891 profitear
2729 838 2814 878 me
2851 823 3220 880 Christianum
3247 868 3260 888 .
3303 826 3425 895 quia

1842 910 2109 964 noluerim
2149 911 2525 982 derelinquere
2562 913 2756 984 Deum,
2799 925 2852 971 et
2879 915 3032 972 abire
3058 928 3179 987 post
3204 918 3432 974 idolola-

1842 1003 1994 1057 triam
2029 1015 2197 1059 tuam.
2227 1005 2342 1060 Non
2378 1022 2476 1061 nos
2500 1007 2728 1077 primum
2748 1011 3134 1066 contumeliosi
3155 1027 3216 1067 ac
3241 1027 3432 1085 super-

1840 1095 1896 1150 bi
1923 1110 1952 1148 a
1983 1096 2133 1151 vobis
2166 1097 2293 1152 dicti
2343 1112 2529 1156 sumus
2579 1101 2900 1172 sacrilegis;
2950 1103 3080 1158 dieti
3123 1115 3248 1158 sunt
3282 1107 3427 1160 enim

1843 1191 2007 1246 etiam
2032 1190 2110 1244 illi
2142 1191 2343 1258 cuncti,
2371 1193 2461 1263 qui
2483 1195 2801 1250 restiterunt
2830 1195 3062 1252 funestis
3086 1197 3281 1253 edictis
3302 1214 3433 1253 eon-

1845 1294 2192 1353 tyrannorum
2226 1294 2464 1338 tuorum.
2501 1283 2573 1341 Ut
2601 1297 2655 1341 et
2683 1283 2710 1323 ιι
2735 1297 2966 1343 caeteros
3009 1298 3329 1359 praeteream
3378 1292 3428 1344 in

1843 1375 2082 1428 claustila
2111 1376 2395 1436 orationis.
2430 1377 2496 1431 ad
2527 1379 2698 1432 solum
2733 1378 2931 1434 iterum
2966 1397 3051 1434 me
3084 1393 3288 1436 vertam
3323 1383 3432 1435 An-

1845 1466 2082 1520 tiochum
2116 1482 2315 1536 regem.
2365 1467 2719 1523 Jutlicabatne
2755 1469 3077 1526 resistentes
3105 1471 3210 1526 sibi
3241 1483 3433 1528 contu-

1845 1557 2101 1611 meliosos
2142 1558 2405 1627 superbos
2453 1561 2666 1615 necne?
2709 1561 2838 1617 Sine
2864 1562 3055 1628 dubio,
3088 1565 3210 1636 quia
3243 1576 3436 1622 eantu-

1845 1651 2100 1704 meliosos
2120 1653 2384 1721 superbos
2402 1653 2526 1708 illos
2538 1655 2864 1710 existimarit
2888 1655 3074 1726 fuisse,
3098 1661 3187 1715 tali
3204 1672 3287 1716 est
3307 1679 3401 1716 cru
3420 1693 3435 1704 -

1846 1743 2065 1798 delitate
2092 1744 2203 1799 Deo
2253 1746 2462 1801 dicatos
2499 1749 2563 1802 ad
2613 1761 2841 1805 mortem
2880 1766 3052 1821 usque
3093 1765 3433 1823 persecutus.

1847 1833 2036 1890 Restat
2062 1852 2193 1907 ergo
2223 1851 2280 1892 ut
2308 1840 2497 1894 videas
2527 1856 2650 1910 qua:
2682 1841 2856 1898 adhuc
2891 1857 3058 1914 super
3102 1847 3192 1900 illa
3216 1890 3229 1911 .
3275 1863 3434 1918 quem

149 1952 322 1990 ,ιηιεη
356 1925 589 2006 supinum
638 1935 740 2005 (1,,
771 1952 893 2001 Lm,
943 1939 1037 1999 3)?
1069 1937 1134 1990 Ei
1179 1939 1285 1991 ειιίο
1341 1939 1459 1992 loco
1495 1956 1507 1992 ε
1569 1937 1744 1993 Videre
1775 1967 1820 2026 Β
1844 1927 1951 1997 jam
1982 1931 2282 1998 cognovisti
2312 1974 2326 1998 ,
2356 1934 2594 2001 gesserit
2619 1933 2949 2001 Antiochus;
2989 1945 3044 1991 et
3068 1939 3113 1992 si
3142 1939 3264 1994 illos
3291 1952 3439 1995 recte

149 2029 272 2096 quia
300 2025 326 2064 δ
356 2030 526 2082 omnia
553 2039 810 2082 exccecata
849 2039 986 2092 sunt,
1024 2046 1122 2082 non
1156 2039 1503 2098 cognoverunt
1524 2045 1702 2098 sapere
1725 2071 1739 2092 ,

149 2136 328 2176 omnes
349 2137 500 2176 canes
523 2124 671 2185 inuti,
699 2124 785 2193 qui
805 2140 904 2175 non
933 2133 1206 2189 potuerunt
1237 2123 1446 2187 latrare,
1479 2124 1742 2177 somnian-

150 2226 220 2268 tes
251 2216 306 2270 in
338 2216 502 2270 cubile
535 2228 581 2282 ο,
611 2227 838 2270 amantes
874 2217 1152 2272 dormitare
1185 2234 1202 2270 :
1250 2228 1295 2270 et
1339 2234 1486 2270 canes
1525 2218 1745 2280 improbi

155 2308 392 2362 ‘anirnte
433 2311 709 2363 nescientes
752 2311 1074 2373 satietatem,
1117 2321 1164 2361 et
1217 2321 1336 2362 sunt
1389 2326 1604 2374 neniam
1661 2325 1748 2361 ne—

149 2405 371 2458 scientes
401 2405 740 2468 intellectum.
789 2421 961 2459 omnes
989 2405 1099 2458 vias
1131 2421 1250 2456 suas
1283 2405 1445 2456 secuti
1481 2413 1596 2456 sunt
1638 2399 1744 2472 (Ib.

149 2511 262 2560 LVI,
298 2497 410 2562 10).
455 2497 556 2564 Qui
619 2495 674 2550 iii
734 2507 861 2550 sunt
920 2495 984 2550 ad
1021 2512 1157 2565 quos
1197 2495 1349 2560 Iure,
1402 2497 1484 2548 vel
1530 2505 1753 2563 propter

147 2604 288 2659 quos
319 2589 617 2644 dicantur?
645 2604 838 2658 nempe
872 2589 950 2643 illi
997 2604 1134 2655 quos
1185 2589 1235 2642 in
1275 2588 1537 2640 viresimo
1576 2587 1750 2656 primo

150 2681 368 2748 psalmo
395 2681 604 2734 incusat
633 2681 823 2733 unicus
857 2681 946 2732 llei
981 2680 1150 2732 Filius
1182 2695 1275 2731 ore
1311 2679 1476 2731 Dat-id
1517 2679 1705 2731 dicens
1735 2697 1746 2731 :

149 2771 616 2829 Circumdederunt
642 2790 719 2825 me
749 2774 891 2826 vituli
937 2773 1103 2834 multi,
1137 2773 1271 2824 tauri
1300 2772 1509 2842 pingues
1539 2771 1740 2823 obsede-

149 2876 276 2918 runt
303 2881 402 2918 me.
429 2866 755 2932 Aperuerunt
796 2867 846 2916 in
886 2881 964 2916 me
994 2882 1045 2915 os
1074 2880 1243 2923 suum.
1274 2864 1406 2916 sicut
1439 2865 1515 2915 leo
1547 2862 1752 2930 rapiens

150 2970 196 3010 et
224 2959 434 3028 rugiens
457 2956 575 3027 (Ps.
610 2974 720 3023 ut,
755 2958 862 3026 15).
893 2955 954 3011 Et
989 2959 1124 3010 intra
1148 2976 1161 3010 :
1189 2954 1647 3008 Circutndederunt
1674 2972 1752 3009 me

148 3065 309 3104 canes
335 3050 502 3112 multi,
535 3050 807 3102 concilium
848 3049 1239 3117 malignantinm
1275 3047 1469 3102 obsedit
1509 3063 1628 3102 me:
1668 3048 1743 3116 [o-

149 3141 345 3195 derunt
369 3158 550 3195 manus
578 3158 713 3195 meas
745 3153 790 3193 e!
823 3141 973 3209 pedes
993 3137 1099 3210 (Ib.
1141 3140 1246 3208 l7).
1275 3151 1298 3186 Β
1323 3140 1548 3206 Quando
1575 3142 1753 3206 itaque

149 3233 281 3287 illos
311 3231 364 3286 in
389 3232 676 3294 sacrilegio
705 3234 994 3302 magistros
1021 3242 1138 3284 tuos
1168 3232 1344 3285 dictos
1367 3231 1560 3283 vitulos
1587 3272 1601 3292 .
1633 3240 1750 3283 tau-

1851 2019 2049 2088 poteris
2079 2019 2263 2076 dicere
2291 2024 2555 2092 superbos
2581 2023 2746 2080 fuisse
2778 2027 3047 2083 Antiocho
3077 2031 3438 2086 contumelio-

1845 2127 1956 2177 sos,
1989 2114 2194 2181 poteris
2222 2126 2276 2169 et
2307 2130 2406 2170 nos
2445 2112 2484 2168 ί.
2520 2115 2648 2170 Haec
2669 2118 2870 2173 etenim
2901 2129 2955 2174 et
2991 2137 3088 2175 nos
3129 2125 3363 2192 patimur
3411 2141 3440 2176 ει

1850 2217 1921 2269 te,
1953 2221 2073 2274 qua:
2125 2216 2252 2262 sunt
2296 2218 2350 2263 et
2393 2209 2469 2263 illi
2499 2211 2742 2279 perpessi
2789 2212 2856 2265 ab
2889 2214 3194 2278 Antiocho;
3229 2214 3308 2269 sic
3341 2230 3439 2270 nos

1850 2313 2037 2351 sumus
2072 2300 2472 2367 proclamantes
2516 2317 2609 2370 pro
2644 2302 2747 2356 [ide
2772 2343 2786 2367 ,
2824 2320 2919 2372 pro
2951 2305 3213 2374 religione
3240 2347 3254 2372 ,
3303 2309 3446 2362 sicut

1851 2389 2068 2445 fuerunt
2100 2394 2502 2461 proclamantes
2533 2409 2584 2449 et
2617 2397 2689 2448 illi
2720 2412 2734 2459 ;
2767 2398 2845 2450 sic
2878 2413 2975 2451 nos
3029 2399 3138 2453 Deo
3187 2401 3440 2465 Abrahtr,

1851 2484 1962 2539 Deo
1997 2484 2144 2539 Isaac
2168 2528 2180 2552 ,
2215 2486 2327 2540 Deo
2353 2485 2520 2541 Iacob
2557 2490 2764 2543 servire
2795 2490 3131 2557 profitemur.
3166 2495 3444 2563 quomodo

1850 2580 2002 2634 etilli
2042 2589 2163 2634 sunt
2209 2580 2468 2636 confessi.
2502 2581 2677 2647 Misit.
2714 2585 2882 2654 inquit
2905 2585 3210 2656 Scriptura,
3246 2605 3335 2641 rex
3365 2605 3442 2642 se-

1852 2689 1965 2725 nem
1995 2674 2383 2726 Atheniensemi
2415 2676 2499 2742 qui
2520 2678 2841 2745 compelleret
2865 2676 3098 2745 Judteos,
3126 2690 3179 2733 ut
3197 2697 3249 2734 se
3267 2691 3442 2734 trans-

1853 2768 2043 2835 {errent
2071 2784 2101 2820 a
2131 2770 2331 2835 patriis,
2365 2779 2410 2820 et
2440 2767 2537 2823 Dei
2569 2770 2759 2840 legibus
2794 2788 2855 2824 ne
2882 2783 3162 2838 uterentur,
3195 2777 3451 2827 contami-

1855 2877 1976 2914 nare
2004 2861 2158 2914 etiam
2187 2861 2321 2928 quod
2346 2862 2397 2914 in
2431 2860 2806 2933 Hierosolymis
2837 2877 2943 2917 erat
2978 2868 3246 2935 templum,
3272 2879 3316 2921 et
3352 2885 3441 2920 co-

1854 2956 2154 3024 gnominare
2199 2953 2342 3006 loris
2393 2953 2641 3024 Olympii,
2673 2970 2720 3009 et
2772 2957 3087 3026 Margariziu
3133 2959 3151 2994 ¹ί
3180 3001 3193 3025 ,
3237 2979 3329 3028 pro
3391 2973 3446 3014 ut

1855 3059 2018 3113 erant,
2043 3049 2128 3117 qui
2150 3049 2318 3100 locum
2343 3049 2717 3108 inhabitabant.
2743 3050 2887 3105 Jot'is
2915 3052 3444 3124 hospitalis.Pessima

1854 3151 2022 3194 autem
2051 3152 2094 3193 et
2124 3142 2366 3194 uuirersis
2402 3143 2569 3211 gravis
2601 3145 2852 3196 malorunt
2883 3156 2992 3199 erat
3023 3148 3203 3200 seditio
3239 3145 3278 3199 ¹.
3309 3147 3445 3202 Nam

1857 3245 1895 3270 ω
1916 3236 2037 3303 quia
2059 3235 2302 3304 templum
2331 3238 2788 3290 comessationibus
2818 3242 3042 3310 gentium
3075 3252 3182 3292 erat
3216 3243 3443 3309 plenum,

149 3338 247 3378 ros
274 3325 500 3395 pingues
520 3335 680 3393 atque
700 3339 863 3378 canes
885 3324 1160 3386 atlvertes,
1185 3339 1288 3375 non
1315 3323 1519 3391 poteris
1541 3331 1591 3374 tu
1614 3337 1751 3376 unus
1777 3343 1821 3403 ε
1855 3326 2195 3379 scortantibus
2222 3343 2337 3380 cum
2369 3328 2735 3394 meretricibus,
2765 3341 2811 3383 et
2848 3331 2900 3382 in
2930 3333 3118 3385 sanctis
3159 3335 3302 3387 tectis
3336 3352 3449 3389 mu~

147 3431 216 3470 ex
241 3417 650 3486 malignantium
671 3417 898 3472 concilio
915 3416 1363 3471 contumeliosum
1384 3431 1466 3468 mc
1481 3414 1750 3483 judicare,

146 3510 278 3578 quia
314 3508 424 3563 illis
475 3519 527 3564 te
573 3508 1223 3578 nuucupemnominibus,
1261 3508 1461 3578 quibus
1504 3522 1754 3577 compes-

147 3603 380 3658 tilentes
413 3605 486 3657 tui
512 3604 686 3658 vocati
713 3613 838 3657 sunt
869 3618 930 3656 ac
960 3613 1253 3657 iocantur:
1300 3617 1476 3671 neque
1504 3601 1648 3656 enim
1696 3612 1749 3656 tu

146 3697 338 3751 minor
363 3711 422 3750 es
449 3697 500 3750 in
531 3696 791 3765 nequitia,
809 3697 898 3764 qui
923 3696 1122 3748 audeas
1145 3694 1324 3748 dicere
1352 3713 1362 3746 :
1391 3692 1518 3746 Erat
1541 3694 1748 3762 quando

146 3804 260 3842 non
283 3797 416 3851 erat,
449 3797 496 3841 et
524 3789 692 3857 factus
722 3799 793 3841 est
825 3805 888 3841 ea:
915 3786 1099 3849 nihilo.
1135 3795 1194 3840 ut
1230 3803 1334 3840 non
1369 3785 1473 3839 illis
1492 3786 1634 3855 aptis
1657 3787 1750 3841 tibi

145 3879 474 3934 nominibus
504 3879 855 3949 nuncuperis.
886 3879 991 3934 Sed
1010 3879 1088 3932 vis
1114 3879 1197 3932 his
1221 3894 1324 3933 non
1345 3878 1639 3946 nuncupari
1658 3893 1753 3932 no-

145 3972 446 4028 minibus?
475 3981 621 4028 muta
653 3973 766 4028 vias
801 3983 916 4027 tuas
949 4015 962 4040 ,
997 3974 1208 4044 corrige
1244 3986 1459 4028 errores
1495 3982 1614 4027 tuos
1641 4014 1654 4036 ,
1701 3982 1755 4026 ut

226 4183 254 4244 F
279 4173 447 4244 Eugis
500 4174 678 4229 Latin.

222 4243 255 4284 δ
291 4242 490 4312 Iniqui.
524 4262 694 4300 semen
723 4245 1096 4298 adulterorum.
1127 4242 1282 4296 Vers.
1317 4242 1442 4297 Ant.

227 4326 253 4355 ο
303 4315 522 4371 Lusistis
547 4316 571 4370 .’
594 4332 748 4385 super
791 4333 1034 4383 quem...
1068 4331 1220 4386 super
1241 4330 1341 4384 quo
1380 4312 1616 4383 ejecistis,
1647 4320 1754 4365 etc.

149 4390 320 4444 Vera.
346 4389 473 4444 Ant.

227 4457 257 4496 ἀ
301 4459 561 4527 Quoniam
603 4459 844 4513 θείαν(αεὶ
883 4467 999 4510 sunt
1041 4473 1238 4519 omnes,
1282 4473 1382 4508 non
1414 4464 1757 4521 cognoverunt

142 4531 388 4587 universi
419 4547 437 4584 :
465 4537 616 4584 canes
645 4531 772 4582 muti
798 4545 896 4582 non
919 4538 1156 4598 poterunt
1188 4528 1378 4580 latrare
1397 4568 1411 4592 ,
1444 4527 1755 4598 somniantes

1854 3418 2066 3472 lieribus
2097 3436 2148 3473 se
2176 3421 2625 3488 appropiantibns,
2652 3423 2862 3490 insuper
2899 3423 3032 3475 intro
3063 3425 3337 3493 inferentes
3390 3447 3449 3482 ea

1853 3527 1967 3579 qua:
1995 3528 2094 3563 non
2143 3510 2407 3579 oportebat
2439 3527 2456 3564 :
2496 3514 2659 3565 altare
2693 3515 2842 3566 etiam
2876 3517 3079 3583 plenum
3115 3531 3221 3570 erat
3253 3521 3450 3574 illicitis

1849 3616 1964 3668 qua:
1986 3601 2179 3670 legibus
2210 3602 2626 3670 prohibebantur.
2669 3601 2848 3674 Neque
2892 3617 3057 3659 autem
3086 3608 3294 3663 sabbata
3323 3627 3447 3681 age-

1852 3692 2038 3745 bantur
2069 3702 2116 3758 ",
2148 3710 2308 3762 neque
2349 3695 2453 3746 dies
2498 3696 2742 3749 solemnes
2788 3699 2990 3764 patricii
3033 3701 3449 3756 custodiebantur

1853 3785 2188 3854 (llllachm,
2211 3788 2284 3857 l).
2307 3788 2369 3841 lit
2393 3787 2528 3842 infra
2549 3806 2561 3841 ε
2581 3786 2913 3843 Ducebantur
2935 3803 3102 3845 autem
3124 3811 3302 3847 amara
3320 3796 3339 3815 °
3359 3814 3445 3850 ne-

1852 3880 2086 3932 cessitate
2111 3897 2200 3950 per
2249 3880 2480 3950 singulos
2521 3897 2747 3946 menses,
2793 3883 2844 3936 in
2890 3884 3024 3936 diem
3072 3887 3204 3956 regis
3240 3891 3452 3956 natalis,

1857 3972 2118 4026 miseratio
2146 3982 2253 4026 erat
2277 3990 2294 4039 ;
2316 3983 2363 4025 et
2395 3989 2510 4026 cum
2546 3990 2690 4026 sacra
2727 3973 2900 4028 Liberi
2935 3977 3334 4046 celebrarentur,
3363 3999 3448 4036 co-

1856 4183 2013 4238 quem
2043 4168 2220 4221 locum
2253 4182 2522 4221 nonnemo
2546 4169 2770 4237 margini
2812 4171 3076 4229 adleverit
3108 4177 3340 4233 litteram
3374 4182 3443 4236 Μ.

1857 4237 1955 4309 qua
1980 4237 2380 4309 signiﬁcaretur
2409 4239 2558 4293 Mons
2577 4238 2788 4294 Garizin
2812 4284 2824 4304 .
2856 4245 2944 4298 ubi
2977 4246 3191 4302 scilicet
3219 4252 3446 4307 alterunt

1858 4320 2193 4383 exstructum
2224 4320 2340 4363 erat
2373 4311 2647 4380 templum.
2688 4313 2849 4382 Atqui
2879 4315 3188 4383 hujusmntli
3216 4321 3429 4378 litterati

1859 4382 2209 4449 marginalem
2244 4383 2308 4434 ad
2341 4391 2543 4436 textum
2578 4386 2849 4450 pertinere
2897 4382 3217 4446 existimans
3264 4394 3448 4449 indoc-

1861 4463 1944 4507 tus
1974 4454 2246 4516 librarius,
2278 4468 2452 4520 ncque
2483 4455 2616 4506 satis
2643 4454 2954 4523 percipiens
2985 4460 3268 4515 lectionem
3296 4465 3451 4520 Luci.

1859 4524 2140 4602 ferianat‘n,
2177 4523 2302 4602 hinc
2325 4525 2472 4577 vocis
2498 4535 2800 4579 monstrum
2838 4526 3153 4602 Hargarisin
3192 4533 3449 4592 efformao

143 4603 439 4677 lectulum,
475 4611 700 4656 amantes
725 4593 1130 4654 dormitationes.
1172 4598 1393 4652 Eadem.
1415 4595 1752 4677 _Gra-c.l;)ls.
1783 4617 1835 4677 Β
1861 4597 1953 4677 vit‘.
1985 4593 2236 4677 (ialland.

143 4675 626 4750 iiiemqpovﬁoau,
657 4689 855 4741 sapere.
887 4683 1008 4739 post
1034 4680 1391 4750 cognouerunt.
1408 4669 1581 4750 ﬁrme.
1598 4667 1758 4720 Com-

144 4746 236 4812 pl.
269 4741 461 4806 πάὺιὲις
489 4748 655 4807 κύνες,
680 4760 850 4797 omnes
868 4758 1036 4796 canes.
1062 4743 1261 4803 Graec,
1291 4743 1498 4809 Aquil.,
1523 4741 1754 4812 Syrum},

143 4809 377 4872 Theod.
401 4828 455 4871 et
483 4824 731 4884 septuag.
760 4818 1030 4880 νυστάξαι,
1051 4813 1347 4875 dormitare,
1387 4828 1514 4865 cum
1547 4809 1718 4864 Lucii.

234 4898 260 4924 °
289 4884 461 4940 Cubili
493 4886 620 4956 legit
647 4885 834 4941 Snlntt.

236 4951 604 5026 ‘lmpudentEs
629 4957 818 5009 animm
839 4958 1556 5028 ignoravrrnntsaturitatem.
1594 4993 1604 5004 .
1633 4951 1756 5028 ntali

145 5025 446 5085 nescientes
475 5025 890 5098 intelligentiam,
913 5038 1018 5082 etc.
1053 5028 1207 5081 Vcrs.
1239 5030 1360 5098 Ant.
1395 5025 1554 5078 Forte
1579 5025 1754 5092 scrip-

144 5102 304 5159 serit
333 5111 546 5164 auctor,
574 5097 723 5153 canes
752 5100 972 5165 improbi
995 5101 1188 5152 animo.
1225 5097 1473 5152 Gzllltttitl.

232 5181 262 5219 8
294 5169 467 5226 Pedes
494 5188 648 5224 meos.
676 5170 832 5224 Vers.
870 5171 989 5225 Ant.
1013 5169 1187 5224 Grmc.
1224 5167 1381 5228 πόδας
1413 5165 1752 5234 simpliciter.

231 5239 265 5279 δ
301 5241 367 5296 Et
394 5251 450 5294 ut
478 5256 705 5296 ceteros.
745 5241 993 5297 Gallaml.
1028 5241 1131 5294 Sed
1172 5239 1493 5293 metathesis
1526 5237 1649 5290 licet
1680 5235 1758 5289 vi-

147 5317 449 5386 tiosagion
481 5313 739 5386 abhorret
766 5329 792 5386 a
825 5315 970 5386 stylo
999 5311 1252 5366 Luciferi.

243 5386 259 5424 ί
304 5384 372 5440 Et
404 5400 497 5436 nos
530 5384 640 5438 tibi.
672 5384 923 5438 Galland.

237 5459 252 5508 i
303 5455 586 5522 Quentdant
619 5454 1008 5509 Antiochenam.
1040 5453 1192 5510 Vers.
1220 5455 1345 5506 Ant.
1386 5467 1505 5522 qua?
1534 5450 1754 5522 omittit,

143 5546 220 5584 ne
253 5521 540 5582 uterentur.
565 5525 742 5581 Graec.
773 5526 1045 5588 Ἀθηναῖον,
1074 5525 1448 5586 Atheniensem,
1496 5538 1616 5576 eum
1654 5521 1756 5574 Lu-

141 5600 283 5664 Cit;
327 5611 380 5651 el
409 5606 478 5669 μὴ
505 5599 877 5656 πολιτεύεσθαι.
913 5615 972 5651 ne
1005 5615 1055 5651 se
1104 5606 1352 5668 regerent.
1387 5603 1510 5669 post
1531 5593 1753 5669 ggibus.

142 5661 568 5738 Lugdunenses
611 5679 665 5722 ιιι
710 5669 1046 5723 Sabatierius
1094 5661 1278 5722 contra
1333 5661 1489 5738 tidem
1531 5661 1756 5718 Tiliana:

142 5737 429 5800 editionis
451 5783 462 5799 .
490 5755 661 5795 senem
682 5737 1075 5803 Antiochenum,
1109 5755 1227 5793 cum
1260 5737 1411 5806 Vulg.

231 5814 262 5851 κ
297 5810 370 5866 Et
399 5813 452 5864 in
489 5809 716 5865 Garizint
759 5821 906 5880 prout
955 5822 1095 5862 erant
1142 5810 1214 5862 hi.
1263 5809 1428 5880 Vers.
1456 5810 1579 5880 Ant.
1616 5807 1757 5880 Etliti

139 5886 405 5960 pessime
435 5877 771 5960 larga-riam.
804 5882 1044 5960 Forteiu
1087 5880 1389 5960 e_x_emp_lari_
1413 5877 1758 5960 Luciferiano

144 5946 438 6029 scriptum
489 5946 653 6010 fuérit
698 5954 1076 6024 grandioribus
1118 5946 1315 6008 litteris
1363 5948 1656 6022 Ingarisin,
1691 5946 1755 6002 ad

1934 4664 1947 4701 ι
1988 4665 2248 4718 lncursio.
2282 4664 2438 4718 Vers.
2474 4667 2600 4720 Ant.

1930 4747 1967 4772 ιη
1991 4735 2128 4789 Nam
2162 4738 2400 4806 templum
2435 4739 2642 4792 luxuria
2671 4747 2717 4791 et
2756 4756 2936 4796 com...
2966 4754 3013 4794 et
3035 4748 3441 4804 seortantium...

1858 4810 2171 4888 sacratisque
2199 4807 2399 4862 sedibus
2429 4811 2929 4888 tituliei'es_se_nltro
2952 4815 3266 4888 ingerebant,
3311 4822 3447 4875 intro

1857 4880 2073 4948 ferentes
2100 4898 2158 4932 ea
2185 4895 2297 4948 qute
2319 4896 2417 4932 non
2441 4880 2641 4932 licebat.
2672 4881 2802 4934 ['Iatl.
2855 4880 3028 4940 Graec:
3064 4889 3162 4944 hoc
3192 4880 3311 4946 cum
3335 4893 3445 4948 Lu-

1858 4950 1942 5005 cif.
1972 4953 2369 5015 πλησιαζόντων.
2394 4953 2838 5021 apprOpiantibus.

1930 5030 1953 5056 η
1987 5022 2444 5079 (Συειοάὶρὸαηων.
2478 5033 2522 5075 et
2546 5023 2696 5093 patrii
2726 5027 3079 5083 servabantur.
3116 5031 3273 5087 Vers.
3313 5036 3440 5090 Ant.

1859 5093 2035 5167 Grtre.
2067 5093 2418 5166 διαφυλάττειν
2451 5094 2728 5167 custodire,
2763 5108 2881 5165 post
2911 5101 3020 5154 dies
3046 5103 3218 5167 patrii.

1934 5165 2116 5243 °_Cum
2161 5179 2339 5243 amara
2387 5166 2688 5243 necessitate
2728 5168 2780 5243 in
2819 5171 2992 5243 die_._...
3027 5165 3094 5224 ad
3115 5176 3441 5243 sacriﬁcia...

1860 5234 2049 5317 hedera
2074 5237 2328 5317 _coronati
2373 5234 2560 5317 _Libero
2594 5238 2844 5317 _circr_tire_._
2892 5240 3042 5317 Vers.
3085 5248 3209 5296 Ant.
3238 5234 3445 5317 absque

1859 5309 2257 5381 miseratio‘erat.
2278 5305 2485 5381 'Sttbat.
2506 5309 2631 5381 legit
2665 5327 2676 5360 :
2711 5308 2776 5361 In
2792 5311 2873 5361 die
2898 5313 3033 5381 regis
3054 5315 3240 5369 natalis
3262 5319 3332 5370 ad
3358 5305 3445 5372 sa—

1859 5379 2073 5456 criﬁcia.
2107 5378 2279 5434 Gra'c.
2310 5392 2433 5432 cum
2465 5379 2632 5433 Lucii.
2662 5382 2732 5456 εἰς
2757 5387 2845 5439 τὴν
2874 5378 3007 5456 mea;
3037 5394 3302 5456 μῆνα,,ρργ
3333 5391 3443 5444 δίη-

1895 5449 2006 5502 ulos
2028 5465 2252 5513 menses;
2303 5459 2349 5502 et
2395 5455 2606 5523 κισσούς
2639 5449 2884 5523 ἔχοντες,
2913 5449 3126 5509 hederas
3165 5449 3400 5514 habentes
3432 5479 3448 5511 :

1882 5523 2055 5602 cpitur
2088 5536 2215 5602 vero
2236 5530 2356 5584 post
2385 5522 2520 5574 diem
2543 5522 2902 5602 rt'qisnatalis.
2922 5529 3004 5581 ini
3030 5530 3444 5602 σπὶαγχνισμὸν,

1860 5592 1926 5644 ad
1957 5593 2377 5668 riserrationem;
2411 5592 2780 5668 quareLatitt.
2816 5596 2886 5648 ita
2931 5602 3150 5668 corrigit
3173 5592 3242 5653 ἰῖἶ
3279 5592 3446 5655 Litt-il.

1861 5668 1925 5741 ad
1949 5664 2329 5741 uiscerationem
2356 5705 2369 5723 .
2423 5664 2508 5741 vel
2545 5667 2965 5741 _uisceratio_erat
2984 5711 2996 5731 ,
3028 5664 3219 5741 id'est.
3248 5675 3366 5741 quia
3393 5693 3450 5727 ro

1863 5734 1943 5787 die
1972 5737 2256 5815 visceratio
2282 5744 2391 5815 erat
2434 5737 2776 5815 uictimarum.
2824 5738 2929 5815 Sed
2972 5734 3367 5815 σπλαγχνιάμός
3407 5755 3453 5798 el

1862 5822 1937 5857 sa.
1957 5807 2186 5881 riﬁt‘ium
2218 5805 2481 5874 signiﬁcat
2515 5849 2528 5871 ,
2555 5820 2603 5861 et
2649 5809 3049 5881 miserationem,
3079 5805 3188 5881 qui;
3214 5805 3457 5870 vii-tima-

1863 5892 1979 5930 rtttn
2016 5880 2223 5930 κίςιητει
2274 5889 2598 5946 tanguntur;
2649 5878 2768 5934 hinc
2802 5881 2852 5934 in
2885 5878 3153 5950 Lucifero,
3196 5885 3458 5942 miseratio

1861 5959 1986 6001 έναι.
