3854 6384
434 381 570 437 1007

1513 376 1836 436 LUCIFERI
1875 377 2188 437 EPISCUPI
2227 375 2644 433 CALARITANI

3578 383 3696 443 1008

431 500 678 572 gebnntnr
706 499 841 552 enim
864 498 1078 552 hederas
1107 498 1349 553 habentes
1375 498 1561 554 Libero
1611 501 1900 557 circumire.
1931 500 2036 556 De-
2064 507 2117 566 Α
2142 500 2323 556 facere
2353 507 2480 554 tunc
2506 498 2749 554 cultores
2791 500 2924 555 Dei?
2965 503 3076 558 Deo
3106 516 3414 575 oportuerat
3439 521 3505 561 an
3530 506 3698 562 Antio-

429 601 625 645 cretum
654 601 827 649 autem
861 591 983 644 exiit
1012 591 1063 644 in
1111 591 1373 661 proximas
1396 588 1697 646 Graecorum
1730 603 1754 629 ει
1778 594 2029 658 civitates,

433 686 823 757 suggerentibus
851 684 1172 751 Plolommis,
1202 686 1255 737 id
1288 687 1767 756 ipsuminstitutum
1788 687 2035 742 adversus

428 777 644 831 Judteos
672 795 825 850 agere
853 789 899 830 et
926 778 1159 831 misereri
1189 795 1205 830 :
1231 794 1317 831 eos
1343 793 1462 833 vero
1480 780 1566 847 qui
1589 778 1799 833 nolintb
1818 780 2038 835 transire

431 871 500 923 ad
531 871 770 923 instituta
795 869 1115 937 Greecurum,
1146 870 1453 939 inter/icere.
1488 872 1705 925 Advenit
1728 887 1849 941 ergo
1870 872 2041 926 videre

431 963 717 1017 miseri-tm.
770 962 900 1016 Dum
942 964 1078 1015 enim
1108 962 1347 1017 mulieres
1385 963 1576 1018 delata:
1601 977 1719 1018 sunt
1751 974 1899 1019 natos
1921 982 2041 1019 suos

428 1056 815 1112 circumcidisse
844 1101 857 1123 ,
889 1074 1106 1128 quarum
1134 1069 1157 1095 υ
1186 1058 1411 1125 infantes
1449 1060 1520 1112 ad
1565 1060 1719 1113 ubera
1757 1061 2042 1127 suspende-

430 1161 579 1215 runt,
610 1160 658 1203 et
686 1167 797 1203 cum
817 1149 1018 1221 publice
1033 1166 1122 1217 per
1145 1150 1400 1204 civitatem
1417 1152 1537 1205 illas
1555 1153 2039 1218 circumduxissent,

435 1260 526 1311 per
563 1261 766 1297 murum
799 1244 919 1297 illus
952 1245 1425 1315 prwcipitaverunt.
1459 1246 1564 1301 Alii
1614 1263 1733 1303 vero
1774 1249 1827 1302 in
1860 1245 1887 1285 ά
1922 1266 2043 1318 pro-

432 1336 574 1390 ximo
606 1348 979 1391 concurrerunt
1021 1339 1074 1390 in
1116 1341 1389 1409 speculas,
1439 1350 1484 1393 et
1526 1340 1743 1395 latenter
1771 1342 2043 1409 septimum

434 1428 571 1482 diem
597 1429 947 1484 celebrabant.
985 1430 1137 1495 Quod
1164 1447 1281 1483 cum
1303 1432 1589 1487 indicatum
1608 1441 1733 1487 esset
1758 1475 1773 1498 ,
1806 1435 2044 1503 sufﬂam-

431 1524 560 1574 mati
571 1532 709 1585 sunt,
733 1539 792 1576 eo
805 1523 943 1593 quod
959 1533 1242 1578 metuerent
1267 1525 1319 1578 in
1338 1524 1423 1579 die
1441 1527 1656 1580 solemni
1671 1528 1901 1598 gloriosa
1911 1528 2048 1595 ferre

431 1616 531 1670 sibi
559 1616 763 1670 auxilia
786 1617 856 1687 (ll
882 1616 1128 1671 Macltab.
1155 1634 1227 1685 v1,
1249 1619 1333 1688 7).
1354 1619 1492 1686 Quid
1511 1634 1705 1675 censes
1736 1622 2049 1690 Oportuisse

510 1764 534 1830 ξι
565 1753 701 1809 Cum
735 1754 938 1830 Grzrco
954 1754 1257 1817 Ἑλληνίδας,
1291 1754 1523 1810 Gra’cas.
1556 1757 1717 1813 Vers.
1753 1761 1881 1814 Ant.
1918 1762 2055 1816 Gen-
2084 1770 2134 1830 Β

436 1826 710 1899 tilium_....
744 1837 798 1879 ut
827 1828 939 1891 pari
968 1829 1122 1879 modo
1152 1838 1197 1879 et
1228 1830 1424 1893 ipsi....
1454 1841 1686 1899 agerent,
1718 1842 1771 1885 ut
1792 1835 2056 1897 sacriﬁca-

434 1909 568 1973 rettt.
595 1896 772 1973 Graec.
820 1899 907 1973 hic
938 1900 1313 1973 σπλαγχνίζειν
1342 1900 1434 1953 ubi
1468 1896 1521 1954 in
1563 1902 1738 1955 Lucnl‘.
1772 1896 2003 1959 misereri
2036 1946 2050 1971 ,

438 1966 491 2021 id
523 1982 606 2022 εει
630 1970 697 2022 ad
727 1971 1045 2035 sacriﬁcium
1076 1966 1308 2024 arcuum:
1337 1973 1622 2026 eviscerare
1650 1990 1661 2025 :
1700 1989 1886 2027 verum
1926 1966 2050 2030 cuni

442 2055 471 2091 a
497 2056 718 2116 nomine
740 2043 1049 2115 σπλάγχνον
1072 2052 1126 2116 et
1159 2045 1522 2115 σπλαγχνίζω,
1558 2044 1699 2112 quod
1730 2046 2050 2116 sacriﬁcare,

436 2120 483 2163 et
515 2112 957 2185 σπλαγχνίζομὰῖ
982 2114 1284 2177 derhelur,
1309 2112 1476 2180 ἰιιιιιιι
1524 2112 1881 2171 misericordia
1910 2112 2052 2172 com;

435 2185 630 2236 moveri
658 2184 949 2261 signiﬁcat,
987 2185 1109 2237 ideo
1130 2184 1474 2261 :tutLttcil'clf.
1498 2198 1589 2239 ιιιιι
1608 2186 1916 2261 λιιιιετιπος.
1941 2207 2049 2261 quo

437 2268 568 2306 usits
598 2264 702 2315 est.
735 2256 897 2309 vertit
920 2258 1171 2311 misereri.
1196 2256 1301 2311 Sed
1332 2275 1398 2309 an
1425 2256 1533 2311 [nec
1552 2259 1814 2313 editorum
1841 2256 1991 2316 lectio
2018 2280 2049 2317 a

433 2323 669 2404 Luciferi
698 2344 854 2404 manu
870 2331 1093 2404 primum
1113 2328 1777 2404 prodieritAbaudqequidem
1800 2336 2046 2404 putarim,

434 2395 877 2451 aitGallaudius.
912 2395 1271 2470 SabatJlegit
1314 2418 1326 2452 :
1362 2400 1735 2456 Gentilium...
1786 2395 1840 2456 tit
1896 2395 2045 2460 idm;

437 2481 650 2539 agerent
668 2482 715 2523 et
737 2471 1110 2539 sacrificarent.

512 2536 538 2575 ι’
580 2537 759 2595 (ΕΙ-ωε.
792 2536 922 2615 cum
945 2543 1117 2615 Lucil.
1152 2542 1393 2615 instituta
1422 2545 1670 2612 ἑλληνικά,
1719 2544 2045 2615 Graecorum,

434 2618 490 2664 ct.
516 2620 711 2686 παρῆν,
740 2613 967 2686 advenit.
990 2612 1145 2671 Vers.
1168 2616 1297 2669 Aut.
1330 2612 1437 2667 Eos
1462 2628 1635 2669 autem
1663 2618 1751 2686 qui
1781 2612 2045 2673 nollent”;

435 2685 687 2766 g‘enuum,
720 2685 1067 2755 interﬁcerent
1096 2702 1113 2739 .'
1145 2697 1253 2739 erat
1286 2703 1427 2757 ergo,
1460 2696 1565 2742 etc.

2136 590 2239 646 cho
2298 590 2621 660 placendum
2655 592 2725 643 οἳ
2775 592 2831 647 Si
2880 593 3001 649 illos
3055 613 3161 653 non
3218 612 3403 654 censes
3455 598 3700 654 Antiocho

2140 684 2357 755 placere
2405 685 2712 753 oportuisse
2748 727 2763 752 ,
2824 703 2925 743 nec
2967 703 3065 744 nos
3116 690 3300 760 utique
3356 692 3474 757 tibi,
3504 694 3617 763 quia
3651 701 3702 748 et

2143 788 2197 835 tu
2249 778 2358 835 alio
2397 779 2525 835 licet
2567 778 2751 847 modo,
2784 791 2961 838 tamen
3006 799 3102 839 nos
3134 784 3209 841 sis
3236 786 3454 854 cupiens
3478 786 3699 843 lullcrea

2145 875 2278 941 Deo,
2304 883 2359 930 et
2384 875 2611 944 iungere
2638 874 2881 943 diabolo,
2921 886 2979 932 ut
3010 877 3099 933 ille
3131 878 3357 934 voluerit
3397 880 3518 935 illos
3547 897 3561 934 :
3598 879 3701 949 ipsa

2146 984 2243 1039 per
2270 976 2325 1024 te
2356 968 2651 1024 crudelitas
2670 970 2883 1039 geritur
2904 1012 2920 1039 ,
2954 972 3030 1025 sic
3057 985 3233 1026 saevus
3254 981 3409 1043 atque
3430 972 3630 1043 iniquus
3654 972 3701 1027 in

2150 1077 2268 1129 eos,
2291 1063 2381 1133 qui
2415 1072 2508 1118 tuo
2531 1066 2745 1118 lunesto
2766 1064 2943 1120 edicto
2964 1064 3244 1122 resistunt.
3272 1066 3525 1136 Superest
3538 1064 3703 1136 igitur,

2151 1166 2210 1213 ut
2231 1169 2315 1212 est
2344 1171 2488 1228 smpe
2512 1157 2736 1222 dictum,
2768 1157 2954 1214 doleas
2976 1169 3028 1214 te
3057 1173 3296 1224 errasse,
3328 1174 3705 1230 agnoscensque

2155 1258 2207 1305 te
2240 1264 2362 1304 esse
2389 1249 2715 1304 homicidam
2746 1262 2906 1321 atque
2935 1251 3706 1323 blaspliemum.temet,deser-

2154 1353 2239 1400 tor
2264 1344 2385 1411 Dei,
2417 1357 2781 1414 reprtesentes
2807 1345 2994 1401 domui
3020 1343 3037 1383 τ
3051 1387 3067 1412 ,
3089 1346 3327 1417 alioquin
3347 1355 3399 1402 tu
3434 1346 3523 1404 tibi
3543 1346 3705 1418 impu-

2158 1447 2388 1503 taturus,
2415 1453 2537 1493 cum
2573 1450 2625 1493 te
2653 1437 2839 1494 videre
2870 1440 3104 1511 coeperis
3139 1438 3253 1496 illic
3284 1455 3435 1508 esse,
3468 1440 3551 1496 ubi
3578 1454 3709 1497 nunc

2155 1544 2284 1590 sunt
2303 1534 2484 1590 cuncti
2516 1534 2597 1590 illi
2624 1536 2949 1608 contyranui
2982 1536 3077 1609 tui.

2231 1776 2256 1805 ε
2305 1765 2461 1821 Vers.
2519 1769 2645 1823 Ant.
2680 1768 2822 1836 Quas
2866 1768 3147 1839 infantibus
3176 1769 3246 1824 ad
3268 1770 3418 1824 ubera
3464 1768 3713 1838 suspensis

2160 1852 2279 1890 cum
2306 1839 2507 1907 publice
2538 1857 2628 1907 per
2655 1842 2910 1893 civitatem
2936 1840 3405 1901 circumduxissent.
3446 1857 3531 1907 per
3555 1856 3714 1892 muros

2160 1910 2632 1977 pra'cipitauerunt.
2652 1910 2825 1965 Lucil.
2844 1928 2909 1966 ex
2927 1911 3138 1973 Graeco.
3154 1913 3290 1974 illas,
3307 1914 3483 1977 αὑτὰς,
3510 1913 3713 1965 circum-

2158 1981 2444 2055 ductissent.
2473 1992 2518 2035 et
2549 1998 2640 2053 per
2667 1999 2890 2040 murum.
2915 1987 3041 2039 κατὰ
3069 1990 3158 2039 τοῦ
3174 1985 3405 2055 τείχους.

2226 2048 2374 2125 {Ad
2396 2048 2657 2122 proximas
2682 2066 2916 2109 coeuntes
2945 2056 3207 2125 speluncas
3374 2054 3563 2109 sabbati
3592 2054 3717 2107 diem

2156 2123 2487 2197 celebrantes,
2514 2142 2626 2179 cum
2656 2126 2873 2180 iudicati
2902 2123 3064 2180 essent
3088 2125 3349 2197 Philippo,
3374 2126 3585 2196 ﬂammis
3614 2142 3718 2177 suc-

2154 2196 2291 2269 censi
2329 2206 2469 2260 sunt,
2517 2213 2576 2251 eo
2602 2197 2738 2261 quod
2791 2198 3088 2253 rerebantur
3139 2196 3338 2268 propter
3364 2197 3648 2269 religionem
3674 2206 3717 2250 et

2154 2266 2523 2338 observantiam
2546 2286 2701 2323 manu
2724 2269 2921 2324 sibimet
2947 2271 3192 2325 auxilium
3231 2266 3381 2338 ferre.
3425 2266 3592 2325 (ἷκε-ο.
3640 2276 3720 2327 τήν

2154 2336 2439 2409 ἑϐδομάδα.
2471 2340 2912 2415 diem‘Septimym,
2936 2354 2985 2397 et
3013 2336 3720 2415 σμνεφλογὶσθησξανβαίβωη-

2156 2425 2279 2461 mali
2304 2418 2423 2464 sunt
2454 2425 2574 2465 cum
2600 2410 2770 2465 Lucil.
2798 2409 3317 2468 Sabalicrius'habet
3343 2430 3355 2467 :
3380 2409 3440 2465 In
3471 2410 3719 2483 proximas

2151 2493 2481 2554 cucur_rerunt
2501 2485 2789 2554 speluncas.

2154 2560 2253 2676 T19
2293 2551 2399 2606 Pro
2430 2551 2631 2622 placere
2656 2571 2676 2620 ;
2698 2554 2838 2610 sicut
2863 2565 2987 2612 ante
3013 2555 3153 2612 dixit
3176 2556 3393 2611 nocitum
3414 2570 3509 2626 pro
3529 2569 3718 2609 nocere.

2207 2639 2217 2675 Ι
2251 2659 2265 2673 .

2207 2639 2265 2730 Hi.
2297 2691 2485 2749 Domui
2511 2695 2623 2763 Dei,
2646 2697 2701 2753 id
2726 2706 2809 2753 est
2837 2697 3080 2755 Ecclesia:
3103 2699 3171 2753 ad
3201 2699 3553 2770 paenitentiam.

462 2829 3718 2861 ___________________________________________

1304 3000 1453 3115 Β.
1533 3000 1711 3113 P.
1768 3002 1958 3112 N.
2039 3002 2895 3122 LUCIFEBI
2978 3028 2981 3031 ’

1665 3192 2021 3257 EPISCOPI
2065 3196 2563 3261 CALARITANI
2580 3246 2597 3276 ,

451 3358 1395 3505 MORIEND
1426 3360 1710 3501 ΗΜ
1755 3355 2242 3507 ESSE
2301 3362 2714 3514 PRO
2761 3366 3103 3511 DEI
3151 3365 3712 3554 FILIO,

1079 3597 1235 3684 AD
1312 3598 2171 3689 CONSTANTIUM
2245 3605 3152 3713 IMPERATOREM,

1758 3778 2099 3851 LIBER
2179 3779 2494 3860 UNUS.

526 4085 798 4139 ltecuerat
843 4078 1092 4150 quidem,
1119 4074 1404 4130 Constanti
1429 4074 1749 4144 imperator,
1787 4073 1922 4128 nihil
1944 4073 2053 4144 jam
2085 4052 2131 4117 Ο
2162 4076 2360 4148 quibus
2389 4086 2440 4133 te
2470 4085 2627 4149 putas
2654 4093 2931 4149 magnum,
2965 4092 3085 4133 esse
3114 4085 3166 4132 te
3190 4075 3461 4140 miserum,
3484 4082 3716 4130 contem-

457 4190 637 4233 tecum
667 4174 736 4228 de
763 4171 968 4227 divinis
998 4180 1297 4225 retractare
1328 4167 1638 4238 scripturis,
1671 4182 1793 4221 cttm
1817 4181 1883 4222 eo
1907 4168 2062 4223 vide-

462 4271 618 4333 licet,
650 4280 811 4334 quem
848 4261 1095 4318 veritatis
1123 4260 1557 4329 compererimus
1588 4259 2059 4327 interpolatorem,

465 4374 643 4418 tecum
676 4342 835 4430 quem
886 4356 955 4412 de
984 4356 1091 4411 illis
1121 4371 1187 4410 ex
1225 4354 1436 4409 actibus
1466 4353 1573 4407 tuis
1606 4361 1658 4407 te
1704 4350 2066 4421 coiuprehen-

460 4454 707 4509 «ierimus
753 4467 897 4517 esse,
938 4449 1030 4521 qui
1067 4447 1273 4502 idcirco
1320 4446 1581 4501 dicantur
1616 4444 1719 4499 sibi
1766 4443 2061 4513 sapientes,

464 4547 615 4618 quod
649 4547 791 4600 enim
823 4546 933 4599 siut
959 4541 1291 4613 insipientia:
1324 4541 1429 4596 iter
1460 4548 1749 4601 tenentes;
1779 4535 2062 4605 decuerat,

463 4652 520 4697 ut
552 4638 814 4704 diximus,
878 4648 1000 4704 post
1053 4646 1205 4690 tanta
1247 4636 1343 4689 illa
1376 4650 1496 4705 qum
1549 4632 1904 4704 iugessimus,
1952 4632 2063 4701 jam

465 4735 717 4802 praebere
748 4731 1052 4793 silentium,
1084 4728 1322 4785 maxime
1367 4743 1488 4783 cum
1518 4728 1777 4796 scriptum
1806 4726 2067 4781 memine-

467 4832 638 4883 rimus
674 4844 687 4878 ι
723 4824 850 4879 Noli
901 4822 1212 4894 respondere
1234 4822 1547 4890 imprudenti
1575 4820 1645 4873 ad
1668 4818 2066 4886 imprudentiam

466 4925 602 4993 ejus,
627 4938 689 4975 ne
715 4920 897 4973 similis
928 4918 1025 4988 [ius
1054 4917 1134 4971 illi
1156 4914 1603 4985 (Prov.xxw,4).
1642 4915 1706 4969 Et
1737 4915 1965 4969 iterum:
2002 4912 2067 4967 In

469 5033 622 5070 aures
670 5012 1017 5086 imprudentis
1069 5015 1176 5067 noli
1203 5015 1477 5082 quicquam
1508 5012 1698 5074 dicere,
1748 5026 1811 5063 ne
1858 5010 2067 5079 quando

468 5109 714 5170 audierit,
749 5110 962 5161 irrideat
992 5118 1227 5161 sensatos
1250 5121 1507 5159 sermones
1531 5114 1643 5157 tuos
1666 5101 1773 5173 (Ib.
1806 5117 1957 5162 χχιιι.
1984 5103 2062 5173 9).

466 5203 596 5262 Sed,
632 5204 757 5270 quia
788 5200 968 5255 adhuc
1013 5200 1081 5255 de
1109 5216 1386 5254 armorum
1438 5211 1652 5253 tuorum
1703 5208 1973 5268 potestate
2016 5210 2070 5254 ct

468 5311 604 5349 vana
636 5294 844 5362 imperii
880 5295 952 5347 tui
974 5293 1353 5348 dominatione
1382 5295 1545 5347 timus
1565 5302 1607 5355 ει,
1642 5292 1836 5363 collegi
1869 5290 2070 5362 1’plau-

469 5391 619 5450 dcrc,
650 5387 794 5459 quod
826 5388 969 5441 enim
1003 5388 1212 5457 possis,
1241 5401 1376 5456 quos
1404 5387 1615 5440 ratione
1638 5386 1912 5440 debueras
1938 5385 1990 5438 in
2017 5385 2066 5440 id

2169 4171 2331 4240 nique
2364 4187 2584 4226 omnem
2612 4171 2943 4226 carniﬁcinae
2972 4180 3077 4226 tute
3133 4168 3327 4225 rabiem
3357 4183 3385 4222 a
3414 4167 3579 4223 servis
3608 4164 3713 4225 Dei.

2168 4263 2315 4318 volui
2350 4264 2454 4318 isto
2507 4264 2811 4335 praesiertim
2840 4264 2979 4319 lihro
3010 4273 3193 4319 notum
3244 4259 3520 4330 sacrilegio
3558 4256 3722 4311 futues-

2170 4362 2295 4409 tata:
2320 4354 2502 4411 facere
2529 4355 2699 4411 menti
2731 4366 2857 4411 tute.
2889 4355 2963 4411 'l‘e
2991 4357 3133 4412 enim
3163 4369 3280 4410 cum
3309 4349 3606 4420 temporali,
3636 4362 3719 4401 ca-

2169 4447 2336 4516 duco,
2386 4448 2586 4522 fragili,
2640 4449 2988 4521 corruptibili
3027 4465 3192 4521 regno
3228 4456 3317 4503 tuo
3367 4443 3715 4503 transiturum,

2169 4554 2223 4600 et
2276 4543 2342 4599 ad
2394 4556 2659 4601 mtcruam
2715 4560 2955 4617 poenam,
3008 4544 3116 4601 nisi
3142 4543 3259 4608 tibi,
3288 4541 3410 4596 dum
3457 4549 3538 4594 est
3564 4537 3721 4593 locus.

2168 4637 2508 4709 provideris,
2540 4649 2953 4709 perventurum,
2975 4636 3308 4693 Christianos
3333 4647 3460 4689 vero
3486 4630 3551 4686 ad
3576 4638 3723 4683 teter-

2171 4749 2296 4789 nam
2324 4741 2582 4789 venturos
2629 4734 2897 4805 requiem,
2926 4728 3331 4801 incorruptibile
3352 4737 3569 4797 regnum
3598 4736 3722 4777 con-

2170 4832 2480 4889 secuturos,
2513 4825 2679 4879 lisum
2712 4824 3165 4894 manifestumque
3187 4821 3376 4875 habere
3399 4829 3447 4873 te
3466 4814 3721 4870 volumus.

2172 4916 2256 4973 An
2285 4916 2583 4973 defendere
2617 4916 2871 4982 teutabis,
2922 4913 3064 4987 quod
3112 4912 3251 4971 enim
3282 4925 3373 4981 per
3410 4908 3537 4961 hanc
3564 4905 3721 4959 hare-

2172 5014 2275 5066 sim
2310 5024 2456 5066 tuam
2486 5009 2981 5081 cntuprehensurus
3002 5010 3078 5065 sis
3101 5020 3317 5077 regnum
3356 5001 3620 5062 calorum,
3649 5009 3720 5062 tu,

2173 5105 2262 5176 qui
2298 5121 2418 5159 cum
2452 5103 2951 5174 compestileutihus
2983 5102 3087 5157 tuis
3120 5097 3327 5155 Ariauis
3366 5093 3571 5154 timens,
3600 5105 3667 5144 ne
3696 5104 3720 5140 :I

2175 5199 2335 5255 nobis
2385 5198 2708 5255 Christianis
2751 5199 2986 5255 rcvictus
3041 5209 3233 5251 manus
3280 5190 3401 5245 dare
3447 5182 3725 5254 aliquando

2174 5294 2446 5350 clamante
2494 5297 2728 5351 veritate
2758 5294 2870 5364 ipsa
2920 5289 3212 5361 cogereris,
3244 5286 3623 5353 disceptatione
3645 5295 3727 5335 τε*

2170 5386 2337 5455 jecta,
2381 5386 2447 5440 ad
2490 5387 2741 5442 virtutem
2774 5380 3188 5452 confugiendum
3218 5380 3473 5451 fragiliora
3508 5380 3724 5435 Ariano-

466 5484 606 5552 quod
634 5496 932 5538 censueras
959 5484 1315 5547 consuluere,
1351 5481 1577 5546 violare,
1602 5481 1653 5536 in
1688 5479 2061 5545 hisomuibus,
2092 5470 2147 5530 D
2174 5493 2293 5534 rum
2315 5488 2336 5518 ο
2360 5488 2571 5535 tuorum
2602 5476 2917 5535 censueris?
2943 5484 3206 5546 tamquam
3238 5488 3417 5545 posses
3440 5471 3594 5527 armis
3626 5471 3728 5525 ira-

542 5632 566 5659 ἰ
612 5622 796 5675 Times.
823 5620 1003 5675 Vatic.
1037 5631 1216 5674 tumes.
1248 5620 1351 5673 'l‘il.

540 5694 564 5731 ι’
610 5694 773 5749 Forte
800 5694 1026 5745 intellexi
1059 5705 1106 5746 te
1137 5691 1225 5745 tibi
1248 5692 1522 5763 plaudere,-
1553 5691 1701 5763 velAsi
1724 5690 2067 5763 retinendum

468 5779 549 5818 est
568 5768 749 5829 times;
780 5764 1033 5828 Intellexi,
1059 5766 1178 5834 quia
1200 5760 1357 5818 victus-
1382 5763 1443 5816 ab
1466 5764 1594 5833 ipsis
1614 5760 1916 5830 Catholicis,
1941 5780 2069 5834 quos

467 5838 787 5899 inter-emisti,
850 5852 1007 5903 neque
1038 5837 1087 5889 in
1128 5838 1226 5888 tuis
1279 5838 1387 5905 ipse
1439 5835 1595 5889 armis
1645 5835 1901 5905 confidis;
1951 5838 2068 5889 ideo

465 5909 675 5976 plaudo,
703 5909 869 5976 lattor,
905 5923 1011 5961 esse
1039 5918 1085 5961 te
1114 5908 1377 5971 miserum,
1417 5914 1521 5963 etc.

2254 5631 2273 5656 ε
2318 5619 2607 5675 Armorum.
2642 5618 2818 5673 Latin.
2850 5625 2995 5672 recte
3024 5632 3037 5683 ;
3073 5614 3188 5671 haec
3211 5613 3349 5670 enim
3381 5612 3637 5683 respicere
3656 5609 3726 5663 vi-

2176 5689 2396 5758 dentur,
2427 5708 2546 5760 quae
2582 5691 2740 5760 paulo
2771 5699 2895 5744 ante
2923 5686 3331 5764 legunturpquia
3350 5685 3509 5764 adhuc
3549 5686 3607 5764 de
3648 5697 3725 5764 ar-

2177 5757 2603 5819 morumtuorum
2634 5770 2901 5830 potestate,
2926 5757 3031 5815 etc.
3083 5758 3217 5830 Quid
3262 5757 3400 5827 quod
3451 5757 3724 5812 restitutio-

2178 5849 2303 5892 nem
2335 5837 2680 5893 conﬁrmant.
2714 5850 2836 5897 quae
2867 5848 2988 5887 mox
3035 5829 3212 5885 subdit
3242 5838 3449 5895 auctor,
3488 5838 3726 5896 tonitrum

2174 5924 2349 5981 posses
2376 5908 2535 5961 armis
2563 5902 2856 5978 fragilibus,
2881 5902 3035 5963 etc.‘l
3078 5899 3257 5976 Ncquc
3286 5900 3438 5959 aliter
3467 5914 3592 5955 sauc
3616 5910 3722 5951 sua-
