3854 6420
172 414 309 474 1009

1082 416 1498 475 MORIENDUM
1540 416 1710 477 ESSE
1749 416 1888 475 PRO
1928 417 2039 474 DEI
2078 417 2261 477 FILIO
2297 419 2521 477 LIBER.

3308 419 3447 477 i0l0

169 535 372 605 gilibus
403 532 731 589 immortalia
776 534 913 589 dona
943 545 1335 589 consecuturos
1362 549 1622 604 superare
1654 535 1755 590 ini-
1782 545 1831 604 Α
1859 550 1888 589 s
1921 550 2007 590 me
2034 534 2099 589 ad
2131 539 2557 593 conservandam
2581 540 2838 603 salutem,
2862 555 3051 596 omnes
3092 540 3187 596 Dei
3237 552 3447 603 servos,

170 629 341 681 Inicus
371 626 572 681 divintc
630 628 929 696 religionis,
986 627 1269 697 religiosos
1321 641 1506 681 servos
1553 626 1755 680 Christi

170 733 481 789 praecursor
545 718 885 782 antichristi,
941 718 1139 773 milites
1190 720 1282 773 Dei
1334 734 1453 784 eos,
1498 734 1635 788 quos
1691 718 1757 772 ad

169 823 400 867 meritas
429 812 732 866 divinitatis
779 828 891 864 sua:
940 812 1301 880 perfruendas
1330 814 1605 867 amicitias
1638 812 1759 864 uni-

167 920 260 960 cus
289 916 396 961 est.
420 904 587 960 Filius
618 905 712 961 Dei
762 905 995 960 invitare
1033 906 1306 973 dignatus,
1356 905 1575 959 dicens:
1614 905 1757 959 Beati

168 1000 285 1054 estis
309 1016 426 1052 cum
459 1008 486 1035 ⁸
516 1014 602 1053 vos
624 1000 745 1052 odio
771 999 1039 1053 habuerint
1085 999 1337 1062 homines,
1378 1009 1425 1052 et
1453 1000 1757 1053 maledicen-

166 1105 237 1149 tes
262 1104 652 1164 persequentur,
676 1104 723 1147 et
747 1094 1148 1163 exprobrabant,
1184 1104 1230 1146 et
1274 1094 1443 1146 dicent
1488 1094 1755 1146 adversum

163 1204 252 1242 vos
277 1203 426 1241 omne
453 1184 645 1240 malum
661 1188 911 1258 :gattdete
940 1197 984 1239 et
1012 1190 1284 1253 exsultate,
1306 1188 1547 1256 quoniam
1570 1204 1755 1240 merces

165 1292 330 1335 vestra
358 1282 521 1335 multa
541 1280 569 1320 δ
592 1293 668 1336 est
707 1284 760 1335 in
787 1283 910 1334 creto
940 1285 1049 1335 :sic
1082 1284 1215 1335 enim
1266 1284 1518 1352 persecuti
1553 1290 1668 1334 sunt
1708 1291 1755 1334 et

164 1372 467 1442 prophetas,
496 1375 583 1443 qui
614 1384 759 1427 erant
813 1385 931 1427 ante
982 1392 1084 1428 vos.
1144 1376 1250 1427 llos
1291 1384 1346 1427 tu
1402 1375 1453 1427 iu
1504 1374 1756 1427 omnibus

164 1468 441 1537 impotens
469 1468 538 1523 de
560 1469 729 1537 gradu
763 1470 963 1537 putasti
997 1468 1219 1537 pellere,
1256 1467 1355 1519 hos
1380 1478 1754 1536 prosternere,

160 1574 304 1629 quos
341 1559 531 1615 videas
562 1561 765 1614 idcirco
795 1576 916 1615 esse
968 1569 1182 1629 paratos
1225 1574 1326 1628 pro
1357 1560 1519 1611 unico
1552 1558 1644 1612 Dei
1678 1558 1756 1611 in-

161 1651 336 1706 terfici
371 1650 531 1717 Filio,
564 1651 710 1721 quod
739 1652 884 1706 enim
911 1651 1183 1719 elegerint
1207 1665 1313 1704 n0n
1346 1652 1629 1703 vobiscum
1660 1664 1755 1702 ne-

157 1744 444 1812 gatoribus
474 1746 716 1812 torqueri
742 1744 884 1814 apud
920 1744 1142 1809 inferos,
1180 1744 1273 1797 sed
1306 1744 1531 1798 caeleste
1558 1757 1757 1796 conse-

156 1837 253 1907 qui
284 1852 548 1907 rcgnum;
581 1837 681 1892 hos
712 1853 808 1905 per
839 1839 1054 1893 inanem
1091 1839 1239 1905 regni
1274 1839 1346 1891 toi
1376 1842 1752 1891 auctoritatem

1856 628 2062 682 calcata
2122 627 2315 683 frivola
2370 633 2697 687 auctoritate
2742 643 2853 699 tua,
2887 644 3091 697 mente,
3144 632 3445 697 voluntate,

1858 721 2059 786 studio,
2101 720 2317 785 virtute,
2350 738 2482 778 voce
2507 726 2841 779 consentire.
2885 723 3145 779 Advertis
3175 724 3448 794 quomodo

1857 816 2058 869 caduca
2082 814 2379 869 deminatio
2405 826 2495 870 tua
2518 828 2723 888 quanto
2748 830 2933 871 contra
2979 832 3077 870 nos
3105 818 3303 871 sa-vire
3334 815 3452 884 dig-

1858 919 2042 969 natur,
2078 908 2218 973 quod
2252 918 2405 962 tanto
2447 925 2509 964 ea
2550 910 2826 980 judicetur
2855 924 2978 964 esse
3026 909 3257 972 infirma,
3310 922 3447 962 cono

1858 1000 2201 1067 temptibilis,
2235 1002 2432 1061 inanis,
2480 1001 2679 1055 debilis
2708 1012 2763 1062 et
2804 1000 3015 1071 abiecta
3064 1018 3077 1054 :
3127 999 3313 1054 furore
3365 1006 3447 1053 et-

1860 1093 2004 1145 enim
2034 1101 2088 1146 et
2118 1093 2325 1147 scelere
2349 1094 2626 1147 coocitata
2658 1108 2850 1147 manus
2879 1103 2969 1147 tua
3002 1095 3066 1145 ad
3098 1092 3447 1163 perinteudos

1859 1200 1959 1239 nos
1989 1186 2244 1253 quotiens
2273 1187 2575 1255 pra-valuit,
2605 1188 2804 1241 totiens
2829 1202 2928 1241 nos
2960 1187 3223 1249 crevisse,
3256 1196 3307 1240 et
3335 1200 3451 1239 ma-

1858 1282 1938 1350 gis
1996 1290 2159 1349 atque
2212 1284 2381 1351 magis
2431 1283 2667 1336 victores
2737 1282 3011 1335 exstitisse
3076 1279 3448 1335 meminimus.

1860 1372 2151 1427 Mactastiﬁ
2214 1373 2645 1443 quamplurimas
2706 1374 2759 1427 in
2806 1372 3130 1429 Alemtndria
3164 1414 3180 1438 ,
3234 1370 3450 1425 laniasti

1858 1478 2038 1522 certos
2067 1476 2183 1521 toto
2209 1468 2260 1521 in
2289 1467 2445 1531 orbe,
2473 1467 2843 1539 disperdidisti
2873 1467 3196 1519 resistentes
3237 1464 3332 1519 tibi
3360 1479 3452 1519 va-

1858 1560 1954 1614 riis
1981 1562 2031 1613 in
2062 1560 2231 1622 locis;
2258 1559 2351 1613 sed
2392 1558 2443 1612 hi
2477 1574 2688 1624 omnes,
2715 1559 2857 1627 quod
2916 1569 2970 1612 tn
3005 1558 3194 1611 audire
3226 1558 3450 1611 minime

1860 1654 1939 1706 vis
1967 1695 1979 1710 .
2030 1664 2299 1725 martyres
2342 1661 2474 1707 sunt
2511 1670 2523 1705 :
2556 1654 2677 1707 illos
2721 1667 2914 1707 omnes
2961 1651 3307 1707 beatissimos
3358 1661 3448 1704 tuo

1859 1754 2121 1799 mactatos
2172 1746 2351 1815 gladio
2402 1747 2455 1799 in
2501 1747 2755 1816 paradiso
2804 1760 2925 1800 esse
2975 1746 3064 1813 qui
3099 1742 3446 1799 t'credimus.

1858 1838 2031 1893 Crede
2078 1840 2207 1891 mihi
2237 1839 2378 1908 quod
2409 1854 2438 1893 a
2473 1848 2522 1893 te
2552 1839 2905 1893 statuerimus
2936 1836 3203 1899 interfici,
3236 1836 3362 1906 quia
3395 1844 3452 1890 et
3520 1904 3521 1907 η

152 1942 453 1983 censueras
484 1936 653 1984 temet
687 1940 707 1966 ο
742 1939 1119 1996 superaturos,
1148 1931 1239 1997 qui
1280 1930 1374 1983 Dei
1406 1930 1602 1995 templa
1627 1943 1747 1983 esse
1782 1938 1825 1997 Β
1856 1932 2049 1985 melius
2075 1946 2198 1986 esse
2228 1932 2527 1986 viderimus
2584 1933 2635 1984 in
2668 1932 2848 1985 omnia
2893 1946 3009 1983 mvn
3043 1930 3210 1984 Deum
3246 1930 3448 1984 habere

153 2023 274 2092 ipsa
296 2022 651 2077 confessione
683 2023 805 2076 fidei
849 2038 959 2077 suae
1001 2022 1327 2077 clarescunt.
1359 2021 1428 2076 Ut
1458 2024 1601 2075 enim
1649 2034 1746 2075 vos

150 2118 349 2171 Ariani
407 2117 657 2186 negando
710 2116 906 2169 Filium
960 2116 1052 2169 Dci
1082 2116 1270 2169 domos
1318 2130 1440 2169 esse
1488 2114 1746 2167 immundi

148 2208 407 2278 spiritus,
440 2208 663 2262 vocibus
715 2208 1129 2276 prOpbetarum,
1162 2208 1556 2276 apostolorum,
1584 2220 1748 2274 atque

146 2312 441 2354 sacrorum
472 2298 881 2368 evangeliorum
910 2299 1295 2367 designamini,
1348 2300 1419 2352 ita
1448 2296 1475 2335 ἀ
1506 2300 1593 2368 qui
1660 2299 1750 2353 Fi-

146 2392 291 2447 lium
335 2393 429 2447 Dei
458 2392 802 2453 confitemur,
836 2394 1034 2461 templa
1094 2392 1188 2445 Dei
1240 2406 1362 2445 esse
1416 2391 1751 2444 ostendimus

145 2498 278 2539 nos.
305 2484 501 2539 Milites
535 2484 628 2538 υιὶ
662 2495 765 2538 tua)
791 2485 1116 2538 carnificina:
1138 2484 1490 2537 succumbere
1511 2483 1751 2551 potuisse

140 2577 393 2633 crudelis
445 2588 611 2648 atque
641 2580 902 2647 sacrilega
960 2593 1113 2631 mens
1169 2588 1257 2631 tua
1309 2578 1749 2647 suggestiOnibus

144 2671 351 2727 favens
380 2669 835 2725 cohtcretieorum
882 2680 1097 2723 tuorum
1152 2676 1598 2736 prmsnmpserat,
1653 2683 1751 2721 nos

142 2777 295 2834 quos
327 2762 529 2830 templa
560 2776 658 2816 sua
682 2762 813 2814 dicit
835 2774 959 2814 esse
989 2761 1128 2813 Deus
1154 2760 1231 2813 sic
1262 2776 1275 2815 :
1316 2760 1573 2826 Quoniam
1602 2758 1753 2812 iulia-

142 2856 326 2911 bitabo
360 2857 415 2908 in
444 2856 570 2920 illis,
600 2864 647 2908 et
696 2857 828 2907 inter
872 2870 956 2907 eos
994 2855 1285 2919 ambnlubo,
1319 2865 1366 2907 et
1415 2870 1502 2908 ero
1543 2855 1751 2907 illorum

142 2950 317 3013 Deus,
342 2960 388 3002 et
411 2950 509 3020 ipsi
535 2959 681 3003 erunt
706 2950 827 2999 milvi
860 2948 1117 3017 populus(
1150 2946 1167 2999 I
1198 2946 1317 2999 Cor.
1364 2963 1457 3011 vit,
1492 2946 1603 3015 l6).
1640 2948 1749 3001 llos

142 3054 202 3098 te
231 3044 454 3097 vincere
481 3043 723 3111 potuisse
746 3042 1113 3109 judicaveras,
1150 3055 1286 3109 quos
1320 3041 1602 3109 apostolus
1625 3042 1750 3092 lior-

146 3146 300 3192 tatur
324 3135 516 3189 tollere
550 3136 739 3196 Deum,
792 3143 847 3188 et
872 3143 1090 3203 portare
1132 3132 1184 3186 in
1226 3134 1545 3201 corporibus
1596 3133 1747 3197 suis;

148 3228 253 3282 bos
303 3236 357 3281 te
387 3225 555 3280 armis
599 3225 842 3279 futilibus
894 3224 1045 3292 regni
1080 3223 1153 3276 tui
1204 3225 1457 3291 subigere
1508 3225 1751 3292 potuisse

1855 2035 2175 2087 amatorem,
2220 2038 2380 2091 quam
2427 2034 2478 2078 te
2503 2039 2627 2077 cum
2680 2023 2817 2077 Juda
2849 2021 3099 2076 Scarioth
3129 2020 3448 2076 Judtcorum

1854 2119 2180 2171 imitatorem
2214 2118 2410 2184 puniri.
2438 2117 2571 2171 Ilinc
2594 2127 2677 2171 est
2698 2116 2949 2185 denique,
2975 2115 3280 2180 Constanti,
3307 2114 3453 2181 quod

1854 2212 2141 2266 frendores
2166 2211 2381 2265 colubri
2416 2226 2511 2278 per
2543 2220 2596 2263 te.
2625 2211 2805 2263 illalos
2844 2224 2950 2261 non
2986 2207 3239 2262 timentes
3262 2206 3449 2259 subire

1854 2304 2024 2374 parati
2052 2319 2240 2358 sumus
2266 2319 2427 2357 omne
2450 2303 2695 2356 exitium.
2730 2301 3011 2370 Nnnqnam
3059 2314 3158 2353 nos
3185 2298 3446 2352 consilio—

1855 2411 1973 2449 rum
2004 2405 2312 2448 nostrorum
2346 2396 2612 2464 ptenitere
2641 2402 2859 2461 potest,
2886 2392 2932 2445 si
2978 2406 3075 2460 per
3112 2400 3165 2444 te
3201 2389 3447 2452 mactati,

1855 2490 1947 2558 qui
1976 2488 2153 2543 adhuc
2177 2488 2283 2541 tuis
2312 2487 2629 2541 crudelibus
2661 2484 2937 2539 restitisse
2990 2482 3241 2537 videmur
3277 2480 3455 2535 mani-

1856 2580 1977 2638 bus.
2010 2578 2293 2634 fuerimus.
2328 2579 2474 2633 Mors
2504 2580 2729 2637 etenim,
2753 2591 2915 2645 quam
2950 2576 3106 2628 nobis
3142 2584 3195 2627 tu
3225 2574 3447 2628 minitav

1854 2672 1929 2726 ris
1960 2670 2181 2736 inferre,
2215 2672 2473 2725 omnibus
2500 2680 2581 2725 est
2614 2677 2805 2738 parata
2838 2686 2850 2721 :
2885 2676 3089 2721 tantam
3122 2681 3252 2720 vero
3308 2666 3447 2720 bea-

1856 2764 2162 2828 titudinem,
2217 2772 2472 2831 quantam
2520 2764 2696 2816 sancti
2748 2768 2874 2815 sunt
2923 2772 3192 2830 martyres
3236 2758 3442 2827 adepti,

1858 2870 2017 2909 nemo
2046 2866 2103 2907 ut
2131 2855 2379 2908 videmus
2424 2862 2509 2907 est
2559 2863 2911 2916 consecutus,
2942 2850 3043 2905 nisi
3076 2852 3132 2905 hi
3167 2850 3259 2920 qui
3307 2866 3446 2904 mor-

1858 2955 1964 3000 tem
1992 2957 2210 3015 propter
2235 2947 2451 2999 uuicum
2495 2946 2591 2999 Dei
2619 2944 2816 2999 Filium
2856 2942 3140 2997 moriendo
3172 2943 3445 2996 vicerunt.

1860 3039 2071 3091 Dicatos
2100 3038 2208 3091 Deo
2230 3037 2477 3091 homines
2507 3048 2753 3106 torques,
2783 3034 3063 3095 interficis,
3088 3033 3443 3093 cxterminas;

1856 3140 1912 3186 ct
1940 3146 2039 3186 cur
2061 3130 2175 3185 haec
2200 3146 2381 3200 geras,
2435 3145 2628 3183 causas
2659 3129 2910 3183 odiorum
2942 3128 3174 3181 reddere
3213 3140 3318 3179 non
3352 3140 3447 3179 va-

1857 3225 1961 3289 les,
1992 3226 2119 3294 quia
2154 3234 2211 3278 tu
2232 3238 2404 3278 erras.
2436 3222 2614 3277 Etiam
2663 3222 2819 3276 nobis
2848 3221 3103 3274 irasceris
3132 3233 3230 3272 cur
3258 3233 3442 3271 verant

149 3324 344 3377 fueras
402 3319 620 3389 quidem
667 3318 963 3371 arbitratus
995 3333 1007 3368 :
1046 3315 1140 3369 sed
1182 3318 1440 3384 perspicis
1473 3326 1518 3380 ε,
1555 3317 1607 3369 in
1662 3328 1755 3370 tuo
1784 3331 1827 3393 ρ
1862 3326 2144 3372 teneamus
2176 3318 2336 3381 viam,
2371 3327 2423 3370 et
2449 3330 2573 3370 cum
2607 3323 2792 3369 nostra
2835 3313 3036 3368 salubri
3068 3310 3445 3365 admonitione

145 3415 363 3487 palatio
391 3414 531 3468 intra
586 3412 767 3466 velum
796 3408 813 3446 ί
846 3410 973 3463 licet
1020 3418 1169 3462 stans
1204 3409 1371 3462 tulisti
1425 3425 1745 3476 responsum

142 3604 289 3659 dere
314 3609 610 3655 noscuntur
640 3596 752 3649 sive
777 3594 943 3648 libelli
976 3603 1377 3662 argumentum,
1427 3592 1757 3646 Moriendum

144 3690 267 3729 esse
285 3689 378 3744 pro
408 3669 545 3724 Filio
573 3667 691 3733 Dei,
718 3667 833 3721 sive
863 3666 1026 3719 totius
1056 3666 1251 3732 opella:
1283 3677 1596 3719 contextus.
1632 3664 1755 3718 Cul-

149 3747 309 3800 (and.

233 3824 262 3852 ι
304 3812 433 3866 Cum
462 3827 547 3865 vos
579 3810 907 3867 maledicunt,
938 3819 982 3859 et
1012 3815 1427 3874 persequentur?!
1459 3806 1747 3860 dicent.....

146 3894 375 3957 propter
412 3882 690 3957 justitiam.
754 3879 908 3957 vers.
944 3882 1067 3957 tot.
1092 3878 1199 3957 bis.
1233 3879 1487 3931 German.
1513 3894 1633 3957 lcum
1664 3894 1750 3930 vos

147 3948 283 4012 odio
341 3948 609 4007 habuerint
662 3953 910 4004 homines.
961 3949 1190 4003 Floriae.
1247 3960 1291 3999 et
1345 3948 1749 4015 exprobrabant,

146 4044 286 4083 cum
321 4024 495 4080 Lucif.
531 4024 583 4077 in
612 4038 719 4092 quo
742 4022 924 4074 Sabat.
955 4020 1121 4089 legit:
1159 4019 1425 4071 Persecuti
1458 4021 1673 4090 fuerint,
1706 4030 1751 4072 et

148 4116 227 4154 ea:
273 4095 610 4153 robrat'eriut.
635 4106 683 4148 et
710 4093 957 4145 dixerint.

230 4118 266 4207 ξ
308 4168 443 4207 nui.
492 4181 681 4207 sim-en
735 4174 895 4207 enim
948 4184 957 4207 ι

308 4168 444 4231 Ouia
492 4181 681 4219 merces
735 4174 895 4217 eestra
948 4163 1157 4229 capiosa
1204 4170 1275 4212 est
1318 4161 1368 4212 in
1402 4161 1561 4213 ctrlis.
1599 4160 1749 4213 νοις.

155 4244 298 4295 Ant.
332 4237 511 4292 Grzee.
547 4236 718 4289 Vatie.
751 4236 935 4287 multa.

238 4323 262 4349 ε
298 4308 441 4379 Lege
461 4318 842 4379 superaturum.

235 4384 267 4424 «ί
310 4374 400 4434 Ita
424 4374 537 4431 cuni
572 4394 588 4430 :
612 4380 688 4431 sic
729 4377 954 4444 legimus
987 4384 1044 4427 tit
1089 4374 1425 4444 comparatio
1470 4374 1567 4426 rite
1598 4374 1754 4425 insti-

152 4462 374 4508 tuatur.
409 4450 551 4504 Editi
582 4443 1076 4516 itaque.’Scripttnn
1112 4444 1249 4497 forte
1282 4443 1449 4516 fuerit
1492 4444 1541 4496 iu
1571 4459 1758 4497 exem-

151 4525 311 4597 plari
363 4514 705 4597 Lueileriauo
760 4519 1061 4597 ἱραί-(ηαυπτ-⁹
1100 4524 1170 4597 _et
1217 4518 1392 4567 scriba
1429 4514 1758 4597 fugientibus

149 4584 346 4651 oculis
372 4595 562 4661 legerit
584 4592 774 4658 itaque.
825 4584 1069 4661 Gallaud.
1098 4584 1206 4661 Nos
1228 4601 1297 4637 ex
1327 4585 1757 4640 corrcctiombus

147 4668 399 4722 'l‘tliamr
426 4658 680 4718 editionis
708 4662 956 4730 legimus,
984 4660 1054 4709 ita
1077 4658 1184 4730 qui.

1856 3411 2134 3479 corrigere
2166 3420 2216 3464 te
2247 3409 2443 3479 possis,
2482 3422 2702 3463 errores
2733 3416 2855 3462 tuos
2887 3409 3110 3477 insuper
3131 3406 3449 3460 crudelibus

1865 3604 2071 3648 stantes
2095 3594 2257 3648 veluti
2278 3610 2340 3647 ex
2366 3608 2523 3647 sacro
2550 3608 2771 3647 recessu
2794 3592 2995 3646 dabant
3021 3608 3302 3660 responsa,
3333 3596 3446 3649 sive

1864 3678 1919 3718 ut
1946 3666 2142 3719 ocenlti
2174 3666 2447 3729 audirent,
2466 3681 2585 3733 ane
2606 3666 2657 3717 in
2673 3665 2986 3727 consilium,
3009 3676 3097 3718 aut
3119 3664 3440 3731 injudicium

1859 3736 2198 3790 decernenda
2262 3739 2719 3803 proponebantur.
2772 3734 3069 3802 Utrumque
3121 3734 3447 3791 confirmant

1860 3818 1968 3860 ttttu
2002 3809 2086 3859 hic
2119 3808 2349 3861 Luciferi
2380 3809 2551 3867 locus,
2574 3807 2660 3858 tibi
2689 3808 2765 3860 ait
2788 3807 3167 3860 Consmntiuut
3195 3807 3331 3859 intra
3356 3824 3441 3859 ee-

1856 3879 1961 3931 lum
1992 3890 2208 3930 stantem
2261 3881 2486 3931 tulisset:
2532 3895 2583 3931 se
2612 3894 2934 3941 responsum,
2989 3888 3122 3939 ctc.,
3163 3886 3275 3931 tum
3307 3878 3443 3932 alius

1858 3950 2017 4017 paulo
2047 3950 2271 4003 inferior
2297 3994 2310 4015 ,
2345 3965 2465 4002 cum
2492 3950 2676 4002 scribit
2697 3967 2750 4002 se
2772 3949 2963 4001 dixisse
2981 3948 3247 4020 jndicibus
3266 3990 3278 4007 .
3304 3947 3443 4002 Con-

1854 4022 2040 4073 stantio
2062 4022 2171 4073 velo
2187 4023 2343 4073 misso
2370 4022 2625 4079 audiente,
2656 4028 2764 4074 etc.
2787 4020 2893 4073 Sed
2920 4020 3195 4087 sagittarii
3219 4020 3449 4087 diligen-

1858 4092 1983 4143 tiam
2020 4102 2248 4155 uterque
2280 4092 2430 4145 locus
2475 4091 2677 4159 ellogit.
2733 4091 3091 4160 llierooymus
3138 4090 3340 4160 Magius
3390 4092 3442 4143 in

1856 4161 2077 4214 Miscell.
2111 4163 2203 4215 lib.
2252 4163 2310 4221 2.
2338 4178 2459 4230 cap.
2505 4162 2605 4223 1⁸5,
2646 4162 2802 4215 docet
2836 4159 3010 4213 velum
3041 4172 3149 4213 tum
3178 4159 3343 4213 fuisse
3391 4162 3443 4215 in

1852 4232 2069 4299 judiciis
2111 4235 2336 4300 agendis
2372 4234 2715 4300 interjectnm
2738 4274 2753 4296 ,
2790 4247 2912 4285 cum
2963 4234 3237 4300 gratiores
3267 4247 3445 4285 causa:

1860 4306 1912 4355 in
1936 4305 2293 4371 quaestionem
2322 4316 2754 4372 proponerentur
2785 4321 2799 4364 ;
2827 4304 3130 4367 cujnsmodi
3175 4312 3323 4356 Certe
3353 4303 3452 4356 fuit

1863 4373 2095 4427 Luciferi
2124 4390 2283 4427 causa
2317 4417 2332 4439 ,
2356 4375 2425 4429 de
2456 4372 2587 4428 Fide
2611 4377 2861 4428 nimirunt
2893 4372 3170 4429 Catholica
3199 4382 3255 4428 et
3282 4374 3451 4428 Atha-

1861 4446 1993 4498 nasii
2042 4443 2347 4499 innocentia
2394 4444 2614 4498 tuenda.

1933 4526 1957 4562 ε
1975 4516 2109 4569 Cum
2141 4516 2287 4570 cives
2311 4515 2659 4569 Alexandrini
2677 4516 3119 4571 constantissime
3149 4515 3448 4569 Athanasio

1862 4586 2127 4654 Episcopo
2171 4587 2540 4647 adliaererent,
2592 4602 2766 4655 neque
2816 4589 2866 4640 in
2909 4588 3027 4653 ejus
3068 4588 3240 4640 locum
3273 4587 3451 4640 sufﬁci

1859 4673 2180 4725 queinquam
2216 4656 2445 4719 ferrent,
2475 4661 2774 4723 numerum
2802 4658 3057 4712 Arianum
3090 4659 3415 4725 lipiseoyum
3436 4699 3450 4721 ,

241 4746 268 4773 ⁸
310 4734 478 4789 Forte
529 4719 952 4801 subjiciendum,
1005 4719 1119 4781 cum
1150 4729 1203 4801 in
1232 4736 1319 4778 tuo
1349 4727 1545 4797 pnlatio
1573 4767 1598 4801 ,_
1643 4734 1747 4780 etc.
1786 4719 1832 4777 Ι)
1862 4719 2134 4782 idcircoin
2172 4743 2265 4781 eos
2310 4719 2611 4801 Constantii
2663 4728 2813 4783 furor
2853 4730 3046 4801 sa-pius
3069 4719 3301 4801 exarsit,
3338 4719 3453 4781 tum

146 4806 492 4864 Gallandius
521 4798 785 4872 perspicue
842 4816 937 4871 pro
985 4800 1251 4868 perspicis,
1294 4806 1389 4851 aut
1430 4798 1758 4870 perspicuum

147 4892 480 4987 resfonsum
508 4875 655 4941 legit.

312 4947 515 4987 lnilinnl
553 4946 639 4987 Ilii“

312 4947 515 5000 Iudicat
553 4940 640 4997 hic
669 4942 887 4998 Lucifer
926 4957 1027 5009 qua
1085 4940 1391 4995 constantia
1427 4940 1478 4991 in
1527 4940 1759 4993 concilio

149 5018 565 5079 Mediolaueusi
600 5015 859 5069 restiterit
888 5012 1231 5074 Constantio,
1262 5026 1385 5063 cum
1421 5014 1471 5063 iu
1502 5012 1757 5074 palatium

145 5090 451 5148 admissus
470 5086 537 5141 ad
568 5087 791 5139 interius
824 5084 1403 5152 principisenhieulum
1429 5083 1543 5148 ipse
1562 5081 1761 5134 Catho-

146 5166 406 5220 licnrum
431 5160 745 5213 Autistitum
796 5156 1015 5207 nomine
1047 5157 1215 5205 veluti
1250 5153 1448 5206 Liberii
1483 5154 1763 5207 Pontificis

146 5238 411 5301 legatus,
456 5239 519 5301 et
555 5227 769 5301 concilii
798 5240 1028 5301 pra-ses,
1068 5226 1283 5292 negavit
1314 5237 1467 5301 posse
1494 5239 1573 5279 se.
1600 5235 1765 5301 caete-

147 5295 378 5370 ro'sqne
412 5302 463 5353 in
510 5300 653 5354 illius
678 5309 735 5353 et
760 5296 1435 5370 Arianorumsententiam
1472 5308 1545 5370 _ac
1578 5295 1767 5347 volun-

147 5362 349 5431 latein
374 5371 700 5433 etutcedere,
737 5378 882 5423 tanta
916 5368 1065 5421 vneis
1090 5366 1355 5425 libertate,
1388 5372 1447 5417 ut
1472 5362 1772 5434 Imperator

204 5446 267 5499 ui
298 5452 422 5514 post
449 5441 629 5493 velum
657 5440 855 5514 stabat,
885 5455 992 5514 quo
1022 5438 1248 5514 interius
1264 5436 1569 5514 cubiculum
1594 5438 1774 5489 occlu-

204 5465 267 5499 ιιι
298 5465 422 5514 ρυδι
451 5465 629 5493 νειιιιιι
657 5465 855 5501 sulm“,
885 5465 992 5503 IIII"
1022 5465 1248 5490 tlllrlltta
1264 5465 1569 5489 uttlu'llluul
1594 5465 1773 5489 llL'l'lU‘

141 5465 433 5575 geliatur,
463 5511 699 5578 potuerit
730 5511 876 5563 illum
906 5509 1119 5563 Arianis
1144 5508 1425 5573 Episcopis
1447 5522 1509 5559 ac
1539 5510 1773 5575 Impera-

146 5590 318 5646 toris
344 5583 609 5637 ministris
633 5582 1052 5649 respondentem
1075 5579 1281 5632 audire.
1312 5579 1383 5631 De
1411 5579 1547 5649 velis
1572 5590 1775 5643 autem,

143 5657 382 5732 quibus
410 5654 695 5732 interiores
729 5648 1042 5732 principum
1078 5655 1316 5732 virorum
1353 5648 1496 5732 sedes
1541 5668 1648 5730 pra-
1698 5651 1778 5730 fn—

146 5718 337 5789 films
366 5718 791 5779 occludeliantur
818 5722 966 5788 plora
991 5722 1203 5775 disserit
1229 5718 1433 5788 Caspar
1455 5721 1779 5787 Sagittarius

146 5808 229 5861 in
267 5797 368 5851 lib.
391 5796 460 5850 de
484 5795 676 5850 Jauuis
706 5804 972 5851 veterum.
998 5808 1115 5862 cap.
1139 5791 1230 5845 ΞΑ.
1264 5791 1337 5845 lis
1364 5790 1651 5844 utebantur
1678 5807 1774 5859 pu-

150 5871 463 5931 sissimum
493 5866 879 5934 Imperatores,
910 5864 1031 5934 sive
1068 5874 1125 5917 ut
1174 5863 1432 5932 majorem
1486 5864 1776 5930 quamdam

153 5937 497 6010 maiestatis
522 5933 759 6004 speciem
804 5949 975 6005 prmse
1014 5933 1239 5989 ferrent.
1270 5948 1391 5985 eum
1426 5942 1545 5999 post
1601 5934 1774 5986 velum

1868 4800 2098 4853 maxime
2142 4814 2265 4852 cum
2304 4799 2601 4868 Gregorius
2643 4800 2893 4867 primum.
2938 4800 3132 4854 deinde
3184 4799 3451 4867 Georgius

1867 4870 1974 4922 dno
2010 4871 2330 4923 Arianorum
2374 4883 2613 4923 monstra
2646 4869 2940 4924 Athanasio
2980 4873 3029 4923 in
3052 4871 3299 4923 exsilium
3332 4880 3455 4923 acto

1870 4940 2077 4994 suffecti
2102 4951 2243 4995 sunt.
2270 4941 2590 5009 quibus-eum
2617 4942 2816 4994 nullam
2852 4942 3051 4994 habere
3087 4955 3147 4993 se.
3178 4940 3457 5007 religionis

1870 5015 2305 5064 communionem
2336 5016 2477 5080 passi
2516 5024 2641 5065 Sttut
2680 5010 2951 5065 Catholici
2993 5011 3345 5066 Alexandrini
3390 5012 3457 5064 ad

1869 5083 2128 5150 qumlibet
2156 5085 2332 5153 potius
2364 5084 2645 5136 toleramla
2673 5084 2864 5145 parati,
2901 5098 3063 5153 quam
3096 5099 3216 5137 eum
3242 5082 3457 5136 Ariauis

1870 5155 2216 5207 convenirent
2246 5170 2257 5205 :
2285 5152 2409 5207 hinc
2423 5164 2573 5207 atrox
2603 5154 2793 5207 inillos
2822 5152 3123 5223 persecutio
3147 5164 3312 5213 mota,
3339 5168 3460 5221 qua:

1868 5234 2033 5277 totam
2060 5225 2330 5277 crudelius
2360 5237 2592 5291 pervasa
2624 5224 2914 5294 (Egyptnm
2949 5227 3014 5278 ad
3045 5227 3251 5277 obitum
3291 5237 3462 5287 usque

1870 5294 2193 5357 Constantii,
2216 5294 2339 5348 licet
2356 5297 2643 5364 aliquando
2666 5293 2993 5356 constiterit,
3013 5295 3106 5348 sed
3127 5294 3300 5348 brmi.
3321 5293 3463 5348 Vide

1877 5367 2069 5421 Athan.
2104 5366 2414 5435 Apologias,
2439 5376 2491 5418 et
2519 5370 2804 5435 epistolam
2827 5368 2890 5419 ad
2907 5366 3062 5420 Solit.
3091 5378 3200 5418 tum
3232 5366 3465 5418 notatio-

1878 5454 1995 5499 nes,
2025 5452 2160 5507 quas
2173 5437 2502 5501 SultjeriuttIs
2520 5438 2649 5504 ipsis
2668 5437 2898 5492 Ltttheri
2916 5439 3004 5491 lilii
3023 5439 3065 5490 is
3083 5454 3175 5504 pro
3195 5436 3460 5507 S.Atltatt.

1878 5507 2075 5563 Totum
2110 5522 2239 5562 vero
2262 5509 2373 5561 fere
2406 5524 2502 5577 per
2525 5512 2737 5571 Orbem,
2768 5510 2847 5562 vel
2876 5508 3120 5577 iubente,
3152 5508 3234 5558 vel
3275 5506 3464 5559 eonni~

1879 5592 2037 5633 vente
2082 5578 2433 5643 Condamio,
2483 5580 2807 5634 Arianorum
2862 5580 3156 5633 crudelitas
3198 5577 3335 5631 adeo
3412 5579 3466 5631 in

1884 5650 2194 5704 Catholicos
2226 5652 2492 5711 desaeviit,
2542 5662 2597 5702 ut
2650 5652 2871 5720 plurimi
2920 5654 3189 5720 praecipue
3228 5648 3471 5720 episcopi

1884 5723 2177 5786 gloriosmu
2223 5724 2457 5793 obierint
2488 5718 2804 5793 titarlvt'ittttt
2834 5742 2846 5777 :
2878 5721 3016 5790 quod
3044 5732 3097 5773 et
3127 5718 3215 5793 llic
3250 5729 3328 5793 et_
3349 5718 3471 5793 aliis

1887 5794 1938 5846 in
1996 5793 2126 5846 locis
2160 5792 2316 5860 hujus
2370 5792 2492 5845 libri
2527 5790 2747 5849 Lucifer
2797 5796 2971 5847 innuit
2996 5792 3238 5861 ejusdem
3278 5790 3469 5860 gloriae

1885 5865 2193 5918 ulttiueudze
2229 5861 2633 5929 cupidissimus.

1954 5931 1983 5967 ’ί
2014 5940 2092 5987 Au
2130 5933 2290 6001 quin?
2316 5932 2567 5986 Gallaud.
