3854 6386
452 373 581 430 1011

1530 375 1849 434 LUCIFERI
1899 372 2204 435 EPISCOPI
2251 374 2674 438 CALARITANI

3590 385 3702 444 1οη

444 491 603 545 tactis
652 504 972 559 coacervas,
1029 491 1240 552 dicatas
1290 495 1405 556 Deo
1455 506 1669 552 mentes
1725 494 2044 554 evisceratis
2074 497 2384 562 Arantiam
2437 508 2638 554 sancta:
2690 499 2961 570 passionis
3013 499 3421 557 animat:unde
3469 512 3522 556 et
3565 516 3703 558 nemo

446 584 769 655 corporibus
801 596 1131 658 extorquetis
1157 603 1368 654 eorum,
1420 591 1510 660 qui
1558 591 1912 645 statuerimus
1941 590 2052 647 Deo

449 676 611 732 ﬁdem
669 694 840 750 usque
895 680 959 737 ad
1013 693 1260 742 extrema
1318 683 1441 737 vita:
1497 698 1718 739 servare
1756 683 2048 741 curricula.

449 769 721 838 Perspicis
750 771 821 825 ita
856 770 973 825 hzec
998 787 1143 840 esse,
1176 783 1230 828 et
1276 773 1494 849 quidem
1529 790 1634 829 non
1667 774 1789 830 sine
1818 776 2054 829 maximo

447 863 638 919 dolore
662 874 777 931 tuo,
803 881 924 920 cum
941 883 1045 922 non
1063 869 1242 923 valere
1269 878 1319 928 te
1332 868 1572 924 advortis
1595 884 1693 924 nos
1709 870 1779 925 ab
1797 869 1916 930 hac.
1933 884 2054 939 quae

447 957 560 1011 sola
581 967 684 1024 est,
716 959 980 1030 religione
1002 960 1316 1028 deﬂectere,
1340 962 1532 1016 abisto
1555 977 1739 1029 cursu,
1768 964 1816 1017 in
1849 977 1957 1032 quo
1987 963 2053 1018 ad

446 1050 693 1106 bravium
723 1066 941 1108 sursum
974 1062 999 1089 ι
1033 1052 1333 1109 vocationis
1386 1054 1685 1119 tendimus.
1735 1056 2053 1121 retrahere,

445 1161 553 1200 non
603 1161 727 1200 cum
783 1155 835 1202 te
887 1164 949 1204 ex
999 1159 1190 1216 aperto
1223 1149 1351 1204 facis
1381 1150 1681 1217 inimicum,
1718 1166 1824 1205 non
1853 1166 1976 1204 cum
2005 1162 2055 1205 te

445 1241 672 1294 simulas
698 1242 932 1295 amicum
965 1240 991 1279 δ
1017 1241 1254 1300 .Videris
1282 1244 1489 1298 etenim
1512 1244 1652 1312 quod
1683 1245 1755 1298 sit
1793 1245 1847 1298 in
1880 1252 1932 1299 te
1964 1244 2055 1312 qtti

448 1334 726 1402 deceperit
779 1335 981 1400 Evam;
1020 1351 1141 1389 nam
1176 1347 1195 1373 ο
1224 1376 1238 1396 .
1289 1350 1411 1390 cum
1452 1335 1688 1391 Verbum
1728 1346 1911 1402 tuum,
1963 1351 2058 1405 per

447 1428 594 1498 quod
616 1429 790 1498 serpis
821 1437 878 1482 ιιι
911 1444 1127 1494 Cancer,
1168 1427 1307 1482 falso
1339 1429 1520 1484 fucato
1551 1430 1797 1485 scientize
1842 1440 2055 1484 tumore

450 1521 738 1589 componis
759 1561 773 1585 ,
801 1520 1099 1575 astruendo
1144 1531 1194 1575 te
1221 1521 1475 1578 omnibus
1503 1521 1722 1593 ﬂagitiis
1747 1525 1851 1577 tuis
1876 1537 2059 1576 macu-

449 1614 559 1668 lato
611 1612 793 1667 edicto
815 1614 838 1648 ά
873 1625 964 1667 tuo
1009 1616 1310 1671 rescissore
1335 1626 1382 1680 ε,
1428 1632 1605 1672 messe
1634 1619 1875 1673 omnium
1905 1632 2059 1672 erro-

450 1724 598 1771 rum,
628 1724 751 1763 cum
782 1709 857 1764 sis
901 1710 1018 1779 ipse
1053 1712 1219 1768 totius
1259 1715 1465 1768 erroris
1514 1714 1673 1778 fons,
1723 1714 1965 1770 aflirmas
2010 1726 2061 1772 te

450 1802 671 1856 luminis
693 1803 1042 1872 portitorem,
1073 1820 1195 1860 cum
1232 1807 1309 1861 sis
1345 1807 1583 1863 tenebris
1600 1809 1859 1865 obsessus
1886 1810 2062 1865 omni-

2156 597 2397 645 nostrum
2447 599 2676 645 mortem
2733 607 2890 661 quam
2940 591 3140 648 inferre
3192 595 3457 650 minitaris
3506 597 3703 663 cogitat,

2154 682 2248 737 sed
2279 683 2776 750 immortalitatem;
2805 699 2905 740 nec
2932 686 3312 756 temporariam
3337 702 3427 757 per
3451 696 3500 742 te
3525 686 3704 741 illatam

2157 787 2371 845 pcenam
2407 816 2422 840 ,
2483 775 2578 830 sed
2647 776 2873 846 gloriam
2947 779 3352 851 sempiternam.
3429 777 3708 834 Tormentis

2157 880 2390 936 namque
2420 874 2686 937 martyres
2729 866 2825 923 Dei
2857 871 3184 935 consecrari,
3213 880 3267 925 et
3314 875 3422 940 ipsa
3470 870 3707 940 passionis

2157 957 2478 1026 probatione
2523 960 2775 1013 coronari
2815 961 3062 1029 aperiunt
3098 963 3166 1016 ita
3216 977 3382 1018 sacra:
3427 965 3706 1034 scripturae:

2160 1048 2403 1105 Pretiosa
2446 1052 2500 1104 in
2530 1063 2806 1121 conspectu
2841 1052 3050 1108 Domini
3103 1070 3239 1109 mors
3283 1065 3567 1109 sanctorum
3615 1055 3708 1124 ejus

2162 1141 2280 1212 (Ps.
2309 1158 2433 1211 cxv,
2465 1144 2573 1213 15).
2600 1144 2664 1198 Et
2697 1163 2706 1198 :
2742 1146 2802 1200 Si
2824 1162 2996 1201 coram
3019 1147 3306 1203 hominibus
3332 1157 3571 1202 tormenta
3590 1147 3711 1214 passi

2157 1249 2300 1304 sunt,
2320 1256 2435 1307 spes
2458 1254 2635 1296 eorum
2659 1239 3044 1294 immortalitate
3071 1243 3222 1309 plena
3242 1253 3314 1296 est
3338 1251 3417 1296 :et
3441 1241 3458 1279 ι
3479 1243 3528 1294 in
3549 1243 3706 1311 paucis

2158 1331 2346 1396 vexati,
2405 1333 2458 1384 in
2505 1331 2680 1385 multis
2726 1331 2849 1385 bene
2903 1331 3268 1403 disponentur,
3315 1333 3543 1402 quoniam
3586 1329 3708 1385 Deus

2160 1430 2368 1482 tentavit
2397 1427 2536 1488 illos.
2568 1439 2614 1481 et
2662 1429 2850 1484 invenit
2894 1444 2977 1482 eos
3000 1428 3180 1498 dignos
3210 1445 3280 1482 se.
3312 1425 3582 1496 Tamquam
3626 1441 3710 1478 att-

2163 1540 2277 1576 ruot
2306 1524 2357 1576 in
2388 1524 2598 1593 fornace
2616 1521 2849 1590 probavit
2871 1539 2972 1586 ros,
3008 1531 3055 1576 et
3081 1522 3226 1591 quasi
3253 1520 3542 1578 holocausta
3569 1529 3591 1566 ε
3611 1517 3714 1573 hos-

2163 1617 2234 1669 tia
2256 1616 2450 1683 accepit
2476 1630 2582 1678 eos,
2608 1615 2660 1667 in
2683 1611 2711 1650 1³
2733 1623 2957 1685 tempore
2980 1615 3073 1667 erit
3097 1623 3351 1684 respectus
3385 1614 3604 1666 illorum.
3630 1608 3716 1664 Ju-

2165 1707 2405 1761 dicabunt
2433 1707 2665 1762 nationes
2693 1715 2740 1760 rt
2770 1706 3165 1760 dominabuntur
3190 1706 3389 1776 populis
3407 1747 3420 1769 ,
3442 1712 3489 1758 et
3508 1701 3718 1774 regnabit

2165 1796 2421 1853 Dominus
2438 1814 2616 1852 eorum
2636 1799 2689 1851 in
2706 1808 3006 1868 perpetuum
3031 1797 3281 1871 (Sapqttt,
3304 1798 3354 1859 4,
3375 1796 3450 1866 8).
3466 1795 3560 1862 Qui
3577 1795 3720 1864 igitur

449 1897 571 1950 bus.
604 1895 780 1954 Nullis
811 1913 940 1968 ergo
972 1900 1146 1956 modis
1172 1915 1336 1970 posse
1386 1918 1484 1960 nos
1512 1918 1540 1956 a
1574 1904 1659 1957 via
1693 1906 1939 1960 veritatis
1969 1905 2062 1960 de-
2098 1893 2140 1947 Β
2171 1900 2371 1945 tantum
2423 1891 2735 1946 felicitatem
2785 1900 3180 1946 Cottset'utttros
3221 1905 3278 1945 se
3323 1889 3389 1944 de
3418 1889 3506 1942 Dei
3533 1901 3722 1957 prmsu-

453 1988 621 2053 flecti,
652 1989 778 2046 licet
811 1989 1086 2048 intellectu
1116 1994 1264 2047 omni
1316 2009 1529 2060 careas,
1582 2003 1762 2052 tamen
1806 2014 1869 2052 ex
1909 2007 2060 2064 parte

453 2086 733 2140 contemni
765 2095 817 2148 te
862 2087 1157 2156 inspiciens
1200 2099 1354 2159 potes
1399 2091 1615 2146 tandem
1663 2091 1885 2156 videre,
1921 2090 2062 2147 Con-

455 2179 622 2234 stanti
665 2181 961 2247 imperator
995 2182 1407 2239 immanissimc.
1444 2184 1558 2239 Hoc
1588 2186 1732 2240 enim
1775 2185 1898 2241 fidei
1937 2201 2064 2256 pro-

455 2272 632 2340 prium
665 2286 787 2329 esse
827 2275 1099 2342 negotium
1124 2277 1379 2332 novimus
1414 2276 1747 2344 Christiani,
1798 2294 1899 2334 nec
1941 2295 2066 2349 pro-

455 2365 632 2432 speris
663 2379 765 2418 nec
792 2364 1039 2421 adversis
1070 2367 1137 2420 de
1168 2369 1340 2438 gradu
1362 2369 1668 2434 demoveri,
1686 2387 1792 2425 non
1816 2387 1843 2424 a
1865 2387 2064 2441 prapo-

456 2456 565 2510 sito
604 2458 773 2512 semel
824 2458 1014 2526 vigore
1057 2460 1257 2515 deduci
1294 2477 1306 2513 :
1341 2463 1624 2516 cernimus
1651 2479 1755 2517 una
1801 2464 1903 2518 hac
1931 2479 2066 2519 voce

460 2549 741 2616 religio.~a.
763 2547 1091 2604 Christianus
1113 2568 1248 2616 sunt,
1277 2554 1396 2607 nolo
1419 2569 1527 2612 esse
1555 2564 1609 2607 ut
1634 2565 1689 2608 tu
1708 2571 1779 2618 es,
1814 2554 2069 2609 Constan-

458 2642 582 2703 tius,
608 2653 866 2712 apostala,
915 2660 1080 2699 omne
1109 2647 1320 2701 crimen
1345 2647 1565 2702 excludi
1603 2665 1616 2703 :
1649 2649 1752 2704 hac
1792 2665 1900 2705 nna
1932 2665 2067 2705 voce

459 2737 625 2790 tribui
661 2738 969 2811 praesidium
1003 2739 1220 2806 salutis,
1265 2742 1543 2797 vinculum
1585 2744 1861 2800 libertatis
1882 2753 1938 2800 ct
1969 2748 2068 2800 ho-

462 2834 660 2887 noris:
696 2837 1072 2905 conspicimus
1133 2838 1234 2892 hac
1289 2839 1644 2897 confessione
1703 2842 1865 2896 tribui
1915 2843 2074 2897 nobis

465 2925 826 2992 protectionis
873 2928 1148 2998 clypeum,
1187 2930 1352 2983 telum
1389 2939 1583 2984 contra
1619 2948 1716 2998 per
1763 2942 1814 2986 te
1864 2934 1918 2987 in
1976 2948 2073 2988 nos

463 3016 779 3070 saevientem
828 3018 1148 3083 diabolum;
1201 3030 1255 3075 et
1315 3031 1366 3074 tu
1438 3023 1617 3091 inquis
1666 3042 1679 3078 :
1736 3023 1936 3093 Negate
1987 3042 2072 3080 vos

465 3108 822 3169 Christianos?
849 3109 916 3167 Ut
947 3121 1134 3169 contra
1165 3112 1464 3170 adversans
1500 3113 1790 3169 discrimen
1815 3115 2074 3173 duremus

461 3206 708 3269 stabiles,
745 3221 841 3260 nec
879 3207 1143 3266 smvitiatn
1197 3217 1339 3267 tuam
1375 3211 1683 3278 torquentis
1727 3211 2072 3276 horreamus,

2165 1992 2318 2040 munt
2343 1983 2712 2052 magnitudine
2753 1994 2808 2038 et
2835 1984 3131 2048 exsultant,
3182 1996 3400 2036 necesse
3427 1991 3528 2046 est,
3574 1987 3627 2033 et
3654 1979 3724 2032 tu-

2165 2085 2284 2130 tura
2316 2077 2620 2146 cogitantes
2645 2077 2868 2146 gaudia,
2900 2076 3182 2146 prmsentia
3218 2084 3304 2129 tua
3330 2074 3462 2128 mala
3505 2072 3722 2127 calcent.

2166 2167 2321 2225 Unici
2347 2170 2436 2223 Dei
2457 2168 2578 2224 Filii
2598 2169 2777 2224 divina
2801 2183 2902 2224 vos
2922 2179 3030 2222 cst:
3056 2167 3156 2234 Qui
3171 2177 3305 2222 autat
3324 2167 3538 2220 animam
3551 2165 3720 2218 suamt

2168 2264 2221 2314 in
2275 2263 2373 2316 isto
2423 2262 2641 2324 sarculo,
2696 2261 2874 2331 perdet
2929 2261 3110 2326 illaut;
3143 2270 3188 2313 et
3253 2259 3338 2328 qui
3381 2258 3481 2312 odit
3519 2257 3727 2309 animant

2169 2369 2319 2407 suam
2348 2364 2557 2424 praptcr
2578 2370 2677 2415 me,
2722 2355 2775 2406 in
2806 2354 2958 2406 vitam
2993 2361 3232 2405 retentant
3281 2347 3580 2403 conservabit
3628 2363 3728 2400 eam

2172 2445 2390 2515 (Joann.
2446 2462 2542 2512 ιιι,
2590 2446 2707 2517 25).
2742 2447 2860 2514 Quo
2911 2444 3091 2500 divino
3138 2445 3400 2498 haerentes
3452 2438 3728 2494 Christiani

2174 2549 2469 2612 prmeepto,
2502 2540 2627 2597 licet
2653 2541 2703 2593 in
2731 2539 2989 2594 membris
3029 2538 3226 2593 nostris
3276 2536 3555 2600 resultans,
3598 2533 3734 2587 Con-

2172 2637 2359 2700 stanti,
2392 2645 2478 2689 tua
2506 2634 2704 2705 ungula
2733 2641 2973 2689 recurrat
3003 2633 3053 2686 in
3088 2632 3327 2697 vulnera,
3356 2639 3554 2683 stamus
3579 2626 3733 2682 stabi-

2174 2745 2402 2799 musque
2427 2728 2750 2790 immobiles,
2787 2737 2838 2780 te
2856 2733 3017 2795 atque
3047 2724 3292 2778 onmibus
3322 2721 3486 2790 paruis
3517 2719 3614 2773 tuis
3636 2719 3734 2771 for-

2177 2826 2362 2889 tiores,
2396 2825 2499 2876 hoc
2524 2823 2698 2876 solum
2735 2820 3012 2875 nobiscum
3052 2819 3150 2888 ipsi
3199 2816 3550 2879 revolventes,
3597 2813 3727 2882 quod

2178 2916 2278 2970 ista
2326 2915 2665 2971 crudelitatis
2693 2921 2796 2968 tunc
2834 2910 3146 2968 carniﬁcina
3190 2909 3342 2966 nobis
3385 2908 3450 2960 sit
3498 2905 3637 2959 utilis
3666 2903 3726 2957 ad

2175 3008 2400 3078 gloriam
2432 3008 2843 3075 sempiternam.
2878 3007 2918 3057 Α
2952 3002 3186 3057 barbaris
3217 3013 3354 3068 sa'pe
3377 2999 3598 3067 parcitur
3626 2995 3730 3048 vic-

2179 3100 2270 3166 tis,
2303 3109 2357 3154 et
2401 3107 2483 3153 est
2513 3099 2663 3152 locus
2715 3097 2856 3151 inter
2908 3111 3053 3149 arma
3096 3091 3412 3156 clcnnntia-,
3462 3101 3513 3144 ct
3559 3088 3728 3157 utique

2179 3194 2320 3261 apud
2347 3206 2440 3246 eos
2469 3189 2564 3262 qui
2615 3189 2765 3250 ferali
2799 3191 2812 3239 ι
2841 3188 2945 3244 ritu
2977 3190 3084 3241 sint
3136 3187 3290 3240 vitan
3330 3184 3596 3238 ducentes.
3629 3179 3730 3233 Hoc

464 3303 771 3357 animentur
799 3300 970 3368 magis
996 3317 1157 3368 quam
1189 3301 1472 3356 doleamus
1497 3343 1510 3353 .
1574 3304 1674 3357 ista
1716 3303 1884 3358 eflicit
1915 3320 2068 3360 cons-

2184 3301 2313 3341 vero
2363 3284 2727 3340 inenarrabile
2756 3283 3010 3350 estquod
3057 3281 3113 3334 lit
3155 3292 3431 3333 auversum
3475 3289 3566 3328 nos
3601 3287 3628 3324 a
3660 3280 3728 3338 te,

464 3394 686 3456 cientia,
743 3409 863 3462 qua:
916 3394 1288 3452 reminiscitur
1335 3397 1551 3452 unicum
1612 3395 1706 3450 Dei
1760 3395 1951 3456 Filium
2008 3398 2074 3452 ad

461 3485 827 3554 protegendm
856 3487 1198 3554 victoresque
1221 3486 1537 3540 (illiciendos
1567 3503 1696 3541 suos
1725 3502 1837 3542 sure
1885 3490 2076 3543 divini-

465 3591 480 3634 t
521 3582 590 3635 tis
646 3583 890 3649 praelii-re
951 3582 1339 3649 praesentiam;
1378 3581 1502 3635 hinc
1544 3581 1800 3645 efﬁcitur,
1854 3593 1930 3648 ut,
1970 3598 2075 3651 qua

466 3691 568 3728 nos
599 3673 780 3728 credis
827 3675 1100 3739 exstingui
1147 3690 1323 3743 ptena,
1379 3675 1735 3729 vivificemnr.
1770 3675 1824 3728 Id
1879 3676 2074 3730 etenim

469 3767 655 3828 nobis,
691 3767 778 3829 qui
813 3783 936 3822 etltlt
996 3777 1214 3836 pr0pter
1244 3783 1405 3839 quem
1438 3769 1695 3839 patimur,
1727 3783 1848 3824 esse
1898 3769 2081 3823 nobis-

467 3876 590 3912 cum
633 3860 931 3923 credimus,
968 3860 1022 3918 in
1053 3871 1403 3926 augmentum
1458 3860 1675 3914 virtutis
1723 3861 2077 3927 assumimus,

468 3950 615 4020 quod
657 3963 708 4006 tu
733 3951 993 4007 cruciatui
1045 3952 1277 4020 sperasti
1333 3951 1616 4020 prodesse,
1649 3951 1871 4019 punitor
1903 3972 1914 4006 :
1951 3952 2080 4008 hinc

471 4055 555 4100 est
609 4043 751 4114 quod
804 4044 961 4098 malis
1005 4044 1110 4098 tuis
1159 4045 1536 4114 quatientibus
1585 4061 1693 4098 non
1743 4043 2078 4116 frangamur,

468 4150 786 4210 quantoque
852 4139 1000 4192 varie
1054 4137 1309 4195 continua
1378 4137 1702 4196 crudelitate
1779 4154 2074 4205 vexamur,

469 4240 623 4284 tanto
703 4230 933 4286 firmiter
1010 4230 1349 4284 roboremur.
1415 4229 1508 4284 Est
1578 4229 1723 4284 cnim
1792 4230 2075 4286 nobiscum

468 4323 605 4388 ille,
663 4323 752 4392 qui
815 4322 1192 4377 adolescentes
1249 4322 1507 4377 Hebraeos
1551 4323 1838 4377 credentes
1897 4324 1948 4376 in
2020 4338 2080 4390 se

469 4417 528 4470 in
561 4415 774 4471 camino
826 4416 968 4486 ignis
1022 4424 1223 4470 tutatus
1271 4425 1387 4480 est;
1451 4416 1566 4486 ipse
1630 4417 1810 4470 firmat
1863 4423 2081 4469 nostras

472 4519 684 4564 mentes
719 4550 733 4574 ,
784 4509 901 4574 ipse
955 4523 1178 4564 sensum
1221 4508 1359 4578 regit
1413 4520 1682 4572 nOStrum,
1726 4509 1841 4578 ipse
1896 4506 2080 4561 divino

473 4599 713 4654 incendit
782 4614 970 4655 amore
1025 4614 1124 4653 suo
1196 4609 1378 4654 nostra
1432 4598 1639 4664 corda,
1690 4610 1743 4654 et
1817 4597 1883 4652 ad
1942 4597 2078 4652 tole-

2182 3379 2274 3449 qui
2325 3377 2419 3432 tibi
2450 3378 2611 3445 ,bcne
2661 3375 2962 3440 voluimus,
3009 3385 3165 3444 atque
3219 3381 3276 3426 ut
3330 3369 3595 3437 contingat
3641 3366 3726 3419 de-

2184 3470 2488 3524 sideianles
2545 3483 2768 3532 sumus,
2831 3467 3104 3535 Deumque
3159 3466 3353 3534 jugiter
3409 3462 3731 3514 obsecrantes

2187 3579 2297 3619 non
2323 3562 2624 3617 desinimus
2659 3579 2671 3612 :
2703 3561 2924 3631 spolias,
2966 3558 3277 3628 proscribis,
3327 3567 3518 3611 mactas
3536 3551 3728 3620 gladio,

2186 3654 2331 3708 varie
2352 3656 2529 3723 punis,
2567 3667 2664 3706 nec
2694 3667 2923 3720 corpora
2959 3652 2981 3687 ¹ι
3010 3667 3127 3720 qua:
3156 3651 3353 3702 laniare
3377 3646 3614 3709 sanxisn,
3643 3656 3726 3695 se-

2186 3748 2345 3817 peliri
2378 3747 2671 3817 permittis,
2691 3747 3089 3815 eleemosynam
3119 3742 3233 3797 fieri
3275 3738 3540 3809 prohibes,
3566 3733 3730 3789 omnis

2184 3843 2420 3907 metalla,
2445 3842 2734 3910 omniaque
2766 3840 2907 3905 loca,
2938 3837 3126 3894 exsilia
3151 3834 3323 3890 vocari
3346 3847 3456 3905 quin
3491 3831 3734 3900 putaban-

2183 3945 2269 3989 tur
2307 3933 2492 4003 digna,
2538 3945 2725 3987 n05tro
2769 3941 2872 3986 tua:
2925 3929 3200 3986 calliditati
3246 3924 3593 3983 resistentium
3647 3934 3727 3974 re-

2183 4027 2341 4098 plesti
2364 4041 2624 4091 numero;
2652 4022 2938 4096 relegando
2965 4024 3224 4085 insontes,
3263 4019 3417 4079 fame,
3447 4015 3549 4078 siti,
3579 4011 3728 4066 nudi-

2183 4133 2293 4184 tate
2318 4120 2565 4176 vexando
2594 4135 2700 4174 non
2728 4118 2969 4174 desistis.
3005 4115 3098 4170 llis
3123 4113 3206 4168 illa
3236 4110 3429 4184 ingeris
3459 4107 3606 4173 maia,
3648 4105 3731 4175 qui

2185 4225 2443 4270 internum
2474 4214 2723 4283 cupimus
2748 4213 3005 4280 consequi
3039 4206 3428 4263 beatitudinem.
3460 4202 3521 4256 Et
3543 4212 3730 4262 tamen,

2187 4308 2483 4376 imperator
2511 4304 2905 4361 crudelissime.
2936 4298 3182 4371 quicquid
3227 4296 3422 4352 saevitia
3466 4304 3546 4347 tua
3588 4290 3733 4344 nobis

2188 4398 2365 4452 intulit
2393 4407 2552 4467 atque
2588 4395 2886 4465 irrogatura
2930 4395 3052 4459 erit,
3106 4390 3324 4444 adt-crte
3349 4385 3483 4457 quod
3532 4379 3734 4436 menda-

2186 4492 2329 4546 cium
2363 4491 2464 4556 sit;
2497 4490 2540 4545 si
2568 4488 2790 4559 quidem
2819 4501 2916 4542 nec
2941 4501 3084 4541 mors
3115 4484 3310 4538 sanctis
3337 4479 3420 4547 qui
3469 4489 3564 4529 nos
3605 4487 3733 4542 prm-

2186 4593 2479 4642 cesserttnt
2525 4581 2851 4654 martyribus
2901 4595 2997 4649 per
3045 4587 3094 4632 te
3133 4577 3294 4630 -illata
3344 4585 3480 4626 mors
3525 4569 3606 4631 sit,
3643 4578 3732 4618 nec

548 4724 573 4750 ⁸
605 4713 826 4769 Sursum
851 4729 971 4768 cum
1002 4712 1158 4768 Latin
1191 4711 1312 4774 .ubi
1336 4723 1491 4766 antea
1519 4713 1803 4782 legebatur
1832 4730 2062 4772 rursum.
2097 4712 2146 4772 D
2176 4705 2474 4782 Cyprianus
2515 4702 2607 4758 lib.
2662 4700 2695 4755 3
2731 4698 2958 4758 Testim.
3004 4708 3120 4782 cap.
3145 4686 3728 4782 sititet.

474 4786 678 4862 Textus
710 4785 1146 4862 verbis_inl_nnr_et
1182 4783 1398 4839 Lucifer
1428 4825 1442 4848 ,
1475 4786 1558 4840 ἐπὶ
1601 4787 1660 4841 τὸ
1700 4787 1943 4862 βραϐεῖον
1976 4795 2069 4846 τῆς

473 4852 577 4912 ἄνω
604 4859 846 4920 κλήσεως.
875 4855 1128 4912 Galland.

547 4930 573 4968 δ
607 4931 914 4997 Promissis,
945 4944 1008 4982 ac
1049 4926 1349 4992 blanditiis,
1378 4926 1580 4997 quibus
1622 4927 1688 4982 ad
1717 4941 1813 4982 sua
1846 4929 2071 4988 consilia

473 5003 696 5065 allicere
755 4995 1001 5060 tentahztt
1029 4999 1342 5054 Catholicos
1397 4995 1710 5070 episcopos,
1746 5001 1823 5056 uti
1860 5001 2073 5056 notabi-

472 5087 596 5126 mus
624 5073 786 5124 etiatn
820 5071 1042 5123 inferius

551 5155 571 5181 ε
601 5143 690 5197 Sic
718 5142 1124 5196 emendavimus
1151 5155 1272 5194 cum
1306 5138 1617 5204 Gallandio.
1651 5141 1741 5199 ubi
1789 5151 1950 5199 antea
2001 5144 2072 5200 le-

472 5216 698 5286 gebatur
725 5230 846 5266 non.

546 5285 572 5335 t1
604 5285 679 5339 De
708 5303 814 5351 quo
841 5285 955 5338 fuse
980 5283 1033 5338 in
1063 5285 1198 5344 Vita.

557 5368 580 5393 ε
611 5358 664 5430 ld
698 5373 727 5409 c
762 5367 800 5410 t.
827 5356 1155 5430 Ostendendo
1179 5366 1225 5410 te
1252 5373 1368 5410 eum
1385 5373 1515 5423 esse,
1539 5360 1626 5430 qui
1657 5375 1772 5414 cum
1800 5359 1968 5412 edicto
1987 5367 2073 5413 tuo

477 5427 738 5482 ntaculato
769 5430 999 5481 omnibus
1028 5429 1237 5499 ﬂagitiis
1285 5431 1384 5479 tuis
1430 5427 1691 5490 rescindits
1741 5447 1918 5485 sanant
1951 5430 2074 5484 doc-

478 5504 684 5572 trinam.
712 5509 758 5551 et
788 5505 945 5572 melas
972 5515 1030 5555 ac
1051 5499 1266 5572 colligas
1296 5516 1494 5554 errores
1515 5517 1710 5557 omnes.

552 5569 661 5644 τιςι
682 5568 1592 5644 omittitVers.Ant;Yidequ:edam
1625 5573 1888 5629 variantia
1909 5572 1961 5628 in
1989 5573 2025 5628 I.
2056 5589 2070 5628 I

475 5658 577 5714 pro
611 5642 672 5695 S.
702 5640 1004 5696 Athanasio
1036 5642 1234 5712 pag.95
1259 5640 1492 5714 (hic‘col.
1526 5645 1676 5713 861),
1708 5656 1764 5700 et
1800 5659 1921 5714 quin
1971 5644 2069 5702 ibi-

477 5718 600 5768 dem
632 5716 954 5769 notavimus.

553 5782 970 5858 B‘IIOlUt-Ialtuam
991 5784 1231 5858 hostiam.
1253 5785 1370 5858 luat.
1389 5797 1445 5841 ut
1472 5789 1522 5841 in
1558 5789 1595 5843 l.
1628 5804 1644 5842 t
1677 5802 1773 5858 pro
1787 5787 1852 5858 iS.
1875 5786 2070 5844 Athan.

483 5870 538 5922 p.
565 5856 632 5910 95
652 5854 776 5925 (cel.
807 5858 900 5910 801
920 5897 933 5918 ,
952 5855 1046 5910 lin.
1071 5857 1148 5925 7),
1180 5856 1488 5912 Holocausti
1511 5854 1734 5914 hostia-nt
1758 5857 1911 5914 Vers.
1940 5859 2074 5915 Ant.

489 5931 756 5999 lntegrum
803 5927 945 5981 hunc
1000 5929 1195 5994 locum,
1251 5938 1387 5985 teste
1435 5930 1743 6000 Galtandio,
1792 5931 2068 5988 rccttatS.

2183 4760 2325 4838 nbit.
2345 4783 2570 4846 martyr.
2602 4788 2720 4846 cap.
2747 4786 2852 4846 sit;
2882 4760 3167 4846 utrobique
3193 4780 3313 4818 vero
3332 4763 3449 4831 legit
3476 4760 3734 4838 Italocaus-

2183 4861 2234 4905 ta
2267 4852 2466 4911 Itostiar,
2488 4841 2654 4914 'quam
2673 4841 2920 4897 Luciferi
2970 4852 3181 4914 quoque
3209 4847 3735 4914 germanauinversnto-

2184 4901 2318 4982 nem,
2336 4901 2550 4974 censeo.
2583 4917 2761 4971 Monet
2790 4922 2972 4968 tamen
2991 4901 3314 4985 ‘Nobiliu'sjn
3348 4906 3476 4985 hunc
3501 4901 3614 4956 libri
3644 4901 3735 4955 Sa-

2185 4978 2402 5064 pientia:
2432 4990 2606 5045 locum
2647 4985 2969 5064 complures
2997 4983 3209 5035 codices
3236 4978 3736 5064 Qypriaiiictis

2182 5049 2328 5121 ferre
2360 5063 2643 5116 lectionem
2676 5049 2849 5117 ἱειιιίιι,
2883 5051 3227 5124 holocaustum
3251 5049 3481 5124 notitiam,
3508 5059 3660 5124 quam
3686 5049 3732 5094 in

2186 5120 2438 5192 Lucifero
2486 5127 3011 5187 iuseruutl.atinius,
3041 5121 3497 5188 Gallandiusipse,
3526 5120 3733 5184 altique.

2187 5195 2520 5264 Sabatierius
2545 5203 2702 5256 habet
2733 5217 2745 5253 :
2780 5197 3072 5254 Hotocausti
3114 5195 3296 5250 hostia.

2258 5259 2286 5315 ιῖ
2316 5277 2383 5330 Ει
2406 5280 2458 5329 in
2490 5286 2712 5342 tempore
2759 5271 2934 5326 Latin.
2961 5279 3017 5321 ut
3045 5266 3192 5322 γει-δ.
3218 5269 3339 5342 Ant.
3374 5269 3424 5314 et
3456 5259 3608 5341 Vulg._
3687 5330 3715 5342 μ

2264 5349 2277 5387 ί
2323 5350 2474 5404 Vers.
2511 5333 2636 5401 Ant.
2663 5345 2896 5397 Animam
2918 5354 3084 5412 suain,
3104 5337 3274 5409 perdet
3305 5349 3443 5412 eum;
3467 5345 3505 5386 et
3528 5333 3734 5412 quieuit

2182 5424 2410 5477 animam
2459 5432 2604 5472 suam
2653 5417 2705 5470 in
2749 5415 2845 5468 hoc
2885 5407 3378 5484 mundo....eustodit
3423 5424 3544 5460 eam.
3586 5407 3732 5484 ,ιιι-ιι.

2182 5476 2342 5566 epist.
2371 5492 2432 5546 81
2463 5503 2590 5566 cum
2626 5488 2795 5542 Lucil.
2828 5486 2882 5539 in
2912 5485 3007 5540 isto
3038 5481 3239 5543 saeculo,
3264 5491 3306 5536 et
3349 5476 3664 5533 conservabit.

2257 5566 2270 5615 ι
2307 5566 2409 5618 Pro
2447 5564 2633 5618 ferino.

2258 5578 2282 5673 1k
2307 5564 2796 5703 Ιὸιιιὶιέεμξιῗέθτιὶιη
2824 5624 3046 5703 contigit
3075 5621 3421 5703 Alexandriae,
3441 5619 3734 5703 cum-(Ferit-

2181 5690 2620 5778 gittsiiappidox
2665 5704 2820 5778 jussu
2849 5690 3511 5778 Cottitantiinviarmisque
3561 5690 3732 5778 l-L‘cple:

2183 5762 2317 5837 siam
2371 5762 2516 5835 ιιῖιιίιι
2544 5762 2826 5845 occupavit
2865 5785 2952 5824 an.
2979 5768 3102 5827 5'56.
3141 5766 3270 5823 Vide
3297 5762 3447 5822 notas
3494 5765 3543 5820 in
3593 5762 3735 5817 libris

2190 5869 2284 5925 pro
2307 5854 2364 5909 S.
2399 5851 2598 5905 Athan.
