3900 6426
474 384 579 439 213

854 498 1079 556 CODEX
1134 484 1663 556 VERCELLENSIS.

478 588 547 645 Et
562 604 692 661 ecce
708 590 826 661 plus
846 590 934 646 hic
1295 605 1353 646 ra
1379 590 1548 661 magis
1575 603 1730 661 quam

480 675 637 728 quam
667 659 848 717 Jonas.
880 661 978 717 Sa-
1298 662 1492 729 priora.
1523 659 1611 715 Sic
1640 659 1745 714 erit

482 731 568 785 42.
610 730 676 805 ha
698 731 897 801 Regina
1191 797 1197 805 .
1294 729 1628 805 generationi

479 803 642 855 austri
664 800 844 856 resur-
1191 800 1197 805 ’
1288 801 1429 856 huic
1448 800 1731 868 pessimae.

479 884 569 940 get
591 871 642 925 in
680 886 907 940 genera-
1294 870 1388 925 46.
1426 871 1556 926 Hae.
1600 909 1615 925 .
1659 908 1674 923 .
1706 884 1736 923 ‘.
1764 883 2001 939 eque”;

468 945 625 994 tione
650 939 747 995 ista
772 943 825 997 in
1300 950 1370 995 te.
1406 981 1419 994 .
1453 955 1502 995 a.
1549 980 1564 994 .
1608 980 1623 996 .
1666 979 1679 992 .
1708 939 1868 995 urbas
1894 980 1910 1004 ,

476 1009 719 1080 judicio,
750 1022 802 1067 et
828 1028 958 1070 con-
1006 1042 1009 1043 ν
1204 1074 1207 1077 _
1298 1025 1380 1065 ec.
1424 1050 1438 1065 .
1480 1051 1496 1065 .
1540 1050 1554 1065 .
1596 1048 1612 1064 .
1655 1018 1824 1065 mater

482 1080 751 1135 demnaalt
770 1097 887 1138 eam
916 1102 932 1141 :
990 1109 994 1112 ·

482 1150 605 1218 quia
631 1153 777 1207 venit
805 1154 877 1211 ab

482 1220 685 1292 ultimis
710 1224 879 1292 parti-

483 1290 581 1344 bus
598 1296 670 1345 tet
685 1290 781 1345 rae
804 1306 895 1347 au-

483 1359 601 1413 dire
620 1362 877 1427 sapienti-

485 1443 569 1483 am
602 1428 903 1501 Solomonis
920 1474 937 1498 ,

489 1508 545 1553 et
570 1514 695 1554 ecce
719 1501 838 1567 plus
862 1505 947 1561 hic

488 1584 645 1635 quam
675 1569 953 1630 Solomon.

488 1640 576 1693 45.
619 1640 748 1695 Cum
771 1654 948 1699 autem
976 1645 1075 1701 im-

486 1709 717 1765 mundus
742 1714 967 1781 Spiritus

486 1781 677 1834 exierit
698 1782 767 1835 ab
792 1783 888 1837 lto-
942 1812 949 1817 ι

487 1850 657 1913 mine,
689 1852 867 1906 ambus

488 1918 561 1972 lat
592 1934 685 1986 per
707 1920 825 1975 loca

486 1988 637 2067 arida
670 2005 916 2067 quaerens

486 2059 723 2127 requiem
744 2100 761 2124 ,
783 2071 839 2116 et

485 2126 576 2182 44.
618 2143 721 2183 non
761 2130 983 2191 invenit.
1011 2133 1163 2191 Tunc

485 2197 614 2253 dicit
644 2216 657 2252 :
686 2199 891 2257 Rever-

488 2278 569 2321 tar
590 2270 641 2323 in
662 2269 881 2327 domum

485 2352 661 2393 meam
684 2382 699 2406 ,
734 2342 876 2397 unde

486 2407 671 2466 exiiet.
708 2409 776 2463 Et
800 2410 1023 2467 veniens

1298 1082 1415 1149 ejus
1438 1090 1492 1135 et
1516 1081 1706 1135 fratres

1298 1150 1510 1207 stabant
1530 1150 1659 1205 foris
1673 1190 1692 1219 ,

1300 1232 1583 1287 querentes

1308 1289 1453 1360 loqui
1485 1307 1604 1345 cum
1636 1304 1722 1345 co.

1303 1359 1392 1415 47.
1438 1360 1580 1415 Dixit
1600 1366 1779 1416 autem

1299 1445 1441 1486 unus
1469 1432 1547 1486 illi
1574 1450 1589 1487 :
1619 1444 1744 1487 ecce

1301 1512 1474 1556 mater
1494 1511 1613 1568 tua,
1640 1510 1695 1557 et

1298 1569 1491 1626 fratres
1520 1573 1594 1627 tui

1302 1651 1446 1695 stant
1467 1641 1599 1697 foris

1301 1721 1623 1778 quaerentes

1302 1787 1357 1833 te
1380 1780 1586 1835 videre.

1301 1847 1393 1902 48.
1435 1849 1783 1921 Respondeas

1302 1930 1479 1973 autem
1502 1920 1658 1976 Jesus
1679 1924 1797 1988 ,.di-

1305 1989 1388 2042 xit
1415 1990 1533 2057 illi,
1569 1993 1658 2059 qui
1683 2006 1769 2049 se-
1845 2026 1849 2032 .

1301 2072 1423 2113 cum
1448 2061 1699 2129 loqueba-

1303 2137 1389 2182 tur
1420 2148 1433 2183 :
1458 2130 1588 2198 Quae
1616 2141 1699 2187 est

1304 2209 1477 2256 mater
1497 2216 1615 2257 mea
1641 2242 1658 2269 ,

1304 2280 1398 2341 aut
1424 2272 1515 2341 qui
1543 2281 1670 2326 sunt

1304 2336 1497 2395 fratres
1524 2341 1671 2401 mei?

1302 2407 1395 2463 49.
1438 2449 1452 2462 .
1498 2449 1512 2464 .
1544 2410 1838 2467 extendens

488 2476 691 2532 invenit
715 2494 908 2535 vacan-
1302 2492 1515 2533 manum
1545 2480 1612 2534 ad

488 2555 594 2619 tem
616 2586 633 2614 ,
659 2558 714 2603 et
743 2555 894 2605 n’tun-
1302 2547 1589 2619 discipulos

486 2615 665 2687 datam
684 2660 699 2683 ,
728 2628 783 2674 et
807 2636 897 2674 or-
1302 2615 1464 2687 suos,
1492 2618 1627 2675 dixit
1658 2637 1672 2674 :

484 2686 573 2744 45
617 2699 815 2743 natam.
849 2691 1001 2748 Tunc
1304 2686 1453 2743 Ecce
1472 2698 1645 2745 mater

488 2765 741 2812 vad'tuet
768 2760 928 2815 adsu-

488 2827 585 2880 mit
604 2841 785 2882 secum
818 2829 929 2887 llll.

486 2897 706 2963 spiritus
734 2899 869 2955 alios
891 2901 1079 2974 nequi-

484 2980 608 3037 ores
637 2982 792 3037 quam
813 2984 872 3026 se
892 2989 907 3037 ;

487 3043 543 3090 et
566 3036 829 3092 intrantes

487 3104 731 3161 habitant
756 3109 808 3161 in
833 3125 894 3165 ea
923 3131 937 3168 :

1304 2774 1425 2814 mea
1446 2800 1461 2824 ,
1484 2769 1539 2814 et
1568 2757 1760 2818 fratres

1303 2829 1391 2884 50.
1435 2831 1560 2885 mei.
1589 2829 1842 2898 Quicumc

1302 2913 1406 2969 que
1430 2898 1575 2956 enim
1604 2901 1747 2959 fece-

1303 2971 1375 3023 rit
1402 2970 1650 3025 volunta-

1304 3046 1411 3094 tem
1438 3039 1613 3095 Patris
1635 3041 1773 3107 mei,

1304 3110 1398 3179 qui
1427 3109 1478 3162 in
1509 3109 1673 3165 caelis
1690 3120 1794 3179 est,

1305 3178 1421 3248 ipse
1450 3192 1603 3232 meus
1632 3180 1738 3237 fra-

1307 3260 1409 3314 ter,
1441 3258 1497 3303 et
1520 3258 1697 3316 soror,

1304 3329 1359 3372 et
1386 3329 1555 3373 mater
1584 3326 1685 3375 est.

902 3451 1131 3507 CODEX
1162 3449 1625 3531 CORBEIENSIS.

489 3550 552 3604 Et
574 3565 697 3622 ecce
718 3553 992 3622 plusquam
1013 3556 1029 3585 ¹
1050 3553 1211 3608 Jonas
1238 3553 1342 3606 hic.
1365 3552 1561 3621 Regina
1579 3551 1743 3605 austri
1759 3553 1778 3582 ¹
1797 3562 2045 3621 exsurget

486 3622 534 3674 in
553 3620 752 3693 judicio
765 3620 881 3681 eum
901 3624 998 3677 hac
1010 3628 1355 3693 generatione
1374 3665 1389 3689 ,
1410 3620 1746 3693 etdamnabit
1760 3637 1875 3693 eam
1895 3640 1907 3673 :
1924 3620 2044 3688 quia

486 3692 629 3745 venit
657 3690 708 3744 in
740 3693 925 3746 finibus
955 3690 1127 3747 terrae
1150 3694 1334 3747 audire
1362 3693 1671 3760 sapientiam
1705 3691 2004 3745 Salomonis
2028 3732 2043 3753 ,

484 3771 537 3815 ct
559 3776 684 3815 ecce
720 3761 837 3827 plus
858 3778 1014 3830 quam
1038 3762 1291 3814 Salunton
1324 3759 1435 3813 hic.
1479 3760 1651 3830 Qttnm
1682 3769 1869 3830 autern
1888 3759 2053 3828 spiri-c

485 3841 566 3885 ttts
597 3826 902 3886 immundus
928 3832 1119 3885 exierit
1160 3831 1226 3881 ab
1258 3830 1501 3890 homine,
1547 3828 1566 3858 ³
1600 3826 1929 3896 perambulat
1953 3826 2055 3893 per"

485 3901 600 3954 inea
632 3900 775 3955 arida
808 3912 859 3954 et
890 3901 1107 3955 deserta
1143 3900 1164 3931 ⁸
1196 3899 1504 3953 desiderans
1535 3898 1770 3964 requiem
1794 3938 1807 3957 ,
1838 3907 1889 3949 et
1941 3911 2045 3950 non

483 3969 779 4025 inveniens.
813 3971 963 4027 Tunc
991 3971 1122 4026 dicit
1156 3987 1168 4021 :
1204 3970 1457 4022 Revertar
1485 3969 1534 4020 in
1563 3967 1583 3998 ⁸
1610 3967 1823 4020 domum
1849 3980 2044 4027 meam.

486 4040 625 4092 unde
643 4040 802 4095 exivi.
840 4042 905 4095 Et
938 4043 1155 4095 veniens
1198 4038 1246 4092 si
1286 4040 1306 4070 ⁶
1351 4039 1612 4091 invenerit
1643 4044 1919 4089 vacantem
1947 4076 1959 4091 .
1994 4038 2046 4087 et

487 4108 809 4165 mundatam.
840 4112 859 4143 ⁷
883 4112 1032 4166 Tunc
1084 4110 1278 4174 vadet,
1309 4117 1360 4163 et
1402 4117 1636 4161 assumet
1667 4115 1873 4173 septem
1913 4104 2048 4158 alios

485 4176 700 4247 spiritus
731 4181 1013 4246 nequiores
1041 4196 1099 4235 se
1126 4173 1271 4247 ipso;
1297 4180 1554 4233 intrantes
1586 4173 2004 4247 habitabuntﬁibi
2030 4192 2044 4228 :

487 4257 540 4317 ct
566 4244 699 4317 ﬁilltl
726 4244 1015 4303 novissima
1048 4244 1277 4303 hominis
1301 4249 1443 4305 illius
1498 4248 1733 4317 pejora“
1760 4246 2043 4314 priOribus.

487 4314 575 4387 Sic
606 4316 705 4387 erit
729 4325 781 4368 et
800 4320 1127 4383 generatinni
1158 4320 1278 4371 huic
1301 4314 1583 4387 pessimae.
1618 4320 1638 4351 ’
1678 4315 1952 4387 Loquente
1976 4329 2048 4387 {eo

485 4384 551 4456 ad
579 4386 765 4456 turbas
784 4425 799 4448 ,
830 4400 953 4439 ecce
978 4395 1147 4456 mater
1178 4384 1318 4439 illius
1347 4396 1399 4439 et
1426 4386 1859 4456 fratres__st:tbaut
1894 4384 2049 4456 foris,

490 4455 531 4486 '°
554 4454 924 4509 desiderantes
972 4451 1117 4521 loqui
1164 4457 1300 4506 cum"
1336 4468 1419 4506 eo.
1476 4457 1546 4506 At
1586 4454 1674 4505 ille
1723 4451 2051 4516 respondens

484 4525 619 4579 dixit
641 4525 719 4578 eis
749 4526 838 4594 qui
861 4539 1041 4578 secum
1065 4521 1587 4594 loquebantur:Qu;e
1609 4530 1689 4574 est
1717 4528 1885 4571 mater
1909 4533 2050 4594 mea2

488 4598 529 4628 “
552 4605 643 4649 aut
664 4588 911 4664 qni'sunt
932 4595 1123 4648 fratres
1139 4588 1273 4664 mei?
1294 4590 1662 4645 btextendens
1682 4602 1896 4664 mnuum
1916 4588 1959 4617 "
1985 4588 2051 4639 ad

485 4657 776 4736 discipulos
802 4680 930 4719 suos
953 4706 970 4731 ,
1010 4664 1145 4736 dixit
1168 4682 1179 4717 :
1200 4662 1349 4736 AEccc
1374 4667 1543 4736 mater
1585 4671 1829 4736 mea,_\et
1860 4657 2055 4736 fratres

486 4735 614 4805 mei:
626 4724 1007 4805 'Quiquumque
1029 4724 1170 4805 enim
1194 4732 1379 4805 fecerit
1394 4732 1717 4805 voluntatem
1739 4727 1907 4781 Putris
1926 4724 2048 4791 mei,

488 4804 580 4873 qui
603 4797 844 4862 in'coélis
872 4797 956 4863 est
979 4846 995 4875 ,
1029 4804 1073 4838 ¹⁸
1098 4803 1185 4860 hic
1215 4802 1357 4858 mihi
1392 4810 1446 4856 et
1490 4801 1679 4865 frater,
1706 4808 1759 4853 et
1797 4810 1973 4868 soror,
1999 4806 2053 4851 et

488 4882 659 4928 mater
682 4884 783 4928 est.
1941 4882 1966 4907 ”

483 3186 539 3229 et
569 3174 703 3231 fiunt
728 3182 907 3236 novis-

483 3246 619 3300 sima
653 3248 826 3303 homi-

484 3317 567 3372 nis
590 3317 731 3373 illius
762 3320 912 3391 pejo-

969 384 1235 443 EUSEBII
1276 384 1607 442 VERCELL.
1650 383 2093 443 EVANGELIUM
2144 384 2286 443 CUM
2342 383 2558 444 t’AleS
2591 385 2747 441 COD.
2784 383 3174 464 COLLATUM.

2563 499 2797 557 CODEX
2836 496 3276 579 VEBONENSIS.

2948 592 3050 676 llus
3077 593 3257 663 pejora
3286 605 3399 647 ma-

2954 678 3037 735 gis
3064 678 3221 731 quam

2960 732 3157 803 priora.
3186 732 3275 787 Sic

2956 801 3063 858 erit
3088 801 3422 873 generationi

2962 873 3084 929 huic
3108 872 3386 941 pessimaet

2958 944 3047 999 46.
3092 942 3216 997 ﬂare
3236 958 3302 996 eo
3320 942 3405 996 lo-

2958 1022 3156 1082 quente
3181 1012 3248 1066 ad
3274 1018 3391 1066 tur-

2959 1083 3089 1147 bas,
3118 1095 3243 1137 ecce
3269 1090 3444 1136 mater

2958 1153 3081 1221 ejus
3102 1161 3156 1206 et
3182 1152 3372 1221 fratres

2957 1222 3175 1279 stabant
3203 1220 3334 1276 foris
3349 1260 3366 1285 ,

2958 1304 3279 1363 quaerentes
3305 1290 3387 1345 lo-

2958 1364 3050 1432 qui
3078 1377 3201 1432 cum
3226 1376 3313 1416 eo.

3029 1432 3119 1486 47.
3149 1431 3294 1486 Dixit
3319 1438 3501 1487 autem
3528 1428 3583 1484 ei

2961 1502 3173 1572 quidam
3207 1519 3222 1554 :
3244 1516 3372 1563 ecce

2964 1580 3135 1626 mater
3166 1581 3278 1637 tua,
3299 1581 3357 1626 et

2963 1641 3155 1697 fratres
3184 1642 3257 1694 tui
3287 1640 3419 1696 foris

2964 1720 3106 1765 stant
3131 1722 3449 1778 quaerentes

2138 594 2207 650 Et
2234 608 2361 650 ecce
2383 596 2499 662 plus

2140 663 2232 720 hic
2257 678 2416 720 uuam
2444 663 2627 720 Jonas.

2138 734 2228 790 42.
2272 732 2476 801 Regina
2500 732 2669 789 austri

2139 811 2386 874 resurget
2413 804 2464 858 in

2136 874 2339 943 judicio
2377 889 2500 930 cum

2143 945 2492 1012 generatione

2142 1013 2273 1079 ista,
2305 1022 2361 1068 et
2384 1028 2514 1069 con-

2143 1083 2415 1141 demnabit
2439 1099 2558 1140 eam
2589 1102 2605 1137 :

2142 1154 2265 1223 quia
2288 1154 2433 1208 venit

2142 1223 2211 1278 ab
2239 1224 2441 1278 ultimis

2143 1293 2383 1363 partibus
2400 1305 2572 1350 terrae

2143 1363 2331 1433 audire
2360 1365 2676 1433 sapientiam

2144 1431 2449 1488 Solomonis
2471 1476 2488 1499 ,

2145 1511 2200 1556 et
2225 1518 2351 1557 ecce
2381 1504 2497 1569 plus

2145 1572 2235 1625 hic
2262 1588 2420 1640 quam
2444 1574 2544 1628 So-
2630 1603 2650 1617 -

2148 1643 2349 1696 lomon.

2148 1712 2238 1767 43.
2278 1709 2410 1764 Cum
2438 1720 2617 1767 autem

2149 1780 2593 1852 immundusspi-
2972 1780 3116 1852 loqui
3135 1788 3329 1852 tecum.

2150 1852 2283 1905 ritus
2313 1848 2529 1905 exierit'
2962 1851 3053 1905 48.
3083 1848 3163 1905 Ad
3200 1849 3316 1918 ipse

2149 1921 2217 1974 ab
2246 1921 2460 1975 homine
2481 1962 2496 1984 ,
2570 1935 2575 1941 '
2966 1934 3189 1989 respono

2148 1989 2389 2044 ambulat
2417 2005 2512 2058 per

2153 2060 2269 2114 loca
2296 2061 2447 2114 arida
2475 2069 2531 2115 et

2147 2130 2360 2185 deserta
2384 2144 2647 2201 quaerens

2146 2202 2385 2269 requiem
2404 2240 2419 2263 ,
2446 2210 2499 2254 et
2524 2216 2628 2255 non

2146 2269 2236 2325 44.
2265 2270 2532 2325 inveniet.
2560 2271 2709 2328 Tunc

2148 2339 2281 2393 dicit
2307 2356 2324 2393 :
2356 2341 2616 2396 Revertar

2150 2408 2202 2463 in
2235 2408 2453 2464 domum
2469 2451 2486 2475 ,
2517 2425 2614 2463 un-

2147 2476 2218 2533 de
2244 2478 2405 2532 exivi.
2434 2479 2499 2532 Et

2148 2547 2372 2602 veniens
2392 2548 2436 2603 si
2468 2549 2616 2602 inve-

2151 2619 2294 2691 nerit
2321 2628 2597 2691 vacantem
2616 2666 2632 2691 ,

2150 2689 2327 2757 scopis
2351 2687 2656 2747 mandatam
2678 2733 2695 2757 ,

2152 2757 2241 2813 45.
2283 2767 2337 2813 et
2356 2769 2621 2817 ornatam.
2652 2763 2804 2821 Tunc

2150 2826 2295 2882 vadit
2313 2870 2330 2893 ,
2359 2837 2415 2882 et
2440 2828 2672 2889 adsumit

2150 2910 2330 2952 secum
2349 2898 2479 2972 alios
2492 2913 2630 2972 sep--

2152 2974 2260 3021 tcm
2283 2967 2503 3038 spiritus

2152 3039 2440 3106 nequiores
2464 3052 2622 3106 quam

2151 3120 2212 3159 se
2228 3120 2244 3166 ;
2275 3115 2330 3159 et
2352 3106 2612 3164 intrantes

2154 3173 2392 3252 habitant
2418 3176 2469 3228 in
2500 3192 2566 3252 eo
2587 3192 2625 3252 Δτ’

2152 3242 2212 3299 et'
2235 3242 2369 3297 llunt
2400 3247 2632 3302 novissi-

2154 3330 2240 3368 ma
2274 3313 2504 3369 hominis
2528 3316 2589 3371 il-

2966 1990 3121 2056 dens,
3151 1989 3351 2047 dicenti

2968 2061 3087 2125 sibi,
3113 2059 3188 2114 ait
3220 2077 3233 2113 :
3265 2061 3416 2129 Quae

2966 2141 3050 2186 est
3075 2130 3206 2185 mihi
3231 2140 3403 2186 mater
3430 2146 3435 2151 '

2967 2214 3108 2261 mea,
3137 2207 3194 2254 et
3221 2200 3411 2257 fratrea

2970 2270 3060 2324 49.
3108 2271 3209 2323 mei
3233 2270 3257 2325 τ

2971 2338 3043 2394 Et
3072 2348 3255 2395 exten-

2969 2408 3102 2464 dens
3131 2419 3345 2466 manum

2970 2477 3024 2533 in
3056 2478 3349 2550 discipulos

2870 2606 2873 2607 ν
2968 2562 3114 2617 suos,
3147 2549 3309 2617 dixit:

2967 2616 3106 2674 Ecce
3129 2628 3301 2676 mater

2967 2704 3108 2756 mea,
3130 2695 3187 2744 et
3219 2690 3412 2746 fratres

2967 2758 3059 2814 ιο.
3115 2759 3241 2841 mei.
3269 2759 3531 2841 Quicum-

2966 2843 3071 2899 que
3096 2832 3238 2899 enim
3266 2832 3410 2886 fece—

2966 2898 3039 2953 rit
3062 2898 3390 2954 voluntatem

2971 2968 3144 3022 Patris
3170 2972 3298 3033 mei,

2970 3038 3062 3105 qui
3085 3038 3138 3090 in
3168 3038 3333 3091 caelis

2973 3114 3079 3183 est!
3104 3106 3217 3171 ipse
3247 3119 3398 3163 meus

2973 3176 3029 3228 et'
3050 3176 3230 3240 frater,
3260 3185 3316 3229 et

2974 3258 3150 3311 soror,
3177 3253 3232 3298 et
3256 3252 3429 3301 mater

2974 3322 3078 3369 εει.

2621 3446 2847 3506 CODEX
2885 3446 3274 3505 BRIXIANUS.

2156 3550 2218 3603 Et
2261 3563 2386 3603 erce
2432 3548 2707 3617 plusquam
2737 3547 2869 3603 Jona
2894 3548 3001 3602 hic.
3034 3545 3233 3617 Regina
3256 3544 3443 3599 austri.
3467 3554 3655 3617 surget
3675 3545 3729 3599 in

2146 3619 2368 3688 judicio.
2396 3616 2517 3671 cum
2540 3622 2883 3687 generatione
2910 3617 3010 3672 ista
3037 3625 3092 3688 et
3116 3617 3452 3688 eundemnaf|
3482 3616 3558 3669 vit
3584 3629 3729 3688 eam.

2148 3685 2271 3757 quia
2318 3688 2459 3741 venit
2488 3703 2515 3738 a
2551 3685 2742 3741 linihus
2774 3697 2965 3743 terrae.
2996 3687 3181 3742 audire
3211 3685 3531 3757 sapientiam
3578 3685 3751 3740 Salo--

2150 3757 2341 3811 munis.
2376 3768 2429 3809 et
2476 3773 2599 3811 ecce
2633 3759 2748 3824 plus
2774 3758 3060 3813 Salomune
3090 3757 3195 3811 ltic.

2218 3827 2348 3879 Cum
2374 3835 2551 3881 autem
2585 3828 2868 3881 inmundus
2903 3828 3119 3896 spiritus
3171 3826 3361 3882 exierit
3399 3826 3466 3882 ab
3510 3824 3734 3881 homine

2148 3896 2383 3949 ambulat
2408 3912 2522 3966 "per
2571 3898 2875 3950 locaaridn.
2931 3912 3193 3966 quaerens
3248 3897 3485 3965 requiem
3536 3904 3591 3949 et
3624 3909 3731 3966 non

2151 3965 2374 4018 invenit.
2398 3964 2555 4031 :I’unc
2574 3967 2717 4018 dicit.
2744 3964 2999 4017 Revertar
3028 3968 3079 4017 in
3124 3964 3340 4018 domum
3367 3979 3562 4017 meam.
3592 3964 3733 4017 unde

2149 4035 2309 4088 exivi.
2348 4036 2407 4085 lit
2454 4034 2671 4087 veniens
2721 4036 3215 4086 invenitv:tcantetn
3270 4034 3447 4099 scopis
3505 4034 3734 4084 munda-

2151 4113 2281 4157 tant.
2325 4112 2378 4156 et
2426 4116 2691 4155 ornatam.
2721 4102 2872 4155 Tunc
2903 4102 3046 4153 vadit
3093 4111 3145 4155 ct
3172 4101 3403 4154 adsumit
3452 4101 3585 4152 alius
3612 4116 3735 4166 sep-

2154 4183 2258 4227 tem
2287 4173 2523 4242 spiritus.
2561 4174 2714 4241 nequi
2742 4170 2768 4208 b
2800 4173 2961 4225 times
2994 4190 3071 4224 se.
3107 4179 3160 4222 et
3186 4172 3442 4242 intrantes
3493 4170 3735 4242 habitant

2152 4244 2244 4298 ibi.
2275 4239 2329 4298 et
2358 4243 2488 4295 liunt
2517 4239 2801 4297 novissima
2829 4242 3058 4294 hominis
3095 4242 3259 4294 illius.
3306 4240 3489 4307 pejora
3518 4239 3735 4307 priori-

2153 4314 2273 4377 bus.
2309 4314 2397 4367 Sic
2419 4314 2521 4367 erit
2546 4325 2593 4367 et
2628 4314 2952 4378 generationi
2983 4310 3106 4365 huic
3138 4306 3423 4379 pessimae.
3452 4306 3639 4379 Aditur.
3668 4322 3737 4360 en

2154 4384 2398 4444 lomteute
2412 4384 2475 4435 ad
2501 4377 2699 4436 turbas.
2724 4392 3032 4435 eccemater
3054 4377 3168 4450 ejus
3201 4391 3252 4450 et
3281 4378 3490 4432 fratres.
3519 4377 3735 4430 stabant

2154 4450 2281 4503 furis
2294 4460 2608 4515 quaerentes
2626 4452 2763 4518 lnqni
2779 4452 2847 4503 ei.
2862 4449 3183 4504 Dixitautetn
3199 4449 3246 4502 ei
3260 4449 3472 4518 quidam
3488 4461 3614 4518 cccc
3632 4463 3736 4496 nin-

2156 4529 2235 4599 ιρις
2251 4530 2355 4599 tua.
2374 4529 2426 4572 et
2441 4519 2631 4599 fratres
2646 4516 2736 4572 tui.
2749 4521 2875 4599 foris
2888 4527 3360 4599 statttquaerentcs
3374 4516 3519 4599 loqui
3534 4524 3733 4569 tecum.

2156 4587 2235 4640 Ad
2252 4588 2340 4639 ille
2361 4588 2711 4655 respondens,
2729 4589 3005 4642 aitdicenti
3032 4587 3151 4641 sibi.
3171 4587 3283 4652 Que
3304 4596 3386 4641 est
3416 4594 3587 4639 mater
3618 4600 3735 4639 mea

2138 4668 2205 4709 et
2235 4656 2323 4725 qui
2346 4665 2468 4711 sunt
2492 4658 2679 4710 fratres
2718 4658 2839 4711 mei.
2899 4658 2962 4711 Et
3003 4658 3295 4711 extendens
3326 4672 3557 4725 manum
3582 4670 3733 4707 Suam

2155 4724 2620 4797 superﬁttiscipulos
2642 4742 2767 4780 suos
2780 4727 2933 4781 dixit.
2954 4728 3087 4781 Ecce
3116 4737 3284 4780 mater
3310 4742 3431 4797 mea
3455 4736 3508 4779 ct
3539 4724 3736 4797 fratres

2156 4796 2281 4851 mei.
2304 4795 2633 4864 Quicumque
2654 4797 2795 4852 enim
2838 4798 3019 4852 fecerit
3056 4797 3384 4851 voluntatem
3417 4796 3590 4850 Patris
3630 4795 3737 4850 mei

2155 4868 2242 4935 qui
2262 4868 2312 4921 in
2326 4867 2488 4921 caelis
2506 4876 2588 4923 est
2616 4866 2730 4936 ipse
2748 4866 2901 4923 meus
2925 4864 3087 4924 frater
3110 4877 3167 4924 et
3191 4882 3345 4924 soror
3364 4876 3419 4923 et
3439 4877 3610 4923 mater
3629 4874 3731 4921 est.

1154 5010 1546 5067 VABIANTES
1582 5002 1962 5065 LECTIONES
1998 5000 2259 5059 CODICIS
2298 5001 2408 5058 MS.
2450 5002 2510 5058 S.
2549 5000 3052 5058 GERMANENSIS.

551 5130 569 5161 ί
605 5125 725 5177 Jona
746 5125 825 5175 hic
848 5130 941 5191 est.
1036 5188 1044 5191 _
1182 5183 1193 5191 _
1546 5180 1571 5191 η
1612 5179 1622 5191 ,

551 5192 573 5222 ³
607 5193 837 5249 surget...
864 5185 975 5243 ista,
999 5188 1054 5233 et
1073 5183 1473 5232 condemnabit...
1494 5194 1522 5229 a
1544 5180 1718 5230 finibus

555 5249 821 5316 fambula}
1004 5306 1015 5316 .
1182 5311 1191 5316 Α
1300 5314 1311 5316 Δ
1344 5304 1383 5316 ,γ

552 5312 575 5343 ⁸
642 5308 853 5359 uaerens
874 5307 1119 5368 requiem,
1147 5311 1200 5354 et
1223 5314 1321 5358 non
1342 5307 1546 5353 invenit.

552 5374 575 5406 ⁸
608 5325 817 5421 domum.
847 5368 975 5417 unde

555 5384 575 5406 '
608 5384 817 5428 domum,
847 5384 975 5417 unue

555 5434 576 5465 °
610 5432 798 5483 invenit
820 5435 1092 5489 vacantem,
1113 5426 1271 5488 scepis
1294 5423 1581 5489 mundatam,
1603 5430 1658 5489 et
1677 5423 1917 5471 ornatam.

554 5497 574 5528 "
609 5475 921 5555 Tunc-vadit,
940 5475 993 5540 et
1008 5475 1213 5537 adsumit
1228 5482 1451 5539 secum...
1470 5475 1732 5548 nequiores
1750 5491 1894 5544 quam
1906 5489 1977 5527 se.
2000 5475 2063 5527 Et

2159 5116 2401 5183 intrantes
2417 5113 2701 5183 babitabunt
2724 5114 2770 5161 in
2796 5126 2908 5163 eum
2932 5127 2945 5163 :

2221 5174 2244 5203 ⁸
2275 5175 2593 5235 magisquam
2618 5176 2792 5235 priora.

2167 5284 2171 5290 _
2220 5235 2241 5265 ⁹
2258 5231 2409 5295 ίΗειέο
2432 5231 2663 5295 loquente
2684 5235 2745 5282 ad

2226 5294 2270 5325 “
2302 5289 2600 5356 quaerentes
2622 5295 2780 5404 lquui,
2801 5302 2917 5357 etc.,
2940 5299 2990 5345 ut
3022 5293 3223 5359 Vulgata
3243 5305 3395 5357 usque
3415 5293 3601 5345 dicenti
3620 5289 3732 5340 sibl.

2228 5353 2269 5386 “
2308 5364 2359 5403 et
2380 5354 2554 5404 fratres
2579 5358 2677 5406 mei
3050 5375 3054 5379 ’

2226 5416 2271 5480 ff
2306 5416 2352 5480 in
2378 5416 2627 5480 discipulis
2646 5418 2766 5480 suis,

2226 5475 2272 5506 ¹⁸
2306 5476 2410 5537 ipse
2434 5475 2573 5527 meus
2602 5475 2772 5539 frater,

1798 5607 2161 5669 BLANCHINI
2198 5608 2427 5667 ΝΟΤΔΕ.

580 5728 607 5756 ι
636 5692 1006 5784 condemnavit.
1035 5732 1065 5772 υ
1090 5727 1189 5788 pro
1216 5712 1245 5770 ὁ
1267 5717 1538 5788 usurpata.
1608 5733 1613 5788 ς

580 5792 608 5837 ι
635 5788 672 5845 τε
700 5774 751 5859 in
777 5774 1114 5863 nequitiarea',
1146 5787 1240 5854 lita
1276 5790 1359 5844 est
1385 5774 1417 5851 ὁ
1446 5778 1659 5845 librario
1689 5774 1882 5838 lineola
1933 5780 2252 5834 transversa.
