3854 6386
175 405 309 464 1015

1084 411 1498 470 MORIENDUM
1537 412 1705 473 ESSE
1741 410 1880 471 PRO
1916 413 2032 474 DEI
2076 414 2257 474 FILIO
2293 416 2518 474 LIBER.

3308 424 3447 484 1014

168 520 393 591 jactura,
435 537 610 593 neque
632 524 914 591 damnum,
965 525 1060 580 sed
1093 525 1214 581 fidei
1261 525 1547 583 feneratio.
1602 528 1757 583 Sem-
1784 530 1828 589 Α
1860 528 2001 595 dem,
2035 530 2383 601 cultoresque
2434 532 2533 588 Dei
2582 548 2679 588 nos
2723 550 2844 591 esse
2896 550 3006 592 non
3058 538 3390 607 abnegemus
3430 558 3446 593 :

171 628 263 683 per
318 612 615 671 Christiani
668 614 697 645 ⁸
744 617 896 674 vobis
950 620 1192 690 tyrannis
1254 621 1308 675 in
1381 622 1755 689 persecutione

168 720 424 776 perversa
482 709 788 779 quaestione
854 722 1189 782 torquemur.
1260 712 1379 781 Quo
1440 715 1584 769 enim
1656 730 1751 785 ge-

169 814 295 855 nere
351 814 613 858 norentes
662 814 928 874 Coguntur
981 806 1047 860 ad
1076 808 1437 863 confitendum
1473 849 1487 870 .
1537 824 1603 863 eo
1650 823 1753 865 nos

166 894 544 962 compellimur
571 896 732 950 modo
757 898 823 951 ad
853 896 1129 953 Christum
1166 900 1384 954 unicum
1409 901 1750 956 verissimum

164 982 357 1040 Filium
390 986 481 1042 Dei
509 988 837 1057 negandum.
885 990 991 1045 Sed
1026 1000 1083 1044 ut
1113 991 1188 1045 illi
1237 1006 1333 1061 pro
1365 991 1571 1047 meritis
1617 1007 1751 1048 cou-

161 1077 286 1135 fessi
316 1078 657 1148 damnantur,
690 1083 765 1137 sic
789 1098 908 1147 nos,
940 1084 1061 1153 quia
1116 1084 1205 1138 Dei
1253 1082 1450 1138 Filium
1497 1099 1603 1139 non
1649 1099 1748 1141 ne-

163 1187 377 1243 gamus,
409 1190 756 1244 coronamur,
808 1178 1003 1247 quibus
1056 1180 1276 1233 vit-toria
1301 1188 1383 1234 est
1424 1195 1452 1231 a
1500 1188 1551 1235 te
1602 1181 1746 1236 illata

158 1262 434 1320 damnatio
463 1285 475 1320 :
507 1267 806 1322 auferimur
854 1284 884 1323 a
925 1278 977 1324 te
1027 1286 1057 1323 c
1090 1270 1295 1333 medio,
1328 1271 1522 1340 quibus
1561 1286 1745 1326 coram

159 1371 264 1412 non
295 1357 497 1414 audeas
542 1360 941 1427 blaspltcmare.
1000 1362 1366 1417 Prosternitur
1407 1365 1608 1419 etenim
1642 1380 1744 1419 una

158 1465 289 1506 voce
316 1450 514 1507 Christi
544 1454 733 1509 militis
764 1455 872 1517 ille,
908 1456 997 1522 qui
1024 1466 1210 1510 contra
1255 1464 1491 1511 nostram
1524 1456 1740 1512 confes-

154 1544 361 1600 sionem
393 1546 701 1617 religiosam
728 1548 778 1601 in
810 1558 860 1603 te
891 1559 1102 1613 manet;
1131 1549 1366 1618 loquitur
1388 1548 1500 1613 ille,
1530 1549 1620 1619 qui
1650 1564 1745 1617 per

156 1647 207 1694 te
238 1650 486 1695 nostrum
508 1641 623 1695 sitit
651 1641 1003 1710 sanguinem;
1055 1641 1166 1705 ille,
1225 1641 1316 1710 qui
1358 1652 1499 1694 tuam
1530 1641 1743 1697 obsedit

155 1741 392 1786 mentem
423 1774 439 1798 ,
484 1732 854 1787 contremiscit
902 1734 1245 1802 praesentiam
1286 1732 1555 1787 cultorum
1619 1733 1739 1799 Dei,

151 1830 316 1891 atque
362 1820 507 1878 ferre
552 1837 657 1878 non
688 1823 848 1888 valet,
882 1838 1004 1878 cum
1045 1824 1397 1878 dissentimus
1443 1839 1471 1875 a
1516 1833 1603 1888 te,
1647 1825 1737 1895 qui

1860 622 1985 675 totis
2011 620 2065 676 in
2089 636 2184 676 nos
2216 622 2488 679 incumbis
2515 626 2848 682 carnificina:
2884 637 2990 682 tuze
3039 629 3274 691 viribus,
3303 631 3447 685 arbi-

1859 720 2031 767 tratus
2052 715 2357 770 nociturum
2386 724 2437 768 te
2469 718 2648 784 nobis,
2677 721 2930 788 ignorans
2955 720 3291 789 probationis
3320 736 3443 777 nos-

1856 814 1953 860 trte
1976 822 2074 862 nos
2099 808 2335 877 gaudere
2364 812 2779 877 occasionibus;
2830 813 2885 867 lii
2915 812 3169 868 videlicet
3198 815 3287 883 qtti
3334 816 3450 870 feli-

1853 894 2069 955 citatem
2101 912 2341 956 nostram
2386 907 2523 956 banc
2550 905 2926 960 existimemus
2956 908 3270 971 maximam,
3317 908 3362 961 si
3393 909 3443 962 in

1852 992 1956 1047 hoc
1981 992 2206 1062 jnstitiz
2236 1010 2407 1064 agone
2437 1006 2525 1049 tua
2552 997 2809 1052 carnifice
2840 1014 2999 1053 manu
3046 999 3201 1053 nobis
3230 1002 3431 1055 contin.

1849 1094 1940 1153 gat
1967 1099 2065 1154 pro
2093 1084 2188 1140 Dei
2213 1085 2453 1156 jugulari
2485 1086 2643 1152 Filio,
2678 1089 2906 1145 stabiles
2933 1099 3127 1145 contra
3174 1100 3319 1146 tuam
3355 1106 3415 1147 re

1849 1175 2036 1246 ligiosa
2064 1187 2247 1233 mente
2296 1186 2602 1247 perstamus
2632 1182 2918 1243 insaniam,
2947 1184 3198 1237 vincente
3234 1182 3443 1239 Scilicet

1848 1268 1901 1323 in
1925 1268 2081 1323 nobis
2105 1284 2192 1335 eo,
2226 1284 2328 1340 pro
2354 1286 2462 1339 quo
2489 1270 2745 1340 patimur,
2791 1272 3044 1341 quicquid
3078 1272 3178 1350 sub
3212 1287 3441 1339 persona

1847 1372 2029 1416 nostra
2060 1362 2273 1432 injuria:
2304 1372 2327 1399 ε
2354 1364 2527 1432 ipsius
2554 1364 2754 1418 divinae
2776 1364 3097 1433 majestatis,
3131 1375 3183 1418 tu
3213 1363 3442 1432 profane

1841 1456 2059 1522 jactitas
2087 1470 2338 1523 sermone
2368 1471 2562 1521 vacuo,
2596 1466 2649 1512 et
2672 1456 3132 1525 inanieolloquio,
3165 1457 3442 1511 voluntate

1843 1562 2043 1617 prava;
2071 1563 2193 1618 quae
2220 1557 2409 1603 cuncta
2447 1547 2579 1602 dura
2610 1563 2765 1603 mens
2796 1559 2883 1601 tua
2915 1556 2970 1602 et
2995 1547 3266 1602 obstinata
3308 1561 3438 1617 pec-

1842 1640 1972 1696 toris
2019 1640 2205 1696 feritas
2253 1641 2306 1696 in
2363 1656 2549 1695 necem
2598 1656 2711 1695 sua:
2753 1641 2921 1711 gignit
2950 1640 3143 1696 salutis
3175 1656 3187 1694 :
3223 1640 3351 1695 dum
3405 1656 3435 1694 a

1843 1733 2101 1801 religione
2128 1733 2222 1789 Dei
2252 1732 2508 1789 dissentis
2533 1732 2767 1788 ducente
2794 1732 3069 1787 dementia
3090 1774 3104 1795 ,
3139 1731 3326 1787 furore
3354 1746 3441 1786 ra-

1843 1825 2047 1895 piente,
2082 1826 2228 1880 omni
2259 1825 2494 1895 denique
2546 1834 2599 1880 te
2625 1825 2968 1881 immanitate
3017 1834 3277 1892 vexante,
3332 1841 3440 1895 qua

151 1916 301 1971 dit-as
324 1934 434 1973 au
474 1934 540 1973 ιε
585 1917 748 1973 nihilo
780 1918 977 1971 Filium
1006 1916 1124 1982 Dei,
1153 1934 1274 1973 cum
1319 1928 1505 1973 contra
1534 1932 1741 1973 stamus
1771 1904 1820 1965 Β
1848 1916 2122 1986 instigaris
2146 1917 2348 1986 pariter
2377 1932 2438 1972 ac
2487 1916 2639 1979 feris,
2660 1932 2727 1971 eo
2753 1932 2914 1987 quem
2939 1931 3102 1983 negas
3122 1926 3441 1987 protegente

150 2010 328 2063 minas
376 2020 533 2077 tuas,
588 2026 911 2080 omnemque
974 2011 1347 2065 crudelitatem
1410 2010 1738 2066 carnificina:

150 2112 256 2159 tua:
283 2105 522 2174 potentia
546 2105 666 2175 ejus
690 2106 862 2175 jttt'ati
889 2106 1221 2175 pr0tectique
1268 2105 1556 2159 calcamus.
1608 2102 1740 2158 Cas-

148 2198 656 2269 tigariteprofecto
709 2200 880 2255 sentis
926 2199 1041 2267 tjus
1098 2214 1380 2253 seri-orum
1438 2199 1737 2251 constantia

144 2301 311 2358 at-jue
365 2292 671 2355 tolerantia,
723 2292 810 2361 qui
856 2292 1027 2345 dicit:
1068 2290 1247 2345 Nolite
1297 2302 1518 2345 metuere
1547 2290 1737 2357 henm,

141 2384 231 2452 qui
262 2392 431 2454 potest
454 2385 687 2439 occidi-re
715 2401 939 2455 carptts;
974 2386 1133 2452 magis
1167 2394 1336 2439 autem
1364 2384 1569 2439 metuite
1597 2401 1734 2450 eum,

140 2477 227 2542 qui
252 2486 422 2547 potest
468 2486 516 2531 et
555 2493 742 2542 corpus
768 2487 815 2529 et
846 2477 1069 2529 animum
1100 2477 1310 2545 perdere
1355 2479 1407 2529 in
1453 2476 1737 2548 gehennam

142 2564 363 2631 (Hostis.
396 2582 452 2633 ι,
491 2567 610 2637 28).
643 2567 793 2622 Pauli
819 2570 981 2622 ctiam
1015 2568 1307 2621 beatissimi
1340 2567 1456 2637 ejus
1503 2568 1735 2637 apostoli

138 2657 205 2713 ad
236 2669 290 2715 te
318 2660 636 2717 calcandutn
671 2672 1021 2732 tyrannorum
1049 2664 1289 2716 omnium
1308 2672 1587 2733 tyrannum
1606 2663 1733 2717 bor-

140 2751 399 2806 tamentis
419 2752 729 2811 animamur
763 2770 775 2805 :
808 2753 1006 2807 Simius
1033 2754 1129 2820 ﬁlii
1150 2750 1266 2807 Dei.
1305 2754 1366 2807 Si
1395 2763 1563 2806 autem
1588 2764 1610 2792 ο
1638 2754 1734 2823 filii

138 2840 263 2907 Dei,
282 2853 332 2897 et
357 2843 583 2899 heredes
600 2842 719 2910 Dei,
748 2844 1039 2899 coltreredes
1058 2855 1223 2899 autent
1247 2843 1460 2907 Christi,
1482 2846 1735 2913 siquidem

134 2936 506 3003 compatintttr,
539 2946 593 2990 stt
623 2945 669 2989 et
690 2936 845 2989 simul
894 2936 1242 3009 gloriﬁcemur
1267 2936 1441 3009 (Rom.
1473 2953 1593 3004 VIII,
1618 2937 1731 3008 16).

134 3025 202 3080 Et
232 3026 433 3082 iterum
466 3045 484 3081 .'
516 3026 772 3082 Existimo
799 3025 823 3063 ά
853 3046 956 3081 non
1004 3044 1112 3082 esse
1155 3030 1435 3100 condignas
1472 3030 1734 3098 passiones

134 3117 295 3190 hujus
349 3120 593 3186 temporis
646 3122 714 3172 ad
772 3123 1001 3189 futuram
1046 3120 1267 3191 gloriam
1299 3162 1313 3185 ,
1373 3135 1487 3188 qua
1540 3122 1733 3174 revela-

134 3212 274 3263 bitur
304 3212 360 3264 in
385 3211 529 3265 nobis
552 3209 715 3283 (Ibid.
748 3212 861 3283 18).
896 3212 1061 3281 Cujus
1089 3212 1353 3266 claritatis
1382 3213 1606 3282 gloriam
1633 3227 1728 3267 co-

130 3303 375 3371 gitantes
397 3318 682 3374 pressurus
712 3320 902 3359 omnes
942 3313 996 3359 et
1044 3306 1448 3373 persecutiones
1484 3318 1590 3358 non
1642 3318 1728 3357 so-
1755 3282 1798 3345 Ο

132 3397 243 3451 lum
274 3412 375 3465 per
406 3406 456 3453 te
478 3398 651 3451 illatas
675 3413 704 3452 a
728 3398 966 3461 diabolo,
1017 3398 1109 3452 sed
1158 3408 1209 3451 et
1261 3412 1356 3468 per
1386 3411 1577 3451 omnes
1608 3397 1728 3467 ejus

131 3490 388 3545 homines
415 3505 513 3545 nos
553 3492 784 3545 tolerare
816 3507 1001 3545 servos
1052 3490 1253 3545 Christi
1299 3493 1573 3555 convenit,
1603 3491 1727 3560 quia

128 3582 259 3638 licet
290 3582 400 3637 sint
438 3582 643 3647 multa,
676 3593 854 3638 tamen
880 3600 947 3638 cx
970 3584 1219 3638 omnibus
1271 3584 1375 3636 illis
1405 3582 1723 3649 liberantur,

125 3675 218 3743 qui
251 3672 453 3729 Filium
480 3673 575 3730 Dei
601 3690 788 3729 verum
813 3689 935 3730 esse
964 3674 1161 3729 Filium
1190 3675 1463 3730 credimus
1488 3693 1499 3728 :
1531 3686 1726 3731 etcum

122 3767 262 3821 duas
287 3782 418 3823 esse
441 3782 700 3836 personas
753 3767 966 3820 Patrem
1000 3778 1053 3822 et
1074 3768 1264 3822 Filium
1292 3769 1719 3833 meminerimus,

122 3868 311 3915 tamen
346 3875 504 3913 unam
534 3858 870 3914 divinitatem
920 3859 1062 3914 Patri
1114 3872 1168 3915 et
1220 3861 1337 3928 ejus
1378 3861 1537 3915 unico
1580 3860 1721 3916 Filio

119 3953 487 4008 vindiccmus.
524 3951 629 4006 llas
662 3962 873 4008 nostras
914 3953 1090 4023 justas
1122 3955 1453 4025 invictasqne
1492 3955 1721 4011 audiens

119 4044 507 4116 allegationes,
540 4045 662 4116 quia
696 4049 968 4102 sustinere
998 4049 1279 4102 veritatem
1304 4049 1393 4103 ille
1436 4050 1529 4118 qui
1576 4060 1717 4105 tuam

116 4142 347 4196 obsedit
376 4150 614 4197 mentem
638 4158 743 4195 non
774 4150 969 4211 potest,
1024 4142 1237 4210 instigat
1281 4150 1429 4195 tuum
1481 4142 1716 4197 ferinum

113 4234 389 4298 animum,
420 4241 479 4287 ut
524 4247 621 4287 nos
662 4248 822 4302 quam
862 4234 1129 4287 acerrime
1183 4248 1374 4298 vexes,
1429 4234 1719 4303 exquisitis

114 4338 409 4393 pinnarum
432 4324 725 4395 generibus
754 4330 1061 4389 excrucies,
1084 4341 1179 4379 cur
1210 4328 1459 4381 nolumus
1490 4329 1597 4381 iter
1623 4326 1713 4383 de-

108 4433 306 4473 serere
334 4417 587 4473 salutare.
644 4418 779 4471 llite
822 4428 906 4472 est
935 4419 1078 4487 quod
1106 4419 1267 4472 nimia
1307 4427 1394 4474 tua
1424 4418 1719 4475 crudelitas

106 4528 165 4566 nt
184 4511 325 4565 stris
357 4508 531 4565 illtulit
555 4510 901 4580 corporibus.
930 4524 1027 4566 cur
1055 4513 1231 4579 magni
1262 4515 1595 4569 a-stimetnus
1653 4515 1717 4571 fi-

1842 2016 2037 2062 contra
2057 2007 2825 2073 tuam,bellua,imtnanitatem
2846 2050 2860 2073 ,
2884 2018 2941 2062 ut
2962 2010 3045 2063 vel
3072 2023 3234 2063 verso
3255 2010 3435 2065 solent

1841 2101 1973 2155 mari
2004 2100 2180 2155 moles
2208 2103 2492 2170 opposita),
2524 2100 2879 2156 reluctamnr.
2921 2101 3136 2157 Feriant
3180 2103 3306 2156 licet.
3339 2118 3434 2172 per

1840 2200 1895 2247 te
1920 2192 2172 2247 diabolici
2205 2192 2422 2257 ﬂuctus,
2466 2203 2518 2248 et
2570 2194 2785 2263 pulsent
2816 2194 2923 2249 late
2953 2203 3211 2265 vagantes
3245 2193 3431 2249 mundi

1840 2284 2099 2346 turbines,
2149 2286 2321 2354 magis
2366 2286 2639 2355 magisque
2684 2285 3001 2350 immobilis,
3062 2294 3119 2340 ut
3166 2294 3272 2349 est,
3322 2286 3430 2342 erit

1840 2374 2032 2440 virtus,
2066 2390 2166 2429 nec
2187 2375 2345 2430 undis
2372 2386 2580 2431 tuarum
2637 2376 3045 2432 infestationum
3089 2378 3422 2447 circumspu-

1841 2466 2112 2521 mantibus
2128 2468 2546 2523 succumbcmus
2564 2470 2761 2538 operti,
2792 2469 2887 2523 sed
2904 2480 3090 2523 contra
3126 2471 3305 2523 omnia
3329 2472 3437 2526 eri-

1840 2574 1958 2612 mus
1972 2572 2187 2628 scmpet-
2200 2560 2366 2613 erecti
2384 2560 2621 2630 pericula
2640 2578 2651 2612 :
2667 2558 2938 2630 siquidem
2956 2576 3062 2614 non
3078 2560 3428 2624 sitCltristia-

1839 2667 1940 2708 nus
1986 2653 2197 2708 animus
2225 2654 2473 2723 abjectus
2519 2658 2608 2726 qui
2652 2666 2926 2712 sternatur
2976 2666 3031 2711 et
3071 2657 3304 2726 jactetur
3354 2660 3425 2714 ad

1836 2741 1986 2810 vitia,
2010 2743 2104 2798 sed
2132 2759 2197 2798 eo
2241 2759 2409 2815 usque
2436 2747 2509 2801 sit
2545 2761 2845 2817 generosus
2872 2763 2937 2803 ac
2968 2749 3183 2816 nobilis,
3213 2761 3272 2804 ut
3301 2766 3415 2806 con-

1840 2845 1921 2890 tra
1948 2837 2125 2891 omnia
2168 2848 2494 2893 tentantenta
2539 2839 2832 2896 immobilis
2876 2843 3159 2912 victorque
3208 2859 3422 2911 perma-

1838 2940 1984 2985 neat.
2007 2928 2121 2985 Non
2147 2946 2335 2985 smnus
2355 2930 2642 2988 Christiani
2665 2934 2970 3003 cogitantes
3000 2937 3286 3005 przesentis
3314 2938 3419 2992 fra-

1834 3022 1959 3093 gilis
1982 3022 2100 3076 \ittc
2148 3022 2435 3078 dulcedine
2462 3024 2688 3094 perfrui,
2720 3026 2817 3080 sed
2864 3041 3053 3081 sumus
3080 3028 3306 3097 adipisci
3330 3046 3419 3083 cu-

1836 3116 2042 3185 pientes
2085 3126 2300 3171 a'tcrnce
2348 3120 2659 3172 securitatis
2715 3131 2770 3174 et
2825 3120 3104 3175 felicitatis
3156 3122 3416 3192 gloriam.

1835 3217 2108 3277 perpetua:
2151 3208 2499 3263 beatitudinis
2542 3212 2966 3279 possessionem.
3027 3211 3251 3267 Joannis
3292 3229 3410 3279 apo-

1833 3302 1955 3357 stoli
1982 3302 2144 3366 beati,
2171 3314 2226 3358 ut
2254 3311 2466 3357 terrena
2489 3315 2829 3372 spernentes,
2855 3305 3099 3360 coelestia
3145 3309 3296 3375 sequi
3324 3306 3417 3359 de-

1833 3394 2155 3458 sideremus,
2208 3396 2473 3449 hortantis
2499 3395 2752 3465 religiosa
2802 3411 2907 3451 vox
2948 3408 3032 3451 est
3060 3415 3070 3447 :
3100 3396 3166 3450 Et
3198 3398 3419 3453 mundus

1833 3486 2035 3549 transit,
2061 3495 2109 3537 et
2139 3486 2552 3553 concupiscentia
2587 3484 2605 3523 ί
2631 3491 2740 3553 eius
2766 3504 2784 3540 :
2813 3488 2904 3556 qui
2933 3499 3106 3542 autem
3137 3492 3311 3557 fecerit
3331 3506 3423 3543 tto-

1831 3578 2076 3630 luntatem
2118 3574 2238 3638 Dei,
2288 3588 2456 3631 manet
2499 3579 2550 3630 in
2606 3588 2873 3641 tttcrnum,
2908 3580 3166 3645 quomvdo
3195 3591 3241 3635 et
3286 3580 3423 3634 Dein:

1829 3677 1999 3720 monet
2046 3668 2098 3721 in
2152 3678 2394 3721 trternutu
2427 3667 2468 3734 (l
2510 3666 2689 3721 Joatm
2758 3684 2812 3733 tt,
2864 3668 2972 3721 ςτκ.
3010 3668 3144 3724 Cum
3179 3670 3290 3725 hee
3347 3675 3416 3724 ita

1829 3762 1956 3825 sint,
1982 3760 2142 3829 cupio
2175 3770 2223 3813 te
2250 3773 2581 3830 cognoscere
2611 3774 2734 3814 cum
2785 3762 3034 3814 omnibus
3059 3761 3163 3815 tuis
3212 3764 3425 3829 praesti-

1826 3852 1924 3922 giis
1951 3866 2015 3907 ac
2058 3850 2357 3914 lraudibm,
2407 3865 2641 3921 cumque
2685 3852 2986 3905 vastissima
3040 3851 3272 3906 smvitizn
3313 3864 3417 3907 tua:

1826 3944 2170 4007 crudelitate,
2212 3944 2393 4013 jacere
2426 3953 2476 3998 te
2505 3944 2698 3998 subter
2745 3943 2908 4013 pedes
2962 3945 3053 4000 Dei
3104 3960 3415 4013 servorum,

1827 4051 2041 4092 Omnem
2064 4037 2290 4106 gloriam
2322 4047 2424 4091 tute
2450 4051 2600 4090 vana‘.
2630 4037 3020 4092 dominationis
3049 4039 3172 4093 duci
3204 4056 3231 4091 a
3266 4040 3422 4093 nobis

1826 4142 1984 4200 atque
2008 4130 2193 4185 haberi
2221 4146 2317 4201 pro
2340 4131 2529 4195 nihilo,
2558 4130 2797 4200 nihilque
2830 4131 3044 4185 tealiud
3070 4146 3190 4186 esse
3216 4149 3240 4176 τι
3261 4133 3418 4186 nobis

1823 4226 2011 4278 sentiri
2036 4239 2156 4278 cum
2186 4225 2331 4277 omni
2353 4225 2533 4293 vigore
2558 4227 3058 4294 atqtteauctoritate
3082 4228 3296 4294 imperii
3317 4228 3414 4291 tui,

1823 4331 1981 4387 quam
2002 4318 2215 4370 inanem
2250 4314 2518 4370 aurnlam.
2548 4314 3005 4369 lactarenosltmc
3029 4317 3318 4385 quisquam
3349 4318 3414 4371 tie

1826 4411 1932 4465 tuis
1955 4408 2201 4464 fortassis
2218 4408 2361 4462 dicat
2381 4406 2902 4462 adulatoribusNon
2920 4408 3415 4473 retines,(.‘onst:-n-

1826 4510 2097 4577 ti,dixisse
2126 4519 2212 4559 me
2231 4502 2612 4572 judicibus,tc8
2636 4501 2756 4555 velo
2785 4501 2955 4555 misso
2982 4501 3411 4571 audiente,un

178 4704 205 4731 ι
237 4698 317 4752 Ita
352 4709 476 4751 cum
504 4692 719 4748 Latinio
745 4706 797 4749 et
822 4693 1109 4750 Callandio
1138 4694 1252 4749 haec
1280 4694 1713 4764 emcndavimus,
1754 4703 1797 4762 [)
1821 4708 1920 4749 suo
1944 4691 2120 4745 minus
2142 4692 2398 4764 accurato
2426 4691 2480 4764 ut
2512 4682 2734 4738 assolet.
2770 4681 2915 4764 Suos
2942 4684 3087 4739 enim
3110 4691 3264 4741 libros
3298 4705 3414 4764 rus-

103 4780 157 4823 ει
188 4765 641 4833 interpunctione
667 4765 1034 4829 distinximus,
1083 4767 1170 4817 ubi
1208 4764 1414 4820 Tiliana
1440 4767 1607 4822 editio
1630 4768 1709 4827 sic

104 4840 292 4894 locum
346 4837 488 4889 hunc
511 4835 803 4910 exhibebat
836 4856 849 4910 ς
887 4834 995 4892 Sed
1047 4836 1169 4905 ﬁdei
1221 4838 1473 4901 feneratio
1513 4856 1710 4910 semper

102 4909 413 4965 Christiana
436 4922 453 4959 :
480 4904 616 4959 vobis
642 4908 896 4976 tyrannis,
927 4916 1032 4961 etc.

178 5002 206 5041 δ
240 5001 405 5055 Vers.
438 4999 565 5053 Ant.
609 4997 811 5053 Timere
830 5016 914 5053 eos
956 5002 1043 5070 qui
1086 5002 1321 5056 occidunt
1359 5017 1569 5068 corpus,
1597 5005 1711 5057 nni-

101 5090 247 5127 mans
276 5080 456 5127 autem
493 5087 594 5124 non
627 5081 834 5137 possunt
864 5071 1116 5135 occidere,
1164 5073 1256 5125 sed
1287 5075 1453 5140 potius
1483 5089 1599 5128 eum
1649 5076 1711 5127 ti-

101 5156 239 5197 mete
269 5142 367 5212 qui
397 5150 561 5207 potest
588 5142 1102 5217 dirimunt._etc..\lss.
1132 5142 1391 5199 Cantabr.
1409 5148 1572 5217 magis
1598 5162 1711 5199 eum

98 5233 186 5285 qui
215 5211 394 5286 pote“
417 5223 487 5275 et,
517 5229 669 5278 cum,
702 5211 875 5266 Lttetf.

177 5318 201 5345 ε
239 5305 307 5359 Si
331 5314 503 5357 autem
536 5304 633 5374 ﬁlii
660 5314 708 5357 et
728 5302 957 5359 heredes
988 5304 1256 5374 ;lueredcs
1286 5306 1488 5374 quidem
1522 5304 1711 5365 Dei...-

96 5380 143 5430 si
201 5378 280 5430 ita
334 5371 1317 5449 congipntinsnrtu.Jcongfoﬁ/icemur.
1354 5376 1531 5449 δέει-εξ
1583 5384 1711 5433 Ant.

96 5451 275 5520 Cynr.
304 5443 495 5520 ειη-55
539 5460 664 5520 cum
697 5443 990 5520 Lucifero':
1018 5445 1095 5520 S__i_
1132 5454 1303 5520 autem
1333 5448 1430 5513 ﬁlii
1492 5446 1616 5518 Dei,
1670 5457 1719 5503 et

97 5514 349 5574 Iit-medea
381 5515 500 5581 Dei,
529 5514 823 5570 coheredes
842 5527 1013 5570 autem
1032 5515 1245 5572 Christi.
1603 5514 1613 5534 ³

170 5587 197 5628 δ
229 5589 379 5645 Cum
406 5586 571 5658 Cypr.
618 5588 710 5641 lib.
745 5588 780 5642 5
809 5587 1035 5642 Testim.
1076 5600 1275 5658 prmter
1329 5588 1469 5653 brec,
1521 5592 1591 5644 ad
1629 5608 1719 5646 sat-

94 5656 824 5729 perventuramclaritatcm.
882 5659 1033 5715 Vera.
1080 5656 1216 5714 ‘Aut.
1269 5658 1526 5715 Existimo
1581 5665 1717 5715 enim

90 5730 238 5801 quod
264 5746 375 5782 non
398 5738 517 5783 sunt
550 5729 841 5803 condigna,
869 5737 976 5785 etc.

177 5834 200 5856 ι’
227 5819 302 5875 In
341 5821 619 5888 iniuriam.
672 5821 847 5880 Latin.
876 5821 982 5877 Sed
1032 5822 1274 5878 fortassis
1312 5824 1503 5879 eodem
1554 5839 1716 5881 sensu

93 5892 407 5962 scripserit
458 5894 667 5967 injuria
693 5891 855 5951 dandi
877 5907 1004 5950 casu
1052 5892 1287 5962 Lucifer.
1335 5897 1711 5965 scilicetstylo

1822 4768 1923 4819 tico
1950 4773 2188 4816 sermone
2215 4756 2521 4824 descriptos
2561 4755 3065 4827 agnoscitipcemej
3096 4769 3281 4811 anno,
3315 4762 3417 4815 sub

1822 4838 1914 4890 fltt.
1951 4835 2045 4887 lib.
2078 4831 2141 4883 de
2167 4845 2265 4881 non
2297 4843 2437 4891 μαι-ε.
2472 4828 2525 4879 in
2554 4824 2715 4878 Deum
2746 4824 2939 4895 delinq.
2978 4824 3223 4881 Galland.

1900 4905 1915 4943 ῐ
1950 4903 2084 4959 Cum
2107 4899 2316 4961 Cra-co,
2349 4895 2609 4965 ἕπιθυμίαῤ
2639 4895 2792 4951 Vers.
2824 4898 2952 4950 Ant.
3003 4896 3281 4965 desideria,
3334 4910 3413 4965 et,

1821 4980 1953 5031 sicut
1985 4986 2031 5030 et
2060 4975 2167 5043 ipse
2197 4969 2457 5043 manet_in
2482 4978 2746 5020 internum.
2777 4966 2942 5037 Cypr.
2976 4967 3072 5023 lib.
3104 4968 3138 5022 ὅ
3178 4969 3409 5028 Testitn.

1822 5039 2256 5117 quomodo'_Drus,
2281 5039 2486 5117 omisso
2516 5049 2585 5090 et.

1898 5128 1922 5163 κ
1956 5119 2027 5174 lta
2086 5114 2227 5168 hunc
2282 5110 2457 5163 locum
2516 5108 2883 5172 correximus,
2935 5108 3139 5164 Poncio
3188 5123 3411 5168 auctore

1824 5190 1965 5257 apud
2015 5185 2216 5257 Latinn,
2245 5180 2333 5234 ttlii
2374 5191 2536 5233 antea
2584 5180 2865 5257 legebatur
2913 5183 3194 5257 mendose,
3242 5193 3288 5235 te
3330 5183 3407 5234 vel

1823 5251 2011 5314 oiniaso
2067 5255 2304 5330 audiente
2344 5261 2442 5313 ;et
2477 5251 2805 5330 _st:nsus.ad
2853 5251 3232 5330 ea__refertur,
3289 5271 3409 5330 quo!

1824 5331 1987 5399 paqu
2016 5325 2262 5399 superius
2310 5322 2633 5399 notavimus.
2674 5320 2808 5399 [dem
2845 5319 3167 5399 gallinam-5
3214 5319 3409 5399 cmmrf

1824 5390 1929 5454 inat
1955 5418 1971 5464 ;
2000 5390 2229 5467 loquitur
2251 5394 2703 5467 enimnutroliique
2730 5390 2947 5467 Lucifer
2978 5392 3045 5448 tle
3077 5395 3195 5467 velo
3216 5438 3230 5457 ,
3265 5397 3407 5461 quod

1815 5461 2168 5540 "Imperatoris
2197 5463 2504 5540 antjutlicis
2528 5474 2877 5540 ςξοισξρεςψιη
2895 5461 2965 5518 ab
2988 5465 3411 5540 oculisazlstan-

1824 5532 1953 5597 liuin
1978 5532 2316 5599 removebat.
2334 5532 2600 5588 Nonnulla
2634 5534 2701 5585 de
2742 5534 2891 5588 hisce
2920 5535 3060 5589 velis
3094 5536 3276 5589 itidem
3314 5553 3411 5590 no-

1825 5604 2006 5673 ιειίυιιι
2050 5606 2348 5667 Cotelerius
2390 5604 2455 5657 ad
2508 5605 2602 5657 lib.
2665 5603 2701 5657 2
2749 5602 2983 5658 Constit.
3044 5608 3410 5672 ApOStolicnr.

1823 5700 1941 5753 cap,
1975 5683 2066 5748 52,
2092 5693 2146 5735 et
2174 5676 2480 5753 Maeoehins
2525 5674 2593 5727 atl
2626 5673 3014 5753 Kalettdarinnt
3067 5686 3220 5731 vetus
3274 5696 3414 5732 tuar-

1827 5746 2067 5810 morcum
2102 5751 2243 5804 Eccl.
2274 5746 2495 5811 Neapol.
2532 5762 2652 5816 pag.
2675 5747 2806 5818 584,
2836 5760 2901 5799 ex
2953 5762 3064 5815 quo
3113 5758 3257 5809 nota,
3285 5765 3378 5818 gra

1821 5827 2003 5880 viores
2029 5823 2245 5895 quidem
2295 5833 2506 5895 causas,
2564 5816 2741 5895 qualis
2783 5818 3038 5895 nintirtttn
3090 5829 3203 5874 erat
3245 5816 3413 5895 causa

1824 5888 2073 5963 Luciferi,
2111 5903 2379 5964 praetenso
2426 5888 2564 5953 velo,
2625 5889 2853 5944 leviores
2906 5890 3117 5944 sublato
3178 5893 3294 5947 velo
3332 5908 3425 5964 ag.
