3854 6398
459 392 599 450 1015

1530 393 1856 452 LUClFERl
1896 392 2211 451 EPISCOPI
2248 393 2673 453 CALARITANI

3600 402 3713 459 “illi

456 511 583 568 licet
631 520 799 566 totum
831 510 1057 567 militem
1090 520 1239 566 tuum
1269 511 1325 566 in
1356 524 1458 566 nos
1503 510 1844 567 decrevisses
1865 512 2053 583 jacere
2080 521 2134 585 Α
2160 528 2267 568 non
2292 512 2486 580 valuit,
2544 522 2601 569 et
2645 515 2835 587 utique
2866 523 2918 570 te
2944 517 3078 573 satis
3106 525 3322 587 agente,
3370 517 3486 584 sed,
3515 528 3565 572 et
3592 518 3667 572 ubi
3694 518 3706 569 i

454 607 605 677 regni
632 606 707 660 tui
741 606 869 672 tela,
894 606 948 661 in
985 622 1085 662 nos
1110 616 1492 663 essecratores
1519 607 1882 677 blasphemiae
1930 618 2056 674 tum,

456 708 517 756 ut
544 700 598 753 in
629 701 881 771 sacrilegi
910 709 939 738 ι
971 702 1043 755 lui
1073 699 1279 757 decreti
1300 710 1730 771 contemptores,
1754 703 1935 757 omnia
1963 717 2059 757 sua

456 793 786 849 colliderent
824 810 996 861 arma,
1045 810 1145 850 nec
1189 796 1234 850 si
1266 793 1293 831 ι)
1324 798 1501 850 tamen
1546 796 1688 867 quod
1719 810 2005 866 possemus
2030 812 2060 851 a

458 888 743 957 proposito
771 887 1065 943 recedere?
1098 888 1204 943 Sed
1235 898 1288 942 ιιι
1333 903 1430 957 pro
1462 897 1554 942 tua
1578 890 1665 943 illa
1695 890 1978 959 prudentia
2008 892 2059 947 in

460 983 609 1035 omni
640 998 737 1051 pro
766 991 817 1037 te
847 982 1164 1037 moriundos
1196 983 1337 1038 bello
1387 982 1588 1037 milites
1619 992 1740 1037 tuos
1778 986 2060 1052 censuisti,

456 1071 800 1129 Christianos
823 1090 953 1130 vero
1003 1075 1233 1130 sanxisti
1287 1075 1382 1129 Dei
1436 1078 1747 1145 oportuisse
1795 1078 2063 1132 exsistere

461 1177 772 1237 negatores.
810 1167 874 1222 Et
900 1169 1086 1239 utique
1103 1171 1179 1223 ttti
1208 1172 1450 1224 sentiunt
1478 1170 1722 1224 dolorem
1754 1171 2060 1235 vulnerum,

459 1262 653 1317 dolent
679 1277 738 1318 se
770 1261 1017 1332 periisse,
1046 1263 1234 1319 dolent
1275 1262 1413 1317 hanc
1449 1262 1697 1317 amittere
1726 1263 1934 1329 lucem;
1965 1279 2063 1319 nos

461 1373 591 1412 vero
607 1357 781 1427 primo
800 1359 1003 1413 sentire
1020 1361 1600 1429 pmnarum’cruciatus
1622 1373 1728 1412 nou
1752 1374 2061 1425 possumus,

465 1451 516 1504 in
535 1450 731 1521 quibus
752 1450 999 1506 Christus
1016 1454 1237 1521 patitur,
1256 1450 1521 1521 inquibus
1539 1450 2061 1507 Cbristusmtcrnam

463 1543 695 1598 salutem
750 1552 1047 1608 operatur:
1082 1542 1281 1597 deinde
1305 1586 1317 1608 ,
1348 1544 1473 1613 quia
1520 1546 1804 1613 prtcsentia
1840 1558 1937 1612 pro
1985 1544 2065 1598 ni-

456 1635 569 1689 hilo
596 1635 883 1701 ducamus,
911 1644 965 1690 et
997 1637 1201 1691 lumine
1235 1638 1287 1691 in
1322 1637 1415 1692 illo
1462 1638 1687 1707 perenni
1742 1652 1961 1705 semper
1982 1639 2067 1690 lit-

461 1730 567 1783 turi
597 1744 808 1796 sumus,
857 1730 948 1800 qui
978 1741 999 1767 ο
1032 1729 1150 1785 fieri
1205 1741 1402 1799 potest,
1436 1739 1492 1784 ut
1549 1747 1653 1784 non
1710 1747 1805 1801 pro
1846 1729 2066 1785 Christo

465 1824 557 1879 Dei
590 1825 728 1880 Filio
751 1826 870 1880 vita)
902 1834 1121 1881 atteram
1148 1827 1412 1881 tributore
1443 1826 1733 1896 sacrilegio
1782 1826 2068 1881 funestatis

2164 605 2379 662 radices
2455 606 2623 679 figere
2692 618 3042 675 tentaverat,
3116 610 3296 675 aruit,
3368 610 3715 665 recedentibus

2164 700 2375 755 scilicet
2402 702 2658 756 omnibus
2687 700 2783 757 Dei
2814 700 3031 756 famulis
3060 715 3090 756 a
3126 712 3196 768 te,
3228 711 3385 774 atque
3409 703 3587 772 paucis
3608 703 3717 765 tuis,

2163 809 2303 865 quos
2334 795 2517 849 Iulium
2546 810 2667 851 esse
2716 810 2882 865 super
2922 794 3248 851 frumentum
3299 798 3583 851 seminatos
3626 795 3716 850 Do-

2166 888 2348 942 minus
2380 888 2714 959 prrediserit,
2751 897 2927 944 tecum
2988 889 3362 943 manentibus:
3391 904 3507 959 qua
3557 889 3718 942 omnia

2167 980 2259 1035 tibi
2286 982 2534 1050 preestitit
2580 991 2741 1052 atque
2786 990 2871 1037 est
2920 992 3181 1051 praestans
3208 980 3403 1035 artifex
3450 980 3639 1035 fraudis
3663 995 3717 1034 ac

2166 1077 2378 1145 mortis,
2410 1077 2501 1147 qui
2532 1092 2625 1146 per
2649 1088 2701 1131 te
2725 1078 2982 1147 plurimos
3010 1076 3281 1132 blanditiis
3310 1077 3533 1149 obliquis
3574 1075 3719 1129 illirit

2167 1184 2229 1223 ac
2250 1169 2473 1240 decipit,
2502 1170 2614 1239 qui,
2638 1185 2760 1223 cum
2796 1170 2863 1225 sit
2889 1186 3015 1225 reus
3042 1170 3203 1224 latius
3230 1170 3469 1235 sceleris,
3506 1167 3721 1240 suggerit

2167 1263 2317 1319 cordi
2350 1263 2433 1318 illi
2464 1274 2555 1319 tuo
2580 1266 2952 1332 amarissimo,
2989 1273 3045 1320 ut
3070 1279 3169 1319 nos
3195 1274 3459 1334 tamquam
3495 1278 3610 1318 reos
3636 1263 3721 1317 ali-

2167 1358 2320 1429 eujns
2341 1358 2585 1413 criminis
2634 1360 2847 1429 punias.
2879 1358 2985 1415 Sed
3034 1359 3277 1429 prospice
3309 1358 3537 1422 tandem,
3588 1357 3720 1426 aperi

2168 1452 2351 1508 cordis
2381 1454 2589 1517 oculos,
2620 1453 2671 1507 in
2700 1453 2898 1523 quibus
2928 1452 3023 1508 tibi
3070 1452 3200 1507 nihil
3230 1450 3445 1506 luminis
3489 1460 3589 1517 est,
3636 1450 3720 1504 sed

2171 1545 2346 1600 omnis
2388 1546 2571 1615 caligo
2599 1555 2648 1600 et
2698 1547 2943 1615 ingentes
2989 1545 3224 1600 tenebrae
3255 1557 3548 1612 versantur,
3579 1554 3630 1599 et
3655 1545 3723 1597 in-

2170 1638 2357 1693 venies
2406 1638 2551 1707 quod
2586 1652 2734 1693 mors
2789 1647 2878 1693 tua
2926 1639 3102 1710 fragili
3136 1639 3284 1693 illata
3333 1638 3726 1709 potestateintc-

2170 1731 2405 1802 griorem
2433 1740 2652 1800 reparet
2679 1731 2866 1797 vitam,
2898 1733 3042 1802 quod
3076 1731 3187 1786 haec
3216 1732 3379 1803 magis
3429 1748 3523 1787 nos
3565 1730 3723 1785 dedu-

2171 1834 2258 1878 cat
2286 1824 2351 1877 ad
2383 1824 2609 1894 gloriam
2635 1839 2730 1893 per
2778 1825 2945 1893 ignes,
2977 1839 3073 1895 per
3110 1824 3345 1894 gladios,
3380 1839 3476 1893 per
3522 1832 3727 1877 catenas

464 1918 718 1970 manibus
760 1916 864 1971 tnis
896 1917 1185 1970 maluimus
1213 1914 1241 1952 ἀ
1272 1916 1548 1971 interlici?
1601 1919 1691 1988 qui
1748 1920 1910 1973 aliter
1966 1932 2062 1970 nos
2096 1926 2143 1986 Β
2171 1932 2233 1970 ac
2265 1917 2430 1980 feras,
2466 1931 2562 1985 per
2592 1916 2846 1986 quicquid
2878 1916 3114 1986 denique
3147 1916 3322 1971 rabies
3350 1928 3431 1968 tua
3464 1915 3673 1985 piissimi
3704 1914 3725 1951 ι

466 2008 576 2063 Deo
604 2008 751 2063 Patri
787 2010 1002 2079 placere
1030 2024 1139 2063 non
1165 2024 1323 2080 posse
1352 2025 1657 2073 cernamus,
1690 2012 1788 2064 nisi
1814 2009 2067 2063 conventi

467 2116 497 2155 a
515 2111 567 2157 te
585 2100 652 2155 ad
678 2102 985 2173 negandum
1004 2104 1223 2157 unicum
1250 2104 1340 2157 Dei
1357 2103 1551 2158 Filium
1571 2103 1691 2172 ejus
1712 2118 1806 2173 per
1825 2110 2062 2157 mortem

463 2200 627 2252 ctiam
646 2199 816 2265 ipsam
835 2213 1024 2253 verum
1042 2213 1165 2252 esse
1186 2200 1335 2251 illum
1350 2196 1549 2251 Filium
1572 2197 1665 2251 Dei
1681 2197 1921 2253 confessi
1949 2196 2069 2251 fue-

465 2292 676 2348 rimus?
705 2292 1056 2348 Detestabilis
1088 2304 1349 2348 menstua
1377 2293 1596 2362 indigne
1630 2293 1889 2362 fert,quia
1922 2292 2070 2346 dica-

468 2401 589 2440 mus
602 2382 879 2440 Christum
900 2386 991 2441 Dei
1011 2385 1209 2439 Filium
1228 2385 1321 2441 Dei
1341 2400 1463 2441 csse
1482 2385 1835 2447 verbum,llei
1851 2384 2069 2452 sapien-

471 2480 625 2539 tiam.
652 2480 743 2534 Dei
761 2481 1037 2541 virtutem,
1060 2477 1227 2532 Deum
1251 2490 1273 2516 θ
1300 2497 1471 2533 verum
1495 2479 1560 2531 de
1573 2477 1683 2530 Deo
1714 2494 1853 2542 vero,
1888 2489 2071 2530 natum

467 2574 533 2626 de
560 2571 741 2639 Patre,
772 2572 826 2625 id
851 2584 925 2626 est
944 2573 1007 2625 dc
1032 2572 1321 2626 substantia
1352 2571 1545 2634 Patris,
1571 2571 1743 2624 lumen
1769 2570 1833 2624 de
1856 2570 2067 2634 lumine,

463 2678 646 2722 natum
672 2684 774 2721 non
805 2670 1023 2738 factum,
1053 2668 1209 2719 unius
1256 2666 1555 2719 substantia:
1608 2664 1760 2717 illum
1792 2679 1915 2718 esse
1955 2681 2071 2717 cum

478 2762 678 2829 Patre,
738 2762 878 2835 quod
946 2761 1114 2817 θνατοί
1178 2761 1357 2815 dicunt
1416 2761 1718 2833 ὁμοούσιον.
1789 2776 1877 2828 per
1925 2776 2076 2830 quem

466 2856 641 2911 omnia
666 2867 785 2909 sunt
831 2860 995 2925 facta,
1039 2856 1151 2909 sine
1194 2871 1297 2925 quo
1352 2870 1632 2923 numquam
1686 2856 1839 2922 fuerit
1892 2853 2071 2907 Pater.

472 2947 703 3018 lndigne
733 2946 869 3012 fers,
919 2947 1037 3002 Arii
1086 2947 1309 3010 vermis,
1342 2962 1441 3001 cur
1496 2946 1875 3014 defendamus,
1929 2946 2074 3016 quod

468 3038 717 3105 claritas,
746 3048 1014 3109 potestas,
1050 3040 1392 3107 magnitudo,
1436 3039 1743 3102 arternitas,
1793 3037 2070 3103 divinitas,

467 3147 593 3203 qua:
624 3129 644 3168 τ
680 3147 784 3186 una
807 3135 881 3187 sit
936 3131 1111 3186 Patris
1142 3138 1198 3186 et
1248 3131 1394 3187 unici
1444 3132 1564 3201 ejus
1591 3130 1737 3185 Filii.
1788 3130 1902 3185 Non
1950 3146 2075 3186 esse

472 3241 673 3280 novum
703 3227 851 3296 quod
878 3240 979 3280 nos
1007 3227 1168 3294 legati
1194 3227 1649 3281 asseverabamus
1674 3227 1726 3278 in
1762 3236 1785 3271 ιε
1813 3237 1904 3279 tuo
1928 3226 2076 3296 pala-

472 3321 570 3387 tio,
589 3330 645 3375 et
660 3318 930 3374 firmando
946 3336 1053 3374 non
1074 3324 1332 3374 desumus
1352 3336 1572 3390 semper
1586 3322 1664 3375 sic
1688 3320 1857 3375 fuisse
1876 3330 1927 3374 et
1945 3338 2070 3376 esse
2100 3315 2144 3379 (ἶ

467 3414 735 3470 creditum
769 3430 799 3468 a
837 3414 1187 3479 Christianis,
1223 3414 1383 3468 sicuti
1430 3415 1569 3484 apud
1601 3414 1837 3469 Nicaeam
1886 3426 2074 3470 contra

469 3508 729 3562 heresim
772 3518 919 3562 tuam
950 3508 1202 3561 Ariauam
1237 3518 1290 3561 et
1312 3504 1339 3541 ιι
1365 3522 1559 3561 omnes
1605 3522 1826 3562 errores
1860 3509 2076 3564 videtur

470 3616 597 3657 esse
638 3616 792 3656 sacra
840 3602 978 3657 lldes
1008 3604 1341 3672 conscripta,
1385 3602 1428 3655 si
1476 3600 1693 3657 tandem
1743 3604 1936 3658 oculos
1965 3620 2078 3659 scr-

473 3698 656 3768 pentis
687 3698 965 3752 morsibus
996 3698 1283 3754 confossos
1328 3698 1511 3753 cordis
1535 3699 1610 3752 tui
1655 3700 1892 3767 aperias,
1922 3701 2076 3755 iuve-

472 3791 613 3856 nies,
646 3792 791 3861 quod
825 3792 967 3845 hanc
991 3791 1173 3855 habet,
1199 3791 1337 3845 hanc
1364 3791 1607 3846 defendit
1635 3792 1863 3846 ecclesia
1887 3792 2074 3860 fidem,

472 3898 636 3953 quam
661 3882 766 3937 sibi
794 3884 1047 3937 traditam
1095 3885 1379 3953 cognoscit
1421 3900 1517 3954 per
1547 3884 1735 3939 beatos
1778 3887 2077 3953 apostolos.

468 3972 672 4030 Omnes
705 3984 985 4029 momento
1028 3992 1320 4047 peragrare
1358 3978 1403 4031 si
1460 3992 1648 4047 posses
1679 3988 1896 4048 gentes,
1925 3980 2078 4035 inve-

470 4069 671 4133 nisses,
702 4070 1053 4125 stolidissime
1111 4072 1429 4141 imprrator.
1486 4071 1685 4141 ubique
1738 4070 2080 4127 Christianos

470 4164 634 4219 sicuti
663 4181 761 4218 nos
805 4164 1057 4228 credere,
1112 4164 1164 4218 in
1210 4164 1308 4218 hac
1354 4163 1679 4218 defensione
1732 4175 1919 4218 nostra
1954 4179 2079 4234 per-

472 4267 683 4311 stantes
707 4273 804 4327 pro
834 4258 924 4311 Dei
958 4255 1096 4310 Filio
1120 4266 1176 4310 ut
1205 4271 1303 4311 nos
1336 4258 1469 4310 mori
1494 4271 1718 4323 cupere.
1755 4256 1826 4309 At
1860 4267 1949 4309 tua
1982 4273 2080 4309 no-

475 4349 613 4404 vella
642 4350 950 4417 przedicatio
978 4359 1031 4403 et
1055 4364 1247 4404 recens
1294 4350 1505 4420 religio,
1566 4349 1669 4403 sub
1718 4358 1987 4418 praetextu
2020 4349 2082 4401 li-

470 4442 558 4498 dei
590 4443 925 4515 blasphemia
962 4443 975 4479 ί
1006 4444 1058 4497 in
1086 4442 1380 4512 perniciem
1402 4446 1591 4496 salutis
1615 4452 1720 4495 tute
1753 4458 1849 4509 per
1874 4452 1927 4496 te
1955 4456 2082 4511 pro-

471 4536 605 4603 lata,
642 4554 747 4592 non
776 4538 954 4592 solum
980 4537 1154 4590 adhuc
1183 4534 1405 4590 limitem
1434 4534 1739 4590 Romanum
1790 4549 2084 4605 peragrare

478 4655 698 4710 solitum
726 4656 963 4725 antiquis
987 4654 1173 4709 fuisse.

551 4735 578 4763 λ
612 4728 682 4780 Ita
712 4722 1051 4781 correximus
1081 4742 1204 4780 cum
1239 4726 1475 4787 Latinio,
1505 4738 1627 4778 cum
1672 4731 1829 4778 antea
1861 4722 2076 4793 legere—

478 4809 585 4863 tur,
613 4800 669 4853 in
699 4800 952 4865 sacrilego
991 4809 1079 4851 tua
1108 4799 1329 4850 decreto.

552 4868 579 4907 δ
614 4870 725 4923 Nec
753 4872 848 4923 sic.
876 4869 1051 4924 Latin.
1082 4880 1133 4923 et
1166 4868 1415 4923 Galland.

558 4952 580 4979 ε
617 4941 776 5008 Quin.
802 4940 974 4995 Vatic.
1001 4942 1096 4994 scd
1129 4952 1401 5006 comnpte.

552 5012 579 5049 ἀ
616 5012 883 5065 Mittimus.
920 5013 1097 5066 Latin.
1133 5011 1437 5065 etGalantl.

559 5094 581 5121 °
616 5086 826 5137 lnitimn
869 5085 1108 5153 Symboli
1138 5083 1341 5137 Nicteni
1372 5084 1457 5137 hic
1509 5080 1699 5153 refert.
1768 5079 1911 5153 quod
1937 5080 2079 5153 intc-

478 5172 634 5225 grum
666 5150 955 5225 descripsit
988 5158 1039 5208 in
1072 5155 1166 5208 lib.
1195 5157 1257 5207 de
1286 5172 1387 5207 non
1411 5169 1553 5224 pare.
1585 5154 1634 5204 in
1666 5152 1833 5207 Deum
1860 5150 2051 5221 delinq.

560 5226 577 5264 ί
606 5226 983 5291 οἱυὲηἱιαςτμιε.
1019 5227 1199 5281 Latin.
1256 5236 1307 5280 ct
1338 5225 1587 5280 Gallaud.

556 5308 581 5345 It
618 5298 691 5351 De
721 5298 949 5353 Lumferi
996 5299 1265 5369 legatione
1320 5299 1371 5353 in
1418 5296 1805 5351 Mediolanensi
1849 5296 2083 5350 concilio

483 5369 607 5424 vide
637 5385 756 5437 qua:
786 5373 835 5421 iu
864 5374 981 5439 ejus
1008 5371 1123 5425 Vita
1146 5379 1366 5425 narrata
1396 5376 1540 5422 sunt.

554 5439 583 5479 δ
606 5440 676 5495 Et
705 5451 903 5495 contra.
933 5442 1107 5499 Vatic.

561 5514 576 5549 ί
608 5514 858 5567 Edictum
882 5514 1145 5579 intellige,
1168 5514 1283 5568 sive
1324 5510 1613 5581 epistolam
1652 5510 1951 5563 Constantii
1986 5526 2081 5563 no-

484 5583 629 5638 mine
659 5585 726 5638 ab
748 5584 961 5639 Arianis
991 5589 1266 5653 proposita
1303 5588 1352 5638 in
1387 5584 1621 5637 concilio
1659 5582 2076 5647 Mediolanensi,

484 5658 553 5708 de
580 5671 683 5722 qua
732 5657 784 5709 in
830 5655 1063 5710 Luciferi
1095 5660 1225 5710 vita.
1275 5656 1597 5712 Callaudtus
1654 5656 1841 5708 mallet
1896 5657 2077 5723 legere

481 5723 778 5793 blasphema
825 5728 1026 5797 religio.

552 5797 566 5846 ἑ
610 5798 662 5852 ld
686 5813 789 5861 est,
815 5799 865 5850 iu
901 5804 1018 5868 ίρςο
1059 5800 1291 5855 concilio
1334 5797 1754 5859 Mediolanensi,
1792 5797 1931 5853 unde
1978 5812 2074 5865 per

482 5866 706 5940 Italiam,
732 5881 786 5924 et
811 5866 1155 5925 Occidentem
1180 5874 1287 5926 late
1315 5869 1710 5940 posst-.tjagari
1740 5887 1751 5918 :
1784 5871 1876 5922 sed
1919 5870 2073 5940 irrito

482 5936 780 5995 Constantii
806 5951 861 5997 et
886 5942 1208 5996 Arianorum
1240 5936 1462 5996 conatu.
1503 5937 1582 5992 Et:
1606 5936 1814 6007 quibus
1866 5939 2064 6002 videas,

2174 2014 2518 2087 imperatoris
2557 2014 2610 2067 in
2658 2021 2894 2067 nostram
2937 2015 3209 2068 censuerit
3252 2013 3490 2081 ingerere
3531 2026 3725 2066 necem.

2171 2106 2413 2161 Tutante»
2440 2107 2549 2161 Deo
2584 2121 2690 2160 non
2725 2106 2886 2159 modo
2915 2121 3021 2159 non
3064 2104 3473 2175 esstinguimur,
3502 2105 3593 2159 sed
3625 2119 3729 2156 ma.

2168 2200 2252 2270 gis
2273 2210 2436 2269 atque
2469 2202 2640 2268 magis
2676 2198 3023 2271 'vivilicatnur
3045 2241 3058 2263 ,
3090 2200 3179 2270 qui
3227 2198 3619 2254 tneniinerimus
3663 2198 3732 2251 nil

2173 2308 2294 2349 esse
2326 2308 2487 2362 ευμεν
2515 2308 2615 2347 nos
2645 2302 2838 2362 praeter
2866 2292 3032 2348 Deum
3059 2309 3072 2357 ;
3127 2291 3271 2348 unde
3319 2293 3576 2348 erubescit
3628 2292 3736 2345 ani-

2176 2404 2297 2442 utus
2327 2388 2556 2443 devotus
2583 2399 2740 2457 atque
2785 2389 3125 2456 mancipatus
3174 2389 3283 2443 Deo
3330 2388 3418 2442 tibi
3460 2404 3547 2457 per
3601 2399 3734 2442 tuam

2175 2493 2391 2535 mortuo
2419 2482 2830 2549 bIaSphemiam,
2852 2481 2973 2537 caui
2996 2482 3208 2536 latranti
3236 2492 3415 2536 contra
3445 2481 3733 2543 veritatem,

2175 2578 2449 2632 vermibus
2465 2576 2581 2632 Arii
2609 2580 2837 2633 scatenti
2864 2578 3233 2634 succumbere.
3252 2577 3532 2634 Servorum
3547 2576 3733 2631 Christi

2176 2671 2372 2725 anim-ae
2393 2673 2606 2740 quoties
2624 2672 2731 2725 vim
2769 2670 3062 2741 diligenter
3095 2686 3275 2726 veram
3306 2672 3608 2725 examinant
3637 2680 3737 2723 tor-

2178 2766 2859 2829 mentorum,consitlerant
2878 2766 3085 2820 nullum
3102 2766 3270 2836 majus
3287 2782 3402 2822 esse
3428 2776 3732 2821 tormentum

2178 2874 2339 2929 quam
2386 2874 2415 2912 a
2474 2867 2525 2912 te
2573 2858 2867 2914 adversarii
2936 2861 3105 2913 uestri
3156 2875 3313 2914 servo
3354 2875 3557 2913 servum
3606 2861 3733 2913 vinci

2178 2950 2396 3004 Christi.
2432 2950 2801 3005 Rccordamur
2828 2950 3111 3005 Dominum
3152 2951 3349 3005 dixisse
3383 2951 3479 3005 :Si
3514 2952 3621 3019 quis
3638 2956 3734 3003 ruit

2180 3052 2292 3112 post
2320 3059 2398 3096 me
2417 3044 2605 3107 venire,
2640 3044 2852 3115 abneget
2875 3060 2927 3098 se
2951 3044 3070 3109 sibi,
3100 3056 3144 3097 et
3174 3046 3317 3099 tollat
3337 3045 3547 3114 {crucem
3574 3062 3728 3106 suam,

2180 3146 2225 3188 et
2254 3146 2496 3206 sequatur
2518 3154 2616 3190 me.
2650 3139 2752 3205 Qui
2781 3139 2916 3191 enim
2954 3140 3168 3193 voluerit
3220 3141 3434 3192 animant
3476 3156 3615 3193 suam
3636 3142 3732 3191 sat-

2182 3247 2295 3284 ram
2323 3233 2515 3300 facere,
2544 3230 2718 3301 perdet
2752 3232 2920 3287 illam.
2948 3233 3049 3300 Qui
3080 3231 3095 3269 ι
3128 3243 3293 3286 autem
3336 3232 3603 3302 perdiderit
3627 3234 3730 3285 ani-

2177 3343 2311 3378 mum
2342 3342 2487 3377 suam
2508 3336 2717 3393 promer
2744 3342 2842 3391 me,
2874 3326 3089 3380 inveniet
3122 3343 3252 3379 eam.
3288 3326 3421 3392 Quid
3464 3327 3590 3379 enim
3618 3341 3729 3395 pro-

2184 3420 2295 3473 dest
2317 3419 2532 3483 homini,
2562 3422 2607 3473 si
2635 3430 2795 3473 totum
2821 3430 2863 3456 τη
2886 3422 3130 3474 ntundurn
3160 3423 3401 3482 lucretur,
3427 3423 3603 3475 animo!
3625 3435 3732 3474 sero

2183 3529 2291 3565 sua:
2317 3512 2675 3567 detrimentum
2702 3514 2925 3584 patiatur
2948 3515 2971 3566 ?
2996 3526 3082 3566 aut
3106 3530 3256 3583 quam
3287 3514 3421 3566 dabit
3445 3513 3586 3566 homo
3605 3529 3731 3566 com-

2184 3606 2518 3658 mutationem
2547 3606 2733 3658 auimrv
2782 3621 2889 3659 sua:
2934 3604 3144 3677 (Matth.
3178 3621 3282 3669 sVI,
3326 3606 3457 3674 25)?
3510 3605 3729 3675 Martyrii

2183 3697 2325 3765 cogit
2355 3695 2587 3766 dignitas
2640 3706 2697 3750 ut
2738 3697 2896 3751 vitam
2941 3695 3224 3751 Christiani
3276 3706 3440 3751 morte
3465 3704 3488 3731 ιι
3515 3706 3732 3751 contem-

2185 3804 2407 3855 namus,
2467 3788 2735 3859 siquidem
2768 3805 2962 3842 novum
3010 3788 3195 3843 salutis
3222 3804 3382 3858 genus
3430 3803 3517 3857 per
3540 3786 3629 3842 Dei
3652 3785 3733 3841 Fi-

2185 3882 2316 3937 lium
2355 3882 2517 3936 fuerit
2568 3881 2849 3946 tributum;
2884 3882 3090 3935 interire
3117 3885 3141 3909 °
3170 3899 3231 3934 ne
3258 3896 3469 3950 peream.
3497 3878 3731 3934 Norimns

2185 3974 2325 4028 hanc
2354 3989 2476 4028 esse
2521 3974 2677 4028 nobis
2704 3974 2952 4026 traditam
3001 3973 3255 4027 divinitus
3305 3972 3647 4039 disciplinam,
3676 3981 3730 4022 ut

2184 4069 2306 4123 sine
2339 4068 2447 4122 ullo
2472 4077 2681 4122 terrore
2702 4067 2907 4122 militiae
2937 4067 3038 4121 vim
3072 4078 3311 4121 tueamur
3338 4066 3462 4120 tanti
3492 4066 3726 4125 nominis,

2183 4162 2384 4232 quippe
2411 4174 2548 4230 quos
2570 4159 2681 4226 jam
2712 4158 2918 4229 pridem
2949 4168 3160 4213 :cternre
3188 4158 3449 4213 memorizc
3487 4156 3730 4225 cupiditas

2186 4254 2520 4308 alistraxerit
2548 4268 2579 4305 a
2608 4251 2886 4307 desiderio
2905 4251 3058 4306 i5tius
3110 4251 3270 4317 lucis,
3305 4266 3527 4322 quosque
3544 4249 3607 4303 ad
3635 4250 3733 4302 cal-

2192 4348 2365 4401 canda
2410 4347 2591 4400 omnia
2655 4357 2869 4401 terrena
2918 4345 3115 4400 Christi
3163 4348 3389 4400 societas
3439 4343 3729 4413 segregarit.

2194 4441 2470 4507 Crescitl’,
2523 4441 2827 4505 Constanti,
2882 4442 3214 4496 crudelitatis
3266 4452 3365 4495 tum
3410 4453 3570 4509 pugna
3610 4438 3732 4489 :scd

2168 4534 2441 4592 'crescere
2472 4535 2695 4591 adverte
2739 4546 2792 4591 et
2819 4536 3016 4591 Christi
3056 4535 3306 4590 militibus
3354 4534 3589 4603 gloriam,
3646 4545 3733 4583 nec

2102 4652 2257 4722 Dait
2306 4652 2572 4705 Baronius
2620 4650 2685 4722 ad
2736 4665 2825 4705 an.
2877 4651 3002 4718 556,
3054 4664 3199 4704 num.
3252 4648 3339 4722 Zl,
3390 4644 3733 4722 quantumlibet

2188 4725 2370 4777 Ariani
2418 4723 2594 4791 [arare
2635 4721 2941 4784 Constantii,
2988 4731 3034 4773 et
3084 4722 3193 4785 ipse
3239 4717 3552 4791 Constantius
3592 4718 3732 4791 703R”-

2186 4790 2495 4849 Arianorum
2551 4804 2738 4847 conatu
2788 4804 2947 4847 totum
2979 4791 3316 4846 Christianum
3346 4790 3504 4844 orbem
3533 4790 3732 4841 miscue-

2184 4869 2308 4927 rint,
2335 4877 2389 4919 ut
2429 4866 2673 4917 Ariunmn
2713 4864 2966 4929 hieresim,
2997 4863 3099 4933 ﬁde
3137 4864 3338 4932 explosa
3367 4858 3642 4922 Catholica,
3686 4860 3731 4908 in

2183 4938 2397 4991 ecclesia
2421 4939 2747 4989 seminarent.

2258 5009 2281 5085 ξι
2314 5013 2573 5085 ῌλίρρνικὼς
2608 5008 2808 5085 dictum
2820 5048 2831 5060 .

2260 5079 2275 5117 ι
2316 5074 2417 5146 Qui
2471 5082 2606 5133 enim
2652 5080 2863 5133 voluerit
2911 5080 3134 5132 animant
3178 5093 3319 5131 suam
3375 5074 3592 5148 perdere,
3633 5080 3729 5148 etc.

2195 5142 2356 5206 Vers'.
2383 5154 2534 5213 Ant.,
2562 5150 2658 5205 Ms.
2684 5149 2741 5206 S.
2772 5150 2953 5205 Germ.
3005 5150 3141 5221 apttd
3173 5150 3351 5205 Sabat.
3378 5142 3511 5198 “cum
3548 5142 3731 5206 Lucil.,

2195 5234 2391 5293 prmter
2421 5240 2538 5275 nam
2569 5238 2665 5292 pro
2695 5234 2885 5276 autem.

2266 5304 2301 5326 "‘
2344 5295 2415 5349 Ex
2449 5287 2660 5353 Crat-co.
2689 5296 2775 5349 τὸν
2803 5294 2911 5348 ὅλον
2940 5289 3313 5353 κόσμονΝρτε.
3344 5290 3459 5343 Ant.
3488 5287 3634 5340 hunc.

2266 5318 2301 5326 ”“
2344 5318 2415 5349 nx
2449 5318 2660 5353 υηνυυ.
2689 5318 2775 5349 τον
2803 5318 2911 5348 οΛον
2940 5318 3033 5350 κοσ
3076 5318 3144 5347 ον.
3170 5318 3313 5344 VIIIa.
3344 5318 3459 5343 nul.
3488 5318 3634 5340 nunc.

2265 5368 2290 5393 "
2321 5366 2486 5419 Morte
2531 5377 2707 5419 contra
2761 5382 3006 5420 eruamus.
3035 5318 3202 5419 Catio.
3228 5371 3281 5416 et
3320 5358 3549 5416 Gallaud.
3570 5360 3736 5412 minus

2194 5448 2371 5492 tamen
2404 5447 2566 5501 recte,
2597 5453 2720 5491 cum
2755 5453 2947 5491 sensus
2977 5445 3196 5504 perstet.

2269 5511 2294 5537 °
2326 5509 2506 5564 Editio
2527 5508 2733 5562 Tiliana
2761 5523 2865 5563 non
2900 5501 3058 5562 habet
3091 5508 3223 5561 hanc
3252 5504 3547 5566 lectionem,
3578 5501 3731 5552 ἔτικτ’

2186 5582 2260 5633 ire
2286 5599 2347 5634 ne
2388 5599 2477 5653 per
2505 5597 2646 5646 eam,
2688 5589 2751 5653 ut
2795 5578 3025 5633 affirmat
3053 5577 3393 5653 Gnilﬂﬂtlilﬂj
3444 5573 3533 5653 sed
3580 5574 3630 5625 in
3673 5586 3729 5623 ea

2183 5644 2467 5722 persiiicue
2496 5644 2707 5717 legitur,
2737 5652 2943 5704 interire
2993 5668 3053 5705 ne
3098 5665 3313 5721 peream.
3340 5644 3729 5722 Lugdunenses

2184 5717 2310 5777 vero
2337 5736 2390 5777 ct
2415 5725 2648 5791 pessime
2678 5733 2733 5777 et
2771 5722 2972 5791 absque
3019 5717 3125 5777 ulla
3152 5734 3307 5776 causa
3339 5720 3405 5771 ita
3426 5717 3724 5771 ediderunt:

2178 5796 2385 5847 interire
2416 5813 2477 5848 ne
2504 5796 2713 5863 possim.

2254 5868 2279 5907 ν
2308 5855 2547 5921 Similem
2582 5865 2904 5920 sententiain
2940 5865 3098 5921 habet
3133 5863 3425 5933 Cyprianus
3450 5860 3502 5915 in
3526 5860 3674 5933 epist.
3700 5855 3727 5905 Β

2176 5939 2307 5992 edit.
2344 5940 2645 5992 Biturianm
2667 5936 2730 5990 ad
2766 5936 3019 6005 Martyrc:
3063 5946 3116 5989 rt
3167 5929 3545 5991 Cottfessorcs:
3572 5929 3723 5983 (ῖνιεῖέῐ
