3854 6390
200 408 323 466 illi?

1098 408 1509 467 MORIENDUM
1549 407 1719 465 ESSE
1761 406 1897 464 PRO
1937 408 2048 464 DEI
2089 408 2271 466 FILIO
2308 407 2537 466 LIBER.

3330 411 3470 471 1018

194 530 524 587 retardamur
563 529 797 600 denique
848 528 916 583 ab
970 529 1085 585 acie
1147 538 1540 585 tormentorum
1596 538 1764 594 metu,
1794 526 2315 604 Acircumscriptor
2343 526 2719 582 innocentium
2754 527 2808 582 in
2834 538 2922 583 tua
2943 536 3126 584 mente
3143 530 3329 585 sedem
3363 531 3467 587 sibi

193 625 277 681 sed
308 625 435 693 ipsis
454 626 625 696 magis
648 625 753 678 tuis
772 623 1057 678 tormentis
1086 622 1153 676 ad
1179 623 1349 677 aciem
1375 635 1761 693 provocamur.

194 716 308 771 llzec
336 715 407 769 ita
434 730 556 771 esse
576 731 773 785 negare
797 732 903 769 non
941 716 1165 786 poteris,
1211 714 1431 785 quando
1460 714 1766 783 conspicias

194 817 215 845 ι
244 807 357 879 pari
404 820 458 863 et
507 808 669 863 simili
718 809 896 864 calore
925 810 1138 863 vittatis
1164 808 1503 863 Christianos
1543 817 1659 861 toto
1712 808 1764 861 in

190 902 317 959 orbe
337 902 404 957 ad
459 904 758 974 gerendum
803 913 1075 959 certamen
1111 905 1395 966 animatos,
1446 901 1664 972 quando
1688 901 1767 955 vi-

188 994 330 1058 deas,
359 996 582 1050 militent
609 994 834 1063 Christi,
867 1000 1232 1066 incorruptam
1280 997 1401 1051 ﬁdei
1451 996 1763 1049 firmitatem

186 1086 321 1160 quod
350 1103 455 1143 non
486 1088 823 1146 detestanda:
852 1102 955 1146 tua:
986 1091 1259 1145 blanditia:
1309 1090 1607 1161 decipiant,
1657 1105 1763 1143 non

188 1182 341 1235 mina:
374 1180 573 1236 furoris
605 1185 679 1237 tui
705 1195 965 1247 terreant,
997 1199 1103 1238 non
1132 1186 1401 1239 cruciatus
1425 1194 1529 1237 tua:
1549 1183 1766 1239 carniﬁ-

184 1272 313 1328 cinz
335 1287 398 1326 ac
419 1282 687 1329 tormenta
710 1276 1045 1331 crudelitatis
1063 1277 1373 1340 deviucant,
1397 1276 1487 1331 illo
1510 1276 1765 1331 videlicet

188 1366 236 1418 in
277 1365 435 1419 nobis
467 1377 740 1433 manente,
790 1379 844 1423 et
875 1369 1152 1423 nobiscum
1178 1384 1397 1438 semper
1443 1369 1757 1435 constituto,

179 1454 349 1525 quiad
381 1457 569 1513 beatos
592 1460 869 1530 apostolos
886 1460 1083 1515 dixerit
1116 1480 1126 1512 :
1168 1461 1437 1515 Vobiscum
1459 1479 1571 1515 sunt
1599 1462 1764 1515 omni-

181 1546 268 1601 bus
296 1549 475 1603 diebus
505 1568 663 1621 usque
687 1554 755 1606 ad
784 1556 1271 1607 consummationem
1302 1557 1478 1609 saeculi
1522 1555 1542 1627 (
1569 1554 1759 1608 Matth.

180 1657 360 1708 uvttt,
384 1645 503 1715 20).
536 1645 629 1699 Est
678 1647 877 1716 ubique
904 1660 1167 1715 prmseus,
1197 1649 1321 1718 quia
1354 1648 1703 1718 omnipotens
1734 1646 1759 1684 δ

175 1737 283 1803 sit,
340 1736 508 1793 Filius
558 1749 727 1794 totum
787 1752 1012 1809 potens,
1046 1743 1131 1795 cui
1173 1757 1293 1795 cum
1345 1742 1504 1797 Patre
1548 1756 1651 1794 una
1690 1741 1762 1795 sit

171 1830 447 1883 aeternitas
475 1840 635 1900 atque
662 1842 903 1901 potestas
924 1834 1126 1887 divina.
1163 1832 1267 1888 Sed
1321 1842 1371 1886 te
1398 1842 1598 1902 quanta
1631 1832 1760 1886 cali-

1868 620 2187 686 collocasse,
2208 620 2563 675 etarbitraris
2576 636 2683 675 non
2705 630 2757 675 te
2780 620 2960 675 adhuc
2974 622 3347 692 publicatum?
3372 623 3472 679 ad-

1870 709 1974 766 buc
1991 713 2045 765 in
2066 725 2242 772 ovem,
2267 726 2389 766 cum
2410 711 2488 767 sis
2506 711 2690 781 lupus,
2714 710 3058 783 perfrigescis
3076 723 3158 777 tu,
3179 716 3316 783 quia
3336 729 3468 769 san-

1868 803 2130 857 ctissimis
2161 803 2442 873 prophetis
2474 804 2655 859 bestia
2689 802 3015 871 nominaris,
3056 820 3087 859 a
3132 803 3467 863 beatissimis

1866 900 2127 968 apostolis
2144 900 2297 954 canis
2328 913 2390 952 ac
2423 898 2586 968 lupus
2623 914 2815 967 rapax,
2845 899 3195 963 subornatus,
3229 915 3350 955 cum
3384 902 3463 956 sis

1865 991 2147 1060 operarius
2199 990 2518 1060 iniquitatis,
2571 999 2852 1061 tamquam
2902 992 3150 1047 minister
3189 992 3458 1063 justiti:e:

1865 1092 1921 1138 et
1946 1093 1997 1137 te
2024 1098 2145 1138 esse
2182 1083 2457 1137 hominem
2500 1096 2719 1149 censes,
2741 1099 2866 1137 cunt
2896 1084 3031 1138 nihil
3085 1085 3323 1139 hominis
3368 1084 3472 1139 nisi

1865 1176 2195 1232 lineamenta
2222 1190 2290 1231 ac
2317 1190 2585 1230 summam
2616 1174 2844 1244 ﬁguram
2875 1176 3067 1247 geras?
3096 1175 3262 1230 Doles
3284 1185 3336 1231 te
3364 1176 3463 1229 im-

1866 1284 2081 1325 manem
2125 1269 2354 1325 bestiam
2399 1269 2526 1334 dici,
2580 1268 2715 1323 nihil
2762 1278 2814 1323 te
2864 1268 3105 1324 hominis
3152 1269 3259 1323 nisi
3292 1268 3465 1323 linea-

1866 1375 2044 1420 menta
2075 1381 2137 1419 ac
2168 1382 2435 1422 summam
2464 1382 2658 1437 gerere
2684 1366 2937 1437 ﬁguram.
2986 1369 3099 1433 Dic,
3132 1382 3341 1437 quaeso,
3390 1384 3461 1423 an

1865 1461 2063 1528 possis,
2121 1460 2491 1515 innocentium
2522 1461 2906 1530 interemptor,
2939 1461 3145 1515 merito
3172 1458 3281 1513 dici
3310 1456 3467 1514 Citri-

1866 1552 2099 1619 stianus,
2123 1562 2179 1607 et
2227 1570 2332 1607 non
2381 1554 2567 1624 potius
2624 1556 2868 1619 insanus,
2905 1553 3100 1620 hebes,
3138 1568 3467 1624 vecorsque,

1866 1643 2035 1698 hostis
2062 1647 2265 1716 quippe
2293 1646 2384 1701 Dei
2419 1646 2719 1717 religionis,
2756 1648 2809 1701 in
2841 1662 2946 1717 qua
2976 1646 3172 1718 pietas,
3202 1646 3461 1701 humaui-

1864 1745 1970 1803 tas,
1999 1742 2285 1811 omnisque
2308 1740 2519 1811 justitia
2552 1750 2827 1806 versatur,
2880 1741 2944 1794 in
2972 1754 3080 1811 qua
3104 1756 3207 1796 nec
3253 1741 3463 1795 malum

1864 1844 1963 1898 pro
2017 1832 2163 1885 malo
2218 1832 2449 1887 discitur
2495 1832 2755 1899 reddere,
2790 1834 2842 1886 in
2893 1847 2999 1901 qtta
3034 1846 3140 1887 non
3183 1831 3460 1900 occidere,

170 1936 237 1990 go
284 1922 562 1977 obsederit
617 1923 1007 1978 incredulitatis
1031 1966 1045 1990 ,
1123 1932 1429 1994 quantaque
1504 1924 1754 1978 tenebras
1786 1930 1832 1989 Β
1858 1924 1951 1978 sed
1982 1924 2155 1978 occidi
2189 1935 2410 1995 propter
2439 1926 2533 1981 Dei
2560 1925 2759 1981 Filium
2790 1924 3092 1982 docemur?
3130 1924 3210 1979 'l‘u
3234 1925 3464 1980 sacrile-

169 2033 285 2073 rum
315 2030 370 2074 et
395 2035 645 2074 errorum
679 2021 847 2075 nubes
894 2031 1040 2075 tuum
1076 2034 1264 2089 pectus
1296 2021 1599 2086 obduxerit,
1653 2020 1759 2075 dici

168 2128 274 2166 non
307 2120 509 2181 potest,
534 2112 627 2183 qui
655 2128 776 2167 cunt
805 2125 854 2168 te
882 2112 1465 2185 Cbristianumﬁngas,
1500 2114 1759 2169 Christia-

165 2220 292 2259 num
320 2213 499 2261 tamen
528 2221 723 2261 nomen
748 2222 776 2260 e
800 2207 979 2260 medio
1002 2208 1215 2261 auferre
1239 2210 1445 2261 nitaris.
1472 2207 1618 2261 Inter
1641 2206 1759 2260 hate

170 2298 395 2354 daturos
448 2300 691 2369 legentes
736 2302 945 2353 veniam
998 2301 1309 2367 Conspicere
1356 2300 1561 2361 debes,
1614 2297 1756 2365 quod

170 2406 268 2462 pro
295 2392 490 2447 merito
515 2393 805 2461 impietatis
836 2401 941 2446 tuae
966 2392 1212 2445 facundia
1244 2392 1533 2445 inediocris
1556 2390 1755 2459 ingenii

168 2487 271 2539 mei
306 2487 370 2538 ad
398 2486 786 2540 exsecrandum
816 2496 865 2539 te
893 2485 1202 2538 describere
1232 2502 1336 2537 nott
1365 2485 1623 2545 valuerit;
1657 2482 1751 2535 de-

160 2578 309 2632 disse
331 2594 417 2632 me
449 2579 651 2632 etenim
680 2578 934 2631 videbant
985 2578 1210 2631 formant
1267 2576 1532 2631 universis
1588 2576 1751 2629 Deum

159 2670 497 2734 timentibus,
521 2670 929 2738 praebuisseque
947 2671 1223 2723 materiam
1246 2668 1577 2731 tractaturis,
1603 2684 1710 2737 quo
1730 2679 1748 2701 '

154 2770 209 2818 te
256 2763 451 2818 ordine
486 2773 709 2834 possent
736 2764 861 2817 “sine
904 2765 1023 2816 vita:
1055 2774 1223 2817 oztern
1246 2784 1272 2813 ιτ
1302 2762 1573 2815 radicibus
1606 2763 1749 2830 posi-

157 2864 270 2909 tum
306 2871 519 2911 secare.
555 2854 664 2910 Nec
715 2866 764 2909 te
793 2856 1068 2910 maledicis
1099 2857 1321 2909 vocibus
1352 2856 1501 2909 dicas
1539 2871 1566 2907 a
1597 2856 1753 2909 nobis

158 2948 460 3019 objurgari,
494 2950 537 3003 si
568 2966 686 3017 qua:
718 2949 910 3018 dignus
936 2964 994 3002 es
1021 2948 1044 2984 ι¹
1075 2965 1102 3001 a
1137 2951 1382 3014 rustitis,
1415 2949 1539 3002 licet
1572 2958 1749 3003 tamen

158 3040 508 3105 Christianis,
540 3042 716 3096 audis.
753 3042 1007 3095 Novimns
1039 3059 1141 3095 non
1169 3041 1623 3105 maledicendum,
1654 3042 1747 3094 sed

157 3135 334 3202 magis
388 3144 605 3204 propter
661 3136 909 3190 inimicos
965 3136 1300 3204 rogandum:
1337 3135 1503 3189 Filius
1548 3135 1745 3190 etenim

150 3226 273 3291 Dei,
310 3244 489 3283 rerum
521 3244 641 3282 cum
666 3231 733 3282 sit
765 3229 1047 3292 Dominus,
1099 3240 1276 3283 tamen
1305 3244 1423 3282 cum
1457 3229 1745 3283 maledice~

1865 2032 1930 2087 go
1961 2026 2158 2071 conatu
2212 2028 2325 2081 tuo,
2368 2028 2743 2086 eontemptam
2781 2033 2975 2071 vanam
3028 2017 3469 2073 dominationem

1865 2117 2005 2161 tuam
2031 2108 2409 2174 considerans,
2433 2118 2703 2163 tormenta
2746 2108 3039 2174 admoves;
3072 2108 3168 2163 sed
3201 2117 3286 2163 est
3332 2122 3459 2178 pro-

1864 2209 2037 2254 tector
2062 2210 2085 2237 ε
2114 2201 2262 2266 ﬁdei,
2290 2201 2628 2271 gubernator
2657 2200 2875 2267 salutis,
2920 2210 3103 2255 rector
3131 2201 3461 2265 animarum,

1860 2308 2019 2363 quem
2052 2309 2149 2347 nos
2182 2294 2420 2363 impellis
2470 2310 2671 2365 negare
2724 2310 2973 2365 semper,
3003 2295 3289 2350 nobiscum
3314 2309 3458 2350 sem-

1865 2404 1959 2457 per
1996 2387 2149 2443 adest
2177 2390 2460 2442 certamini
2507 2399 2719 2451 nustro,
2752 2390 2879 2459 quia
2911 2389 3250 2459 prteliatores
3292 2398 3460 2459 atque

1859 2493 2162 2536 assertores
2188 2483 2354 2536 divini
2388 2483 2469 2536 sui
2518 2482 2758 2537 nominis
2788 2482 2983 2552 erigat.
3014 2481 3155 2536 llinc
3196 2492 3281 2536 est
3311 2482 3456 2552 quod

1857 2576 2219 2629 servientibus
2256 2573 2272 2610 ί
2308 2575 2595 2644 iujustitize
2643 2584 2747 2628 tua:
2795 2589 2858 2627 ac
2886 2574 3172 2639 ministris,
3223 2572 3323 2627 hoc
3372 2582 3459 2628 est

1856 2667 2303 2721 concarniﬁcibus
2358 2668 2463 2721 tuis
2519 2666 2921 2736 torquentibus,
2982 2676 3194 2721 stemus
3247 2663 3443 2719 fortio-

1858 2773 1966 2821 res,
1999 2759 2356 2812 inanimamur
2396 2769 2451 2813 ut
2475 2770 2622 2812 tuam
2647 2758 2908 2828 ungulam
2938 2770 3093 2812 artus
3126 2758 3294 2812 nostri
3325 2759 3451 2827 pulo

1855 2852 1958 2907 sati
1982 2868 2043 2905 ac
2072 2854 2256 2906 laniati
2304 2862 2586 2920 superent.
2615 2853 2903 2919 Quomodo
2952 2853 3153 2908 etenim
3187 2854 3454 2923 inexpug-

1856 2952 2093 3006 nabilem
2126 2951 2283 3006 ﬁdem
2315 2966 2579 3021 superare
2626 2952 2829 3019 poterit
2880 2952 3117 3005 saeviens
3162 2950 3253 3004 diu
3298 2950 3453 3020 plaga

1855 3045 2108 3114 repetita,
2142 3058 2263 3098 cum
2294 3044 2473 3097 omnis
2507 3044 2665 3097 miles
2695 3042 2898 3095 Christi
2946 3043 3086 3097 sciat
3116 3044 3315 3110 ipsunt,
3351 3056 3450 3107 pro

1852 3154 1959 3210 quo
1986 3140 2209 3208 patitur,
2238 3152 2422 3192 secum
2455 3152 2580 3191 esse
2628 3144 2979 3205 przesentem,
3010 3134 3455 3204 gaudentemque

1851 3232 1920 3287 de
1975 3246 2198 3286 suorum
2256 3231 2540 3285 tolerantia
2584 3230 2908 3284 servorum?
2950 3230 3170 3284 Stamus
3201 3240 3224 3275 ε
3255 3229 3445 3296 utique

149 3332 327 3384 retur,
359 3338 464 3376 non
498 3322 933 3376 remaledieehat.
961 3324 1248 3387 Catternm,
1280 3325 1322 3376 si
1353 3340 1533 3376 rerum
1572 3322 1739 3376 male~
1766 3314 1811 3376 C
1843 3322 2027 3378 famuli
2058 3324 2263 3378 Christi
2310 3324 2430 3392 ejus
2482 3323 2775 3393 majestate
2807 3321 3027 3386 ﬁrmati,
3061 3336 3209 3375 voce
3254 3321 3447 3386 libera,

146 3414 361 3467 diceret
416 3414 674 3467 Dominus
711 3456 723 3477 ,
778 3425 938 3469 tanta:
992 3417 1175 3485 utique
1218 3416 1520 3485 majestatis
1574 3418 1742 3483 impe-

148 3513 202 3558 ttt
252 3507 504 3559 universa
536 3506 900 3561 conciderent.
956 3508 1100 3560 Dicis
1126 3508 1311 3577 utique
1352 3507 1416 3561 ad
1447 3507 1562 3561 haec
1591 3526 1603 3562 :
1636 3506 1743 3562 Do-

146 3599 325 3653 minus
356 3609 403 3651 te
430 3600 604 3653 mitem
635 3617 741 3653 esse
770 3602 927 3653 roluit
959 3604 1144 3670 quippe
1172 3603 1451 3654 antistitem
1480 3619 1660 3666 suum,
1695 3615 1742 3655 et

144 3702 201 3743 tu
233 3700 285 3744 te
318 3692 629 3759 pervicacem
658 3708 736 3745 me
759 3693 896 3744 circa
928 3695 1137 3759 prwbes.
1173 3692 1457 3759 Propheta:
1478 3733 1491 3752 ,
1524 3702 1740 3760 aposto-

144 3782 205 3847 li,
241 3794 303 3837 et
328 3784 527 3838 chorus
552 3784 954 3852 evangeliorum
998 3800 1101 3837 noo
1135 3783 1489 3839 occidendum
1517 3784 1732 3847 docent,

142 3882 198 3927 tu
232 3883 422 3929 contra
465 3873 575 3929 Deo
604 3876 837 3945 dignaris
875 3876 1181 3929 interficere
1214 3875 1442 3929 dicatos.
1472 3874 1735 3929 Christia-

139 3966 197 4021 ni
231 3966 304 4022 ad
331 3967 649 4037 placandum
699 3984 856 4038 quem
890 3969 1119 4021 colimus
1150 3969 1231 4023 his
1261 3969 1424 4022 rebus
1455 3985 1587 4039 opus
1617 3985 1737 4023 esse

135 4063 422 4127 novimus,
448 4061 643 4130 quibus
686 4062 833 4115 illum
868 4062 1126 4115 delectari
1158 4078 1218 4114 ac
1244 4062 1478 4130 gaudere
1508 4062 1733 4117 scimus.

131 4154 191 4208 Si
230 4154 403 4223 igitur
428 4154 638 4221 placere
659 4154 995 4208 censendum
1044 4164 1126 4207 est
1161 4169 1316 4222 posse
1350 4152 1461 4207 Deo
1485 4154 1624 4221 quod
1658 4153 1737 4207 fa-

130 4243 238 4309 cis,
266 4258 461 4299 omnes
508 4258 606 4298 nos
652 4255 864 4311 oportet
899 4245 1196 4299 homicidas
1242 4261 1386 4307 eSse,
1434 4245 1733 4315 sacrilegos

129 4352 197 4393 ac
229 4337 609 4407 blasphemos.
638 4338 683 4393 0
708 4337 1017 4406 Constanti,
1052 4357 1211 4409 quam
1267 4340 1499 4407 ingentis
1530 4341 1605 4394 sis
1638 4341 1733 4395 de-

128 4430 388 4496 mentiat,
417 4429 618 4486 videris
650 4449 660 4483 :
695 4434 1028 4500 conSpicitur
1059 4442 1333 4485 veterator
1368 4432 1455 4485 ille
1486 4432 1729 4495 subtilis,

124 4560 336 4614 pugna,
362 4544 517 4597 crevit
544 4552 592 4597 et
628 4542 961 4615 pugnantium
990 4544 1298 4614 gloria;nec
1327 4543 1569 4595 retardati
1603 4544 1724 4595 estis
1756 4546 1804 4605 ο

121 4614 189 4667 ab
221 4615 343 4668 acie
398 4614 763 4668 tormentorum
821 4626 983 4675 metu,
1019 4615 1107 4666 sed
1147 4615 1271 4680 ipsis
1314 4615 1574 4667 (amentis
1616 4631 1725 4665 ma-

165 4685 207 4739 is
230 4701 300 4739 ac
332 4688 495 4755 magis
525 4687 641 4739 estis
670 4688 738 4739 ad
789 4686 947 4737 aciem
1000 4687 1276 4751 provocati.
1309 4683 1364 4737 lu
1394 4694 1537 4737 textu
1570 4682 1726 4737 Luci-

143 4756 230 4809 'eri
275 4771 381 4825 pro
407 4772 471 4809 ne
491 4759 817 4809 retardomur
860 4756 1126 4811 edidimus
1180 4770 1244 4809 ex
1292 4756 1483 4809 Ltttittii
1512 4770 1727 4809 correc-

122 4827 315 4889 tione,
357 4843 446 4879 ηερ
486 4827 831 4879 retardantur.

199 4908 225 4933 ἰ
261 4896 500 4951 Rursum
553 4898 853 4968 Cyprianus
900 4896 1089 4951 eodem
1146 4897 1196 4949 in
1250 4898 1405 4950 loco:
1436 4895 1555 4949 lam
1586 4913 1727 4949 com-

119 4970 343 5039 peri....
370 4970 859 5038 universos...,pari
904 4985 965 5020 ac
1008 4969 1163 5021 simili
1203 4970 1375 5021 calore
1422 4971 1619 5021 virtutis
1660 4968 1727 5039 ad

117 5038 421 5108 gerendum
466 5051 721 5093 certamen
764 5041 1110 5091 animatos....
1139 5048 1189 5092 ut
1227 5040 1575 5109 incorruptam
1606 5038 1727 5105 ﬁdei

115 5111 432 5179 ﬁrmitatem
463 5128 563 5163 non
590 5110 854 5163 blanditiis
884 5109 1161 5175 decipiant,
1182 5128 1284 5162 non
1312 5112 1463 5163 mina
1484 5121 1726 5172 terreant,

116 5198 230 5235 non
264 5182 530 5234 cruciatus
574 5199 635 5235 ac
674 5191 921 5234 tormenta
951 5182 1216 5232 detineant
1248 5197 1264 5233 :
1286 5182 1406 5252 quia
1434 5184 1603 5252 major
1628 5192 1725 5243 est,

111 5255 211 5322 qui
244 5256 305 5323 in
339 5254 483 5305 nobis
508 5264 602 5314 est,
627 5270 780 5323 quam
806 5253 891 5321 qui
913 5261 985 5303 est
1008 5252 1059 5303 in
1078 5252 1173 5304 hoc
1194 5250 1405 5303 mundo.

192 5323 223 5361 δ
264 5322 671 5390 Omnipotentis.
699 5324 868 5377 Valte.

196 5407 219 5431 ε
261 5396 397 5449 "me
422 5396 489 5447 de
523 5394 663 5446 libro
692 5392 1033 5461 intelligenda
1064 5393 1334 5459 videntur,
1365 5408 1524 5464 quem
1556 5396 1729 5464 scrip-

112 5467 191 5520 sit
222 5467 300 5520 ad
331 5465 707 5519 Constantium
755 5466 820 5517 de
849 5481 949 5518 non
973 5464 1229 5532 parcendo
1257 5467 1310 5517 in
1355 5462 1521 5518 Deum
1558 5462 1727 5519 deliu-

108 5538 428 5605 quentibus.

186 5605 217 5643 τί
264 5607 469 5676 Dignus
500 5623 553 5661 es
578 5607 779 5671 audire,
802 5624 833 5660 a
851 5608 1076 5672 rusticis,
1097 5617 1200 5661 etc.
1229 5605 1479 5660 Gallattd.

192 5688 219 5714 '
259 5677 399 5748 llelll
424 5677 727 5748 Cyprianus
760 5682 809 5730 in
843 5678 961 5730 loco
995 5680 1159 5745 paulo
1194 5680 1441 5740 snperius
1466 5677 1684 5731 laudato
1715 5697 1726 5731 :

111 5750 311 5817 Quam
341 5746 489 5801 laetus
533 5749 643 5801 illic
671 5748 905 5802 Christus
949 5751 1192 5819 fuit....ct
1235 5750 1347 5801 vicit
1391 5760 1645 5815 protector
1668 5750 1732 5819 [i-

109 5822 317 5874 dei....
348 5820 615 5902 certamini
659 5836 754 5874 suo
782 5819 949 5901 adfuit
972 5837 983 5847 ·
1009 5823 1323 5889 ρτωιὸαιυνεε
1374 5830 1527 5887 atque
1566 5838 1731 5875 asser—

110 5904 265 5947 ιοῑει
288 5905 375 5945 ειη
401 5904 621 5944 nominis
653 5904 810 5945 01⁵0311

1849 3428 2030 3472 mente
2059 3418 2393 3486 incorrupta,
2433 3418 2556 3473 telis
2582 3419 2800 3488 quidem
2826 3419 3103 3486 fragilibus
3136 3418 3260 3483 tuis,
3290 3418 3444 3484 nudi,

1843 3512 1936 3565 sed
1977 3512 2067 3564 illa
2098 3511 2272 3565 induti
2303 3527 2476 3577 arma,
2500 3528 2617 3581 quat
2649 3526 2750 3565 nos
2774 3520 2829 3564 ut
2851 3510 3204 3565 indueremus
3235 3522 3320 3566 est
3348 3512 3445 3565 de-

1842 3611 2091 3672 precatus
2118 3602 2307 3657 beatus
2334 3604 2613 3673 apostolus
2642 3603 2836 3659 dicens
2871 3622 2882 3655 :
2914 3602 2991 3656 De
3016 3614 3204 3657 cetera
3250 3606 3445 3673 conﬁr-

1840 3695 2050 3746 mamini
2079 3692 2107 3729 λ
2136 3695 2189 3748 in
2214 3695 2436 3750 Domino
2465 3705 2511 3748 et
2554 3697 2606 3747 in
2636 3697 2867 3767 potentia
2896 3697 3099 3749 virtu'is
3122 3698 3235 3764 ejus
3266 3695 3429 3766 (Eph.

1843 3802 1916 3853 vt,
1950 3787 2060 3855 10).
2088 3789 2157 3844 Et
2185 3806 2197 3843 :
2233 3786 2442 3841 lnduite
2464 3806 2609 3841 arma
2652 3787 2772 3852 Dei,
2806 3798 2859 3840 ut
2905 3789 3111 3859 possitis
3156 3800 3293 3841 stare
3344 3791 3442 3840 atl-

1840 3895 2012 3933 versus
2036 3881 2263 3935 remedia
2296 3880 2309 3917 ί
2344 3880 2557 3944 diaboli,
2584 3882 2704 3946 quia
2736 3898 2836 3934 non
2877 3894 2948 3935 est
2977 3881 3116 3934 robis
3145 3880 3443 3936 colluctatio

1838 3972 2082 4026 adversus
2112 3990 2319 4027 carnem
2338 3984 2385 4027 et
2412 3976 2734 4043 sanguinem,
2765 3972 2856 4025 sed
2885 3986 3066 4027 contra
3092 3974 3105 4022 ἑ
3149 3984 3441 4041 potestates,

1839 4075 2015 4117 contra
2038 4066 2191 4133 liuius
2222 4066 2405 4119 mundi
2444 4077 2658 4120 rectores
2711 4066 3033 4119 tenebrarum
3077 4068 3285 4130 harum,
3316 4084 3441 4120 con-

1840 4168 1919 4208 tra
1948 4158 2213 4224 spiritalia
2260 4159 2503 4227 nequitia:
2551 4160 2604 4211 in
2646 4156 2954 4212 ccelestibus.
2987 4156 3276 4226 Propterea
3297 4161 3437 4211 acci-

1839 4249 1939 4315 pite
1963 4265 2107 4300 arma
2132 4246 2250 4313 Dei,
2281 4260 2335 4301 ut
2385 4251 2590 4318 possitis
2617 4251 2854 4303 resistere
2900 4252 2953 4303 in
2982 4251 3066 4304 die
3090 4251 3247 4316 malo,
3308 4262 3363 4303 et
3384 4253 3436 4304 in

1839 4340 2070 4394 omnibus
2119 4340 2557 4412 perlectiksture,
2606 4344 2870 4413 prazcincti
2916 4342 3113 4398 lumbos
3150 4355 3341 4398 vestros
3386 4347 3438 4397 iu

1840 4435 2073 4498 ueritate,
2132 4434 2400 4487 iuduentes
2448 4434 2659 4489 loricam
2682 4436 2928 4508 justitite,
2952 4446 3003 4488 et
3054 4434 3260 4489 calciati
3284 4435 3440 4505 pedes

1913 4542 1931 4579 ί
1956 4544 2089 4598 Cum
2105 4544 2511 4607 Callandio,ubi
2528 4546 2733 4599 Titiana
2748 4546 2917 4601 editio
2932 4545 3165 4599 habebat
3188 4548 3433 4609 serviens,

1830 4614 2141 4687 Latiniuset
2158 4615 2547 4681 Lugdunenses
2565 4618 2854 4670 servientes.
2874 4616 3179 4687 Cyprianus
3197 4616 3249 4670 in
3270 4620 3432 4686 epist.

1828 4685 2036 4760 laudata
2048 4686 2332 4760 :Steterunt
2347 4689 2465 4740 torti
2486 4690 2833 4755 torquentibus
2845 4685 3160 4756 [o:“tiores,et
3173 4685 3436 4760 pulsantes

1826 4755 2150 4809 aclaniantes
2175 4759 2394 4827 ungulas
2410 4762 2612 4825 pulsata
2634 4777 2695 4812 ac
2708 4760 2903 4811 laniata
2923 4763 3151 4812 membra
3174 4755 3431 4813 'oicerttnt.

1900 4835 1936 4898 8A
1957 4827 2261 4896 Cyprianus
2313 4830 2514 4885 ibidem
2550 4847 2563 4882 :
2600 4829 2743 4883 Vidit
2796 4831 3063 4882 admirans
3095 4832 3431 4898 prtesentiuut

1830 4896 2446 4953 multitudo....stetisse
2497 4917 2666 4953 servos
2726 4899 2977 4967 (Christi)
3037 4896 3155 4953 race
3223 4901 3430 4967 libera,

1832 4979 1996 5021 mente
2025 4970 2343 5036 incorrupta,
2383 4971 2574 5022 virtute
2601 4972 2797 5031 divina,
2834 4970 2947 5024 telis
2974 4970 3184 5039 quidem
3212 4973 3432 5025 ειη-κιαι

1828 5039 1972 5109 ribus
1996 5043 2179 5100 nudos,
2205 5041 2293 5092 sed
2320 5044 2481 5093 armis
2508 5041 2631 5109 ﬁdei
2660 5043 2922 5095 credentes
2951 5054 3203 5096 armatos.

1901 5106 1927 5145 ιι
1953 5109 2351 5182 Confortamini,
2385 5125 2438 5165 et
2486 5106 2542 5164 in
2574 5115 2870 5182 potentiam.
2903 5111 3060 5167 Vers.
3110 5113 3238 5168 Ant.
3292 5112 3428 5167 Con-

1834 5183 2123 5250 fortamini,
2162 5183 2301 5236 idettt
2330 5181 2549 5236 Lucifer
2592 5184 2749 5239 infra.

1908 5250 2212 5324 ilitsidias.
2274 5254 2404 5305 Earl.
2456 5252 2593 5309 Vide
2651 5263 2831 5309 notata
2887 5256 2938 5307 in
2986 5255 3080 5309 lib.
3136 5253 3173 5307 2
3214 5270 3311 5324 pro
3369 5256 3428 5310 S.

1830 5322 2029 5377 Athan.
2056 5336 2107 5378 et
2141 5325 2299 5391 patilo
2331 5325 2489 5378 inira.

1905 5398 1919 5443 t
1948 5394 2134 5448 Nullus
2154 5396 2362 5455 dubito,
2395 5397 2523 5465 quin
2542 5397 2835 5468 scripserit
2850 5396 3066 5451 Lucifer
3091 5398 3432 5468 contraprin-

1831 5465 1993 5531 cipes,
2015 5476 2190 5519 contra
2210 5476 2502 5530 potestates.
2523 5465 2766 5522 Galla’ntl.
2799 5467 2866 5521 Et
2895 5470 2963 5522 ita
3015 5470 3233 5536 quidem
3282 5465 3423 5538 lngi-

1832 5544 1918 5587 tttr
1966 5538 2017 5590 in
2058 5538 2246 5591 Graeco
2280 5555 2291 5589 :
2321 5539 2413 5591 sed
2468 5549 2659 5591 auctor
2706 5551 2891 5594 uoster
2951 5540 3118 5608 probe
3171 5540 3427 5595 convenit

1832 5620 1953 5680 cum
1974 5607 2123 5662 Vere.
2142 5611 2264 5660 Aut.
2282 5608 2420 5674 apud
2445 5608 2657 5674 Sabat.;
2675 5611 2804 5665 nihil
2826 5607 3109 5680 propterea
3131 5611 3425 5665 immutan-

1831 5677 1958 5730 dum
1986 5690 2073 5733 est
2102 5694 2197 5747 pro
2225 5680 2469 5733 arbitrio.

1902 5747 1925 5785 ἰ
1960 5749 2025 5802 In
2047 5750 2276 5803 omnibus
2315 5752 2483 5818 operis
2517 5754 2677 5805 stetis.
2724 5752 2875 5806 Vers.
2910 5750 3039 5806 Ant.
3087 5751 3302 5807 Lucifer
3350 5752 3419 5808 ad

1830 5818 2004 5874 Crteci
2037 5829 2212 5875 textus
2237 5824 2514 5876 amussim.
2548 5821 2795 5876 Galland.
2831 5823 2937 5879 Sed
2972 5824 3131 5878 aliter
3162 5837 3193 5876 a
3218 5826 3423 5878 versio-

1838 5904 1903 5943 ne
1929 5888 2182 5959 Cypriani
2212 5903 2318 5948 tttnt
2342 5893 2396 5947 in
2419 5892 2512 5947 lib.
2538 5893 2572 5946 3
2601 5893 2901 5949 Testiutou.
2928 5904 3038 5951 tttm
3072 5895 3125 5948 in
3155 5894 3417 5965 epist.58.
