3854 6420
166 417 286 479 ill-tl

1067 413 1483 473 MOBIENDUM
1531 413 1698 469 ESSE
1742 413 1876 471 PRO
1916 413 2028 471 DEI
2067 412 2249 470 FILIO
2287 412 2516 472 LIBER.

3292 411 3435 469 {022

165 535 302 587 illum
334 534 540 588 scilicet
561 533 648 602 qui
679 531 1015 586 confcsmres
1046 548 1171 586 suos
1205 547 1307 586 u0u
1337 531 1556 592 deserit,
1587 530 1743 598 cujus
1772 534 1822 595 Α
1849 531 1973 595 tuis,
1999 529 2194 596 quibus
2221 541 2271 584 te
2293 545 2502 585 morum
2529 529 2802 599 conjunxit
2830 528 3156 584 similitudo:
3182 527 3436 596 relinque

165 642 256 682 nos
284 628 486 681 milites
534 634 910 697 agnoscentes,
959 635 1014 679 ut
1062 624 1317 688 advortis,
1368 621 1746 692 congredimur

163 717 388 781 fortiter,
411 718 732 774 dimicamus
753 726 1082 772 constanter.
1105 716 1318 770 Scimus
1338 715 1479 769 enirn
1500 728 1744 782 magnam

161 826 278 867 esse
303 811 605 865 claritatem
627 854 641 877 ,
675 810 991 865 immensam
1021 809 1440 872 sublimitatem,
1470 823 1532 861 ac
1557 807 1744 877 singu-

161 904 324 960 larem
371 903 734 967 sanctitatem,
780 903 944 958 vitam
977 901 1168 957 salutis
1208 910 1423 956 acterna!
1464 900 1746 956 honestate

162 998 426 1065 passionis
455 1011 655 1051 ornare
681 1037 694 1060 ,
727 999 1020 1051 maximam
1051 1009 1168 1049 esse
1196 995 1526 1049 nobilitatem
1560 1005 1745 1064 putes-

161 1092 282 1144 tatis
311 1103 412 1143 ιιιειι
442 1098 706 1144 tormenta
738 1100 1085 1145 contemnere
1110 1130 1123 1150 .
1159 1104 1258 1143 nec
1287 1088 1510 1142 horrere
1539 1088 1748 1142 calcare

160 1191 234 1243 te.
263 1196 362 1235 nec
385 1190 530 1235 tuam
565 1181 768 1236 rabiem
802 1183 1203 1250 pertimescere,
1237 1181 1323 1250 qui
1350 1179 1402 1233 in
1431 1181 1750 1234 innocentes

162 1283 266 1327 tam
291 1273 478 1329 rabide
501 1275 680 1340 savis,
710 1273 823 1344 qui,
851 1289 972 1328 cum
1005 1274 1079 1326 sis
1110 1272 1483 1343 IslaSplieinite,
1511 1281 1566 1326 et
1591 1273 1749 1339 injus-

158 1368 310 1430 titic,
341 1376 399 1422 et
431 1368 591 1422 totius
622 1367 958 1422 crudelitatis
983 1365 1196 1430 doctor,
1229 1378 1405 1419 tamen
1438 1373 1462 1400 ⁸
1484 1363 1745 1420 Christiao

158 1473 286 1512 Itum
319 1465 371 1512 te
401 1459 566 1528 pium,
602 1459 940 1527 prudentem,
976 1467 1134 1524 atque
1154 1460 1354 1525 justum
1389 1456 1557 1510 videri
1591 1470 1749 1524 posse

155 1564 408 1613 censeas,
424 1565 598 1604 caicus
612 1559 664 1604 et
692 1550 878 1612 hebes.
903 1559 957 1604 et
975 1549 1218 1604 veritatis
1237 1552 1471 1620 ignarus.
1487 1548 1746 1616 Adverte,

157 1655 377 1696 vorator
409 1642 795 1706 innocentium,
829 1643 995 1711 quod,
1034 1644 1086 1695 in
1116 1657 1222 1712 quo
1265 1642 1512 1696 Christus
1539 1642 1745 1710 vigilet,

156 1735 299 1790 vinci
326 1734 432 1789 tuis
464 1734 743 1790 tormentis
773 1751 876 1788 non
906 1735 1110 1804 possit,
1142 1734 1336 1788 famem
1368 1733 1576 1797 vincat,
1601 1736 1746 1788 sitim

153 1840 398 1900 spernat,
427 1830 733 1899 squalorem
756 1831 994 1884 carceris
1015 1838 1069 1883 et
1093 1829 1441 1896 rcceptaculi,
1468 1842 1746 1895 prunarum

1850 623 2003 676 nolns
2031 621 2315 676 stultitiam
2346 632 2605 685 nostram,
2640 638 2762 676 cum
2791 637 2892 676 nos
2916 622 3188 677 Christum
3217 621 3312 675 Dei
3344 618 3434 674 Fi-

1851 715 1976 770 lium
2004 730 2192 768 verum
2220 730 2342 771 esse
2387 714 2582 770 Filium
2612 715 2971 781 confitemur,
3010 729 3135 770 cum
3183 713 3437 768 eumdem

1850 805 2008 859 unius
2053 819 2173 858 esse
2202 805 2518 860 substantia:
2546 820 2667 860 cum
2716 805 2876 860 Patre
2900 803 3265 870 defendimus,
3311 818 3434 859 cum

1850 914 1950 953 nos
1981 911 2198 968 pmpter
2224 914 2381 964 eum,
2413 913 2482 954 ne
2511 900 2628 968 ejus
2659 900 3000 954 divinitatem
3043 913 3327 968 negemus,
3360 898 3444 954 in-

1852 991 2022 1055 lerlici
2051 1007 2248 1060 cupere
2280 990 2601 1060 profitemur
2627 1009 2638 1044 :
2671 992 2920 1060 relinque
2947 991 3100 1046 nobis
3129 989 3439 1060 bujusmodi

1849 1087 2154 1142 stultitiam.
2181 1087 2318 1155 Quid
2342 1097 2396 1140 ut
2417 1086 2556 1140 hanc
2582 1087 2893 1140 amittamus
2914 1084 3010 1140 das
3030 1084 3289 1153 operam?
3310 1082 3439 1154 quid

1851 1180 2268 1249 impugnaudam
2302 1190 2457 1249 putas
2489 1193 2647 1249 posse
2675 1196 2704 1233 a
2745 1189 2796 1233 te
2825 1179 3108 1233 veritatem
3138 1217 3152 1242 ,
3187 1177 3441 1247 ignorans

1849 1272 1994 1342 quod
2027 1274 2075 1324 vi
2126 1287 2221 1326 sua
2274 1271 2491 1326 valeat?
2535 1271 2675 1326 unde
2720 1271 2920 1325 etenim
2953 1279 3142 1324 contra
3193 1268 3443 1324 fremitus

1848 1376 2083 1426 atroces,
2107 1377 2438 1432 aSperosipie
2465 1373 2584 1416 tuos
2605 1363 2879 1417 cruciatus
2901 1361 3100 1415 invicta
3124 1361 3322 1415 virtute
3344 1375 3442 1431 po-

1852 1459 2031 1528 pulum
2063 1458 2153 1510 Dei
2184 1457 2454 1524 conspicis
2481 1455 2866 1511 resistentem?
2896 1454 3002 1508 nisi
3030 1456 3155 1524 quia
3188 1453 3304 1508 barc
3346 1455 3440 1518 sit,

1851 1567 2008 1618 quam
2034 1550 2396 1615 defendimus,
2423 1550 2715 1619 apostolica
2748 1557 2912 1619 atque
2934 1549 3251 1616 evangelica
3277 1548 3431 1603 ﬁdes.

1854 1644 1914 1697 lli
1940 1647 2193 1700 resistunt
2225 1653 2326 1698 tua:
2347 1642 2679 1702 crudelitati.
2711 1643 2765 1696 hi
2797 1653 2942 1696 tuam
2967 1641 3180 1697 calcant
3210 1641 3438 1705 rabiem,

1851 1751 2073 1806 quorum
2101 1753 2224 1806 spes
2249 1747 2470 1792 aeterna:
2498 1736 2915 1790 immortalitatis
2939 1775 2954 1801 ,
2985 1746 3038 1790 et
3069 1737 3174 1790 vita
3201 1735 3441 1792 emleSIis

1851 1841 1956 1895 est,
2006 1846 2342 1900 quorumque
2370 1831 2534 1886 ardor
2564 1831 2616 1884 in
2647 1829 2953 1899 cupidinem
3000 1841 3276 1899 perpetua:
3307 1829 3442 1883 lucis

154 1924 470 1989 horrorem,
505 1923 716 1977 roboris
747 1924 828 1976 sui
858 1924 1040 1992 vigore
1068 1924 1299 1992 subigat,
1333 1937 1548 1977 omnem
1579 1923 1749 1977 calcet
1778 1934 1825 1993 Β
1853 1927 2184 1983 accenditur,
2211 1933 2265 1978 et
2294 1925 2439 1976 salus
2466 1924 2532 1978 de
2559 1926 2818 1993 promisSa
2848 1923 3063 1976 ltetatur
3090 1922 3443 1977 beatitudine.

155 2030 398 2085 penam.
449 2025 672 2070 cunctos
725 2027 973 2070 conterat
1017 2015 1304 2080 cruciatus,
1361 2030 1459 2068 nec
1491 2025 1744 2078 mortem,

151 2125 319 2182 quam
345 2120 398 2163 ttt
432 2126 625 2180 magno
655 2111 772 2164 nisu
794 2111 1058 2164 minitaris
1091 2111 1303 2170 inferre,
1339 2119 1558 2161 metuat.
1580 2108 1749 2178 Supe-

152 2219 282 2258 rarc
338 2213 388 2256 te
431 2203 713 2256 existimas
761 2202 930 2264 illum,
965 2202 1053 2268 qui
1097 2203 1404 2255 meminerit
1449 2202 1747 2270 scriptum:

152 2295 280 2364 (Ps.
316 2312 454 2359 cxv,
488 2294 578 2363 Η)
611 2296 748 2362 Quid
777 2296 1056 2349 retribuam
1105 2296 1326 2348 Domino
1379 2313 1472 2362 pro
1515 2296 1748 2350 omnibus

147 2405 274 2458 qua:
299 2390 538 2444 retribuit
567 2388 591 2426 δ
620 2389 745 2442 mihi
762 2389 787 2441 .’
804 2386 1030 2444 Calicem
1060 2391 1302 2442 salutaris
1324 2389 1574 2457 accipiant
1596 2401 1641 2442 et
1670 2405 1756 2442 rio-

150 2501 272 2538 men
308 2484 519 2538 Domini
556 2485 819 2537 invocabo.
873 2482 1103 2536 Pretiosa
1150 2485 1199 2534 in
1237 2494 1511 2550 conspectu
1543 2480 1752 2535 Domini

152 2594 298 2630 mors
325 2587 619 2630 sanctorum
647 2581 757 2648 ejus
786 2575 948 2646 (Ibid.
967 2575 1078 2646 15).
1116 2578 1177 2629 l'lt
1198 2577 1375 2644 (item.
1434 2591 1528 2630 vni
1549 2617 1563 2642 ,
1613 2576 1708 2646 35)
1735 2594 1750 2632 :

153 2669 292 2734 Quis
321 2686 412 2723 nos
442 2671 746 2737 separabita
771 2673 1021 2724 charitate
1035 2669 1263 2725 Christi?
1295 2671 1636 2725 tribulatioan
1659 2689 1750 2726 an-

148 2763 368 2834 gustia?
391 2779 458 2816 an
488 2765 804 2833 persecutio,
835 2780 900 2816 an
923 2763 1106 2830 fomes,
1151 2780 1216 2816 an
1244 2764 1452 2817 auditas
1473 2805 1487 2828 ,
1521 2781 1587 2816 an
1617 2764 1754 2834 peri-

147 2854 359 2920 culum,
390 2871 458 2908 an
503 2855 748 2926 gladius?
777 2857 907 2909 sicut
953 2857 1202 2924 scriptum
1235 2866 1304 2910 est
1330 2872 1346 2908 :
1377 2856 1511 2919 Quia
1541 2867 1755 2926 promer

146 2955 205 2999 te
233 2955 398 2999 morte
425 2956 446 2985 ο
479 2947 728 3016 οπὶεἰηιιιι-
753 2988 765 3009 ,
800 2957 904 2999 tota
936 2949 1014 3000 tlie
1042 2948 1281 3000 testimati
1329 2965 1506 3001 sumus
1539 2958 1590 3000 ut
1639 2965 1755 3002 oves

146 3037 456 3101 occisionis,
479 3039 566 3090 sed
584 3039 636 3090 in
654 3039 730 3089 his
747 3039 978 3091 omnibus
999 3053 1299 3106 superamus
1319 3049 1524 3109 propter
1537 3056 1648 3092 eum
1668 3041 1756 3109 qui

146 3129 347 3182 dilexit
379 3147 489 3182 nos.
523 3129 660 3194 Quid
692 3146 786 3182 nos
812 3141 956 3182 tuum
987 3132 1155 3196 possit
1176 3131 1242 3183 ab
1265 3130 1347 3185 bis
1373 3131 1586 3185 attfetre
1613 3135 1755 3186 salu-

149 3221 375 3274 taribus
403 3224 703 3289 praeceptis,
740 3237 959 3290 prorsus
987 3222 1170 3274 videre
1202 3238 1306 3274 non
1336 3223 1510 3275 Valeo.
1541 3222 1670 3276 Nam
1704 3233 1754 3276 et

1849 2015 1998 2071 Adeo
2027 2031 2259 2084 namque
2288 2015 2465 2070 scciiri
2505 2015 2570 2068 ad
2613 2025 2872 2068 arteruam
2906 2028 3006 2068 nos
3057 2005 3437 2082 perfructidam

1849 2109 2011 2162 vitam
2038 2118 2386 2177 perventuros
2415 2109 2650 2163 scientes
2691 2109 2869 2162 omnia
2901 2118 3176 2178 gratanter
3206 2107 3443 2177 perpeti-

1852 2217 1991 2266 mur,
2023 2201 2237 2270 quando
2267 2217 2371 2254 non
2397 2209 2665 2255 tormenta
2691 2201 2901 2270 propria
2927 2199 3168 2270 cogitare
3187 2213 3285 2253 nos
3318 2213 3444 2266 pro-

1853 2292 2118 2353 liteamur.
2142 2291 2237 2346 sed
2267 2303 2351 2345 tua
2383 2293 2600 2346 tortoris
2625 2291 2905 2361 supplicia;
2934 2291 3129 2345 damna
3154 2304 3441 2358 corporum

1853 2383 2018 2438 lucris
2044 2383 2237 2436 anima:
2259 2383 2546 2438 Christiani
2573 2398 2943 2452 repensamns.
2967 2397 3225 2436 coronam
3251 2383 3303 2435 in
3325 2381 3444 2435 vul-

1855 2478 2072 2532 neribus
2114 2488 2490 2546 computamus
2515 2518 2529 2541 ,
2560 2478 2627 2531 de
2660 2480 2944 2530 tormentis
2974 2486 3029 2530 et
3064 2475 3345 2531 doloribus
3375 2476 3442 2530 il-

1854 2569 1978 2622 latis
2008 2584 2101 2636 per
2125 2579 2175 2623 te
2199 2569 2458 2623 la-tissimi
2494 2571 2544 2622 in
2569 2569 2781 2624 Christo
2805 2568 3222 2637 triumphamus.
3245 2568 3449 2622 Recor-

1855 2662 1984 2718 dare
2033 2661 2077 2728 l,
2124 2663 2449 2724 Constanti,
2493 2662 2558 2717 de
2606 2663 2874 2716 scelerum
2919 2670 3130 2715 tuorum
3184 2661 3446 2716 memoria

1855 2758 2091 2820 recenti,
2123 2772 2282 2826 quam
2322 2756 2416 2809 tihi
2447 2757 2497 2808 in
2525 2756 2742 2810 civitate
2771 2754 3260 2809 Alexandrinorum
3296 2753 3445 2807 inus—

1856 2853 2008 2917 sisti,
2063 2860 2295 2920 quantus
2325 2858 2348 2896 8
2382 2865 2478 2919 per
2505 2851 2726 2918 abrupta
2759 2864 2862 2901 una
2896 2850 3062 2901 tincta
3099 2845 3123 2882 ιι
3160 2846 3441 2915 subscrip-

1859 2948 2018 3000 tionis
2058 2956 2160 3000 tnze
2186 2945 2465 3015 deiecerit,
2495 2954 2730 3015 quantos
2769 2943 2952 3012 gladio
2990 2943 3188 2997 demeti
3223 2943 3446 3006 fecerit,

1857 3050 2084 3110 quantos
2116 3039 2256 3092 fame
2301 3040 2497 3105 sitique
2543 3039 2722 3101 exedi,
2758 3038 2840 3092 vel
2869 3039 3178 3091 carceribus
3235 3039 3446 3115 necari,

1857 3145 2087 3198 quantos
2130 3136 2428 3201 iltlt‘rCeplo
2477 3130 2714 3185 effecerit
2756 3131 2950 3196 spiritu
2991 3129 3356 3197 strangulari;
3391 3136 3448 3183 et

1861 3238 2037 3279 tamen
2071 3225 2155 3278 bis
2200 3227 2450 3278 omnibus
2495 3223 2914 3277 crndelitatibus
2961 3223 3013 3276 in
3063 3231 3279 3275 sanctos
3309 3236 3449 3274 mar-

148 3313 289 3367 licet
317 3327 414 3367 eos
430 3313 518 3382 qui
539 3325 640 3366 tuze
672 3313 920 3383 pravitati
944 3314 1374 3368 conscntiuntad
1401 3331 1498 3367 nos
1532 3316 1756 3368 illicien-
1786 3311 1829 3372 C
1865 3329 2028 3395 tyres.
2059 3332 2198 3386 quos
2229 3325 2354 3370 tuus
2381 3314 2650 3369 interfecit
2681 3315 3040 3385 gladiatorius
3064 3314 3295 3375 animos,
3324 3328 3448 3366 cum

142 3406 264 3459 dos
296 3405 528 3460 levando
555 3407 698 3459 omni
737 3406 916 3460 officio
959 3420 1050 3460 tuo
1084 3424 1187 3460 non
1217 3407 1434 3462 desinas
1465 3410 1626 3477 impio
1652 3451 1666 3474 ,
1702 3419 1758 3462 ut

145 3498 467 3565 Epictetum
497 3494 521 3532 ἀ
547 3508 602 3552 et
631 3511 881 3564 caeteros,
904 3514 1039 3568 quos
1068 3516 1129 3552 ex
1160 3501 1247 3553 Dei
1279 3505 1448 3555 servis
1487 3512 1606 3555 tuos
1636 3517 1757 3557 esse

141 3605 222 3644 ac
256 3591 427 3659 patris
457 3600 478 3626 ε
522 3592 597 3644 ttii
627 3591 884 3645 satellites
926 3591 1117 3653 iecisti,
1157 3606 1334 3647 tamen
1363 3597 1502 3648 absit
1529 3612 1556 3648 a
1604 3597 1759 3651 nobis

143 3685 282 3736 lizuc
311 3682 570 3746 amentia,
607 3695 662 3736 nt
691 3684 882 3738 falsum
917 3700 1045 3739 vero
1076 3698 1467 3754 anteponamus
1490 3728 1504 3751 ,
1537 3702 1628 3742 aut
1660 3690 1757 3743 ali-

137 3791 267 3846 qua
303 3790 403 3828 nos
434 3776 610 3830 oblata
639 3791 733 3844 per
763 3787 812 3830 te
841 3775 1073 3831 felicitas
1104 3777 1292 3831 illiciat
1321 3781 1469 3847 regni
1499 3782 1571 3833 tui
1600 3801 1609 3832 :
1643 3783 1754 3834 ina-

138 3881 288 3920 nem
319 3868 545 3934 gloriam
595 3867 805 3920 tibimet
831 3882 1006 3932 Servo,
1049 3884 1373 3937 omnemque
1419 3872 1752 3927 stolidi~simi

132 3957 350 4011 Cordis
382 3959 453 4010 tui
487 3958 823 4026 prudentiam
869 3959 1076 4013 tibimet
1104 3961 1280 4014 retine
1310 3974 1362 4014 et
1411 3965 1755 4032 comparibus

227 4103 260 4130 ει
289 4092 504 4147 Rursus
529 4092 764 4147 llilarius
783 4093 981 4148 ibidem
1001 4094 1249 4150 Lucifero
1266 4099 1566 4152 consentit:
1590 4098 1760 4156 Chris-

128 4181 274 4220 Inm
308 4165 580 4230 conﬁtetur
610 4165 959 4218 Constantius
979 4209 992 4229 ,
1029 4179 1080 4217 ut
1111 4181 1323 4234 neget...
1372 4169 1585 4223 [itereses
1615 4189 1753 4223 com-

129 4237 368 4307 primit,
409 4251 473 4307 ne
512 4235 792 4307 Christiani
832 4241 1024 4289 sint...
1080 4242 1366 4292 sacerdotes
1419 4242 1653 4304 Itonorttt,
1697 4261 1757 4297 ne

127 4305 419 4373 Episcopi
459 4307 582 4362 sint.
611 4306 699 4369 Te,
728 4305 947 4371 Christe,
970 4311 1023 4361 in
1057 4312 1238 4375 verbis,
1269 4324 1313 4364 te
1335 4315 1386 4364 in
1421 4329 1504 4364 ore
1538 4315 1757 4366 circnm-

120 4385 285 4450 [ει-ι,
303 4388 348 4430 et
375 4377 546 4429 omnia
567 4379 776 4430 omnino
795 4380 924 4448 agit,
942 4396 1003 4432 ne
1027 4393 1077 4433 tn
1105 4379 1237 4434 Deus
1266 4383 1359 4444 ita,
1376 4393 1427 4434 nt
1457 4384 1628 4450 Pater,
1650 4401 1755 4440 esse

121 4449 421 4503 rredaris.

218 4521 254 4559 δ
309 4519 596 4576 Retribuet.
627 4518 780 4574 Vers.
814 4519 940 4574 Ant.

1862 3413 2102 3465 smvieris
2149 3413 2198 3464 iu
2243 3425 2362 3475 nos,
2417 3412 2688 3463 ciudclius
2721 3411 2877 3461 sa-vis
2922 3411 3046 3462 dum
3083 3410 3284 3463 retines
3331 3408 3446 3478 gla-

1861 3506 2030 3566 dium,
2075 3504 2200 3557 duin
2244 3503 2339 3557 das
2367 3518 2613 3571 npcram,
2647 3519 2714 3556 ne
2760 3505 2812 3555 in
2863 3503 3160 3556 remedium
3210 3501 3451 3555 velocius

1859 3602 2038 3651 exitus
2087 3604 2370 3650 succurrat
2416 3597 2624 3648 mortis.
2673 3594 2968 3648 liilaccrari
3025 3605 3140 3647 toto
3179 3584 3449 3662 corpore,

1865 3691 2054 3759 urique
2084 3703 2180 3741 nos
2212 3689 2464 3756 patimur,
2494 3687 2786 3755 probantes
2812 3687 2944 3740 nihil
2983 3685 2995 3722 ί
3032 3700 3334 3755 coogruere
3365 3699 3451 3737 sa-

1864 3783 2122 3852 pientium
2173 3779 2424 3849 gravitati
2471 3789 2633 3849 atque
2684 3782 3030 3844 constantia},
3077 3795 3240 3846 quam
3290 3777 3454 3831 nullis

1863 3877 2168 3931 teri-oribus
2195 3876 2260 3930 de
2286 3877 2556 3928 sententia
2583 3883 2640 3929 et
2666 3876 2946 3943 proposito
2969 3873 3186 3941 depelli,
3212 3872 3304 3926 sed
3333 3885 3454 3925 esse

1865 3970 2215 4024 utilissimum
2247 3984 2344 4038 pro
2392 3968 2503 4022 Deo
2546 3969 2799 4031 cruciari,
2833 3978 2885 4022 ct
2914 3969 3083 4022 emori
3136 3981 3242 4020 non
3293 3981 3454 4036 posse

1862 4107 2029 4160 renda
2058 4121 2178 4161 esse
2211 4105 2274 4159 ad
2321 4122 2409 4159 an.
2437 4106 2560 4169 360,
2594 4121 2700 4174 quo
2733 4105 2821 4159 hic
2868 4106 3004 4158 liber
3031 4105 3266 4163 scriptus
3315 4105 3449 4158 fuit:

1862 4178 2008 4229 nulla
2041 4187 2217 4230 tamen
2249 4178 2317 4230 de
2346 4179 2448 4231 hoc
2478 4177 2779 4231 Constantii
2813 4177 3051 4229 facinore
3077 4179 3280 4229 mentio
3309 4176 3449 4243 apud

1861 4247 2158 4301 llismricos
2186 4266 2197 4299 :
2233 4250 2276 4300 si
2312 4257 2511 4302 tamen.
2547 4249 2687 4312 qtlotl
2719 4248 2795 4299 ait
2825 4247 3060 4308 Lucifer,
3094 4249 3350 4299 memorin'
3374 4264 3452 4300 re—

1860 4320 2016 4370 centis
2059 4320 2276 4371 nomine
2307 4320 2536 4372 vidimus
2566 4319 2872 4380 intelligere
2893 4359 2908 4380 ,
2944 4333 3144 4385 patiens
3173 4335 3292 4387 qum
3325 4328 3452 4373 ante

1859 4403 2030 4442 annos
2057 4390 2404 4442 Constantius
2428 4391 2683 4442 adversus
2705 4388 3020 4442 Catholictis
3050 4389 3452 4445 Alexandrinos

1859 4462 2163 4514 crudeliter
2189 4462 2353 4528 jussit
2406 4461 2728 4528 perpetrari.
2779 4462 2914 4513 forte
2963 4462 3228 4527 ennjicias
3274 4475 3334 4513 ea
3366 4461 3452 4514 hic

1861 4534 2127 4592 enarrari,
2157 4547 2276 4600 quae
2294 4547 2437 4585 anno
2473 4529 2693 4585 circiter
2722 4529 2823 4586 557
2864 4530 3129 4598 Georgius
3157 4528 3448 4599 Cappadox

219 4603 249 4631 ε
298 4590 948 4672 Μονίμβαάληιιυςιὲιῳε
964 4593 1122 4672 verba
1143 4597 1755 4672 totatlieconjunguntnr
1783 4613 1834 4672 ί)
1859 4590 2330 4669 Constantinopoli
2367 4603 2744 4657 Alexandriam
2777 4590 3448 4672 Γθνιοτςηέἰιῐιρίε,’έ;1ξνίςο

111 4679 285 4721 cum
340 4663 523 4717 verbis
574 4675 736 4716 morte
773 4663 1035 4732 nﬁiciinur.
1073 4664 1211 4719 lreu.
1244 4667 1340 4719 lib.
1395 4663 1466 4728 tt,
1510 4663 1626 4734 cap.
1659 4668 1748 4732 22,

110 4745 353 4796 rnorle;
378 4734 540 4807 etlih.
559 4749 763 4802 tv,cap.
793 4735 877 4797 16,
897 4745 1003 4786 tatu
1030 4736 1110 4788 (tie
1129 4740 1474 4807 conjungitur
1500 4754 1754 4793 cnmver-

107 4809 224 4862 bis
262 4806 521 4861 etstimati
543 4821 740 4867 sumus,
773 4818 828 4858 ut
857 4807 1000 4873 apud
1033 4807 1202 4860 Lucif.
1239 4806 1544 4876 qni'tamen
1578 4811 1668 4862 Iili.
1726 4813 1746 4865 l

103 4896 246 4952 pris
384 4879 677 4952 Athanasio
702 4893 819 4952 pag.
959 4879 1120 4937 habet
1147 4898 1158 4932 :
1194 4881 1490 4934 Occitliutur
1511 4892 1614 4935 tota
1645 4881 1749 4937 die.

204 4946 240 4987 ιι
312 4951 388 5001 lle
419 4961 527 5015 quo
560 4949 722 5000 etiam
757 4949 806 5000 in
842 4950 933 5000 lili.
969 4952 1033 5001 de
1077 4968 1180 5002 non
1214 4955 1586 5006 conveniendi)
1631 4970 1750 5007 cum

103 5025 388 5080 lucrata
426 5019 520 5071 sed
555 5035 618 5072 ex
669 5019 837 5090 hisce
866 5019 1097 5072 Luciferi
1153 5024 1330 5076 verbis
1381 5025 1750 5090 intelligimus,

99 5097 308 5149 hunc
347 5090 620 5143 hominem
653 5089 946 5142 Catholicis
980 5093 1212 5158 primum
1247 5096 1488 5160 partibus
1510 5137 1522 5156 ,
1555 5089 1754 5150 deinde

94 5163 474 5220 ambitione
497 5163 835 5230 compulsum
866 5163 1077 5214 Arianis
1097 5164 1409 5216 adh.e.~issi-..
1445 5167 1554 5218 lloe
1582 5168 1756 5220 iutinit

94 5233 503 5308 Athanasius
523 5233 726 5308 irrorat.
760 5243 942 5308 tcout.
972 5231 1192 5286 Arian.:
1231 5234 1367 5287 Nam
1393 5241 1454 5287 de
1481 5236 1749 5308 Ci'cmpio,

95 5302 452 5364 Auxentio,
483 5317 527 5355 et
563 5302 793 5370 Epicteto
818 5302 1092 5372 hypocrita
1116 5308 1436 5374 superﬂuum
1466 5321 1538 5360 est
1562 5302 1750 5371 dicere,

91 5395 256 5434 crem
296 5374 543 5426 omnibus
564 5375 774 5442 liluent,
806 5375 1080 5442 quomodo,
1117 5378 1176 5428 ob
1208 5395 1331 5445 quas
1355 5396 1533 5430 causas
1558 5420 1572 5444 ,
1599 5392 1643 5432 et
1669 5398 1756 5445 per

88 5466 270 5524 quos
319 5445 841 5524 ininticos_l'.‘ccl_esitc
879 5450 1030 5524 etiam
1059 5448 1141 5524 isti
1185 5452 1404 5517 promoti
1430 5452 1552 5514 sint,
1603 5453 1755 5503 nimis

87 5515 170 5578 έιι
183 5539 248 5576 m
285 5517 395 5590 (lui
414 5534 471 5590 se
495 5517 870 5590 calumniarum
895 5518 944 5590 in
972 5515 1250 5590 Episcopus
1279 5525 1611 5586 nrt/indoctis,
1642 5524 1756 5590 qui—

86 5599 217 5652 bus
251 5587 490 5662 insidia:
521 5587 834 5652 parabantur
870 5589 1166 5651 histriones,
1199 5602 1492 5660 actores/ne
1520 5587 1752 5662 pituitae-

84 5673 285 5722 νιιυε,
372 5656 466 5732 Hi.
517 5675 632 5712 cum
675 5665 840 5732 essent
897 5665 1096 5732 nonnisi
1146 5664 1196 5714 in
1247 5656 1529 5732 presbyteri
1579 5667 1756 5716 ordine

83 5731 579 5805 cortstilutiLnec
612 5730 766 5794 vulgo
787 5729 973 5805 cogniti
1001 5729 1326 5794 haberentur,
1355 5742 1371 5784 t
1396 5729 1524 5786 7mm
1553 5752 1641 5805 per
1663 5739 1756 5787 im-

82 5812 411 5888 pietatenm
434 5797 777 5888 Episcopatus
807 5801 1009 5888 titulum
1031 5805 1127 5856 sibi
1147 5815 1508 5886 procurarunt.

213 5895 221 5902 ·
294 5872 370 5928 Id
395 5871 831 5946 est_diaboli,4uti
868 5877 1024 5941 paulo
1053 5871 1321 5946 superius.

196 5953 216 5990 .r
281 5947 445 6016 Quae
495 5943 709 6000 Lucifer
738 5944 826 6000 hic
869 5943 1282 6018 conuueniorat,
1333 5950 1584 6008 videntur
1616 5953 1754 6008 rele-

1860 4677 2098 4741 simcque
2129 4689 2414 4742 aggressus
2445 4674 2542 4726 cst‘
2572 4677 2622 4725 in
2657 4673 3059 4726 Alexandrinos
3103 4675 3271 4734 ipsius
3307 4671 3449 4727 Cun-

1859 4746 2036 4795 Slattlit
2063 4746 2387 4798 auctoritate
2408 4753 2464 4798 et
2486 4746 2686 4800 edicto.
2710 4744 2838 4797 Vide
2863 4745 3080 4798 Sozum.
3111 4743 3202 4798 lib.
3227 4760 3298 4807 iv,
3324 4759 3442 4812 cap.

1861 4815 1949 4875 10,
1981 4814 2115 4885 edit.
2141 4816 2343 4877 Vah-8.,
2377 4826 2428 4870 et
2467 4816 2681 4872 Praifat.
2719 4829 2978 4878 nostram,
3016 4815 3043 4885 ᾗ
3077 4830 3173 4869 Iv.~

1930 4895 1953 4929 κ
1994 4886 2037 4938 Α
2063 4884 2296 4950 Georgio
2325 4902 2575 4952 namque,
2619 4890 2704 4954 qui
2730 4884 3048 4940 Alexandria
3100 4885 3355 4952 expulsus
3377 4885 3445 4940 ad

1858 4955 2242 5021 Imperatorem
2281 4957 2632 5022 confugerat,
2683 4960 3034 5011 vehementer
3081 4959 3155 5009 ira
3192 4971 3450 5011 incensus

1859 5027 2000 5081 idem
2019 5028 2310 5097 Imperator
2324 5028 2600 5081 Notarium
2619 5027 2762 5080 misit
2789 5027 3194 5091 Alexandriam,
3210 5029 3300 5097 qui
3316 5026 3451 5081 Coti-

1858 5105 2038 5152 Slantii
2068 5101 2219 5167 jussu
2251 5101 2437 5152 multos
2470 5099 2938 5151 Alexandrinorum
2971 5101 3232 5151 tormentis
3264 5099 3445 5150 subdi-

1858 5168 1950 5230 dit,
1982 5189 2041 5222 nc
2071 5171 2351 5222 verberibus
2374 5170 2565 5236 n/ferit.
2593 5169 2700 5223 Nec
2731 5172 2891 5222 multo
2921 5183 3032 5238 post
3060 5169 3311 5235 Georgius
3332 5170 3442 5239 ipse

1856 5244 2125 5295 reret-titur
2153 5243 2427 5294 terribilior
2453 5248 2637 5308 (acuis,
2667 5242 2852 5310 quippe
2871 5243 2957 5308 qui
2980 5239 3350 5310 Imperatorem
3378 5241 3446 5292 ad

1857 5317 2131 5365 multorum
2164 5315 2476 5364 ven-itionem
2522 5312 2814 5374 incitasset;
2869 5313 2944 5362 ait
2975 5315 3173 5363 ibi-teut
3219 5313 3445 5365 Snzom.

1862 5382 1994 5436 Ilinc
2025 5384 2232 5436 Lucifer
2261 5383 2472 5445 scribit,
2506 5400 2604 5434 una
2637 5388 2792 5434 tinctu
2824 5401 2863 5434 li
2887 5382 3210 5448 bscriptionis
3239 5391 3442 5434 tautntu

1857 5455 2125 5507 scelerum
2161 5455 2209 5506 in
2242 5470 2301 5505 ea
2351 5457 2481 5506 urbe
2512 5458 2888 5517 canitniSsutn,
2927 5453 2979 5505 ld
3025 5464 3106 5506 est
3147 5469 3247 5504 una
3280 5453 3440 5504 ctlicti

1858 5525 2260 5597 subscriptione
2278 5535 2478 5578 tcnn-re
2499 5541 2560 5578 ac
2586 5527 2867 5579 furentera
2893 5523 3212 5578 Constantio
3231 5524 3439 5597 signata

1857 5595 2075 5659 Georgii
2103 5596 2354 5662 impulsu.

1929 5664 1955 5702 λι
1998 5666 2182 5720 Tini-ta
2211 5666 2624 5734 subscriptionis
2649 5682 2776 5729 tina,
2807 5683 2902 5737 pro
2933 5683 3032 5718 una
3060 5665 3434 5735 subscriptione

1855 5753 1970 5803 qua
1997 5739 2215 5790 tinctura
2246 5753 2334 5790 seu
2364 5747 2642 5791 atramento
2671 5738 2761 5806 ﬁt:
2803 5739 2957 5790 tincta
3003 5753 3183 5789 nomen
3221 5751 3431 5803 novum.

1857 5807 1958 5861 'l'il.
1991 5818 2044 5860 et
2075 5810 2118 5860 la
2145 5809 2339 5864 Cerda.

1937 5879 1947 5916 ί
1999 5878 2148 5934 Nihil
2176 5883 2360 5953 magis.
2385 5881 2632 5937 Galland.
