3854 6546
161 466 282 528 1029

1057 459 1475 518 MORIENDUM
1519 459 1684 517 ESSE
1729 457 1866 517 PRO
1906 458 2019 516 DEI
2061 458 2239 518 ΠΠο
2283 457 2504 515 LIBER.

3289 449 3423 505 1030

157 583 358 636 litteras
384 596 398 644 ;
431 586 616 635 uoster
644 588 825 632 sermo
856 583 941 633 est
972 576 1300 642 communis,
1341 581 1532 629 contra
1559 582 1739 628 vester
1767 572 1819 635 Α
1843 572 2004 628 latam
2031 573 2342 629 felicitatem
2378 581 2627 642 respuat,
2665 570 2762 624 nisi
2793 571 2883 638 qui
2937 567 3009 624 sit
3040 577 3090 623 te
3133 567 3428 632 infelicior,

158 673 375 740 politus,
407 681 652 734 ornatus,
686 669 775 738 qui
810 670 974 722 etiam
1007 667 1111 722 dici
1144 679 1418 723 mereatur
1461 663 1736 730 disertus;

156 775 204 817 et
234 773 411 816 tamen
464 763 696 816 suadere
744 760 919 814 dulcis
948 775 1044 829 per
1073 770 1245 814 artem
1277 759 1536 828 quaesitus
1562 773 1741 812 sermo

157 865 335 909 vester
357 855 488 908 nulli
515 858 690 924 potest
715 851 1279 917 ebristiauorum,uisi
1306 851 1379 910 ei,
1405 851 1491 919 qui
1522 865 1626 901 non
1651 850 1740 914 sit,

155 947 245 1002 sed
279 957 484 1002 tantum
528 947 763 1010 dicatur,
794 955 852 1000 ut
901 956 978 1007 tu,
1008 945 1096 1011 qtti
1125 959 1245 997 cum
1295 945 1369 997 sis
1419 943 1576 1011 lupus
1606 956 1745 996 unus

154 1056 276 1096 esse
307 1041 377 1095 de
400 1039 592 1093 ovibus
624 1038 690 1091 ab
733 1038 916 1090 insciis
942 1035 1223 1104 jutliceris.
1257 1035 1390 1102 Quis
1419 1042 1524 1086 tam
1555 1047 1745 1088 excors

155 1143 256 1199 est,
290 1133 394 1188 nisi
425 1131 516 1202 qui
549 1144 604 1185 ut
637 1141 688 1185 tu
715 1145 932 1184 omnem
978 1131 1222 1182 hauseris
1250 1129 1540 1181 amentiam
1572 1126 1596 1178 ?
1626 1126 1747 1195 quis

153 1237 238 1282 est
288 1226 383 1280 Dei
437 1224 784 1287 famulorum,
817 1225 908 1294 qui
965 1224 1100 1276 nolit
1131 1220 1439 1275 devotionis
1483 1220 1749 1288 obsequio

156 1328 332 1371 morte
363 1316 688 1373 honestari?
717 1316 838 1386 quis
888 1327 969 1368 est
1027 1315 1117 1382 qui
1170 1328 1424 1367 cruorem
1471 1311 1750 1378 sanguinis

153 1410 237 1462 sui
273 1424 375 1479 pro
402 1409 621 1463 Chrile
645 1422 749 1462 non
775 1409 848 1461 sit
877 1406 1194 1460 desiderans
1224 1403 1487 1458 fundere?
1508 1417 1626 1456 cum
1653 1403 1752 1456 hu-

149 1501 394 1570 jusmodi
429 1515 578 1555 mors
611 1500 960 1569 integriorem
994 1496 1158 1550 faciat
1181 1496 1638 1559 vitam,atternam
1670 1494 1751 1547 in-

158 1593 336 1646 veniat
365 1592 613 1659 gloriam.
641 1591 881 1653 Statnus,
913 1599 972 1643 ut
993 1588 1254 1668 advenis,
1281 1590 1494 1668 virtute‘
1509 1587 1600 1640 Dei
1628 1601 1750 1654 pro-

153 1685 312 1750 tecti,
343 1684 632 1755 prmceptis
667 1681 948 1750 Evangelii
999 1659 1240 1744 calciati:
1285 1680 1392 1732 ιίιο
1447 1659 1752 1733 immobiies

152 1777 350 1847 gradu,
377 1793 445 1832 ne
478 1777 687 1846 possint
719 1791 812 1844 per
842 1787 894 1828 te
921 1774 1183 1842 ιιι-ιυριμὶιί
1213 1773 1330 1825 labe
1363 1772 1476 1839 rapi
1506 1771 1750 1840 vestigia.

151 1876 374 1929 Stemus
404 1885 619 1927 scutum
655 1870 780 1924 fidei
813 1879 1087 1933 tenentes,
1118 1878 1175 1921 ut
1204 1867 1254 1920 in
1289 1871 1458 1920 totum
1490 1882 1593 1919 non
1627 1879 1752 1932 pos-

1842 683 1960 722 cum
1985 667 2163 722 videat
2184 668 2525 722 confessione
2555 668 2703 723 vocis
2729 667 2911 731 unius,
2933 664 3263 720 Christianus
3291 679 3430 727 sum,

1843 760 2071 814 adversa
2129 759 2505 824 succumbere,
2538 759 2657 813 beta
2691 757 3000 828 provenire,
3055 754 3296 824 patetleri
3345 771 3433 806 re-

1843 867 1972 922 gna,
2007 865 2207 907 aeterna
2263 851 2440 921 parari
2482 853 2706 920 imperia
2731 853 2754 903 τ
2778 851 2922 904 Dicis
2952 868 2964 902 :
3001 848 3198 920 Negate
3227 845 3317 900 Dei
3343 846 3436 900 Fi-

1849 947 1998 1011 lium,
2023 956 2111 999 aut
2135 946 2506 1014 interﬁcietvos
2528 947 2687 1000 rimis
2711 947 2856 1018 regni
2891 945 3004 997 mei.
3039 943 3207 1009 Quam
3241 941 3437 996 melius

1847 1048 1933 1092 est
1960 1038 2027 1091 ab
2061 1037 2213 1093 hoste
2240 1037 2437 1092 Christi
2475 1038 2726 1102 interfici,
2745 1051 2914 1108 quam
2939 1050 2966 1088 a
2989 1033 3242 1090 Christo!
3275 1048 3432 1104 quam

1849 1139 1933 1185 est
1985 1133 2249 1199 optimum
2304 1141 2418 1187 ate
2469 1132 2774 1186 antichristi
2831 1133 3008 1187 a'mico
3051 1130 3297 1194 mactari,
3331 1139 3436 1184 eta

1850 1223 2076 1278 Christo
2106 1225 2364 1280 viviticari
2392 1227 2405 1279 l
2435 1225 2566 1292 Quis
2596 1225 2734 1279 nolit
2760 1225 3029 1295 particeps
3053 1239 3114 1278 ac
3140 1222 3322 1278 socius
3353 1236 3444 1292 pa-

1853 1316 2238 1381 triarcharum,
2291 1317 2700 1386 prophetarttm,
2760 1317 3127 1386 apostolorum
3161 1356 3176 1378 ,
3235 1325 3441 1385 marty-

1853 1423 1990 1472 rum,
2024 1420 2455 1480 cunctorumque
2477 1411 2749 1479 iustorum
2781 1409 3032 1471 inveniri,
3063 1420 3222 1477 quant
3266 1407 3441 1470 Judae,

1853 1503 2006 1572 cujus
2035 1512 2090 1557 tu
2120 1502 2378 1558 emitiin
2410 1504 2694 1558 imitator?
2726 1503 2779 1554 in
2803 1516 3025 1557 carcere
3047 1516 3143 1569 per
3177 1500 3444 1555 Herodem

1855 1595 2332 1666 compestilentem
2365 1606 2513 1649 tuum
2545 1594 2762 1662 punitus
2784 1603 2868 1648 est
2892 1594 3130 1663 Baptista
3164 1592 3441 1657 Joanurs;

1855 1685 2118 1741 Jacobum
2150 1687 2355 1740 stevitia
2380 1686 2893 1742 llerodisinterfeclt
2926 1703 2940 1746 ;
2973 1687 3022 1739 itt
3045 1685 3278 1740 insulam
3304 1683 3330 1722 δ
3367 1702 3449 1739 re-

1860 1778 2072 1848 legatus
2119 1778 2400 1848 apostolus
2458 1776 2743 1842 Joannes;
2790 1777 3081 1831 crucltlxus
3128 1787 3211 1832 est
3263 1779 3448 1830 bt'allls

1863 1873 2081 1936 Petrus;
2111 1875 2367 1942 alligatus
2391 1881 2476 1926 est
2498 1872 2690 1926 beatus
2716 1873 2995 1940 apostolus
3030 1870 3246 1935 Paulus,
3279 1872 3453 1924 reclu-

151 1970 268 2023 sint
302 1983 396 2036 per
424 1979 474 2023 te
500 1969 648 2036 iacta
681 1965 941 2020 fumantia
977 1965 1145 2016 hostis
1173 1975 1527 2016 concrescere
1551 1961 1754 2030 jacula,
1797 1964 1840 2025 Β
1868 1980 1958 2020 sus
1978 1975 2063 2020 est,
2086 1965 2416 2031 carceribus,
2446 1964 2745 2034 uagi-[latus
2772 1973 2873 2027 est,
2908 1974 2961 2017 et
2983 1976 3128 2032 sape
3159 1962 3448 2031 lapidatus,

151 2063 362 2130 quippe
415 2075 537 2130 qua:
595 2074 812 2126 semper
851 2057 902 2111 iu
939 2068 988 2109 te
1046 2056 1498 2124 repercmiantur.
1556 2054 1752 2107 Munita

152 2164 290 2208 sunt
321 2165 505 2209 nostra
528 2154 706 2221 capita
736 2150 951 2206 casside
985 2150 1198 2211 salutis,
1219 2157 1304 2203 est
1335 2149 1384 2201 in
1413 2162 1510 2202 ore
1534 2148 1756 2202 verbum

156 2247 402 2310 Domini,
427 2257 483 2300 ut
510 2247 682 2300 hostis
705 2245 754 2298 in
784 2255 836 2299 te
863 2244 1163 2298 collocatus
1185 2241 1364 2310 gladio
1385 2241 1618 2296 elidatur
1649 2241 1760 2309 spi-

150 2340 333 2406 ritali,
359 2350 637 2394 sternatur
661 2337 971 2408 pariterque
998 2337 1328 2404 dissipetur;
1357 2348 1475 2386 esse
1507 2334 1762 2388 advertes

151 2443 413 2490 sanctam
449 2431 632 2493 fidem,
660 2445 822 2501 quam
857 2443 956 2483 nos
1006 2427 1245 2496 abjicere
1275 2428 1530 2496 cogebas,
1567 2427 1762 2480 anima:

150 2535 366 2579 nostr-.9
398 2524 677 2594 clypeum,
699 2537 748 2575 ct
779 2522 974 2575 fortem
993 2530 1045 2575 et
1073 2518 1536 2589 impenetrabilem
1553 2529 1605 2573 et
1633 2535 1765 2573 con-

150 2626 375 2672 textam
405 2616 649 2679 loricam,
685 2629 844 2684 quam
881 2614 1024 2666 nulla
1057 2613 1258 2666 oiabuli
1294 2613 1497 2680 possint
1531 2611 1635 2664 tela
1669 2627 1765 2680 per

152 2720 212 2764 te
250 2707 532 2778 perforare
577 2707 746 2761 illata.
780 2705 1009 2760 Tantam
1047 2707 1503 2774 perseverantiam
1533 2718 1768 2759 cernens

150 2801 618 2864 cbristianorutn,
641 2797 1028 2867 Defendendnm
1050 2806 1147 2856 est,
1164 2796 1368 2866 inquis,
1384 2806 1433 2848 et
1451 2811 1484 2848 ιι
1506 2810 1584 2849 me
1611 2795 1768 2848 semel

147 2903 470 2963 susceptum
496 2892 749 2945 Arianum
796 2888 1020 2960 dogma;
1051 2887 1189 2941 dicis
1231 2887 1357 2941 talia
1389 2887 1618 2940 honesta
1675 2902 1774 2939 vo—

152 2986 380 3041 luntate
413 2999 628 3039 errans.
665 2983 845 3037 Seutis
875 2981 1019 3034 enim
1066 2980 1202 3034 nihil
1245 2995 1368 3034 esse
1394 2979 1446 3032 iit
1481 2979 1641 3032 rebus
1669 2977 1769 3031 hu-

153 3082 352 3136 manis
411 3079 678 3148 religione
735 3075 1082 3146 pra-stantius
1120 3115 1133 3138 ,
1182 3085 1409 3142 eamque
1455 3088 1661 3128 summa
1719 3073 1769 3126 vi

150 3183 431 3242 oportere
450 3168 665 3224 defendi
697 3186 707 3221 :
736 3167 982 3222 defendis
1024 3165 1243 3236 gladio;
1269 3175 1323 3219 at
1347 3181 1445 3220 nos
1469 3165 1772 3219 defenden-

148 3271 297 3324 dam
333 3264 582 3320 novimus
636 3261 956 3330 religionem
1015 3275 1119 3313 non
1170 3260 1494 3322 occidendo,
1526 3261 1619 3314 sed
1655 3273 1777 3312 ino-

1868 2057 2183 2113 interfectus
2213 2067 2300 2112 est
2329 2068 2630 2127 postremo.
2666 2056 2794 2119 Sed,
2844 2057 2895 2108 bi
2930 2057 3111 2110 cuncti
3145 2055 3235 2109 illa
3261 2056 3456 2124 gratis-

1866 2153 2002 2206 sime
2053 2150 2372 2204 sustineudo
2419 2149 2561 2219 quod
2614 2148 2771 2204 amici
2805 2148 2897 2202 Dei
2931 2148 3134 2202 fuerint
3181 2147 3330 2211 facti,
3363 2145 3455 2216 qui

1869 2243 2222 2306 advertimus,
2257 2253 2311 2298 et
2343 2243 2442 2312 ipsi
2489 2241 2696 2298 crudeli
2746 2257 2907 2296 manu
2941 2251 3027 2295 tua
3069 2242 3290 2295 mactari
3345 2255 3458 2293 ma-

1872 2339 2071 2396 lumus,
2105 2350 2264 2398 quam
2291 2343 2395 2388 tum
2421 2334 2620 2390 cedere
2670 2333 3015 2388 carniﬁcina.
3046 2331 3159 2387 Cur
3187 2349 3283 2386 nos
3327 2346 3458 2386 exo-

1870 2441 1964 2480 sos
2015 2425 2206 2492 habes,
2253 2441 2350 2480 cur
2406 2438 2554 2480 tanta
2604 2427 2817 2480 savitia
2848 2425 3236 2496 perquueris?
3267 2440 3463 2495 nempe

1875 2518 1997 2588 quia
2023 2532 2122 2572 nos
2145 2518 2474 2574 christianos
2501 2521 2804 2573 fateamur:
2837 2529 2889 2574 et
2914 2519 2987 2573 illi
3032 2521 3197 2585 litati,
3233 2535 3460 2589 quorttnt

1877 2614 2102 2668 fecimus
2132 2616 2486 2678 lDt‘DliOltelD,
2522 2629 2616 2681 pro
2645 2616 2804 2668 unico
2830 2625 2954 2668 sunt
2984 2615 3251 2668 interfecti
3273 2629 3300 2666 a
3326 2629 3461 2668 ceu-

1877 2706 2121 2775 tyrannis
2152 2705 2253 2759 tuis
2281 2705 2371 2760 Dei
2398 2705 2558 2768 Filio,
2593 2721 2693 2760 cur
2735 2723 2794 2760 se
2836 2706 2954 2776 ejus
2982 2719 3172 2760 servos
3200 2706 3460 2760 dixerint.

1883 2797 2020 2850 Dicit
2046 2811 2141 2852 ore
2175 2797 2415 2867 religiosi
2449 2799 2608 2851 David
2656 2799 2888 2866 Spiritus
2929 2809 3152 2854 sanctus
3178 2815 3244 2855 ex
3294 2799 3464 2853 nostri

1885 2903 2114 2958 persona
2151 2889 2328 2959 populi
2357 2907 2370 2942 :
2403 2888 2462 2944 Si
2489 2889 2637 2943 obliti
2662 2907 2841 2944 minus
2869 2905 3050 2945 nomen
3089 2891 3182 2944 Dei
3206 2893 3392 2954 nostri,
3422 2903 3471 2945 rt

1882 2981 1925 3031 si
1947 2982 2284 3050 expendimus
2317 2997 2502 3036 manus
2533 2992 2733 3036 nostra:
2759 2985 2824 3036 ad
2847 2983 3001 3036 deum
3025 2985 3270 3042 alienum.
3299 3001 3472 3037 nonne

1891 3068 2023 3124 Dens
2049 3072 2262 3141 requirit
2297 3082 2317 3109 ε
2346 3072 2495 3125 ista?
2519 3071 2642 3139 Ipse
2668 3074 2804 3126 enim
2832 3076 2969 3128 novit
2996 3074 3295 3127 abscondita
3315 3071 3338 3110 ι¹
3356 3087 3473 3127 cor-

1884 3163 1963 3218 dia
1981 3181 1997 3218 :
2015 3166 2261 3234 quoniam
2285 3178 2493 3237 prepter
2516 3176 2562 3220 te
2575 3168 2951 3238 mortiﬁcamur
2979 3179 3084 3222 tota
3109 3169 3213 3232 die,
3231 3170 3475 3223 aestimati

1887 3275 2066 3310 sumus
2097 3272 2148 3311 ut
2171 3275 2283 3312 oves
2305 3261 2602 3329 occisionis(
2618 3261 2700 3315 Ps.
2731 3277 2884 3326 nm,
2903 3262 3028 3332 Si);
3054 3271 3111 3318 et
3136 3275 3192 3317 tu
3213 3265 3483 3318 Constatv

153 3362 374 3419 rieodo
425 3374 522 3430 pro
556 3357 687 3422 Deo,
724 3358 1083 3423 universaque
1135 3354 1274 3408 mala
1317 3355 1428 3408 lucc
1457 3368 1579 3424 qua:
1611 3364 1663 3407 tu
1690 3354 1776 3406 iu-
1811 3349 1858 3413 C
1891 3349 1994 3402 tius
2019 3351 2232 3404 Arianae
2266 3351 2587 3406 idololatriae
2619 3356 2956 3422 mancipatus
2989 3356 3190 3410 interea
3245 3354 3478 3425 impeta-

146 3454 324 3526 geris
355 3447 699 3504 sustinendo.
730 3446 843 3500 'l'ali
895 3460 1096 3514 genere
1147 3443 1509 3500 defendentes
1563 3445 1785 3514 religio-

152 3561 300 3601 nem
337 3557 460 3612 qua:
518 3551 607 3594 tua
652 3538 954 3593 crudelitas
1009 3538 1206 3606 poterit
1261 3538 1476 3591 vincere
1503 3539 1525 3589 ?
1551 3538 1604 3592 Si
1633 3538 1775 3592 enim

150 3638 417 3709 quilibet
461 3634 690 3688 tnilitum
737 3642 951 3685 tuorum
1000 3631 1052 3684 in
1087 3631 1183 3684 hac
1241 3630 1414 3700 fragili
1453 3633 1659 3699 imperii
1705 3632 1777 3686 tui

154 3733 383 3789 militia
425 3729 519 3782 tibi
554 3726 770 3781 mortali
806 3725 1054 3778 mortalis
1087 3725 1245 3778 fidem
1275 3726 1570 3778 servaverit
1603 3727 1652 3779 in
1683 3725 1784 3780 ali-

148 3841 294 3897 quo
323 3823 546 3892 egregio
576 3821 835 3880 facinore,
872 3827 926 3871 et
954 3817 1225 3884 acceptior
1280 3816 1354 3876 fit,
1388 3829 1440 3870 ct
1473 3819 1651 3871 carior
1688 3837 1701 3879 ;
1735 3819 1777 3872 si

151 3916 416 3988 perierit
443 3912 588 3982 apud
624 3921 674 3965 te
708 3912 922 3964 inanem
965 3909 1260 3970 hominem,
1296 3926 1558 3964 summam
1588 3926 1786 3966 conse-

143 4012 374 4085 quitur
402 4006 652 4078 gloriam,
701 4006 844 4075 quod
899 4020 995 4074 pro
1024 4013 1073 4058 te
1105 4004 1244 4057 duce
1275 4018 1371 4056 suo
1399 4015 1572 4059 morte
1625 4020 1787 4058 occu-

147 4103 374 4161 buerit
406 4114 420 4153 :
454 4109 658 4164 quanto
689 4097 858 4167 magis
889 4097 998 4150 Deo
1029 4105 1232 4150 :rterno
1285 4095 1596 4165 imperatori
1655 4096 1788 4151 fides

141 4207 268 4256 est
299 4192 570 4250 servanda
602 4208 629 4245 a
664 4193 820 4248 nobis
843 4191 1147 4245 clementiae
1179 4189 1293 4258 ejus
1323 4189 1586 4244 militibus
1612 4191 1624 4242 !
1653 4190 1782 4243 Cum

146 4294 314 4348 haec
343 4300 444 4340 nos
475 4300 640 4356 agere
668 4293 979 4352 susceptum
1010 4291 1167 4352 cogat
1199 4281 1435 4337 oflicium
1463 4284 1786 4349 devotionis,

146 4395 266 4444 ιιι,
315 4377 442 4448 quia
474 4392 656 4433 caecus
700 4378 774 4430 sis
804 4375 1078 4430 Christum
1109 4391 1294 4431 verum
1339 4377 1504 4430 Deum
1553 4377 1663 4430 veri
1696 4376 1788 4430 Dei

150 4475 403 4534 Filium
435 4485 686 4527 essenon
721 4468 1017 4533 credendo,
1047 4469 1169 4537 quia
1202 4468 1274 4522 Sis
1306 4470 1624 4538 simpliciter
1651 4459 1792 4524 infe;

139 4576 292 4636 lix,
333 4568 477 4640 quod
509 4577 729 4622 teternaa
769 4567 960 4620 mortis
994 4567 1246 4619 tenebras
1279 4563 1498 4617 minime
1528 4563 1794 4628 evaseris,

134 4666 276 4724 vol
292 4671 528 4718 ueraset
549 4677 648 4716 nos
674 4660 851 4715 redire
875 4660 940 4713 ad
959 4667 1196 4713 veterem
1219 4657 1540 4723 czrcitatctn,
1563 4666 1618 4710 ttt
1643 4666 1754 4711 tam
1771 4666 1794 4694 ι

134 4773 310 4816 smn
370 4753 722 4821 simpliciter,
774 4751 868 4806 sed
899 4749 1298 4805 detestabilitcr
1323 4763 1448 4803 cum
1483 4748 1687 4804 lumine
1719 4750 1804 4804 vi-

132 4863 464 4913 deremus
516 4849 764 4903 amisisse
794 4846 1134 4918 prudentiam
1195 4845 1323 4900 Nam
1353 4855 1408 4900 et
1451 4861 1570 4900 cum
1603 4859 1800 4915 cogno-

128 4957 428 5009 scnmus
477 4957 636 4994 unam
671 4941 864 4995 mortis
909 4940 1309 4994 damnationem
1359 4953 1480 4995 esse
1523 4938 1639 5001 tibi,
1677 4941 1800 5009 quia

128 5034 444 5099 credere
477 5032 633 5095 nolis,
669 5041 722 5085 et
770 5034 1105 5100 geminatum
1159 5031 1352 5083 malum
1387 5043 1507 5084 esse
1552 5031 1728 5092 nobis,
1762 5030 1804 5084 si

131 5133 416 5202 rejecta
456 5133 640 5179 nostra
697 5123 1022 5177 credulitate
1055 5122 1119 5176 ad
1179 5123 1458 5176 interitum
1492 5119 1667 5177 redite
1699 5138 1816 5176 ma-

129 5233 278 5286 luc
297 5222 503 5283 rimus,
538 5217 809 5288 quomodo
834 5232 932 5270 nos
963 5232 1121 5285 posse
1153 5217 1258 5268 tuis
1282 5231 1706 5283 pra‘suntpseras
1725 5225 1810 5270 aut

127 5319 365 5382 falsis
393 5313 697 5378 obsequiis,
735 5326 854 5380 qua!
909 5309 1102 5379 magis,
1151 5308 1279 5362 dum
1321 5308 1574 5370 illlciunt,
1611 5309 1818 5363 interii-

125 5420 273 5477 εἰη
292 5417 388 5469 nt,
424 5414 520 5459 aut
548 5407 800 5459 omnibus
848 5412 1244 5459 tormentorum
1285 5400 1623 5457 crudelitatis
1654 5419 1818 5472 gene-

126 5512 366 5572 ribus
401 5515 432 5554 a
459 5497 553 5553 Dei
586 5496 848 5553 cbarita’te
880 5497 1120 5568 separari
1155 5495 1330 5562 tQuis
1361 5506 1560 5549 tantam
1592 5495 1692 5551 sibi
1724 5498 1817 5553 ob—

253 5695 296 5724 ο
343 5679 499 5733 Jom.
533 5675 711 5728 Latin.

247 5759 296 5798 ι..
344 5751 519 5806 Forte
543 5744 788 5800 addenda
819 5759 923 5799 vox
952 5744 1190 5800 Patmos.
1221 5744 1466 5801 Gallend.

255 5841 292 5868 c
354 5822 522 5874 Vers.
565 5823 689 5870 Ant.
729 5817 974 5886 requiret.

251 5899 298 5940 d
365 5889 614 5949 Occulta,
637 5896 692 5942 et
714 5897 876 5941 morte
898 5887 1176 5955 efﬁcimur.
1213 5888 1349 5943 Ead.

258 5984 297 6012 ε
368 5961 642 6030 Instigant
671 5959 894 6012 nescium
939 5960 1128 6029 furere.
1189 5957 1256 6012 Hi
1294 5959 1512 6014 soiritus
1555 5971 1692 6026 sunt,
1718 5976 1827 6017 etc.

1892 3449 1994 3507 tor,
2019 3441 2258 3507 Mentire,
2279 3445 2475 3514 inquis,
2491 3447 2758 3515 frendere:
2771 3451 3171 3503 recrudescentis
3189 3452 3240 3503 in
3260 3461 3480 3505 vestram

1893 3537 2306 3591 necentinsania:
2338 3555 2480 3601 meae,
2513 3549 2558 3591 rt
2606 3551 2762 3593 estote
2808 3557 3008 3595 mecum
3037 3554 3310 3614 apostatm.
3357 3548 3485 3602 llaec

1893 3627 2114 3681 audiens
2167 3623 2619 3684 non'vulueribus
2647 3634 2753 3686 tuis
2787 3635 2988 3687 mederi
3020 3636 3124 3699 vis,
3175 3637 3270 3690 sed
3315 3639 3486 3709 magis

1899 3721 2076 3789 pergis
2107 3735 2252 3775 εωεο
2282 3729 2333 3775 et
2360 3722 2716 3777 irrationabili
2743 3723 2928 3780 furore
2950 3725 3169 3780 illorum
3202 3728 3486 3795 instinctu,

1898 3814 1984 3883 qui
2043 3815 2321 3868 insinuant
2377 3831 2435 3870 se
2468 3817 2635 3871 menti
2697 3828 2824 3882 tuan,
2859 3829 2914 3875 et
2944 3821 3196 3892 instigant
3239 3827 3482 3880 nesciunt

1901 3907 2080 3962 furere
2111 3911 2194 3963 his
2223 3910 2503 3979 spiritibus
2530 3921 2576 3974 ο,
2612 3913 2808 3982 quibus
2839 3926 2916 3981 tu,
2951 3918 3094 3986 quod
3149 3918 3242 3973 Dei
3276 3923 3489 3976 unicum

1909 4000 2100 4056 Filium
2141 4017 2328 4072 neges,
2355 4002 2663 4059 sacriﬁcare
2691 4005 3028 4075 dignosceris
3055 4026 3067 4072 ;
3095 4011 3206 4078 qui,
3240 4013 3360 4079 quia
3399 4027 3492 4083 per

1903 4110 1964 4150 se
1989 4110 2192 4151 nocere
2216 4098 2374 4152 nobis
2407 4097 2538 4152 nihil
2565 4109 2808 4169 possunt,
2843 4105 3180 4172 protegimur
3203 4105 3347 4159 enim
3384 4121 3492 4160 ma-

1907 4190 2186 4260 gnitudine
2203 4189 2326 4254 Dei,
2348 4206 2443 4259 per
2465 4201 2516 4246 te
2539 4206 2636 4248 nos
2657 4195 2948 4249 satellitem
2979 4213 3135 4251 suum
3158 4213 3494 4268 persequun-

1918 4286 2016 4346 L'ttr,
2047 4296 2183 4349 quos
2229 4281 2331 4336 sibi
2363 4283 2612 4338 inimicos
2641 4299 2760 4339 esse
2819 4287 3202 4344 infestissimos
3233 4293 3496 4357 sentiunt,

1912 4387 2277 4446 exercentque
2319 4390 2415 4444 per
2447 4385 2502 4431 te
2527 4389 2826 4432 amatorem
2853 4395 3008 4434 suum
3049 4383 3312 4439 saevitiam
3338 4402 3496 4456 quam

1911 4470 2302 4525 violentissime
2353 4481 2602 4540 possunt,
2651 4473 3022 4530 existimantes
3051 4478 3358 4533 interventu
3408 4489 3500 4535 tuo

1917 4565 2182 4618 carnilicis
2202 4580 2261 4618 se
2287 4575 2526 4619 nostram
2555 4567 2846 4623 violatttros
2876 4570 3055 4626 tidem.
3091 4572 3335 4628 Doctrina
3369 4591 3502 4630 cun-

1920 4668 2127 4710 ctarum
2161 4666 2244 4710 est
2287 4673 2566 4713 sacrarum
2607 4661 3037 4729 scripturarum,
3087 4665 3136 4717 in
3187 4664 3279 4720 Dei
3319 4665 3501 4723 Filium

1849 4741 1890 4801 D
1914 4749 2140 4804 credere
2162 4749 2388 4820 primam
2410 4759 2462 4804 et
2482 4764 2906 4807 consummatam
2927 4769 3049 4809 esse
3067 4758 3353 4823 justitiam.
3379 4761 3511 4817 Hinc

1924 4854 2007 4898 est
2052 4843 2193 4912 quod
2227 4854 2278 4898 te
2321 4845 2466 4898 victo
2496 4845 2882 4913 qumstionario
2917 4844 2934 4884 τ
2971 4848 3045 4902 illi
3070 4850 3347 4906 dat-moues
3379 4853 3428 4907 in
3459 4864 3510 4910 te

1926 4938 2236 5005 vincantur,
2269 4937 2389 5008 quia
2432 4937 2714 4991 victoriam
2761 4954 2867 4994 non
2898 4950 3206 4997 nostrorum
3241 4944 3511 5017 fragilium

1935 5029 2086 5082 nobis
2119 5037 2338 5099 praestat
2374 5042 2670 5097 corporum
2707 5031 2898 5098 virtus,
2927 5033 3019 5088 sed
3055 5035 3200 5104 illius
3228 5037 3516 5095 clementia

1935 5125 2023 5179 ille
2051 5123 2250 5179 suil‘tcit
2282 5124 2446 5187 vires,
2483 5133 2541 5177 ut
2570 5124 2715 5180 inter
2742 5141 2902 5183 omne
2925 5128 3252 5186 carnificinae
3295 5141 3399 5188 tum
3443 5135 3523 5189 in-

1934 5225 2295 5272 strumentum
2328 5212 2590 5271 duremus
2637 5218 2963 5284 immobiles,
3000 5233 3056 5276 ut
3090 5235 3193 5275 neu
3243 5224 3523 5282 doloribus

1939 5311 2248 5372 vulnerum,
2293 5324 2396 5360 non
2432 5307 2629 5363 ictibus
2661 5309 3018 5379 quzestionttm
3066 5314 3395 5383 fraugamur,
3430 5319 3524 5372 sed

1943 5403 2120 5472 potius
2145 5401 2453 5470 erigamur;
2485 5401 2610 5455 hinc
2651 5415 2812 5455 verus
2844 5413 2927 5456 est
2956 5401 3050 5457 Dei
3086 5403 3283 5471 cultus,
3337 5409 3387 5462 in
3420 5424 3526 5477 quo

1946 5508 2157 5553 mentes
2187 5494 2483 5551 colentium
2513 5496 2724 5564 seipsas
2752 5496 2856 5550 Deo
2884 5497 3253 5553 immaculatas
3283 5501 3526 5558 victimas

1965 5676 2132 5757 Datin.
2155 5691 2216 5757 _et
2245 5674 2485 5757 Callatan
2519 5674 2610 5730 llis
2663 5679 2976 5757 imtnutatis,
3006 5681 3269 5757 spiritibus
3303 5701 3399 5751 pro
3430 5687 3535 5757 spi-

1960 5749 2109 5816 ritus,
2144 5750 2312 5816 furere
2343 5760 2434 5816 pro
2455 5749 2651 5815 furore,
2685 5750 3002 5804 sententiam
3036 5749 3354 5809 retinemus.

1993 5888 2005 5900 .
2037 5815 2056 5854 ί
2092 5817 2190 5885 Qui
2235 5818 2533 5889 qnmtionea
2572 5819 2637 5872 de
2665 5819 2800 5888 Fide
2843 5823 2893 5874 in
2942 5837 3034 5876 nos
3065 5839 3265 5878 exerces
3301 5828 3541 5897 judicia-

1962 5903 2084 5942 ηαδ.
