5220 6578
147 414 248 479 Sil

534 534 761 607 CODEX
814 529 1340 600 VERCELLENSIS.

332 633 714 694 CAPUTXlll.
979 675 993 691 .
1072 674 1086 689 .
1163 673 1178 688 .
1260 672 1275 686 .
1354 671 1366 684 .
1447 667 1462 682 .
1541 668 1556 685 .
1631 667 1650 682 .

159 705 899 780 l.Eodie(a)exiit-Hesus(b)
976 746 999 780 ,ί
1069 744 1093 780 ._
1151 742 1175 780 _.
1220 741 1270 780 _.
1351 739 1367 756 .
1538 740 1551 755 .
1631 735 1648 754 .

973 779 1026 832 6.
1079 773 1349 830 habebant
1377 769 1490 827 radi
1506 802 1519 811 -

149 851 207 904 2.
249 864 345 904 cus
367 864 533 904 mare.
558 848 624 904 Et
975 862 1114 911 cem,
1138 851 1414 900 aruerunt.
1469 861 1484 892 ι
1518 906 1526 910 _

152 927 506 990 congregatae
975 918 1027 990 Ἰ.
1085 909 1201 990 Alia
1230 920 1407 990 autem
1433 909 1572 968 ccci»-

153 985 286 1046 sunt
300 985 486 1044 turbae
975 988 1167 1042 derunt
1189 985 1244 1040 in
1275 985 1382 1054 spi-

151 1061 218 1115 ad
247 1076 404 1126 eum,
435 1060 507 1115 ita
532 1067 591 1114 ut
975 1072 1072 1113 nas
1105 1074 1120 1110 :
1148 1064 1202 1111 et
1223 1068 1410 1110 creveo

155 1131 209 1186 in
244 1131 508 1186 navicula.
555 1170 570 1186 .
973 1135 1102 1184 runt
1120 1127 1325 1194 spinae,

111 1234 117 1239 ι
151 1202 472 1257 ascenderet
493 1240 510 1266 ,
877 1227 885 1235 -
972 1206 1028 1275 et
1050 1197 1368 1275 suffocave-_
1390 1263 1421 1275 η

151 1283 207 1326 ct
229 1288 418 1327 omnes
441 1263 553 1327 tur-
973 1269 1028 1324 8.
1085 1276 1209 1323 runt
1227 1281 1308 1320 ea.
1340 1263 1457 1317 Alia

158 788 216 835 et
243 779 470 834 sedebat
496 793 583 834 se-

154 1343 256 1398 bae
284 1343 499 1398 stabant
974 1353 1104 1394 vero
1127 1335 1339 1420 cecide-

159 1453 173 1468 .
251 1451 268 1467 ο
347 1451 364 1469 ο
443 1453 459 1468 ο
537 1453 552 1467 .
632 1453 646 1468 .
722 1455 737 1470 .
819 1454 835 1468 .
973 1417 1310 1463 runtinter-

222 1485 280 1540 5.
320 1487 477 1540 cutus
504 1491 589 1540 est
611 1483 680 1539 ad
973 1493 1085 1533 ram
1113 1479 1307 1532 bonam
1334 1492 1348 1528 :

151 1569 250 1613 eos
285 1553 417 1611 Inui.
459 1588 476 1605 .
516 1593 532 1609 .
575 1592 591 1608 .
635 1592 650 1607 .
696 1592 712 1608 .
974 1557 1028 1604 et
1056 1548 1253 1603 dabant
1279 1545 1423 1601 fruc-

154 1623 377 1692 parabo.
419 1660 436 1679 .
478 1661 496 1680 .
539 1663 557 1680 .
601 1664 618 1680 .
664 1665 678 1679 .
975 1614 1407 1692 tum,quaedam

151 1709 286 1750 cens
313 1710 328 1747 :
971 1691 1345 1748 centesimum.

151 1763 296 1836 Ecce
319 1761 453 1820 exiit
475 1765 572 1836 qui
971 1757 1240 1836 aliutlgl.
1266 1758 1396 1836 aliut

152 1835 383 1890 seminat
409 1827 576 1892 seriti-
971 1828 1028 1885 9.
1079 1827 1244 1885 XXX.
1277 1828 1410 1896 Quia
1439 1828 1530 1884 ha-

154 1904 212 1960 4.
254 1919 406 1960 nare.
437 1906 646 1961 Etcum
975 1900 1062 1956 bet
1091 1915 1268 1964 aures,
1300 1912 1400 1953 au-
1675 1935 1680 1939 -

159 1977 412 2037 seminat.
442 1991 606 2044 quae-
975 1971 1068 2044 i0.
1112 2011 1127 2025 .
1170 2009 1184 2025 .
1230 2008 1304 2044 ._.
1349 2009 1363 2024 .
1408 2009 1422 2024 .
1469 2013 1484 2027 .
1527 1971 1595 2031 Et
1639 1989 1727 2032 ac-

156 2049 281 2100 dam
305 2039 514 2102 cecide-
973 2041 1225 2098 cedentes
1251 2039 1361 2095 dis-

155 2123 284 2169 runt
303 2130 463 2171 secus
974 2112 1135 2181 cipuli
1184 2110 1302 2181 ejus
1328 2111 1411 2181 di-

975 2180 1168 2236 xerunt
1191 2180 1240 2235 ei
1275 2199 1287 2234 :
1317 2180 1458 2250 Qua-

975 2266 1034 2306 re
1062 2251 1114 2306 in
1149 2251 1378 2320 parabo-

982 2359 994 2372 .
1024 2363 1058 2390 _.
1114 2359 1127 2374 .
1184 2321 1422 2390 loqueris

975 2388 1042 2444 ad
1067 2388 1208 2445 eos?

976 2459 1064 2533 11.
1121 2459 1201 2533 Ad
1233 2461 1346 2533 ipse
1373 2475 1595 2533 respon~

976 2476 1064 2514 ιι.
1121 2476 1246 2514 Adi
1288 2476 1382 2517 sei

975 2530 1107 2584 dens
1128 2531 1203 2584 ait
1229 2476 1336 2587 iiiis
1366 2548 1382 2587 :

888 2612 891 2614 '
974 2599 1110 2668 Quia
1137 2602 1287 2656 vobis
1324 2603 1416 2658 da-

977 2679 1085 2725 tum
1116 2678 1199 2726 85'.
1221 2686 1344 2725 nos-
1443 2695 1449 2705 '

975 2754 1034 2796 se
1063 2741 1370 2810 mysterium
1419 2784 1423 2788 .

978 2813 1126 2882 regni
1158 2825 1178 2863 :
1211 2811 1316 2866 illis
1347 2828 1439 2868 au-

971 2891 1084 2938 tem
1113 2898 1218 2936 non
1250 2891 1331 2938 est

979 2953 1066 3024 12.
1119 2952 1322 3008 datum.
1356 2953 1456 3024 Qui
1478 2954 1619 3012 enim

980 3021 1156 3090 habet,
1176 3021 1387 3081 davitur

976 3095 1046 3159 ei,
1076 3102 1132 3150 et
1153 3095 1386 3149 abunda-

976 3165 1049 3220 vit
1077 3183 1089 3219 :
1117 3166 1205 3235 qui
1235 3175 1411 3222 autem

155 2187 296 2240 viam
315 2228 329 2251 ,
354 2196 408 2240 et
436 2201 599 2242 vene-

154 2265 279 2310 runt
309 2256 512 2312 volucr.
554 2293 574 2311 .
618 2295 634 2312 .
665 2298 682 2325 ,

153 2334 210 2379 et
234 2326 480 2380 comede-

154 2406 385 2450 runtea.
431 2432 447 2448 .
491 2435 506 2449 .
551 2435 566 2450 .
609 2434 625 2450 ο
670 2437 684 2450 .

160 2927 174 2940 ο
255 2928 269 2941 ο
350 2927 365 2941 ο
445 2928 460 2943 ο
540 2927 555 2943 ο
632 2929 648 2944 ο
726 2926 742 2942 ο
822 2928 838 2944 ο

571 3374 806 3433 CODEX
830 3369 1298 3432 CORBEIENSIS.

229 3487 367 3544 Xlll.
396 3487 454 3544 In
480 3488 564 3561 illa
599 3487 690 3546 die
716 3491 735 3522 ί
761 3503 1010 3561 egressus
1060 3497 1143 3544 est
1180 3488 1372 3561 .lesus,
1424 3499 1487 3561 et
1503 3490 1724 3547 sedebat

155 3559 308 3629 juxta
327 3575 492 3615 mare.
524 3558 592 3616 Et
617 3558 967 3631 congregatae
986 3567 1110 3612 sunt
1148 3559 1210 3611 ad
1239 3575 1361 3631 eum
1391 3559 1558 3613 turba:
1587 3561 1722 3614 mul-

159 3640 265 3694 tae,
289 3632 310 3662 '
339 3631 409 3685 ita
449 3642 504 3684 ut
525 3629 839 3688 ascenderet
869 3631 920 3683 in
972 3643 1158 3681 navem
1189 3635 1244 3681 et
1287 3629 1358 3681 ibi
1388 3631 1599 3684 sederet
1619 3673 1632 3692 .
1664 3642 1718 3686 et

153 3702 330 3754 omnis
354 3700 508 3754 turba
530 3701 581 3755 in
604 3701 789 3755 littore
812 3701 986 3754 stabat
1014 3715 1026 3750 :
1058 3707 1112 3752 et
1133 3698 1383 3767 loquutus
1422 3707 1505 3753 est
1539 3700 1602 3752 ad
1626 3717 1718 3756 eos

153 3773 315 3826 multa
339 3772 395 3839 in.
425 3772 728 3837 parabolis,
758 3770 939 3823 dicens
970 3787 982 3821 :
1019 3769 1158 3821 Exiit
1179 3767 1198 3799 ³
1244 3771 1534 3824 seminator
1560 3771 1719 3824 semi-

152 3855 281 3892 nare
303 3852 484 3892 semen
511 3853 688 3892 suum.
714 3841 777 3893 Et
799 3839 921 3891 dum
947 3839 1194 3898 seminat.
1219 3839 1478 3907 quaedam
1511 3842 1721 3896 cecide-

150 3915 276 3961 runt
301 3922 454 3962 secus
479 3909 649 3969 viam.
675 3918 730 3963 et.
756 3917 1013 3963 venerunt
1066 3909 1307 3962 volucres
1350 3910 1515 3974 coeli,
1546 3921 1598 3964 et
1627 3926 1719 3964 co-

148 3978 432 4050 mederunt
477 3993 560 4033 ea.
584 3978 607 4011 ⁸
628 3979 745 4034 Alia
776 3995 902 4032 vero
954 3977 1265 4032 ceciderunt
1294 3994 1454 4043 super
1497 3992 1712 4050 petrosa

151 4049 266 4102 loca
299 4049 390 4102 ubi
441 4061 704 4121 nouerat
757 4052 1143 4121 copiosaterra
1201 4066 1214 4102 :
1265 4057 1319 4104 et
1360 4050 1382 4081 '
1435 4049 1714 4107 confestim

150 4128 275 4172 nata
322 4129 462 4174 sunt.
509 4119 640 4190 Orto
695 4131 870 4176 autem
921 4120 1034 4174 sole
1089 4129 1393 4176 aestuantes
1464 4132 1717 4177 aruerunt

149 4203 217 4243 eo
271 4191 411 4258 quod
463 4206 570 4246 non
625 4191 883 4246 haberent
928 4190 1177 4244 radicem.
1224 4191 1340 4244 Alia
1403 4203 1577 4244 autem
1629 4207 1718 4245 ce-

147 4259 397 4314 ciderunt
449 4262 500 4314 in
547 4262 716 4327 spinis
768 4281 782 4314 :
833 4268 887 4313 et
936 4259 956 4289 ⁶
1017 4260 1372 4312 ascenderunt
1435 4262 1633 4326 spinae,
1663 4271 1716 4313 et

148 4328 546 4384 suﬂ‘uaiverunt
572 4331 680 4382 illa.
711 4330 826 4383 Alia
857 4337 1030 4381 autem
1063 4329 1373 4380 ceciderunt
1419 4329 1470 4378 in
1517 4338 1711 4380 terram

154 4399 344 4451 bonam
379 4416 392 4450 :
423 4407 479 4452 et
533 4400 552 4429 "
588 4398 814 4452 ederunt
834 4397 1082 4460 fructum,
1118 4395 1258 4447 aliud
1281 4395 1658 4461 centesimum,
1691 4398 1714 4429 ⁸

144 4467 287 4520 aliud
313 4463 902 4536 sexagesimum,aliud
932 4479 1059 4536 vero
1086 4463 1430 4518 tricesimum.
1475 4465 1575 4533 Qui
1621 4469 1716 4518 ba-

145 4536 236 4590 bet
260 4552 419 4592 aures
441 4534 484 4602 ’⁷,
528 4537 726 4592 audiat.
747 4535 811 4590 Et
835 4534 1152 4589 accedentes
1189 4537 1432 4603 discipuli
1463 4537 1714 4593 dixerunt

145 4606 196 4660 ei
223 4625 236 4660 :
267 4607 442 4675 Quare
488 4609 538 4663 iu
577 4607 844 4678 parabolis
885 4606 1116 4678 loqueris
1157 4607 1222 4678 ad
1249 4610 1386 4661 eos?
1426 4607 1467 4638 ¹⁰
1512 4608 1715 4674 Quibus

145 4679 479 4747 respondens
516 4676 632 4733 ait:
666 4677 923 4745 Quoniam
962 4676 1109 4732 Vobis
1151 4676 1332 4730 datum
1376 4687 1455 4732 est
1505 4681 1543 4710 ¹¹
1576 4679 1714 4734 scire

146 4761 340 4816 arcana
371 4750 461 4804 Dei
492 4768 506 4804 :
535 4750 640 4806 illis
660 4759 835 4804 autem
860 4762 965 4802 non
995 4756 1079 4802 est
1101 4749 1306 4802 datum.
1327 4749 1429 4816 Qui
1456 4751 1598 4805 enim
1624 4751 1717 4805 ha-

146 4815 256 4886 bet,
281 4819 492 4875 dabitur
518 4821 616 4887 illi,
634 4829 689 4876 et
713 4819 1035 4875 abundabit:
1062 4818 1154 4887 qui
1182 4815 1363 4873 autem
1389 4836 1494 4875 non
1528 4821 1711 4888 habet,

1101 410 1543 482 EVANGELIUM
1583 421 1950 481 SECUNDUM
1988 410 2414 481 mundam.

974 3251 1078 3291 non
1103 3237 1341 3304 habet,et
1355 3236 1496 3309 quod
1513 3237 1782 3295 babetau-

3187 419 3191 425 ’
3288 419 3394 478 2ξὲ

2240 536 2470 593 CODEX
2511 535 2952 593 VEBONENSIS.

2003 629 2231 688 CAPUT
2258 625 2398 685 Xlll.
2648 631 2699 684 6.
2752 640 2944 684 terrae.
2970 627 3102 685 Sole

1826 703 1878 757 1.
1937 702 2137 757 Eodem
2167 702 2254 754 die
2276 701 2352 770 (α)
2646 711 2823 755 autem
2851 709 2970 754 orto

1826 773 1958 827 exiit
1986 773 2026 842 -ιί
2053 771 2207 827 Jesus
2232 771 2306 842 (ὁ)
2645 779 3025 842 aestuaverunt

1826 857 1980 898 secus
2005 841 2176 908 mare,
2645 851 2699 896 et
2721 841 2843 910 quia
2871 855 2978 895 non
3009 841 3176 899 babe-

1825 925 1878 968 et
1908 912 2146 967 sedebat.
2649 912 2775 966 bant
2800 910 3034 966 radicem
3064 929 3218 970 arue-

1826 982 1877 1036 2.
1915 983 1982 1038 Et
1999 988 2352 1052 congregatae
2645 982 2697 1036 7.
2741 989 2882 1052 runt.
2914 978 3032 1036 Alia
3061 993 3240 1039 autem

1825 1053 2035 1108 suntad
2064 1051 2186 1107 eum
2210 1051 2221 1052 ί
2645 1051 2952 1108 ceciderunt
2981 1053 3032 1107 in
3062 1053 3170 1120 Spi-

1825 1126 2030 1186 turbae,
2055 1124 2126 1176 ita
2647 1124 2729 1178 nis
2757 1140 2772 1176 :
2802 1129 2859 1177 et
2884 1131 3168 1177 creverunt

1826 1203 1883 1250 ut
1912 1196 1963 1249 iu
1996 1195 2205 1265 navieu-
2643 1192 2850 1265 spinae,
2879 1201 2934 1247 et
2958 1192 3253 1250 suﬂocave-

1825 1265 1928 1319 lam
1960 1263 2292 1331 ascenderet,
2649 1263 2701 1319 8‘.
2738 1271 2864 1317 runt
2890 1277 2975 1320 ea.

1824 1345 1878 1390 et
1901 1335 2133 1400 sederet,
2649 1334 2764 1389 Alia
2789 1347 2922 1388 vero

1824 1415 1879 1459 et
1902 1419 2089 1459 omnes
2127 1405 2243 1458 tu'ro
2645 1405 2954 1459 ceciderunt
2982 1404 3032 1459 in
3061 1412 3170 1460 ter-

1827 1474 1923 1530 bae
1951 1475 2162 1528 stabant
2644 1490 2758 1530 ram
2785 1475 2975 1529 bonam
3007 1492 3022 1530 :
3049 1486 3104 1530 et
3123 1474 3222 1529 da-

1823 1547 1877 1602 3.
1911 1545 1962 1599 in
1987 1544 2166 1599 littore
2198 1562 2213 1600 :
2243 1550 2297 1600 et
2644 1543 2771 1600 bant
2795 1543 3045 1608 fructum,
3072 1553 3237 1614 quae-

1823 1615 2139 1670 locutus.est
2642 1613 2764 1670 dam
2793 1613 3210 1676 centensimum.

1823 1686 1890 1741 ad
1915 1700 2007 1740 eos
2034 1683 2197 1739 multa
2642 1685 2788 1741 aliud
2813 1685 3238 1753 sexagensimum
3257 1721 3273 1751 ,

1823 1756 1874 1811 in
1907 1754 2172 1825 parabolis
2646 1756 2778 1810 aliut
2806 1771 2932 1811 vero
2958 1756 3155 1810 tricen-

1827 1827 2014 1881 dicens
2043 1843 2056 1878 :
2346 1870 2348 1872 τ
2561 1859 2568 1866 -
2648 1825 2703 1882 9.
2748 1825 2964 1882 simum.
2994 1826 3094 1892 Qui
3126 1825 3286 1881 habet

1830 1898 1968 1952 Ecce
1988 1893 2116 1951 exiit
2143 1911 2232 1951 se-
2648 1911 2805 1952 aures
2824 1897 3096 1965 audiendi,

1833 1969 2065 2023 minator
2092 1968 2360 2022 seminare
2648 1967 2846 2022 audiat.

1830 2054 2015 2094 semen
2041 2053 2216 2094 suum.
2651 2039 2739 2095 10.
2756 2037 2821 2094 Et
2848 2052 3002 2096 acce-

1828 2107 1882 2163 4.
1929 2108 1993 2162 Ει
2020 2122 2139 2163 cum
2171 2109 2332 2163 semi-
2647 2109 2837 2164 dentes
2864 2110 2972 2165 dis-

1832 2189 1942 2242 nat,
1975 2177 2234 2247 quaedam
2647 2179 2810 2249 cipnli
2838 2180 2953 2248 ejus
2973 2181 3125 2235 dixe-

1827 2249 2138 2304 ceciderunt
2161 2263 2251 2304 se-
2647 2253 2773 2304 runt
2794 2251 2843 2304 ei
2873 2269 2886 2303 :
2915 2251 3091 2319 Quare

1827 2334 1922 2374 cus
1961 2319 2118 2385 viam,
2148 2329 2202 2373 et

1825 2398 2087 2444 venerunt
2107 2389 2256 2443 volu-

1826 2473 1946 2514 cres
1975 2459 2131 2526 caeli,
2161 2469 2215 2514 et

1825 2530 2172 2584 comederunt
2197 2543 2281 2585 ea.

1829 2598 1882 2655 5.
1935 2601 2206 2667 Quaedam
2239 2609 2417 2656 autem

1824 2670 2134 2725 ceciderunt
2161 2672 2214 2725 in

2648 2319 2701 2374 in
2729 2321 2996 2389 parabolis
3019 2321 3097 2374 lo—

2650 2392 2830 2458 queris
2857 2393 2922 2447 ad
2952 2392 3082 2447 eoa?

2653 2461 2741 2515 11.
2771 2461 2848 2516 Ad
2882 2464 2996 2530 ipse
3023 2474 3247 2531 respon-

2647 2533 2781 2586 dens
2807 2534 2880 2585 ait
2908 2534 3013 2586 illis
3043 2550 3055 2584 :

2647 2601 2784 2668 Quia
2814 2605 2967 2657 vobis
2991 2603 3174 2656 datum

2646 2681 2731 2726 est
2756 2687 2914 2726 nosse
2935 2673 3170 2724 misteria

1825 2750 2036 2808 petrosa
2066 2741 2204 2806 loca,
2646 2742 2796 2809 regni
2821 2759 2833 2793 :
2866 2741 2973 2796 illis
3001 2749 3178 2794 autem

1823 2810 1908 2863 ubi
1941 2825 2043 2863 non
2075 2811 2235 2863 habe-
2646 2826 2752 2866 non
2782 2819 2869 2866 est
2900 2811 3104 2865 datum.

1824 2879 1950 2945 bant
1982 2889 2178 2933 terram
2651 2883 2739 2935 12.
2756 2881 3013 2950 Quieuim

1822 2950 2041 3004 multam
2071 2964 2086 3013 ;
2115 2956 2170 3004 et
2194 2963 2324 3006 con-
2642 2951 2818 3016 habet,
2838 2953 3050 3007 dabitur

1822 3023 1971 3075 tinuo
1995 3021 2220 3076 exhorta
2644 3025 2728 3089 ei,
2752 3032 2808 3077 et
2829 3021 3120 3078 abundabit
3145 3037 3162 3076 :

1821 3100 1965 3157 sunt,
1998 3091 2122 3161 quia
2143 3107 2248 3147 non
2643 3095 2735 3162 qui
2756 3101 2935 3148 autem
2965 3108 3070 3147 non

1823 3163 2088 3235 habebant
2644 3161 2825 3235 habet,
2853 3174 2908 3219 et
2930 3161 3075 3235 quod

1821 3232 2157 3289 altitudinem
2645 3234 2805 3290 habet

2287 3369 2519 3428 CODEX
2547 3370 2940 3429 BRIXIANUS.

1825 3488 1882 3544 lu
1933 3489 2025 3544 illo
2080 3498 2258 3544 autem
2293 3489 2380 3544 die
2421 3470 2606 3545 exiens
2644 3490 2799 3545 Jesus
2841 3491 2909 3545 de
2945 3489 3125 3544 domo.
3179 3487 3401 3543 sedebat

1825 3573 1980 3613 seCUs
2011 3574 2176 3613 mare.
2213 3561 2276 3613 Et
2305 3572 2673 3615 convenerunt
2706 3562 2772 3615 ad
2808 3577 2928 3615 eum
2960 3560 3144 3614 turbae
3176 3559 3397 3612 multae.

1827 3631 1894 3682 ita
1928 3639 1983 3681 ut
2028 3630 2326 3682 naviculam
2353 3631 2666 3685 ascenderet
2710 3632 2898 3684 sedere
2937 3640 2991 3683 et
3023 3631 3196 3683 omnis
3248 3630 3398 3684 tui-lia

1822 3699 1992 3752 stabat
2023 3701 2074 3753 in
2109 3701 2283 3754 litore.
2313 3710 2366 3753 et
2397 3699 2605 3754 locutus
2629 3709 2713 3755 est
2741 3702 2819 3754 eis
2847 3701 3009 3754 multa
3051 3702 3103 3754 in
3133 3701 3398 3769 parabolis

1821 3769 2022 3823 dicens.
2078 3769 2214 3824 Ecce
2233 3770 2362 3824 exiit
2385 3771 2471 3837 qui
2501 3773 2728 3824 seminat
2749 3771 3036 3825 seminare.
3064 3772 3128 3825 Et
3165 3771 3287 3823 dum
3316 3787 3398 3820 se-

1821 3841 2004 3894 minat.
2033 3841 2290 3909 quaedam
2313 3857 2340 3894 c
2373 3851 2397 3877 δ
2425 3841 2736 3896 aeciderunt
2773 3841 2928 3894 Secus
2964 3845 3122 3895 viam.
3158 3851 3210 3892 et
3239 3853 3395 3891 venc-
3482 3840 3485 3844 ”

1822 3912 2204 3964 runtvolucres
2225 3921 2279 3965 et
2316 3912 2664 3966 comederunt
2687 3927 2772 3965 ea.
2800 3912 2916 3966 Alia
2946 3922 3117 3964 autem
3146 3924 3174 3958 c
3203 3917 3226 3943 α
3256 3909 3395 3958 αρε-ἰ-

1804 3980 2011 4034 .(Ιειίιιιι
2037 3981 2089 4035 in
2120 3992 2353 4050 petrosn.
2384 3982 2472 4036 ubi
2505 3999 2610 4035 non
2637 3983 2861 4034 habebat
2892 3977 3324 4050 terramniultam
3345 3985 3397 4031 et

1817 4053 2072 4104 continuo
2101 4045 2286 4105 exorta
2313 4061 2439 4104 sunt
2463 4054 2586 4118 quia
2615 4068 2720 4105 non
2754 4049 3019 4100 habebant
3062 4045 3393 4100 altitudinem

1820 4129 2012 4174 terrae.
2040 4121 2166 4175 Sole
2195 4131 2372 4174 autem
2413 4131 2553 4173 orto.
2604 4126 2966 4173 estuaveruut.
3011 4125 3062 4170 et
3110 4119 3234 4184 quia
3288 4135 3392 4171 nou
3457 4158 3462 4164 .

1818 4189 2089 4242 habebant
2111 4192 2344 4243 radicem
2379 4200 2657 4243 aruerunt.
2692 4190 2804 4241 Alia
2857 4202 3042 4240 autem
3081 4189 3396 4242 ceciderunt

1819 4259 1871 4309 in
1895 4260 2085 4325 spinis.
2118 4273 2171 4312 et
2203 4259 2565 4311 ascenderunt
2591 4261 2776 4326 spinae
2797 4267 2851 4311 et
2882 4257 3279 4312 sufl'ocaveiunt
3310 4274 3392 4312 ca.

1815 4325 1934 4379 Alia
1967 4341 2094 4378 vero
2121 4340 2150 4378 c
2175 4326 2202 4365 δ
2238 4329 2521 4382 ecidcrunt
2555 4330 2605 4381 in
2626 4325 2842 4381 terrain
2873 4328 3086 4381 bonam.
3119 4342 3170 4382 et
3199 4331 3396 4382 dabant

1816 4394 2070 4470 fructum.
2121 4398 2265 4470 aliud
2321 4399 2696 4470 centesimum.
2762 4397 2905 4452 aliud
2973 4401 3390 4470 sexagesimum.

1815 4466 1958 4519 aliud
1990 4466 2344 4521 tiicesitnum.
2370 4469 2467 4533 Qui
2495 4470 2651 4524 habet
2673 4485 2833 4524 aures
2873 4466 3130 4525 audiendi
3158 4471 3336 4523 audiat
3370 4479 3391 4506 ο

1817 4536 1891 4610 Et
1915 4540 2238 4610 accedentes
2260 4540 2507 4610 discipuli
2532 4545 2651 4608 ejus
2671 4541 3000 4596 dixeruntei.
3025 4543 3198 4606 Quare
3227 4540 3277 4592 iu
3305 4554 3396 4610 pa-

1818 4608 2021 4680 rabolis
2075 4611 2309 4680 loqueris
2363 4608 2464 4666 eis.
2518 4613 2597 4666 Ad
2649 4613 2738 4666 ille
2791 4610 3120 4678 respondens
3166 4611 3238 4662 ait
3271 4608 3387 4680 illis.

1815 4677 1949 4746 Quia
1983 4677 2350 4736 vobis—datum
2392 4695 2473 4736 est
2512 4697 2674 4737 nosse
2697 4677 3004 4751 mysterium
3038 4680 3184 4747 regni
3214 4679 3392 4751 caelo-

1817 4764 1959 4802 rum.
2018 4751 2130 4806 illis
2174 4761 2352 4807 autem
2384 4767 2489 4806 non
2531 4746 2843 4807 estdatum.
2891 4750 2990 4815 Qui
3041 4746 3183 4800 enim
3237 4746 3396 4799 habet

1815 4819 2032 4877 dabitur
2059 4824 2131 4878 ei.
2177 4833 2230 4878 et
2271 4823 2583 4878 abundabit.
2624 4824 2714 4892 qui
2760 4829 2937 4874 autem
2984 4832 3089 4872 non
3125 4817 3302 4872 habet.
3340 4825 3396 4872 et

833 4969 1216 5027 VABIANTES
1254 4965 1634 5033 LECTIONES
1662 4975 1926 5038 CODICIS
1961 4981 2075 5038 MS.
2111 4983 2168 5038 S.
2210 4969 2716 5037 GERMANENSIS.

207 5089 225 5120 ί
261 5089 438 5138 exiit...
461 5078 609 5139 secus
1078 5078 1085 5082 ’
1114 5131 1120 5143 .

205 5150 225 5179 ³
260 5152 325 5199 ita
349 5151 472 5199 utin
497 5149 760 5200 naviculam
782 5148 1068 5199 ascenderet
1091 5151 1143 5198 et
1162 5147 1419 5200 sederet...

209 5210 229 5241 ³
259 5211 341 5260 aui
363 5212 569 5259 seminat
598 5211 860 5260 seminare.
883 5208 946 5259 Et

209 5223 229 5241 ι
259 5223 341 5271 qui
363 5223 569 5259 semmat
598 5223 860 5260 seminare.
883 5223 946 5259 ut

203 5273 226 5344 ξ
257 5271 504 5344 Quaedam
525 5279 687 5344 autem
704 5270 986 5344 ceciderth
1198 5281 1413 5337 petrosa,
1437 5275 1520 5326 ubi

205 5333 226 5364 ⁸
259 5333 483 5381 continuo
502 5339 692 5395 exorta,
714 5338 833 5394 etc.,
851 5337 902 5383 ut
931 5330 1151 5397 Vulgata.

205 5395 226 5424 ⁶
258 5399 521 5444 creverunt

1876 5096 1899 5186 ἔ
1932 5093 2106 5204 gabant
2127 5093 2351 5155 fructum,
2378 5094 2617 5157 quaedam

1875 5217 1896 5247 ο
1932 5217 2157 5247 audiant“
2221 5217 2324 5247 anuli

1875 5217 1896 5247 ⁸
1930 5215 2159 5265 audiendi
2177 5251 2194 5277 ,
2219 5217 2400 5268 audiet.

1873 5277 1921 5369 ἒξ
1952 5275 2865 5369 51.125353295326933alia:0""

1951 5352 2092 5390 nosse
2116 5345 2399 5406 mysterium
2422 5345 2596 5406 regni:
2620 5342 2716 5392 illis

1436 5493 1800 5553 BLANCHINI
1837 5496 2066 5556 ΝΟΤΛΕ.

212 5591 238 5651 9
268 5583 372 5638 ain
395 5581 734 5650 caeciderunt,
763 5581 977 5651 extrita,
1005 5585 1080 5640 uti
1110 5592 1164 5642 et
1192 5585 1349 5643 intra.

214 5650 241 5690 δ
271 5671 303 5706 a
328 5653 546 5710 extrita.

222 5733 243 5762 ε
274 5721 448 5780 Locus
484 5725 587 5784 iste
625 5731 710 5781 est
737 5734 935 5780 vacuus
963 5722 1017 5780 ln
1037 5725 1243 5797 codice,
1274 5737 1329 5786 et
1357 5727 1568 5784 videtur
1585 5729 1706 5803 qut-

1810 5591 1938 5679 dem_
1965 5595 2035 5677 ibi
2068 5595 2276 5679 litteras
2304 5596 2492 5662 fuisse,
2523 5599 2618 5674 sed
2646 5597 2841 5653 deletae
2878 5594 3090 5679 penitus
3118 5597 3261 5646 sunt.
3291 5604 3391 5646 nec

1805 5667 2085 5738 vestigium
2118 5667 2281 5722 ullum
2311 5679 2578 5744 superest.
2608 5672 2612 5674 ’
2886 5667 2893 5679 '
3339 5699 3342 5702 .

213 5862 289 5949 (α)
332 5861 408 5924 Ita
433 5870 490 5924 et
522 5864 642 5930 cod.
673 5864 827 5930 Cum.
859 5864 1088 5939 sane».
1111 5893 1182 5912 --
1214 5866 1293 5946 (ὁ)
1331 5867 1489 5936 Deest
1515 5866 1578 5927 de
1599 5865 1750 5937 dom
1761 5868 1922 5936 etiam
1945 5867 1998 5928 lu
2021 5865 2142 5927 cod.
2169 5864 2321 5927 Cant.
