3854 6406
155 406 176 463 I
187 404 293 460 035

1074 403 1488 463 MORIENDUM
1532 404 1695 462 ESSE
1732 404 1869 462 PRO
1910 403 2020 461 DEI
2063 402 2242 461 FILIO
2282 404 2505 464 LIBER.

3293 411 3436 473 1034

147 523 224 578 sis
252 522 541 587 mandens,
573 531 775 587 tamen,
810 527 954 577 tuam
983 524 1185 580 rabiem
1236 524 1380 594 quod
1411 539 1438 577 a
1468 524 1583 579 Deo
1612 540 1738 595 pro-
1764 528 1814 589 Α
1840 524 2192 584 abstulerisa
2226 522 2403 587 nobis,
2442 537 2836 593 prmsumamus
2887 526 3057 596 magis
3106 542 3268 596 posse
3307 544 3439 585 con-

147 615 279 668 tecti
321 612 629 685 superaturi
673 626 881 680 sumus,
911 623 1121 671 certum
1150 626 1273 671 tene
1299 633 1313 680 ;
1340 631 1439 671 nec
1466 617 1519 670 in
1544 631 1610 670 eo
1642 632 1738 671 nos

149 705 435 776 despicere
461 704 723 774 digneris,
754 706 896 775 quod
927 708 1112 762 videas
1153 724 1383 775 corpora
1419 718 1603 762 nostra
1632 708 1740 764 fra-

145 801 276 870 gilia
310 800 489 871 ;quod
515 809 600 855 est
644 801 789 855 enim
838 804 1199 871 potissimum.
1231 805 1513 873 sapientize
1546 813 1572 840 ι
1604 802 1737 857 recti

145 906 210 946 ac
233 892 425 946 muniti
460 892 726 957 valemus,
757 894 1017 949 habentes
1042 908 1265 951 ornatus
1296 913 1358 951 ac
1406 897 1737 950 munimenta

148 985 203 1040 in
227 986 508 1051 cordibus,
535 1000 597 1038 ac
627 987 878 1042 sensibus
910 992 1133 1044 nostris.
1160 989 1315 1045 Unde
1348 1003 1491 1043 nunc
1524 1003 1621 1042 nos
1651 1004 1740 1043 or-

145 1086 305 1131 natos
337 1075 619 1130 videmus?
641 1078 782 1133 unde
835 1079 1073 1133 munitos
1103 1096 1167 1134 ac
1198 1091 1348 1133 tutos
1402 1096 1524 1133 esse
1573 1080 1739 1133 senti-

146 1169 315 1223 mus?
343 1168 485 1224 unde
510 1186 607 1225 nos
636 1174 913 1242 sapientes
943 1176 1373 1244 cognoscimus?
1404 1176 1505 1227 nisi
1536 1176 1659 1240 quia
1684 1183 1738 1229 et

144 1260 537 1329 blasphemiam
568 1272 711 1319 luam
741 1267 995 1331 vitemus,
1018 1275 1073 1319 et
1098 1266 1344 1320 mortalia
1374 1282 1601 1336 corpora
1636 1283 1736 1321 no-

143 1362 255 1408 stra
281 1362 375 1407 tuo
404 1356 519 1409 ensi
543 1367 821 1425 gratanter
844 1370 1063 1427 propter
1094 1360 1183 1412 liei
1216 1358 1406 1412 Filium
1439 1360 1735 1425 tradamus,

143 1447 385 1501 scientes
417 1450 583 1516 quod,
638 1464 757 1502 cum
809 1461 1085 1505 terrenum
1134 1464 1376 1504 n0strum
1403 1451 1733 1505 domicilium

145 1538 463 1594 interﬁcere
495 1540 750 1605 valueris,
794 1545 1043 1609 coaleste,
1085 1546 1228 1614 quod
1261 1546 1575 1610 habeamus,
1610 1545 1733 1613 quia

144 1631 459 1688 interﬁcere
494 1648 599 1689 non
629 1636 827 1705 possis.
882 1636 1088 1691 Idcirco
1136 1636 1338 1692 etenim
1387 1639 1527 1692 bona
1555 1638 1730 1703 nobis,

144 1730 395 1795 malaque
416 1731 688 1799 pr0posita
719 1746 840 1785 esse
887 1734 1157 1796 novimus,
1193 1742 1251 1785 ut
1293 1733 1373 1785 vis
1401 1735 1577 1785 omnis
1608 1748 1735 1801 pru-

146 1820 346 1877 dentiae
381 1833 583 1876 nostra:
610 1825 661 1877 in
703 1824 1082 1879 discernendis
1113 1826 1269 1880 bonis
1319 1826 1585 1894 malisque
1611 1842 1731 1881 ver-

1839 615 1996 683 ferri,
2046 626 2100 672 et
2157 616 2378 685 quidem
2448 629 2667 685 prapter
2714 628 3097 689 temp-ranam
3147 631 3434 691 a-ternam,

1840 720 2066 778 propter
2092 708 2341 778 fragilem
2372 719 2427 763 et
2454 710 2712 766 caducam
2739 712 3211 783 incorruptibilem
3239 727 3295 771 rt
3313 734 3434 787 per-

1839 810 2076 869 petuam.
2097 799 2213 854 Non
2233 801 2488 856 sufficere
2507 802 2814 857 tibiceuses
2830 804 3150 861 conﬁtentes
3176 822 3236 863 se
3266 808 3432 864 Chri-

1838 895 2046 947 stianos
2106 902 2315 947 tantum
2363 894 2545 964 gladio
2569 911 2691 951 esse
2722 896 3062 964 plectendos,
3094 899 3195 955 nisi
3246 904 3431 957 omnia

1838 997 2037 1051 genera
2086 986 2479 1055 suppliciorum
2527 989 3029 1053 eoruminﬁixeris
3082 995 3425 1064 corporibus.

1838 1076 1988 1133 Nihil
2017 1080 2367 1151 interestque
2380 1096 2583 1151 genere
2606 1086 2797 1138 mortis
2822 1100 2919 1139 nos"
2949 1085 3143 1154 punire
3164 1087 3426 1158 digneris,

1839 1170 1968 1225 dum
2015 1187 2109 1241 per
2161 1174 2275 1228 tunc
2329 1174 2397 1229 ad
2450 1176 2612 1229 vitam
2658 1176 3037 1246 perfruendam
3077 1180 3432 1238 admittamur

1838 1274 2124 1331 aeternam,
2154 1266 2279 1322 dum
2302 1284 2402 1339 per
2430 1269 2545 1324 hzec
2594 1278 2682 1324 tua
2712 1271 3068 1329 mortificetur
3094 1275 3292 1341 rabies,
3327 1292 3429 1331 nos

1836 1370 2025 1415 contra
2059 1361 2417 1419 vivilicemur.
2468 1364 2524 1420 Si
2573 1368 2717 1420 enim
2771 1367 3024 1421 misi-rum
3055 1377 3232 1438 putas,
3279 1370 3425 1439 quod

1838 1455 2019 1507 malim
2048 1456 2241 1523 quovis
2283 1457 2491 1512 crudeli
2541 1459 2810 1527 supplicio
2836 1475 2932 1529 pro
2962 1461 3057 1514 Dei
3089 1463 3317 1517 interﬁci
3341 1464 3428 1519 Fi-

1838 1546 1932 1610 lin,
1965 1555 2023 1600 ut
2077 1548 2321 1601 omittam
2354 1558 2611 1604 aeternam
2668 1551 2951 1606 beatorum
2982 1565 3280 1627 martyrum
3312 1558 3429 1627 glo-

1836 1639 1993 1701 riam,
2022 1654 2365 1709 quoeumque
2391 1658 2587 1711 genere
2610 1657 2731 1698 esse
2754 1646 3092 1701 moriendum
3114 1649 3249 1704 scio.
3276 1650 3424 1707 Dabo

1832 1729 2066 1800 denique
2091 1732 2182 1786 tibi
2204 1733 2428 1797 multos,
2449 1735 2537 1803 qui
2558 1735 2611 1788 in
2639 1734 2853 1790 lectulis
2877 1737 3153 1795 crudelius
3175 1754 3421 1810 pereant,

1831 1840 1967 1894 quos
1999 1826 2231 1881 interior
2288 1827 2468 1897 aliqua
2524 1829 2845 1898 suppuratio
2878 1831 3103 1901 inﬂavit,
3149 1845 3201 1888 et
3234 1851 3429 1891 nervo-

144 1924 379 1969 saretur.
409 1915 545 1983 Quid
565 1917 788 1971 stultius
837 1918 938 1971 nisi
970 1928 1135 1973 temet
1163 1934 1288 1973 vere
1319 1919 1482 1973 Deum
1511 1921 1733 1987 negare?
1764 1908 1811 1969 Β
1838 1935 1955 1973 rum
1987 1935 2173 1975 secum
2206 1920 2521 1976 luctantium
2550 1922 2740 1979 dolore
2768 1930 3060 1980 contraxit.
3085 1926 3321 1984 Interest
3360 1946 3425 1985 ex

143 2009 269 2078 quid
326 2010 650 2078 sapientius,
683 2026 842 2081 quam
900 2011 1197 2066 nefandum
1228 2024 1374 2067 tuum
1407 2016 1614 2068 calcare
1638 2029 1730 2068 ca-

144 2110 239 2172 put
280 2114 335 2156 et
383 2102 495 2157 Deo
546 2114 766 2173 propter
799 2104 899 2159 hoc
947 2106 1158 2174 placere
1211 2106 1410 2160 factum
1442 2106 1464 2159 ἲ
1492 2106 1625 2161 Hinc
1652 2116 1736 2161 est

142 2194 286 2264 quod
323 2195 588 2263 perspicis
610 2196 863 2250 omnibus
896 2198 1093 2250 nostris
1121 2198 1326 2251 viribus
1352 2214 1447 2252 n0s
1470 2209 1611 2252 stare
1641 2214 1733 2266 pa-

147 2294 296 2338 ratos
325 2284 378 2339 in
404 2301 576 2355 agone
613 2286 859 2355 justiti-.13,
891 2288 993 2341 ﬁde
1033 2288 1262 2357 integra,
1294 2290 1489 2343 virtute
1517 2291 1728 2355 devota,

144 2386 330 2431 mente
364 2378 674 2449 incorrupta
719 2379 786 2432 ad
842 2381 1015 2435 aciem
1058 2393 1225 2447 stare,
1256 2398 1374 2449 qua:
1427 2398 1519 2451 per
1573 2392 1624 2437 te
1654 2383 1735 2437 in-

145 2465 287 2521 dicta
311 2479 419 2533 est,
450 2470 616 2524 divini
644 2470 668 2507 ι»
700 2472 901 2525 milites
936 2474 1235 2527 interritos.
1297 2474 1531 2529 Fortiter
1573 2476 1732 2529 etiam

52 2568 53 2595 ἶ
146 2572 396 2631 portatur
425 2580 453 2616 a
502 2568 659 2620 nobis
714 2578 921 2621 scutum
980 2568 1127 2631 ﬁdei,
1163 2568 1305 2623 unde
1336 2579 1390 2623 et
1420 2581 1733 2641 protegente

155 2656 267 2711 Deo
288 2656 548 2727 quidquid
581 2660 828 2714 manibus
866 2662 972 2713 tuis
1008 2661 1255 2715 diabolus
1302 2662 1591 2728 iaculatur,
1640 2679 1734 2717 ex-

52 2752 57 2767 '
146 2751 465 2820 stinguitur,
492 2753 618 2820 quia
654 2752 863 2805 caleiati
914 2763 1040 2807 sunt
1082 2754 1251 2806 nostri
1281 2756 1590 2823 evangelico
1620 2770 1733 2809 ma-

52 2850 57 2879 ι
144 2842 372 2912 gisterio
405 2886 419 2911 ,
459 2855 515 2899 et
562 2846 761 2899 armati
806 2845 969 2914 pedes
998 2847 1321 2901 calcaribus.
1367 2848 1445 2901 Tu
1487 2848 1615 2902 licet
1657 2850 1732 2903 sis

52 2942 59 2973 τ
146 2944 431 3004 angustus,
465 2944 520 2991 et
553 2946 573 2974 ε
601 2937 652 2991 in
682 2946 733 2991 te
763 2937 1031 2990 obteritur
1072 2937 1287 3006 rugiens
1310 2939 1361 2990 in
1386 2948 1623 2993 nostram
1654 2940 1732 2993 in-

52 3042 55 3067 τ
144 3028 386 3081 sontium
416 3043 603 3083 necem
646 3043 911 3096 serpens;
946 3029 1212 3098 siquidem
1256 3030 1505 3084 mordere
1531 3041 1584 3085 et
1608 3048 1733 3100 sup-

145 3120 395 3189 plantare
434 3136 531 3191 per
576 3132 627 3175 te
664 3121 975 3177 carniﬁcem
1026 3137 1184 3178 suum
1238 3140 1345 3178 non
1399 3127 1729 3195 prrevaleat:

54 3230 61 3243 δ
147 3215 321 3283 premi
357 3215 559 3269 etenim
611 3230 710 3269 nos
740 3230 837 3285 per
863 3226 913 3269 te
936 3217 1049 3269 vult
1096 3216 1259 3279 Deus,
1285 3232 1391 3271 non
1442 3217 1624 3288 utique
1664 3218 1733 3272 ad

1836 2027 1937 2081 qua
1960 2027 2147 2079 causa,
2179 2030 2286 2067 non
2318 2029 2384 2069 ex
2410 2030 2519 2083 quo
2548 2016 2815 2085 pendeam
2862 2020 3068 2088 stipite.
3094 2020 3233 2088 Quid
3264 2022 3421 2090 dicis,

1836 2120 1929 2159 rex
1958 2106 2273 2161 stultissime
2301 2109 2324 2160 ?
2350 2108 2529 2179 inique
2577 2110 2628 2163 in
2671 2109 2774 2165 ista
2807 2113 3099 2182 supplicia,
3141 2116 3195 2171 in
3237 2118 3425 2188 hujus-

1837 2197 1977 2251 modi
2003 2213 2217 2267 poenam
2248 2199 2436 2255 mittor
2462 2216 2491 2255 a
2519 2209 2591 2268 te,
2621 2217 2689 2257 an
2720 2202 2911 2273 juste?
2942 2207 2984 2261 si
3010 2206 3215 2277 inique,
3244 2219 3329 2266 tua
3365 2215 3423 2266 ti-

1835 2292 2013 2360 gentis
2040 2292 2142 2347 erit
2184 2309 2341 2361 crux,
2392 2311 2497 2351 non
2528 2312 2645 2352 mea
2694 2315 2854 2366 quem
2896 2299 3083 2355 ﬁxeris
3117 2320 3131 2357 :
3163 2303 3207 2357 si
3253 2305 3423 2373 juste,

1836 2383 1995 2451 culpa
2029 2399 2145 2438 mea
2179 2401 2265 2439 me
2286 2385 2531 2440 criminis
2562 2390 2691 2450 mei,
2737 2406 2843 2443 non
2875 2404 3028 2458 pcena
3057 2400 3143 2444 tua
3171 2402 3425 2462 torquere

1836 2473 2076 2543 incipiet.
2101 2474 2373 2531 Cancrum
2402 2488 2660 2544 quantum
2690 2480 2755 2533 ad
2782 2480 2983 2534 exitum
3016 2482 3145 2536 nihil
3176 2484 3424 2553 interest,

1833 2567 1985 2621 clavo
2017 2584 2113 2637 per
2158 2578 2209 2623 te
2238 2584 2302 2622 an
2338 2570 2526 2626 lancea
2577 2572 2797 2635 moriar,
2826 2574 3091 2630 restrictis
3121 2588 3243 2646 post
3275 2590 3424 2651 terga

1834 2658 2083 2713 manibus
2130 2675 2197 2713 an
2228 2662 2498 2729 porrectis
2554 2665 2905 2733 sparsisque;
2939 2676 3117 2721 utrum
3165 2685 3421 2741 pronum,

1834 2752 2140 2823 incurvum,
2166 2770 2231 2807 an
2279 2764 2486 2809 rectum
2510 2765 2565 2811 et
2593 2756 2821 2825 editum,
2852 2760 2986 2815 nihil
3028 2764 3197 2817 refert
3244 2775 3423 2821 utrum

1834 2848 2203 2915 quiescentem
2224 2863 2308 2901 me
2336 2849 2388 2901 in
2419 2848 2621 2903 lectulo
2644 2850 2881 2915 occidas,
2901 2868 2969 2907 an
2995 2856 3265 2911 cervicem
3289 2860 3424 2914 mihi

1833 2941 1993 2993 stanti
2028 2938 2233 2994 incidas
2261 2940 2463 3010 gladio,
2492 2956 2559 2995 an
2587 2943 2763 2996 securi
2790 2954 2951 3013 caput
2980 2947 3218 3013 auferas,
3259 2964 3327 3003 an
3351 2952 3421 3004 ad

1834 3032 2010 3100 palum
2042 3048 2228 3096 me,an
2255 3032 2320 3086 ad
2344 3048 2563 3088 crucem
2593 3034 2808 3104 alliges,
2834 3036 2956 3105 igne
2986 3048 3219 3109 torreas,
3245 3057 3311 3096 an
3347 3045 3426 3096 vi-

1837 3138 1963 3177 vum
2010 3122 2175 3177 bumo
2222 3124 2448 3189 condas,
2509 3140 2643 3180 saxo
2670 3128 2991 3197 prsecipites,
3025 3146 3095 3186 an
3143 3133 3195 3186 in
3252 3135 3422 3189 maria

1838 3230 2049 3282 mergas
2079 3256 2093 3280 ,
2146 3215 2505 3285 labandagine
2530 3226 2552 3252 ο
2584 3218 2790 3286 magnis
2815 3219 3020 3274 viribus
3061 3235 3297 3280 conatus
3319 3242 3429 3280 uno

54 3324 63 3353 ι
147 3306 271 3372 hoc,
323 3316 383 3361 ut
435 3308 592 3363 tidem
648 3310 861 3379 iterque
919 3309 1236 3364 deseramus
1284 3311 1730 3381 patriarcharum,
1764 3292 1809 3353 C
1842 3307 2148 3361 vastissimo
2177 3308 2283 3361 ictu
2313 3308 2471 3376 longe
2496 3324 2522 3359 a
2554 3324 2639 3363 me
2670 3325 2848 3363 meum
2879 3321 3049 3381 caput
3068 3318 3335 3383 excutias,
3359 3334 3427 3371 an

58 3418 63 3445 :
148 3402 522 3471 apostolorum
564 3418 625 3457 ac
654 3414 974 3472 martyrum,
1011 3402 1105 3457 sed
1138 3404 1391 3459 utcoaeti
1442 3420 1470 3458 a
1523 3415 1574 3460 te
1615 3408 1736 3461 uni-

146 3508 267 3549 cum
303 3510 507 3564 negare
538 3494 737 3550 Filium
788 3496 884 3549 Dei
917 3507 1143 3549 mortem
1198 3498 1359 3551 etiam
1411 3498 1596 3552 subire
1628 3514 1733 3553 non

54 3604 61 3635 ι
146 3599 487 3642 recusemus.
515 3586 631 3641 Non
656 3600 845 3641 sumus
868 3597 925 3639 ut
956 3596 1009 3641 tu
1042 3588 1179 3641 adeo
1209 3589 1358 3641 stulti
1386 3604 1450 3642 ac
1474 3591 1733 3659 perversi,

54 3700 61 3729 π
146 3687 200 3729 ιιι
230 3678 483 3732 malimus
512 3678 771 3733 salutaria
806 3690 1083 3743 excutere,
1114 3682 1358 3733 mortalia
1393 3696 1521 3735 vero
1566 3683 1735 3735 susci-

147 3784 317 3838 pere;
345 3784 453 3824 non
486 3785 677 3824 sumus
701 3770 1012 3839 prmsidium
1060 3770 1299 3825 cmlestis
1343 3772 1625 3825 medicina:
1650 3772 1732 3823 fu-

56 3882 69 3919 ς
145 3860 377 3930 gientes.
411 3860 801 3929 Prospicimus,
831 3860 857 3899 ἀ
882 3861 1026 3931 quod
1068 3863 1214 3917 enim
1247 3862 1374 3916 licet
1397 3862 1542 3917 ferro
1566 3863 1736 3919 medi—

146 3966 240 4007 cus
270 3963 441 4019 secet,
459 3956 705 4009 cauterio
737 3965 878 4020 urat,
908 3957 1113 4025 sinapis
1144 3956 1394 4011 incendio
1422 3956 1487 4013 ad
1518 3973 1731 4013 omnem

54 4072 71 4089 ρ
146 4044 394 4101 dolorem
426 4061 633 4115 aegrum
680 4046 932 4112 deducat,
988 4058 1165 4104 tamen
1198 4063 1299 4105 nec
1339 4050 1535 4115 secari,
1570 4050 1732 4115 inuri,

147 4137 329 4203 exedi,
360 4138 711 4206 morderique
741 4152 863 4194 esse
894 4140 1173 4195 inimicum
1218 4159 1229 4193 :
1260 4140 1461 4213 quippe
1482 4141 1623 4212 quod
1658 4142 1736 4196 id-

56 4258 75 4299 ;-
145 4231 293 4286 circo
339 4231 538 4286 bonum
589 4231 679 4298 sit,
733 4233 861 4299 quia
889 4232 1107 4288 dolores
1136 4234 1356 4289 inutiles
1397 4233 1603 4291 auferat
1639 4249 1735 4304 per

56 4362 65 4391 ε
146 4322 420 4378 adhibitos
451 4324 644 4379 salutis
673 4338 836 4379 causa
868 4324 1243 4381 dolores.V’ult
1292 4341 1389 4381 nos
1422 4327 1565 4382 Deus
1593 4342 1735 4383 mor-

70 4454 75 4475 ,
146 4423 252 4471 tem
298 4427 473 4472 morte
501 4416 824 4483 dissolvere,
854 4418 1142 4473 tormentis
1174 4422 1516 4489 temporariis
1534 4430 1732 4476 :eterna

145 4511 515 4566 cruciamenta
569 4510 866 4576 discutere,
920 4511 1185 4581 supplicia
1244 4512 1421 4568 futura
1474 4524 1734 4583 perpetua

56 4632 69 4669 μ
147 4602 254 4658 tuis
276 4603 559 4673 suppliciis
580 4612 844 4659 evac’uare
868 4618 882 4669 ;
907 4602 963 4657 bi
985 4604 1255 4670 videlicet,
1283 4605 1393 4676 qui,
1423 4621 1542 4660 cum
1568 4606 1731 4661 vitam

218 4790 244 4818 ⁸
268 4781 436 4837 Forte
460 4782 734 4849 sapientia.

216 4850 245 4889 δ
280 4852 375 4923 Yet
406 4853 605 4923 aliquid
636 4854 809 4917 deost,
842 4854 927 4908 vel
962 4854 1245 4919 legendum
1290 4850 1387 4905 Dei
1419 4852 1626 4906 milites.

221 4930 242 4959 ε
277 4921 468 4977 Tamen
499 4921 550 4977 in
577 4935 621 4976 te
646 4924 911 4977 obteritur.
941 4925 1189 4979 Galland.
1220 4924 1310 4994 qui
1334 4924 1623 4978 editionem
1644 4922 1736 4977 Ti-

56 4990 77 5035 ι’
148 4990 345 5063 lianam
375 4995 441 5047 ita
488 4995 727 5049 exhibet.
764 5004 809 5046 et
837 4995 888 5047 in
942 4996 1209 5063 obteritur,
1240 4990 1361 5049 cum
1394 5005 1541 5049 recte
1586 4996 1636 5048 in
1669 5010 1732 5049 ea

147 5061 378 5129 legatur,
410 5067 526 5118 etin
554 5078 600 5118 te
620 5065 879 5118 obteritur.

218 5130 245 5169 ά
267 5133 481 5189 Lucifer
507 5136 607 5191 lioc
642 5137 693 5189 in
726 5136 865 5199 loco,
896 5134 970 5187 uti
992 5142 1178 5189 monet
1204 5132 1508 5188 Cotelerius
1534 5136 1585 5188 in
1618 5144 1731 5189 not.

150 5202 389 5271 subjecta
423 5206 518 5259 lib.
548 5222 584 5260 ll
613 5206 843 5261 Constit.
871 5206 1059 5273 Apost.
1087 5204 1313 5270 cale.
1347 5206 1585 5257 imitatur
1602 5206 1735 5259 Ter-

152 5274 431 5344 t_ul|iannm
454 5276 507 5329 in
532 5280 830 5344 Scorpiaco
844 5292 963 5344 cap.
984 5276 1037 5335 5,
1062 5275 1217 5344 cujus
1243 5276 1355 5328 luce
1382 5275 1547 5328 verba
1577 5284 1723 5329 sunt:

70 5354 79 5379 -‘
152 5342 241 5396 Est
263 5347 415 5415 plane
440 5349 584 5414 quasi
616 5342 809 5401 sterilia
851 5342 1141 5405 medicina,
1168 5346 1230 5397 de
1257 5346 1523 5409 scalpello,
1564 5345 1728 5414 deque

58 5432 79 5467 ςέ
150 5417 394 5477 cauterio,
412 5424 474 5467 de
488 5419 683 5483 sinapis
708 5419 942 5472 incendio
966 5434 1095 5471 :non
1113 5429 1276 5469 tamen
1296 5417 1473 5477 aerari,
1502 5428 1549 5468 et
1565 5418 1722 5480 inuri,

150 5495 197 5559 et
222 5486 535 5559 extendilal.
558 5489 725 5559 exedi,
770 5487 1109 5559 morderique)
1142 5487 1330 5540 idcirco
1384 5489 1578 5540 malum
1606 5488 1728 5557 quia

62 5592 75 5609 ιι
152 5554 349 5609 dolores
376 5558 528 5609 utiles
565 5558 738 5623 alfert.

221 5637 244 5662 ε
275 5628 452 5700 Dictiu
486 5629 732 5700 barbara,
766 5646 863 5695 pro
895 5629 1066 5685 forma
1098 5629 1327 5700 quadam
1362 5629 1727 5693 instrumenti,

58 5738 71 5753 η
102 5726 129 5749 νο
150 5696 288 5768 quod
320 5698 368 5749 vi
396 5697 717 5753 ducebatur.
765 5701 918 5758 Unde
950 5696 1131 5755 etiam'
1159 5700 1296 5767 apud
1330 5718 1425 5751 nos
1460 5700 1588 5752 illml
1620 5714 1729 5768 quo

102 5812 107 5817 .
150 5767 354 5841 balistm
385 5767 699 5841 tenduntur,
720 5781 943 5825 vocatur
972 5770 1333 5841 bendage.TiI.
1368 5778 1423 5825 et
1450 5770 1493 5821 la
1520 5767 1723 5841 Ilerda.

58 5878 85 5911 ν
149 5837 341 5911 Contra
373 5840 534 5911 sentit
579 5838 815 5911 Cangius
860 5845 914 5896 in
945 5837 1252 5911 Glossfqui
1298 5844 1455 5894 aliam
1504 5840 1726 5895 Gallicae

151 5912 295 5967 vocis
320 5908 549 5979 bendage
578 5908 1025 5978 significationem
1058 5908 1195 5969 essei
1230 5912 1507 5970 Contendit
1533 5930 1547 5966 :
1578 5918 1729 5983 putat

577 6008 854 6069 Ριτκοι.
915 6007 1089 6069 XIII.

1838 3400 1985 3454 omni
2008 3400 2307 3455 subtilitate
2334 3400 2588 3455 subtilior
2614 3404 2805 3471 sagitta
2838 3402 3143 3461 diutissime
3174 3406 3350 3477 ﬁgens
3374 3410 3426 3464 in

1838 3508 1960 3548 meo
1989 3508 2218 3562 corpore
2261 3492 2414 3546 ludas
2441 3509 2454 3557 ;
2480 3501 2697 3548 centum
2723 3494 2890 3549 millia
2918 3496 3045 3551 licet
3090 3497 3291 3555 formas
3315 3517 3427 3569 pte-

1838 3604 2026 3642 narum
2052 3587 2346 3642 crudelitas
2373 3596 2461 3640 tua
2507 3586 2686 3651 faciat,
2710 3602 2776 3641 ex
2828 3588 2913 3643 his
2959 3590 3211 3645 omnibus
3239 3594 3307 3648 ad
3341 3612 3428 3649 me

1832 3681 1943 3734 sola
1972 3696 2069 3749 per
2096 3682 2249 3733 istam
2279 3687 2505 3733 mortem
2542 3680 2742 3733 illatam
2766 3694 2795 3733 a
2828 3689 2879 3734 te
2898 3682 3177 3749 perveniet
3200 3684 3426 3741 immor—

1836 3770 2033 3826 talitas.
2060 3769 2178 3824 Non
2229 3785 2447 3838 possum
2480 3769 2583 3823 nisi
2612 3768 2846 3839 gaudere
2872 3784 2995 3825 cum
3027 3772 3151 3825 talia
3177 3773 3424 3844 ingesse—

1836 3864 1933 3928 ris,
1986 3860 2427 3933 quandoquidem
2471 3876 2569 3932 per
2622 3859 2742 3916 hac
2771 3861 3031 3931 supplicia
3072 3864 3251 3920 sciens
3298 3866 3422 3934 sim,

1835 3955 1977 4027 quod
2002 3956 2175 4027 possit
2202 3970 2362 4010 omne
2391 3952 2532 4008 ﬁniri
2555 3954 2903 4023 supplicium.
2937 3954 3069 4009 Nam
3093 3957 3274 4023 etilla,
3306 3976 3428 4030 qua:

1836 4048 2174 4103 extrinsecus
2201 4057 2346 4113 sunt,
2393 4054 2452 4101 et
2493 4045 2745 4101 accidere
2775 4060 2934 4115 posse
2962 4060 3059 4115 per
3094 4055 3238 4101 tuam
3277 4047 3295 4086 τ
3323 4066 3427 4105 sa:—

1835 4140 2022 4195 vitiam
2050 4138 2308 4203 arbitror,
2342 4136 2476 4191 nihil
2502 4135 2689 4205 judico
2718 4135 2786 4191 ad
2827 4151 2913 4191 me
2957 4139 3232 4207 pertinere
3263 4158 3278 4204 ;
3322 4142 3424 4196 ali-

1838 4245 1989 4291 tesne
2034 4248 2100 4287 an
2143 4248 2308 4287 canes
2332 4246 2509 4286 meum
2532 4244 2732 4299 corpus
2758 4230 2987 4293 lanient,
3020 4232 3263 4290 intereant
3302 4254 3423 4293 cor-

1836 4328 1950 4400 pori
1979 4342 2135 4391 meo;
2166 4324 2295 4379 ferae
2345 4323 2639 4378 luminibus
2688 4324 2794 4378 illis
2821 4324 3135 4382 crudelibus
3164 4340 3214 4384 te
3239 4345 3426 4403 exspe-

1836 4431 2013 4477 ctante
2035 4429 2059 4468 s
2084 4418 2351 4481 insiliant;
2377 4418 2565 4487 jacens
2588 4415 2736 4470 humi
2764 4417 3055 4487 unguibus,
3080 4420 3333 4479 dentibus
3353 4427 3420 4480 ad

1836 4528 1958 4569 ossa
1990 4526 2159 4580 usque
2185 4508 2422 4579 redigar,
2450 4522 2572 4563 cum
2601 4516 2722 4577 post
2745 4508 2859 4563 haec
2884 4510 3065 4563 omnia
3092 4510 3205 4566 Deo
3236 4516 3421 4571 salvus

1836 4605 1959 4660 sim.
1998 4601 2133 4657 Cum
2184 4601 2331 4657 enim
2372 4614 2567 4670 corpus
2594 4614 2774 4655 meum
2826 4600 3023 4657 talibus
3067 4604 3202 4659 actis
3232 4604 3420 4665 ferinae

1760 4787 1815 4848 1)
1839 4794 1968 4833 vero
1998 4778 2285 4854 legendum
2309 4794 2377 4831 an
2404 4777 2755 4854 a_pentligine,
2788 4778 2986 4854 idest,
3015 4797 3047 4833 α
3073 4784 3271 4854 reliquo
3311 4805 3420 4843 cor.

1838 4867 2001 4930 pore;
2033 4860 2106 4930 est
2131 4852 2265 4930 enim
2294 4848 2525 4930 pendigo
2554 4850 2688 4930 idem
2725 4850 2863 4930 quod
2874 4860 3080 4930 _1nr';7p.a_
3108 4848 3368 4930 compago
3401 4880 3415 4915 ε

1834 4923 1907 4975 ita
1946 4932 2003 4997 ut
2028 4922 2264 4997 bi[ariant
2313 4919 2396 4973 hic
2438 4920 2570 4997 sumi
2614 4921 2884 4997 possit‘t'd
2930 4919 3182 4989 vocabuli,
3209 4919 3416 4997 uel'pro

1836 4994 2376 5062 machinalignea,seu
2400 4991 2648 5064 tabulato,
2667 4990 2805 5060 quod
2842 5000 3021 5064 πῆγμα
3052 4997 3206 5049 etiam
3248 4990 3416 5056 Grizci

1835 5073 2038 5126 vocant,
2062 5080 2091 5113 a
2128 5079 2227 5130 quo
2254 5070 2406 5139 caput
2455 5062 2655 5139 longius
2681 5062 3008 5127 excutiatur;
3040 5066 3117 5118 re!
3158 5086 3251 5133 pro
3301 5073 3413 5139 ipsa

1834 5135 2018 5205 reliqui
2068 5132 2695 5205 eorporis_contpa_t:tione,
2746 5147 2780 5182 α
2806 5148 2909 5199 qua
2957 5144 3113 5205 caput
3141 5132 3407 5196 evellat'ur.

1837 5202 1951 5273 Ego
1994 5202 2207 5277 quidem
2246 5202 2605 5277 labandaginis
2638 5214 2825 5277 vocem
2854 5202 3204 5277 retinendam
3258 5222 3406 5277 puto,

1834 5270 1952 5343 qum
1975 5270 2235 5325 machina:
2258 5270 2541 5325 nomensit
2568 5271 2732 5343 capiti
2762 5270 3027 5343 violenter
3040 5270 3412 5336 abscindenda

1834 5341 2148 5413 aptissima},
2178 5343 2440 5409 cujusque
2470 5357 2598 5395 u~ns
2643 5342 2797 5395 nobis
2845 5341 3090 5410 ignotus:
3121 5362 3222 5402 nec
3276 5367 3410 5407 con-

1837 5416 2120 5469 temnenda
2167 5414 2393 5487 fortasse
2419 5414 2752 5487 conjectura,
2783 5426 2886 5476 qua
2928 5413 3047 5487 quis
3076 5420 3408 5487 suspicetur,

1835 5500 2032 5541 nomen
2066 5487 2166 5539 hoc
2187 5503 2212 5535 ει
2244 5484 2363 5537 loco
2388 5497 2510 5537 esse
2539 5484 2902 5549 tle-umptum,
2929 5484 3016 5537 ubi
3041 5484 3270 5551 primum
3300 5484 3415 5548 hee

1833 5556 2075 5611 machina
2104 5560 2313 5610 inventa
2347 5551 2531 5612 Ῑιιιιτίι.
2561 5568 2755 5621 nempe
2799 5554 3099 5617 Alabanda,
3130 5574 3251 5615 quae
3282 5564 3412 5619 urbs

1831 5638 1915 5682 est
1940 5630 2142 5703 t_;n_ri:e,_
2187 5624 2324 5679 unde
2373 5623 2625 5703 Alabandi
2655 5663 2671 5686 ,
2706 5633 2761 5678 et
2793 5624 3195 5703 {alabandenses
3225 5632 3412 5703 populi

1831 5699 1970 5767 apud
2003 5698 2323 5767 Sll'alimlellt
2352 5707 2399 5749 et
2434 5694 2692 5767 Plinium,
2712 5695 2813 5767 qui
2845 5695 3125 5752 cannabtm
3168 5694 3409 5760 Alaban-

1830 5764 2053 5823 densem
2086 5768 2265 5822 laudat
2294 5765 2383 5819 lib.
2421 5781 2511 5819 xu
2544 5764 2681 5819 Hist.
2707 5764 2828 5819 Nat.
2857 5779 2908 5819 c.
2932 5768 2985 5821 9.

1905 5838 1923 5876 τ
1952 5839 2084 5893 Cum
2106 5838 2204 5891 'I‘il.
2238 5846 2292 5892 et
2315 5837 2488 5891 Latin.
2516 5837 2655 5892 Ante
2690 5846 3006 5907 perpetuam.

1898 5918 1926 5960 δ
1953 5910 2246 5979 Spectante.
2276 5909 2449 5966 Latin.
