3854 6402
417 399 553 456 1035

1320 394 1416 451 an
1451 348 1854 452 Lustratum
1892 387 2281 448 EPISCOPUM
2317 388 2815 448 CALARITANUM

3565 396 3687 453 1036

420 513 776 569 immanitatis
810 520 912 567 tute
933 511 1141 568 viribus
1168 514 1596 581 consumpseris,
1626 511 1834 569 reﬁciet
1859 517 2023 580 atque
2049 512 2103 573 Α
2127 508 2219 564 ille
2246 509 2379 565 vidit
2420 509 2579 565 dives
2620 509 2880 563 Lazarum
2927 509 2980 563 in
3024 509 3143 564 sinu
3186 508 3411 565 Abraluc
3432 550 3445 575 ,
3472 508 3613 567 Isaac
3638 521 3689 568 et

418 606 695 676 reparabit
746 620 930 661 rerum
971 604 1245 670 conditor,
1280 614 1336 659 et
1370 604 1592 675 quidem
1661 619 1728 660 ex
1758 611 2017 671 corrupto

420 702 471 756 in
529 709 790 756 mternam
824 698 1425 768 incorruptibilitateni.
1457 699 1577 755 Tibi
1611 715 1743 755 vero
1776 697 2019 768 injustis-

417 794 559 849 simo
592 792 929 863 persecutori
954 803 1143 848 nostro
1182 801 1471 848 venturum
1515 794 1635 849 sine
1664 792 1771 848 line
1816 790 2022 860 suppli-

416 886 557 940 cium
588 885 733 941 scire
760 884 964 949 debes;
988 900 1087 939 nec
1121 892 1175 938 te
1200 895 1356 953 putes
1385 886 1611 954 impune
1644 883 1898 949 laturum,
1928 880 2020 952 qui

418 992 616 1033 nomen
646 978 793 1033 unici
822 977 916 1032 Dei
945 977 1039 1031 lilii
1059 976 1306 1047 vestigiis
1339 978 1443 1031 tuis
1466 975 1865 1045 subjiciendum
1888 990 2019 1031 cen-

413 1071 609 1138 sueris,
643 1071 807 1139 impie
840 1068 1158 1141 nefarieque
1208 1069 1550 1125 calcaudum.
1586 1069 1737 1123 Beati
1788 1068 2019 1137 apostoli

416 1180 521 1220 vox
551 1176 664 1222 est:
702 1165 855 1233 Quod
880 1182 981 1218 non
998 1164 1101 1217 sint
1131 1163 1403 1233 condigna
1425 1162 1694 1231 passiones
1717 1162 1872 1235 hujus
1896 1170 2020 1215 tem-

417 1261 557 1330 poris
604 1260 674 1312 ad
717 1264 1200 1325 superventuramﬂ
1230 1256 1452 1324 gloriam
1477 1253 1683 1323 (Rom.,
1732 1270 1847 1315 vni.
1900 1253 2019 1320 28),

414 1368 574 1424 quam
607 1349 866 1406 videlicet
895 1362 1082 1403 sumus
1126 1348 1460 1419 possessuri,
1504 1346 1549 1401 si
1577 1361 1674 1417 per
1707 1355 1760 1401 te
1791 1344 2023 1400 interfici

417 1462 579 1518 quam
617 1458 819 1515 negare
852 1442 948 1497 Dei
973 1442 1297 1513 elegerimus
1339 1440 1559 1495 Filium.
1592 1439 1722 1507 Quae
1763 1438 2023 1494 revelatio

414 1553 475 1594 ac
506 1538 732 1593 claritas
761 1552 882 1592 cum
912 1551 1080 1604 super
1120 1550 1312 1589 omnes
1342 1549 1440 1588 nos
1470 1532 1757 1588 credentes
1790 1530 2021 1603 fulserit,

415 1631 598 1686 famuli
643 1629 762 1699 ejus
822 1627 994 1682 futuri
1026 1625 1052 1664 δ
1079 1626 1224 1681 beati
1255 1640 1476 1694 semper
1508 1624 1559 1678 in
1609 1624 1731 1693 ejus
1772 1619 2023 1678 collocati

417 1738 627 1795 regno;
663 1732 719 1776 tu
739 1728 955 1783 contra,
976 1718 1021 1773 si
1051 1717 1358 1773 durandum
1387 1716 1675 1772 censueris
1700 1716 1755 1769 in
1785 1722 1874 1768 tua
1906 1728 2025 1783 per-

416 1817 537 1873 lidia
572 1858 586 1883 ,
647 1814 869 1870 futurus
913 1813 966 1867 in
1023 1811 1263 1868 tenebris
1324 1810 1716 1873 exterioribus,
1774 1806 2023 1861 desertor

2120 599 2308 665 Jacob,
2331 602 2632 657 amicorum
2660 601 2784 666 Dei,
2804 608 2858 656 et
2879 602 3117 656 omnium
3152 601 3544 671 prepbctarum,
3570 614 3687 672 apo-

2122 692 2384 747 stolorum
2409 708 2470 748 ac
2498 703 2814 764 martyrum.
2840 692 2956 749 Non
2983 694 3112 755 eris.
3133 694 3427 761 Constanti,
3458 694 3543 748 illa
3570 709 3687 749 eva-

2120 801 2281 842 surns
2316 788 2579 858 supplicia
2608 829 2622 853 ,
2654 787 2753 842 nisi
2797 787 2967 857 primo
2999 787 3049 840 in
3084 788 3202 843 loco
3232 789 3438 842 unicum
3482 787 3571 844 Dei
3611 788 3691 842 Fi-

2121 880 2252 934 lium
2300 896 2486 936 verum
2517 894 2640 935 esse
2666 879 2761 934 Dei
2812 879 3007 934 Filium
3058 880 3385 946 credideris;
3425 880 3612 936 deinde
3638 890 3689 937 ut

2122 977 2319 1033 crebro
2349 976 2554 1032 dictum
2581 982 2687 1042 est,
2721 973 2863 1044 quod
2892 988 3108 1045 semper
3137 990 3255 1029 cum
3281 977 3429 1031 l’atre
3451 990 3690 1047 regnave-

2122 1069 2228 1135 rit,
2256 1085 2319 1125 ac
2344 1070 2415 1125 sit
2440 1083 2695 1139 regnans,
2726 1066 2831 1123 hoc
2857 1076 2940 1123 est
2972 1068 3092 1122 sine
3130 1068 3283 1123 initio
3312 1084 3372 1124 ac
3402 1069 3503 1125 line
3526 1111 3539 1137 ,
3569 1084 3689 1125 con-

2122 1160 2302 1217 fessus
2332 1162 2531 1226 lueris,
2579 1171 2738 1231 atque
2784 1168 2837 1215 te
2882 1160 2948 1213 ad
2974 1161 3293 1215 catholicam
3331 1162 3602 1217 ecclesiam
3630 1161 3692 1216 de

2124 1256 2358 1312 nefando
2390 1257 2711 1310 Arianorum
2741 1262 2884 1309 coetu
2911 1252 3247 1307 transtuleris
3272 1294 3285 1317 ,
3312 1252 3376 1308 de
3404 1263 3567 1310 morte
3595 1254 3689 1308 sci-

2125 1346 2252 1402 licet
2294 1346 2362 1401 ad
2392 1347 2586 1410 vitam,
2630 1356 2684 1400 et
2712 1344 2997 1400 confessus
3038 1344 3227 1409 fueris,
3282 1353 3338 1397 ut
3366 1359 3458 1400 nos
3484 1346 3695 1399 coutitc-

2125 1454 2247 1493 mur
2267 1438 2543 1501 catholici,
2574 1437 2791 1492 Patrem
2820 1446 2876 1492 et
2904 1435 3099 1490 Filium
3122 1448 3175 1490 et
3201 1434 3450 1504 Spiritum
3467 1446 3713 1491 sanctum

2125 1532 2424 1601 perfectam
2447 1546 2572 1588 esse
2597 1532 2920 1595 trinitatem,
2945 1538 3001 1584 et
3025 1545 3183 1583 unam
3214 1530 3410 1586 habere
3434 1530 3695 1586 deitatem.

2126 1622 2217 1680 Sic
2247 1625 2370 1679 udis
2390 1623 2730 1679 Christianos
2753 1665 2768 1689 ,
2790 1632 2845 1678 et
2870 1624 3123 1677 omnibus
3150 1626 3483 1693 persequeris
3516 1624 3697 1687 modis.

2125 1725 2401 1787 tamquam
2458 1719 2629 1785 possit
2674 1716 3055 1772 malevolentia
3100 1725 3186 1770 tua
3232 1731 3325 1770 cos
3352 1716 3587 1779 vincere.
3616 1716 3700 1785 qui

2128 1810 2323 1866 durum
2342 1811 2821 1881 asperumqueitcr
2846 1811 3094 1880 ingrcssi,
3114 1812 3441 1879 contemptui
3459 1810 3597 1875 licet,
3618 1808 3704 1864 do-

413 1910 615 1982 quippc
649 1908 858 1963 militia:
906 1914 1067 1976 atque
1096 1914 1432 1975 expugnator
1467 1903 1736 1965 veritatis,
1777 1899 2018 1954 volunta-
2054 1901 2102 1961 B
2130 1905 2295 1967 risni,
2330 1906 2564 1975 odioque
2592 1904 2734 1974 apud
2763 1913 2813 1959 te
2844 1904 2973 1969 sint,
3001 1913 3178 1958 tamen
3209 1903 3258 1957 in
3287 1902 3427 1956 omni
3454 1901 3554 1955 vita
3578 1916 3707 1970 pm-

413 2010 520 2059 tem
548 2000 643 2073 qui
674 2000 872 2056 feceris
908 1997 1157 2069 ‘diaboli,
1216 1996 1359 2052 unde
1411 2009 1638 2050 necesse
1693 1993 1763 2047 sit
1795 2004 1869 2058 te,
1918 1991 2019 2046 nisi

415 2104 582 2151 temet
609 2094 677 2149 ab
704 2092 825 2162 ejus
856 2088 1159 2145 extraxeris
1188 2088 1419 2160 laqueis,
1457 2102 1579 2140 cum
1613 2085 1731 2155 ipso
1755 2084 2024 2139 inexstin-

417 2188 605 2259 guibili
641 2187 766 2258 igne
802 2184 1068 2253 torqueri,
1121 2183 1265 2237 sicut
1310 2183 1575 2251 scriptum
1603 2192 1707 2239 est.
1738 2178 1862 2233 flare
1889 2178 2024 2233 dici-

417 2287 538 2338 mtis
562 2296 670 2337 non
699 2291 721 2318 ε
752 2277 1053 2349 quidquam
1082 2293 1147 2333 ex
1187 2277 1344 2331 nobis
1387 2294 1399 2328 :
1432 2275 1501 2331 de
1533 2274 1688 2330 vobis
1713 2276 1857 2329 enim
1887 2287 2026 2343 pra:-

417 2372 837 2435 varicatoribus,
870 2370 939 2425 de
988 2370 1139 2423 vobis
1178 2368 1538 2437 blasphemis,
1571 2368 1789 2421 unicum
1817 2366 1907 2421 Dei
1938 2364 2028 2419 Fi—

417 2468 544 2524 lium
596 2482 793 2522 verum
847 2465 998 2519 illum
1045 2478 1166 2518 esse
1225 2462 1425 2517 Filium
1474 2460 1819 2531 negantibus,
1877 2457 2028 2513 etde

417 2560 671 2616 omnibus
724 2558 780 2612 in
822 2572 945 2611 eum
1001 2555 1227 2610 credere
1268 2552 1738 2614 detrectantibus,
1798 2551 2029 2620 legimus

416 2651 556 2722 apud
588 2648 996 2706 sanctissimum
1044 2645 1369 2717 prophetam
1418 2647 1689 2717 positum:
1720 2643 1922 2697 Vermis
1945 2660 2030 2697 εο-

414 2760 531 2799 rum
578 2760 681 2797 non
732 2742 1001 2806 morietur,
1038 2750 1084 2794 et
1116 2740 1248 2813 ignis
1301 2754 1478 2792 eorum
1525 2754 1627 2790 non
1674 2736 2031 2807 exstinguetur

419 2834 520 2907 (Is.
557 2851 703 2899 Law,
732 2833 827 2904 24)
860 2851 871 2885 :
920 2832 1136 2887 futurus
1185 2844 1402 2898 semper
1462 2841 1543 2894 tu,
1572 2829 1619 2883 si
1666 2827 1720 2882 in
1752 2828 1851 2882 hac
1884 2842 2033 2881 ruan-

418 2929 558 2984 seris
597 2927 858 2991 amentia,
902 2925 955 2978 in
998 2921 1411 2978 inextricabiles
1458 2922 1738 2976 tenebras.
1777 2920 1843 2975 Ut
1887 2920 2032 2973 enim

419 3022 513 3092 qui
574 3020 671 3076 Dei
723 3020 1048 3074 confitemur
1101 3016 1301 3070 Filium
1358 3014 1789 3069 immortalitatis
1841 3028 2036 3068 conse-

416 3116 527 3172 cuti
574 3114 793 3185 prtcmia
823 3112 1045 3182 perenni
1095 3111 1217 3164 luce
1265 3109 1537 3179 potiemur
1559 3151 1571 3173 ,
1602 3109 1682 3163 sic
1718 3119 1766 3163 te
1792 3109 1910 3176 ejus
1943 3124 2037 3162 nc-

420 3215 669 3280 gatorem
703 3219 932 3261 necesse
970 3213 1053 3258 est
1084 3201 1152 3257 ad
1182 3216 1434 3256 occasum
1468 3210 1519 3256 et
1555 3202 1808 3254 tenebras
1836 3199 2038 3254 deferri

2127 1999 2269 2052 senti
2307 2011 2606 2067 pauperes,
2641 1996 2905 2063 liumiles,
2938 1993 3226 2066 ignobiles,
3258 1994 3475 2065 subjecti
3505 1993 3708 2063 injuriis

2128 2100 2233 2156 tuis
2263 2113 2387 2155 esse
2418 2098 2587 2155 velint
2606 2140 2620 2164 ,
2652 2098 2940 2153 credentes
2965 2138 2980 2163 ,
3000 2097 3179 2150 omnia
3201 2138 3215 2161 ,
3245 2111 3362 2164 qnzc
3392 2109 3567 2149 amara
3588 2108 3709 2149 esse

2128 2201 2450 2254 noscuntur,
2470 2200 2693 2261 propter
2720 2189 2890 2245 Deam
2918 2188 3273 2257 perferentes,
3295 2203 3355 2243 se
3376 2198 3624 2241 venturos
3646 2188 3707 2241 ad

2126 2284 2325 2339 eximia
2344 2283 2563 2352 prmrnia
2580 2282 2696 2346 illa,
2712 2298 2830 2351 qua:
2846 2281 3119 2350 apostolus
3136 2279 3707 2349 narratcouseqnenda,

2132 2375 2246 2439 illa,
2280 2390 2401 2445 quas
2427 2392 2517 2430 nec
2536 2374 2719 2429 oculus
2741 2374 2890 2441 uidit,
2914 2390 3005 2428 nec
3020 2372 3384 2438 aurisnudirit,
3400 2387 3486 2424 nec
3511 2368 3535 2407 ι
3554 2376 3603 2423 in
3630 2386 3710 2423 cor

2132 2469 2356 2524 hominis
2376 2469 2628 2531 ascendit,
2658 2483 2775 2535 qum
2791 2469 3099 2539 prwpararit
3121 2464 3369 2521 Dominus
3397 2464 3710 2539 diligentian

2131 2576 2185 2614 se
2202 2560 2247 2631 (l
2265 2560 2385 2615 Cor.
2411 2575 2472 2625 ll,
2497 2559 2575 2627 9).
2603 2558 2792 2629 Igitur,
2822 2559 2947 2627 quia
2966 2558 3053 2613 illa
3077 2558 3415 2628 diligentibus
3440 2572 3496 2613 se
3524 2571 3707 2626 reprase

2132 2654 2373 2708 sentabit
2398 2653 2561 2717 Dens,
2588 2652 2879 2721 diligentes
2901 2651 3069 2707 Deum
3091 2666 3211 2706 cum
3240 2651 3329 2706 tibi
3355 2650 3704 2720 displicemus,

2135 2758 2254 2799 eum
2278 2744 2567 2813 plectimur
2598 2760 2626 2796 a
2658 2752 2740 2807 te,
2774 2742 2887 2798 Deo
2933 2757 3031 2797 nos
3075 2742 3287 2811 placere
3324 2742 3702 2811 praisumimus.

2137 2838 2323 2907 Neque
2371 2839 2514 2892 enim
2544 2845 2726 2905 potest
2753 2836 2985 2905 aliquam
3013 2836 3384 2889 auctoritatem
3416 2834 3602 2887 habere
3623 2841 3703 2885 tua

2141 2929 2350 2984 funesta
2374 2928 2646 2983 sententia
2668 2926 2734 2981 ad
2759 2941 2859 2981 nos
2890 2926 2942 2981 in
2970 2934 3232 2980 aeternum
3258 2924 3565 2994 puniendos,
3590 2940 3706 2978 cum

2139 3023 2228 3091 qui
2264 3022 2490 3074 damnas
2522 3018 2860 3074 damnandus
2891 3019 2966 3073 sis
2990 3060 3003 3082 ,
3031 3029 3081 3071 ct
3113 3018 3328 3087 quidem
3357 3017 3420 3072 ad
3450 3018 3545 3072 hoc
3574 3026 3627 3069 ut
3654 3027 3703 3069 tu

2141 3122 2432 3182 perpetuas
2474 3114 2589 3166 luas
2622 3125 2830 3180 punias.
2862 3111 3128 3187 Caeterum
3156 3124 3251 3164 nos
3271 3151 3286 3176 ,
3314 3123 3445 3179 quos
3467 3118 3705 3179 torquens

2139 3206 2345 3271 lanias,
2382 3207 2673 3269 interficis,
2714 3213 2920 3259 interna
2957 3204 3254 3274 suseipient
3289 3202 3501 3275 gaudia,
3532 3203 3704 3272 ingens

423 3310 660 3355 αξιοι-ηας
685 3314 699 3364 ;
722 3294 1014 3352 deduceris
1042 3292 1068 3330 ἀ
1095 3295 1240 3348 illam
1272 3309 1431 3362 quam
1459 3302 1613 3348 tenes
1636 3294 1796 3356 viam,
1827 3308 1958 3357 non,
1988 3302 2045 3347 ut
2071 3290 2117 3352 C

2151 3300 2370 3354 habebit
2404 3310 2455 3351 et
2506 3299 2767 3351 immensa
2809 3296 3070 3368 felicitas,
3120 3306 3469 3367 perpetuaque
3496 3296 3708 3363 accipiet

425 3394 613 3450 Ariani
649 3392 745 3447 tibi
794 3390 1155 3449 mentiuntur.
1204 3386 1270 3439 ad
1304 3387 1536 3452 corium,
1580 3386 1674 3440 sed
1727 3385 1791 3439 ad
1820 3394 1841 3422 ο
1875 3387 2042 3439 visam

420 3488 612 3545 mundi
644 3501 826 3542 arcem
851 3528 865 3551 ,
918 3485 982 3538 ad
1011 3478 1201 3537 laevam
1232 3481 1497 3534 malorum
1518 3521 1530 3543 ,
1564 3491 1617 3531 et
1652 3478 1719 3532 ad
1742 3479 1903 3549 impia
1939 3490 2046 3533 tar-

427 3593 584 3649 tara;
620 3592 703 3638 est
738 3580 756 3619 ί
792 3582 935 3635 enim
967 3577 1171 3647 refuga:
1204 3575 1379 3638 illius,
1417 3573 1574 3643 cujus
1602 3590 1817 3628 omnem
1852 3574 2044 3628 volun-

431 3686 597 3733 tatem
615 3684 667 3730 tu
685 3674 907 3730 satelles
926 3672 1075 3725 illius
1092 3669 1320 3738 implere
1338 3669 1639 3736 repereris;
1666 3676 1770 3732 est,
1799 3666 2044 3735 inquam,

431 3769 580 3825 illius
614 3765 885 3835 serpentis
908 3805 923 3829 ,
974 3762 1069 3832 qui
1103 3770 1153 3815 te
1186 3762 1253 3813 ab
1300 3760 1494 3813 itinere
1529 3760 1689 3813 vertit
1729 3759 1939 3814 cmlcsﬁ
1980 3758 2045 3812 ad

434 3862 575 3916 lianc
609 3858 901 3914 tenendam
948 3855 1230 3925 injustitite
1258 3854 1421 3905 viam.
1456 3853 1577 3906 llarc
1610 3863 1693 3907 est
1738 3853 1825 3907 illa
1864 3855 1966 3906 lata
1997 3864 2051 3907 et

436 3953 676 4022 spatiosa
699 3992 711 4015 ,
739 3963 899 4019 quam
926 3954 1110 4001 narrat
1136 3945 1399 4000 Dominus
1422 3943 1474 3997 in
1502 3944 1800 4015 Evangelio
1823 3944 2008 3999 dicens
2035 3963 2046 3996 :

442 4043 613 4111 Quam
641 4050 664 4087 ε
693 4040 799 4093 lata
832 4048 881 4094 et
918 4038 1148 4107 spatiosa
1172 4045 1247 4090 est
1277 4036 1357 4088 ria
1391 4050 1505 4105 qua:
1530 4035 1668 4088 ducit
1704 4036 1771 4088 ad
1792 4036 2053 4089 interitum

437 4132 681 4205 (Matt/1.,
716 4149 809 4198 vn,
858 4132 982 4201 15)!
1016 4129 1072 4185 Si
1109 4128 1288 4198 itaque
1327 4128 1417 4183 tibi
1451 4129 1739 4183 consulere
1778 4128 2049 4195 nolueris,

438 4236 493 4283 te
524 4241 647 4281 esse
676 4226 813 4279 inter
844 4223 971 4278 illos
1011 4220 1248 4275 dubitari
1300 4235 1405 4275 non
1443 4229 1653 4289 potest,
1686 4237 1822 4291 quos
1864 4223 2051 4277 beatus

436 4320 677 4375 Joannes
697 4317 930 4386 percutit
954 4315 1172 4370 dicens:
1199 4314 1320 4367 Jam
1348 4324 1522 4368 autem
1554 4316 1752 4368 securis
1778 4312 1803 4351 ιι
1826 4318 1892 4369 αι1
1908 4316 2053 4370 radi-

444 4428 554 4465 cem
568 4410 808 4464 arborum
827 4409 992 4479 posita
1006 4417 1079 4461 est
1100 4408 1173 4467 :si
1204 4406 1218 4443 ί
1242 4408 1356 4475 quis
1379 4423 1481 4459 non
1514 4407 1892 4473 [eccritbonum
1914 4410 2055 4479 fruc—

449 4513 576 4567 tum,
610 4501 894 4568 excidetur,
925 4511 972 4554 et
1000 4502 1052 4553 in
1083 4501 1255 4570 ignem
1282 4500 1511 4553 mittetur
1539 4499 1715 4571 (Lua,
1748 4516 1827 4567 ιιι,
1861 4504 1940 4572 9).
1974 4501 2054 4556 Tu

449 4608 578 4664 ergo
610 4601 665 4648 et
691 4607 880 4647 omnes
903 4592 1326 4661 compartieipcs
1355 4593 1451 4658 tui,
1478 4592 1730 4661 quoniam
1754 4593 1881 4646 estis
1904 4609 2019 4645 ama
2038 4624 2051 4631 -

2152 3392 2447 3448 beatitudo.
2492 3391 2658 3445 Nobis
2700 3390 2862 3460 igitur
2891 3392 3033 3445 scias
3065 3392 3235 3460 magis
3262 3392 3433 3445 datam
3468 3389 3707 3444 divinitus

2152 3494 2499 3555 potestatem,
2534 3493 2590 3537 nt
2619 3494 2692 3548 te,
2726 3483 2853 3537 dum
2877 3484 3131 3539 damnare
3160 3497 3255 3537 nos
3283 3492 3461 3553 putas,
3502 3482 3705 3536 damuco

2152 3595 2293 3641 mus,
2326 3578 2452 3631 dum
2498 3579 2689 3646 punire
2720 3593 2818 3631 nos
2850 3591 3007 3654 posse
3034 3577 3309 3645 praesumis
3329 3618 3342 3642 ,
3384 3588 3433 3632 te
3458 3574 3704 3630 Constan-

2153 3675 2288 3726 tiunt
2345 3672 2667 3739 sacrilegum
2724 3670 3031 3737 puniamns.
3076 3667 3347 3738 Siquidem
3406 3668 3703 3735 ille,qncm

2152 3782 2338 3835 negas,
2369 3765 2501 3819 dare
2534 3767 2693 3818 nobis
2711 3764 2981 3834 episcopis
3006 3764 3116 3817 suis
3148 3760 3247 3816 luit
3268 3762 3507 3833 dignatus
3544 3772 3706 3816 aucto.

2153 3860 2367 3914 ritatem
2389 3900 2402 3923 ,
2457 3867 2514 3912 ut
2542 3871 2898 3927 quaecumque
2934 3855 3274 3924 ligaverimns
3303 3857 3353 3908 in
3383 3854 3563 3917 terris,
3610 3854 3709 3906 sint

2157 3952 2319 4022 ligata
2349 3960 2405 4006 et
2428 3952 2479 4004 in
2511 3951 2684 4005 caelis.
2724 3951 3064 4005 Sustinemus
3089 3958 3302 4019 propter
3333 3948 3490 4003 Deum
3516 3959 3704 4015 tempe—

2156 4045 2289 4099 ralia
2324 4043 2460 4097 tnala
2490 4084 2503 4107 ,
2537 4051 2595 4097 nt
2626 4042 2894 4112 possimus
2924 4041 3178 4110 consequi
3209 4050 3404 4095 aterna
3440 4040 3598 4104 bona;
3636 4037 3709 4092 fu-

2155 4137 2333 4206 gimus
2366 4134 2688 4205 temporalia
2713 4175 2727 4199 ,
2754 4149 2873 4201 qua:
2906 4150 2933 4186 a
2981 4141 3032 4188 te
3077 4132 3241 4186 veluti
3270 4132 3399 4185 bona
3434 4130 3710 4186 offeruntur

2157 4229 2335 4295 nobis,
2381 4238 2665 4299 propterea
2710 4226 2855 4297 quod
2900 4225 2990 4281 illa
3042 4226 3178 4281 bona
3213 4233 3301 4280 tua
3350 4234 3537 4280 teterna
3581 4225 3707 4278 mala

2157 4322 2576 4390 subsequantur.
2632 4319 2837 4376 Idcirco
2885 4318 3163 4387 praesentia
3212 4331 3331 4387 quas
3381 4327 3531 4385 putas
3569 4315 3710 4370 nobis

2158 4415 2414 4471 nocibilia
2445 4414 2745 4484 delegimus
2785 4413 3073 4473 sustinere.
3116 4418 3189 4475 ut,
3222 4409 3436 4463 illustris
3462 4406 3711 4463 confessio

2158 4508 2285 4564 dum
2320 4519 2635 4578 perseverat
2666 4507 2716 4561 in
2747 4507 2931 4572 nobis,
2964 4518 3161 4561 aeterna
3187 4512 3238 4558 et
3269 4502 3568 4557 immortalia
3595 4516 3712 4555 cnn-

2160 4602 2312 4672 sequi
2359 4616 2670 4655 mereamur
2703 4601 2863 4665 bona,
2912 4598 3051 4653 sicut
3094 4606 3148 4652 et
3194 4606 3248 4649 tu
3273 4609 3387 4650 enm
3426 4596 3639 4662 eis,qni
3668 4604 3711 4649 te

449 4684 682 4740 rissimxe
731 4684 955 4739 arbores
1000 4684 1209 4737 lrnctns
1264 4693 1546 4750 portantes
1598 4683 1787 4735 inertis
1814 4725 1827 4748 ,
1858 4683 2058 4753 quippe
2085 4675 2135 4734 D

2164 4702 2467 4748 metuentes
2517 4691 2779 4745 voluntati
2836 4698 2941 4744 tute
2990 4687 3327 4743 inveniuntur
3376 4690 3617 4755 paruisse,
3667 4696 3714 4739 ct

449 4784 742 4847 peccantes
794 4776 845 4828 in
896 4776 1104 4838 Deum,
1151 4774 1251 4826 nisi
1285 4773 1350 4826 ad
1402 4774 1627 4828 cmlestc
1673 4773 1911 4830 feceritis
1954 4776 2056 4832 iter

446 4868 762 4930 transitum,
794 4866 1144 4932 excidetnini,
1170 4877 1223 4919 ct
1252 4865 1264 4914 i
1302 4866 1621 4935 prmcipitati
1653 4868 1881 4921 venietis
1913 4868 2058 4924 dicto

449 4962 609 5017 citius
642 4962 694 5015 in
726 4959 1072 5014 altitudinem
1112 4957 1458 5025 profundam,
1497 4957 1639 5012 unde
1670 4959 1882 5014 visurus
1937 4961 2055 5017 sine

447 5054 613 5111 dubio
644 5063 699 5109 tu
730 5069 825 5108 cos
851 5068 987 5124 quos
1019 5067 1161 5107 nunc
1196 5053 1394 5123 injuste
1439 5053 1817 5122 persequeris,
1848 5063 1904 5109 ut
1927 5066 2051 5113 tunc

520 5182 545 5207 ο
573 5170 708 5225 Cum
735 5168 901 5239 Cypr.
950 5168 1196 5237 pluribus
1250 5170 1301 5221 in
1352 5167 1506 5221 locis.
1544 5167 1695 5221 Vcrs.
1736 5169 1863 5222 Ant.
1905 5174 2045 5239 futu-

448 5258 577 5296 ram.
617 5242 747 5295 Vide
784 5256 943 5309 supra
978 5254 1101 5308 pag.
1147 5240 1273 5300 Ἡῦ,
1330 5252 1453 5293 n0ta
1488 5240 1522 5293 5
1553 5240 1665 5307 (hic
1715 5239 1815 5291 col.
1872 5242 2041 5306 1015,

453 5324 560 5396 ποι.
701 5312 790 5392 ubi
814 5310 1064 5396 qumdam
1096 5314 1306 5365 variant
1337 5312 1387 5364 in
1424 5311 1523 5365 hoc
1549 5310 1666 5380 ipso
1700 5318 1866 5364 textu.

523 5383 549 5421 ι)
586 5383 769 5436 Futuri
793 5392 986 5435 sumus.

528 5466 548 5492 ε
587 5454 948 5523 Nequaquam.
984 5453 1162 5505 Latin.

520 5524 543 5560 ιε
572 5524 879 5597 Deducique
915 5524 1337 5597 pt'l'_llll_lfll,ﬂt‘3lc.
1387 5525 1462 5578 Id.
1496 5524 1775 5578 Deduceris
1799 5527 1935 5579 enim
1961 5546 2049 5597 per

451 5596 613 5663 illaut,
643 5610 748 5650 etc.
787 5594 1035 5650 Galland.
1070 5594 1159 5647 Vel
1192 5594 1281 5647 illa
1313 5598 1415 5648 t-iit.

522 5680 542 5703 ε
573 5668 650 5720 Ad
673 5668 893 5720 invisam
919 5665 1096 5717 mundi
1122 5667 1564 5722 arerm..Gallantl
1611 5666 1665 5719 Id
1701 5680 1784 5720 ρει
1807 5671 2047 5724 munitis.

449 5738 636 5807 simum
656 5739 939 5807 inferorum
965 5738 1155 5789 locum.

531 5806 545 5845 ί
586 5810 634 5861 Μ
666 5823 767 5865 «μὶ,
804 5819 877 5859 est
906 5810 1041 5860 enim
1068 5808 1167 5860 eia.

524 5890 545 5925 ὅ
579 5880 711 5936 [ὶιιιιι
742 5878 839 5933 Ms.
867 5880 1105 5933 Clarum.
1137 5878 1277 5949 apud
1304 5878 1488 5934 Sabat.
1514 5879 1665 5936 Vcrs.
1688 5882 1815 5935 Ant.
1836 5884 1976 5953 quia,
2001 5894 2054 5939 et

2164 4784 2421 4839 mandata
2451 4783 2762 4839 deseruisse
2793 4781 2917 4846 Dei,
2942 4780 3190 4851 quoniam
3219 4780 3422 4849 quidem
3450 4784 3710 4849 przcsentia

2160 4876 2332 4946 magis
2356 4875 2497 4929 bona
2530 4874 2733 4929 iuerint
2759 4874 2956 4944 eligere
2978 4874 3197 4945 dignati,
3221 4883 3271 4929 ct
3296 4873 3457 4928 futura
3484 4882 3713 4928 contem-

2158 4986 2311 5032 nere,
2348 4968 2672 5022 immortalia
2725 4968 2799 5021 sis
2851 4968 3125 5022 incasnrns
3168 4968 3322 5021 mala.
3366 4964 3714 5020 Desiderabilia

2166 5059 2357 5119 lenim
2384 5076 2538 5128 super
2567 5076 2749 5113 aurum
2781 5069 2827 5114 et
2868 5060 3089 5131 lapidem
3118 5060 3385 5130 pretiosum
3410 5057 3611 5109 multant
3630 5099 3645 5121 ,
3674 5060 3715 5107 rt

2152 5175 2219 5228 ad
2240 5174 2595 5243 perditionem.
2618 5174 2749 5230 Vide
2776 5191 2827 5227 ιι.
2855 5172 3221 5244 6,p.122(hic
3246 5168 3609 5244 col._883,_not.
3640 5172 3713 5234 ο).

2227 5239 2249 5281 l3
2295 5244 2367 5298 Et
2413 5248 2603 5300 securis
2642 5246 2709 5298 ad
2755 5239 2973 5300 radices.
3012 5239 3163 5297 Vera.
3197 5243 3322 5297 Ant.
3354 5239 3561 5295 Lucifer
3598 5254 3713 5295 cuin

2154 5317 2253 5388 Ms.
2288 5317 2601 5388 Qanlabtig.
2635 5315 2809 5373 Grzec.
2841 5320 2968 5388 πρὸς
2999 5322 3089 5388 cria
3112 5314 3268 5388 ῥίζαιιεε

2234 5387 2245 5423 ί
2287 5386 2466 5459 ()mnis
2489 5381 2654 5443 autem
2684 5391 2836 5459 arbor
2866 5381 2964 5441 non
2991 5381 3197 5456 faciens.
3233 5381 3380 5437 Vcrs.
3409 5382 3529 5437 Αιιι.

2230 5461 2242 5506 i
2283 5458 2419 5511 Cum
2450 5458 2627 5514 Latin.
2660 5458 2829 5515 Antea
2861 5468 2935 5510 ut.

2228 5528 2249 5565 ¹ί
2280 5529 2412 5583 Vcrs
2435 5531 2559 5585 Ant.
2585 5530 2653 5584 Et
2673 5533 2727 5584 in
2755 5547 2841 5584 cor
2863 5528 3079 5582 hominis
3099 5542 3197 5579 non
3218 5524 3457 5595 ascendit,
3474 5538 3711 5595 quaepim

2156 5603 2353 5668 paravit
2386 5599 2523 5655 Deus
2554 5602 2881 5671 diligentibus
2916 5614 3050 5652 eum.
3074 5596 3205 5667 Cyp.
3234 5613 3319 5667 ep.
3351 5594 3440 5660 56,
3471 5594 3587 5652 eum
3614 5594 3710 5648 Lu~

2154 5673 2245 5727 cil.
2273 5688 2360 5724 nec
2388 5674 2437 5723 in
2460 5689 2550 5726 cor
2580 5673 2803 5727 hominis
2831 5671 3077 5723 ascendit.

2235 5742 2245 5778 ¹
2290 5741 2343 5795 ld
2379 5755 2461 5798 est
2489 5748 2732 5797 mandata
2758 5740 2873 5795 Dei.
2909 5740 3061 5796 Vers.
3088 5741 3211 5796 Ant.
3251 5739 3381 5793 Nam
3402 5747 3716 5793 τίεσθαι...

2155 5815 2209 5937 2t
2230 5816 2543 5939 cudatodlken.
2577 5814 2910 5871 Sabaticrius
2936 5814 2988 5868 in
3024 5812 3262 5869 Lucifero
3282 5811 3461 5875 habet,
3488 5812 3541 5865 in
3563 5820 3718 5863 custo-

2195 5900 2272 5939 ieu
2316 5901 2391 5939 tsi
2440 5902 2503 5939 tr.

2195 5886 2356 5940 ieudis
2379 5886 2503 5941 illis.
