3854 6426
152 445 275 498 ιυδηι
1285 434 1655 493 ATIIANASII
1694 431 2050 490 EPISTOLE
2085 431 2270 489 DUE.
3293 430 3431 489 1038

151 554 379 608 dulciora
405 568 560 622 super
578 554 675 607 mel
702 561 747 604 et
779 554 972 620 favum.
998 548 1202 602 Etenim
1234 565 1403 603 seri-us
1430 559 1547 603 tuus
1569 560 1724 602 custo-
1763 562 1812 619 Α
1839 563 2011 601 omnes
2039 547 2124 616 qui
2150 547 2328 600 timent
2350 545 2647 611 Dominum,
2682 548 2769 614 qui
2799 547 3065 602 ambulant
3088 548 3139 601 in
3161 547 3257 602 viis
3282 548 3393 617 eius
3420 566 3437 602 :

151 646 217 699 dit
246 662 327 708 ea,
357 646 411 697 in
441 643 774 697 custodiendo
794 642 888 695 illa
916 642 1183 695 retributio
1208 642 1369 693 multa
1395 640 1565 712 (Psal.
1584 656 1733 702 xvttt,
1838 641 2036 695 labores
2063 644 2321 710 fructuum
2347 636 2372 676 ἀ
2400 649 2638 694 tuoruum
2668 639 3035 705 mandueabis;
3066 640 3242 694 beatus
3272 656 3323 694 es
3350 680 3364 705 ,
3389 649 3442 694 et

152 738 253 806 il).
281 736 543 791 Novitnus
575 735 715 791 hanc
742 736 938 799 vitam,
978 750 1137 803 quam
1171 749 1499 802 magnopere
1528 733 1737 789 auferre
1840 732 2673 804 benetibierit(Psal.cxxvn,t).
2696 733 2817 788 Erit
2838 732 3080 802 profecto
3100 733 3149 787 in
3169 743 3434 789 aeternum

148 828 385 894 laboras,
418 844 545 884 esse
586 827 994 889 brevissimam;
1027 828 1277 881 novimus
1318 837 1372 880 et
1415 826 1554 881 bona
1586 827 1739 880 istius
1841 826 1980 882 bene
2009 826 2110 893 eis,
2134 826 2227 897 qui
2257 840 2363 881 non
2387 834 2731 897 negaverunt
2759 824 2855 882 Dei
2880 824 3101 891 Filium,
3132 826 3224 896 qui
3254 826 3441 880 labore

149 918 268 974 vita:
311 928 369 975 et
419 920 557 973 mala
610 934 731 973 esse
788 919 997 982 brevia,
1034 918 1176 971 illius
1221 932 1349 973 vero
1400 920 1526 971 vita:
1579 927 1739 971 :eter-
1841 930 2042 975 sancta:
2063 918 2429 975 confessionis
2459 935 2573 975 sua
2594 920 2909 989 potientur:
2941 926 3129 973 contra
3157 916 3278 983 tibi,
3310 916 3359 973 si
3390 916 3445 972 in

150 1027 226 1067 na:
265 1012 428 1077 bona,
472 1027 591 1081 quze
623 1012 879 1079 consequi
929 1027 1114 1065 smnus
1159 1009 1529 1065 desiderantes
1554 1051 1567 1071 ,
1596 1009 1739 1079 quod
1844 1011 1946 1066 hac
1971 1012 2227 1079 amentia,
2256 1026 2359 1083 qua
2393 1012 2533 1067 vivis
2562 1026 2704 1066 nunc
2726 1025 2986 1080 ,semper
3012 1010 3297 1066 censueris
3323 1022 3441 1063 ma-

148 1103 482 1171 sempitcrna
529 1106 675 1166 sint;
708 1103 957 1156 nmimus
992 1103 1133 1156 enim
1160 1102 1305 1171 quod
1349 1118 1445 1170 prn
1478 1101 1633 1155 tinnis
1660 1102 1744 1155 liis
1844 1106 2113 1171 nendum,
2156 1104 2263 1161 erit
2314 1105 2457 1161 male
2501 1115 2783 1176 perpetuo,
2828 1104 2919 1159 illa
2973 1100 3281 1173 percipiens
3324 1115 3446 1171 quae

148 1194 423 1260 brevibus,
455 1194 648 1266 quibus
674 1207 728 1249 ttt
758 1193 1047 1250 delectaris
1079 1209 1139 1247 ac
1174 1194 1392 1257 frueris,
1426 1194 1561 1246 mala
1591 1196 1742 1247 sint“
1846 1216 1988 1254 nunc
2025 1198 2254 1268 percipit
2285 1197 2536 1254 Scarioth
2584 1197 2793 1255 Jttdss:
2842 1206 2970 1252 tunc
3018 1206 3073 1252 te
3120 1194 3288 1250 visuri
3342 1207 3442 1249 nos

147 1294 350 1341 atterna
383 1300 705 1342 succesSnra
753 1286 881 1350 tibi,
928 1295 983 1340 et
1011 1286 1164 1340 nobis
1202 1286 1560 1344 Christianis,
1611 1301 1744 1354 quos
1846 1293 2164 1361 supplicem,
2217 1302 2271 1345 et
2312 1299 2495 1347 tamen
2534 1292 2711 1347 omnis
2755 1290 3071 1347 lamentatio
3111 1288 3447 1359 plenitentite

148 1375 415 1447 despicis,
450 1392 695 1448 quosque
722 1378 971 1433 omnibus
1010 1378 1296 1431 virtutibus
1326 1378 1536 1447 imperii
1566 1380 1639 1431 tui
1671 1378 1745 1431 la-
1849 1397 1954 1439 tum
1976 1387 2152 1440 futura
2184 1384 2457 1450 Inemcax,
2492 1386 2745 1455 quoniam
2776 1382 3001 1455 quidem
3026 1382 3115 1437 hic
3142 1391 3234 1436 aut
3262 1380 3448 1451 acqui-

145 1468 348 1525 niando
373 1485 481 1525 non
508 1470 747 1535 desistis,
776 1472 917 1541 quod
951 1472 1060 1525 sint
1088 1486 1180 1540 pro
1203 1472 1283 1526 his
1307 1472 1463 1525 malis
1492 1471 1749 1525 brevibus
1848 1488 1999 1533 ratur
2025 1478 2132 1531 vita
2179 1486 2439 1547 perpetua
2485 1483 2579 1530 aut
2608 1488 2775 1531 mors.
2820 1470 2947 1529 Haec
2977 1488 3196 1544 semper
3222 1471 3451 1527 voluere

144 1560 288 1618 bona
336 1570 544 1618 aeterna
576 1578 917 1619 successura.
953 1563 1079 1617 ll.ec
1110 1565 1179 1617 ita
1222 1579 1278 1618 se
1324 1564 1524 1619 habere
1572 1563 1748 1633 legisti
1846 1571 2013 1627 corde
2054 1578 2245 1627 nostro
2287 1580 2345 1635 e;
2393 1569 2510 1623 hac
2558 1566 2755 1624 diebus
2800 1580 2864 1621 ac
2907 1564 3158 1621 noctibus
3205 1562 3449 1635 cogitare

145 1655 200 1711 in
241 1672 385 1711 cxxv
430 1657 643 1728 psalmo
676 1676 685 1709 :
723 1656 1079 1728 Magni/ienuit
1127 1655 1379 1712 Dominus
1424 1663 1593 1728 facere
1634 1673 1748 1711 cum
1849 1665 1994 1720 scire
2019 1674 2071 1719 te
2101 1663 2369 1727 volumus,
2404 1669 2492 1716 tua
2521 1660 2787 1732 supplicia
2820 1668 3111 1730 perpetua,
3143 1667 3199 1713 et
3227 1655 3455 1738 prtemia

144 1748 254 1803 illis
288 1746 466 1819 (Psal.
495 1764 656 1815 cxxv,
681 1748 759 1817 Ξ).
794 1749 861 1803 Et
889 1749 1028 1803 infra
1058 1768 1068 1802 :
1104 1750 1203 1815 Qui
1229 1751 1477 1803 seminam
1509 1751 1562 1803 in
1584 1750 1749 1821 laery-
1851 1772 1914 1812 ac
1946 1756 2141 1812 merita
2168 1755 2264 1811 Dei
2304 1768 2588 1811 servorum
2629 1762 2829 1808 aeterna
2854 1792 2870 1819 ,
2915 1752 3044 1822 quid
3096 1750 3312 1821 neganti
3355 1747 3453 1805 tibi

145 1839 335 1906 mis,in
357 1840 551 1913 gaudio
575 1851 777 1894 metent.
808 1838 996 1894 Eurites
1016 1842 1173 1907 ibant,
1197 1852 1245 1895 et
1264 1843 1474 1910 ﬂebant,
1499 1844 1750 1897 mittentes
1852 1848 2190 1919 persecutori
2238 1846 2476 1903 nominis
2532 1844 2617 1901 sui
2674 1846 3042 1898 comminatur
3091 1840 3161 1896 ad
3213 1853 3451 1910 umnam;

144 1933 347 1986 semina
370 1949 499 1998 sua;
540 1935 793 1987 vertientes
823 1945 990 1988 autem
1030 1935 1227 1988 uenient
1252 1936 1307 1986 in
1344 1932 1371 1971 δ
1413 1936 1750 1989 exsultatione
1779 1952 1824 2013 Β
1853 1942 1978 2013 quid
2010 1950 2194 1995 autem
2239 1955 2270 1995 e
2308 1939 2590 1994 contrario
2616 1934 3006 1995 conﬁtentibus
3032 1933 3357 2006 polliceatur
3385 1932 3454 1990 ad

142 2036 415 2097 portantes
442 2029 735 2099 manipulos
762 2046 881 2083 suos
900 2028 1005 2099 (lb.
1032 2028 1109 2099 ὅ).
1132 2028 1198 2084 Et
1225 2030 1278 2086 in
1300 2046 1500 2085 cuvm
1527 2042 1547 2069 ε
1577 2030 1756 2085 :Beati
1861 2033 2088 2103 gloriam
2114 2030 2524 2101 sempiternam.

217 2172 245 2245 ξι
282 2162 404 2245 §int
426 2179 547 2245 cum
572 2165 764 2245 Latin.
782 2182 878 2234 pro
905 2169 977 2245 in.
1114 2242 1121 2245 _
1263 2242 1270 2245 Δ
1857 2174 1949 2229 sed
1973 2174 2282 2244 particulam
2301 2190 2504 2228 manus.
2530 2172 2556 2229 ε

1886 2174 1949 2229 ed
1973 2174 2282 2244 particulam
2301 2190 2504 2228 manus.
2530 2172 2749 2229 Scolion
2773 2188 2784 2225 :
2812 2174 2872 2227 οε
2897 2172 2933 2227 o’
2956 2172 3148 2245 καρπὸν
3161 2174 3219 2227 οὺ
3237 2176 3334 2245 nix:
3346 2171 3456 2245 επις

220 2234 246 2321 ις
566 2239 875 2321 ἁγαλλιᾴσιι.
913 2240 1063 2293 Vere.
1100 2242 1223 2321 .tnt.
1256 2242 1307 2294 in
1336 2244 1749 2321 exsultationem.
1861 2234 2081 2321 καριιῖτίαν
2130 2245 2556 2321 aeruginem

1886 2234 2081 2321 ῖαριιῖτίαν
2130 2245 2557 2321 ἐκάλεσενκᾲλλά
2586 2248 2643 2299 τὸ
2692 2246 2993 2321 μόριον-τίῆν
3016 2234 3253 2321 ’χε-φῶν.
3284 2240 3456 2321 ¹ριιοά

224 2263 246 2273 ν
280 2263 459 2316 utam.
488 2263 537 2291 η
566 2263 875 2311 quatas".
920 2263 1063 2293 vers.
1100 2263 1223 2293 usus.
1256 2263 1307 2294 ιη
1336 2263 1749 2321 exsultationem.
1861 2267 2081 2321 καρπιαν
2130 2263 2402 2309 autem»,
2435 2263 2557 2299 αλλα
2586 2267 2643 2299 το
2692 2265 2869 2318 μοριον
2891 2265 2993 2299 των
3039 2264 3127 2315 χει
3164 2266 3253 2298 ων.
3301 2263 3455 2309 υιιυυ

224 2316 243 2339 τ
275 2306 376 2384 ille
411 2307 656 2384 Psaltnns‘
686 2319 769 2362 est
812 2326 1039 2384 unumero
1086 2320 1316 2365 octavus
1361 2332 1423 2366 ne
1470 2317 1755 2369 vicesimus
1858 2322 2020 2371 etiam
2072 2316 2278 2370 notavit
2322 2315 2381 2371 S.
2414 2315 2775 2384 Hieronymus
2818 2315 2883 2368 ad
2915 2263 3231 2368 Marcell‘itm
3277 2311 3462 2383 (epist.

138 2378 317 2459 supra
345 2379 702 2461 centesimum
729 2378 869 2461 apud
900 2380 1189 2446 Hebraeos;
1224 2384 1274 2436 in
1311 2387 1500 2461 veteri,
1532 2400 1595 2439 ac
1619 2402 1753 2461 nova
1865 2402 2031 2451 xxxv,
2062 2387 2132 2439 al.
2160 2385 2471 2461 cast,_§_5),
2498 2378 2660 2461 quoin
2688 2386 2809 2439 libri
2833 2383 2985 2461 latini
3025 2378 3295 2461 haberent
3317 2378 3462 2461 fruc-

138 2448 411 2533 vcrsione
456 2448 621 2503 latina
652 2448 915 2519 septimus
946 2467 1107 2521 supra
1140 2454 1493 2508 centesimum
1527 2472 1585 2509 ac
1614 2456 1758 2510 vicc-
1863 2448 2257 2533 luutnduorum.
2289 2448 2465 2510 Eiiam
2499 2448 2527 2533 ι’
2553 2456 2686 2533 Reg.
2722 2471 2772 2518 v,
2797 2458 3003 2533 καρτεοὶ-
3024 2453 3213 2533 eadem
3245 2448 3465 2533 notione

138 2524 378 2597 simum.
807 2591 826 2597 _
914 2594 923 2597 _
1105 2594 1144 2597 __
1190 2595 1197 2597 Α
1378 2596 1385 2597 γ
1865 2530 2210 2596 accipiuntur
2256 2541 2353 2597 pro
2379 2524 2651 2597 particula
2682 2524 2881 2579 monus'.
2915 2524 3174 2597 Scholion
3205 2524 3371 2578 refert
3398 2538 3464 2577 ex

216 2586 245 2625 ἀ
281 2588 535 2643 Mannum
554 2600 777 2645 tuarum.
804 2591 986 2668 Latin:
1013 2609 1081 2646 ex
1105 2594 1759 2668 Vnigalaﬁeptuagxob;
1862 2586 2054 2668 Aquila
2085 2600 2240 2655 κόπον
2258 2586 2471 2653 ἶταοᾶῶν
2512 2619 2556 2668 σι

1886 2586 2054 2668 tquila
2085 2600 2240 2655 κόπον
2258 2586 2471 2653 ἶταοᾶῶν
2512 2618 2638 2668 σου,
2682 2597 2906 2668 laborem
2954 2594 3185 2668 colorum
3214 2604 3464 2668 tuarum.

136 2659 361 2742 πόνοιξς.
393 2670 496 2717 τῶν
528 2670 739 2739 καρπῶν
791 2686 905 2718 σου.
957 2659 1341 2734 Symmachus,
1390 2659 1540 2723 κόλπον
1572 2659 1763 2742 ξηρῶν
1865 2659 2116 2742 Galland.
2143 2669 2478 2742 exNobil._in
2497 2667 2556 2742 GI

1886 2659 2116 2742 ialland.
2143 2686 2206 2723 ex
2220 2669 2401 2742 Nobil.
2417 2670 2478 2742 in
2497 2659 2914 2742 Graco-Latina
2937 2665 3183 2721 editione
3207 2664 3467 2742 septuag.

138 2750 268 2805 gon,
287 2731 516 2785 laborem
530 2731 772 2785 manuum
797 2731 1031 2799 tuarum;
1059 2747 1112 2788 ut
1139 2742 1482 2805 perspicuum
1506 2731 1759 2793 sit'etiam
1868 2741 2205 2797 Sabatierius
2235 2739 2385 2794 addit
2415 2740 2467 2793 in
2514 2738 2763 2793 Lucifero
2792 2739 2914 2804 quia
2942 2745 3067 2792 ante
3106 2731 3464 2791 manducabis.

134 2799 414 2873 Septuag.
440 2808 675 2879 καρποὺς
698 2818 805 2859 non
832 2820 1057 2860 vocasse
1081 2799 1339 2876 fructuum
1364 2810 1763 2879 perceptionem,
1944 2820 1966 2847 ε
1999 2808 2309 2880 Legendum
2334 2819 2465 2878 puto
2496 2808 2654 2863 corda
2682 2799 2876 2863 nostra.

702 3126 1571 3238 ATHANASII
1708 3135 1913 3240 Al)
2040 3130 2940 3238 LUCIFERUM

1083 3345 2001 3477 EPISTOLAZ
2084 3346 2556 3478 DUfE.

773 3738 1111 3795 EPISTOLA
1150 3740 1190 3795 1.
1804 3736 1850 3801 C
1882 3749 2091 3804 terant,
2142 3753 2286 3794 nunc
2335 3738 2643 3794 antichristi
2692 3741 3061 3795 nominantur.
3116 3740 3242 3807 Quis
3281 3754 3301 3779 π
3335 3741 3479 3798 enim

1884 3847 1991 3887 non
2029 3839 2377 3897 exsecretur,
2398 3829 2492 3900 qui
2520 3844 2707 3886 eorum
2739 3832 3175 3888 communionem
3207 3844 3478 3905 tamquam

1885 3923 2176 3988 maculam,
2210 3937 2274 3979 ac
2300 3921 2450 3978 virus
2470 3924 2664 3995 anguis
2691 3937 2796 3979 non
2830 3924 3037 3995 fugiat?
3065 3923 3257 3982 Omnis
3286 3926 3489 3996 ubique

1888 4016 2117 4072 ecclesia
2148 4015 2325 4086 luget,
2374 4014 2551 4069 omnis
2573 4015 2770 4069 civitas
2813 4016 2981 4086 gemit
3003 4058 3018 4081 ,
3050 4031 3212 4073 senes
3242 4017 3485 4088 episc0pi

239 4105 374 4161 Deo
409 4101 626 4158 favente
652 4116 882 4172 corpore
909 4104 1158 4159 valentes
1180 4104 1424 4159 misimus
1452 4105 1614 4160 etiam
1649 4120 1789 4160 nunc
1891 4110 1945 4165 in
1968 4108 2163 4165 exsilio
2184 4108 2453 4174 laborant,
2471 4117 2525 4162 et
2547 4105 2786 4162 haeretici
2813 4106 3179 4173 dissimulant,
3212 4109 3324 4176 qui,
3358 4107 3486 4163 dum

142 4196 180 4237 δ
206 4193 621 4254 charisslmum
646 4204 889 4249 nostrum
915 4193 1267 4266 Eutychetem
1293 4196 1675 4262 diaconem,ut
1701 4207 1790 4251 tua
1894 4211 2092 4273 negant
2117 4201 2425 4264 Christum.
2458 4198 2776 4270 publicanos
2804 4214 2864 4257 se
2894 4199 3195 4256 eﬂecerunt
3231 4200 3490 4257 sedentes

140 4304 406 4363 quoque
435 4288 693 4359 religiosa
720 4290 1004 4355 sanctitas,
1028 4288 1171 4357 quod
1200 4299 1284 4343 est
1308 4290 1466 4344 nobis
1495 4290 1787 4359 optandum
1895 4291 1921 4331 ἀ
1951 4296 2000 4347 in
2043 4292 2326 4356 ecclesiis,
2366 4301 2419 4346 et
2449 4292 2730 4361 exigentes
2758 4291 3065 4360 vectigalia.
3098 4291 3142 4347 Ο
3174 4307 3371 4347 novum
3403 4306 3498 4363 ge-

143 4396 219 4443 et
251 4382 660 4449 desiderabile,
702 4382 768 4437 de
798 4392 886 4436 tua
918 4382 1288 4438 incolumitate
1318 4392 1645 4453 tuorumque
1679 4398 1797 4439 om-
1899 4401 2002 4441 nus
2029 4384 2328 4448 hominum,
2361 4392 2414 4437 et
2440 4382 2860 4451 persecutionis,
2892 4382 3037 4450 quod
3067 4381 3350 4439 adinvenit
3380 4382 3498 4439 dia-

144 4479 347 4536 nium
396 4474 658 4529 certiores
690 4486 789 4527 nos
818 4473 1039 4528 elucere
1070 4474 1341 4543 dignetur.
1376 4471 1545 4529 Vobis
1569 4488 1798 4544 namque
1901 4478 2084 4539 holus.
2137 4486 2193 4530 ut
2222 4476 2355 4545 ipsis
2397 4472 2659 4529 ministris
2699 4474 2764 4526 ad
2817 4472 3294 4542 malefaciendum,
3325 4483 3380 4531 et
3410 4474 3496 4529 his

144 4565 610 4627 confessorihus
633 4579 697 4619 ac
729 4566 903 4619 servis
936 4565 1029 4619 Dci
1056 4566 1365 4620 viventibus
1388 4566 1662 4621 credimus
1692 4573 1801 4620 sta-
1908 4578 1930 4607 ε
1979 4577 2122 4623 tanta
2168 4566 2489 4623 crudelitate
2535 4565 2817 4620 utereturt
2848 4562 2955 4619 Sed
3004 4574 3061 4619 et
3112 4565 3157 4620 si
3209 4564 3323 4620 htee
3351 4572 3501 4619 tanta

154 4672 309 4719 tum
348 4656 637 4713 catholica:
660 4658 910 4713 ecclesia:
940 4659 1225 4725 renovari,
1259 4668 1344 4725 et,
1377 4660 1518 4728 quod
1562 4660 1802 4715 haeretici
1906 4670 2100 4733 agunt,
2157 4667 2214 4714 et
2266 4657 2551 4728 superbius
2604 4654 2623 4693 ί
2681 4662 2736 4710 et
2800 4654 3172 4725 blasphemias
3240 4654 3505 4711 extende-

149 4749 571 4813 conscindcre
597 4756 966 4816 tentaverunt,
1000 4752 1100 4805 hoc
1135 4751 1417 4806 Dominum
1443 4763 1686 4807 nostrum
1715 4751 1805 4808 Je-
1908 4762 2054 4815 runt,
2083 4752 2351 4808 confessio
2380 4759 2590 4812 tamen,
2623 4755 2679 4802 et
2708 4747 2917 4816 religio,
2947 4752 3004 4802 et
3026 4747 3292 4817 sapientia
3323 4754 3503 4801 vestra

146 4862 321 4905 sum
342 4843 625 4900 Christum
648 4857 742 4912 per
758 4859 853 4898 vos
874 4843 940 4898 ad
971 4844 1241 4914 integrum
1272 4846 1580 4900 restituere.
1609 4845 1807 4913 Quam-
1910 4862 2015 4902 non
2070 4844 2341 4900 modicum
2362 4885 2375 4907 ,
2425 4842 2522 4898 sed
2548 4840 2842 4895 maximum
2902 4839 3154 4895 solatium
3206 4850 3260 4895 et
3309 4853 3504 4910 magna

141 4952 374 5015 quam
420 4936 566 4991 enim
614 4951 977 5004 prtecursores
1019 4938 1318 4992 antichristi
1372 4954 1465 5007 per
1512 4939 1807 5007 potentiam
1915 4948 1939 4986 8
1980 4936 2280 4993 consolatio
2327 4942 2407 4989 est
2433 4930 2773 4987 fraternitati.
2825 4929 3087 4984 Pervenit
3125 4930 3268 4984 enim
3298 4928 3366 4984 ad
3406 4944 3507 4985 nos

148 5033 372 5100 hujus
412 5028 595 5082 mundi
627 5029 804 5083 omnia
836 5031 1066 5099 egerint,
1100 5041 1155 5085 ιιι
1183 5032 1596 5103 exstinguerent
1627 5034 1811 5090 lucer-
1916 5025 2250 5100 scripsisset|
2277 5027 2615 5082 sanctitatem
2648 5031 2795 5078 tuam
2822 5023 3067 5092 Augusto
3087 5019 3427 5088 Constantio,
3457 5030 3512 5076 et

149 5136 337 5182 nam
364 5118 633 5185 veritatis,
662 5129 841 5173 tamen
864 5119 1117 5175 divinitas
1141 5138 1235 5190 per
1264 5134 1494 5177 vestram
1518 5123 1813 5179 confessio-
1841 5123 1890 5184 D
1918 5125 2085 5193 magis
2132 5120 2407 5190 magisque
2452 5117 2743 5185 miramur,
2770 5115 2894 5184 quia
2926 5113 2980 5168 in
3029 5114 3207 5169 medio
3238 5124 3509 5184 tamquam

146 5229 334 5277 nem
366 5213 654 5269 clariorem
695 5214 812 5284 ejus
839 5214 1013 5269 lucem
1052 5216 1311 5281 ostendit,
1346 5226 1403 5272 ut
1432 5218 1701 5273 neminem
1731 5218 1811 5273 la-
1919 5217 2257 5287 scorpionum
2290 5213 2544 5267 habitans
2570 5253 2583 5277 ,
2605 5208 2772 5265 animi
2798 5214 2983 5263 tamen
3029 5208 3283 5264 libertate
3319 5209 3509 5272 uteris,

150 5323 327 5370 tere
358 5307 534 5377 possit
562 5321 751 5363 eorum
782 5306 1282 5365 fallacia.Antehac
1308 5312 1393 5367 vel
1423 5310 1679 5366 simulare
1709 5326 1809 5382 po-
1916 5307 2069 5365 utvel
2102 5304 2399 5371 monendo,
2418 5299 2885 5365 veldocendo,vel
2910 5299 3251 5354 emendando
3266 5309 3517 5356 errantes

145 3878 405 3935 Domino
433 3875 763 3931 dilectissimo
794 3879 943 3946 fratri
973 3876 1217 3946 Lucifero
1246 3880 1484 3948 episeopo
1511 3889 1558 3934 et
1585 3883 1782 3949 confes-

440 3967 547 4021 sori
576 3976 600 4005 ι
634 3967 942 4022 Athanasius
965 3970 1016 4022 in
1041 3967 1263 4024 Domino
1290 3972 1525 4026 salutem.

262 5457 300 5487 ο
357 5444 477 5511 Quo
521 5446 741 5503 nomine
772 5448 805 5502 ii
834 5448 1195 5515 donabantur,
1228 5451 1317 5518 qui
1352 5464 1447 5520 pro
1479 5448 1676 5503 Christi
1710 5447 1816 5505 [ide
1920 5446 2213 5520 nimirum,
2242 5454 2297 5498 ut
2326 5443 2463 5520 idem
2492 5438 2727 5520 ᾴίαιζοιιιδ
2759 5434 3120 5520 illiiﬁgidﬁsi
3147 5435 3517 5520 Ariani"g_"'_i'

154 5529 295 5581 aut
340 5505 639 5589 tormenta,
668 5528 757 5572 aut
788 5521 971 5574 exsilia
1007 5505 1365 5589 pertulerant:
1926 5520 2102 5572 nistris
2140 5505 2210 5570 ad
2274 5510 2739 5589 malefaciendum,
2777 5518 2823 5589 et
2878 5505 2960 5561 his
3005 5516 3148 5561 tanta
3193 5506 3518 5574 crudelitate,

264 5591 303 5630 ιι
355 5586 492 5663 llinc
543 5587 813 5663 intelligas
845 5606 949 5645 non
998 5582 1228 5663 primum
1282 5592 1422 5663 inter
1466 5591 1565 5645 hos
1606 5598 1826 5647 sanctos
1928 5590 2030 5663 hoc
2058 5598 2139 5663 est
2167 5596 2268 5639 tant
2297 5582 2881 5663 crudelibus,.ut£retuir.

153 5665 395 5730 fuisse
418 5659 521 5713 hoc
543 5649 839 5713 litterainm
879 5649 1286 5717 com-mercium.
1318 5660 1540 5730 Papebr.
2007 5658 2025 5697 τ
2052 5658 2121 5730 Et
2151 5657 2414 5730 superbius
2443 5651 2646 5730 omittit
2677 5649 2908 5720 Papebr.

271 5746 301 5803 σς
356 5728 489 5803 Quis
510 5730 645 5803 enim
668 5746 752 5784 eos
780 5748 879 5803 non
904 5733 1233 5786 exsecretur?
1261 5734 1373 5803 quis
1395 5724 1410 5791 ξ
1433 5744 1540 5788 etc.
1570 5732 1648 5803 id.
2006 5739 2030 5776 ⁸
2055 5724 2263 5803 ῌαθηᾲο
2292 5726 2344 5803 ῙΕῘ
2372 5724 2546 5803 οἶΡίίΞ·
2707 5791 2739 5803 ..
2991 5800 3009 5803 _
3059 5800 3075 5803 _
3100 5784 3118 5803 ,
3150 5785 3186 5803 τ.
3234 5802 3237 5803 ,
3270 5798 3306 5803 __
3391 5787 3425 5803 ,.

264 5802 303 5839 ιι
351 5784 605 5875 ἕεάσῃιρε
633 5802 683 5853 in
715 5784 957 5868 ecclesia,
972 5784 1021 5875 et
1690 5874 1695 5875 ν
1938 5870 1956 5875 _
2008 5804 2032 5835 ¹¹
2052 5784 2281 5875 Qua-rit
2302 5796 2368 5875 de
2400 5793 2550 5848 libris
2574 5791 2845 5875 omnibus)
2879 5784 3524 5875 ριιοξξίξεςξηξξξῇξίυξξξ

269 5831 303 5839 “’
351 5831 605 5853 υοαιηιῑθ
633 5831 683 5853 ιη
715 5831 951 5868 τιιιυδιιι,
976 5831 1020 5855 Ct
1052 5831 1310 5875 CJJgCnlCI
1332 5831 1541 5857 ιῐιυιιιιι.
1574 5831 1649 5859 Ιυ.
2008 5831 2032 5835 "
2064 5831 2266 5865 uua'llt
2302 5831 2367 5850 υυ
2401 5831 2550 5848 "IIIIS
2574 5831 2823 5846 ‘III-l-I-Iu-
2880 5831 3012 5854 “ι·’ν-
3054 5831 3524 5869 *ν-.ν*··-·τ-·ν----

269 5876 308 5905 ο
375 5866 443 5922 Et
488 5869 634 5924 Iti....
671 5884 954 5926 uterentur.
992 5873 1064 5927 id.
1099 5874 1207 5929 Nec
1242 5884 1389 5930 reete
1424 5892 1436 5926 :
1468 5874 1547 5928 his
1576 5873 1837 5929 exhibent
1938 5870 2151 5925 Lucifer
2180 5867 2414 5992 scripsit,
2446 5876 2749 5944 omnesque
2778 5831 2845 5915 ad
2870 5858 2942 5914 At
2986 5869 3234 5914 anastum
3265 5857 3433 5922 misit,
3464 5863 3528 5911 ut

269 5941 463 5992 liana:
477 5947 849 5992 correctiones
872 5958 884 5992 :
909 5943 1051 5992 unde
1075 5946 1294 5992 stravim-
1310 5958 1523 5992 sensus.
1539 5953 1593 5992 et
1613 5946 1790 5992 acrior
1816 5954 1830 5992 :
1936 5940 2103 5992 liullet
2134 5953 2196 5992 ex
2222 5952 2287 5992 eo
2310 5936 2450 5992 stola
2477 5940 2750 5992 sequenti.

158 5941 463 6007 Titiana:
477 5947 849 6001 correctiones
872 5958 885 6010 ;
909 5943 1051 6002 unde
1075 5946 1294 6017 gravior
1310 5958 1523 6013 sensus,
1539 5953 1593 6002 et
1613 5946 1790 6001 acrior
1815 5954 1830 6010 ε
1936 5940 2103 6012 liquet
2134 5953 2196 5996 ex
2222 5936 2450 6006 epistola
2477 5936 2750 6003 sequenti.
