3854 6392
451 410 588 468 1089

1426 400 1521 457 ΑΙ)
1559 397 1958 457 LUCIFERUM
2000 394 2221 453 EPISC.
2264 393 2762 451 CALARITANUM

3588 395 3712 454 1040

449 537 475 566 λ
503 528 571 581 ad
601 527 783 581 lumen
807 521 834 561 δ
863 520 1107 578 veritatis
1137 519 1397 576 adducas.
1443 518 1593 588 Rogo
1624 517 1818 588 igitur,
1853 522 2045 585 rogant
2072 520 2127 582 Α
2148 528 2264 567 men
2287 513 2591 583 malignum,
2618 512 2712 580 ﬁlii
2733 511 2842 565 sine
2862 511 2993 582 lege.
3026 509 3174 565 Unde
3192 510 3297 565 sine
3319 512 3423 580 lege
3445 520 3470 548 ιι
3489 511 3513 564 .’
3532 511 3710 583 Quippe

452 634 664 676 mecum
696 618 860 673 etiam
894 628 1085 671 omnes
1126 612 1466 669 eonfessores
1486 654 1499 676 ,
1533 620 1592 666 ut
1622 607 1860 681 digneris
1892 606 2050 662 nobis

452 711 761 781 exemplum
812 706 1109 774 destinare,
1168 716 1225 761 ut
1272 720 1376 760 non
1434 713 1640 759 tantum
1688 701 1905 767 auditu,
1952 699 2050 754 sed

448 805 613 861 etiam
670 819 734 858 ex
784 801 976 856 litteris
1023 800 1335 871 perSpicere
1380 798 1589 868 possint
1620 811 1809 852 omnes
1854 794 2050 849 animae

452 906 557 951 tuae
584 896 863 959 virtutem,
896 892 1131 962 fideique
1162 891 1413 946 fiduciam
1442 900 1496 946 et
1532 889 1860 944 libertatem.
1893 885 2051 942 Salu-

453 996 570 1042 tant
599 986 945 1041 sanctitatem
985 996 1131 1039 tuam
1164 984 1256 1053 qui
1289 980 1500 1039 mecum
1532 991 1688 1046 sunt;
1719 980 1897 1035 saluto
1935 994 2051 1033 om—

457 1097 549 1137 nes
572 1080 663 1151 qui
686 1090 861 1136 tecum
879 1088 1023 1133 sunt.
1052 1078 1316 1133 Divinitas
1336 1085 1388 1133 te
1406 1062 1758 1141 incolumem,
1779 1083 2050 1145 vegetum,

458 1188 863 1242 memoremque
909 1172 1077 1226 nostri
1108 1186 1324 1240 semper
1356 1178 1595 1234 tueatur,
1628 1169 1850 1224 domine
1878 1167 2049 1222 dilec-

452 1268 666 1325 tissime
695 1283 759 1323 ac
789 1282 919 1323 vere
949 1265 1111 1321 homo
1143 1265 1257 1321 Dei.

1031 1404 1365 1463 EPISTULA
1410 1403 1472 1459 ll.

458 1525 679 1582 Domino
705 1535 729 1565 ο
762 1523 1131 1599 gloriosissimo
1155 1538 1215 1574 ac
1244 1519 1423 1573 merito
1448 1514 1914 1571 desiderantissime
1940 1530 2053 1568 coe-
2096 1520 2099 1523 ’

539 1620 753 1690 piscopo
798 1617 1034 1685 Lucifero
1061 1614 1373 1669 Athanasius
1395 1613 1446 1665 in
1470 1610 1697 1665 Domino
1718 1611 1954 1664 salutem.

526 1734 589 1789 Et
615 1732 662 1787 si
688 1730 854 1785 credo
885 1727 1199 1799 pervenisse
1226 1726 1406 1781 ‘ctiam
1437 1723 1504 1778 ad
1533 1722 1873 1777 sanctitatem
1909 1730 2051 1774 tuam

448 1829 517 1885 de
550 1825 960 1899 persecutione,
993 1837 1153 1889 quam
1186 1820 1346 1875 etiam
1396 1832 1541 1871 nunc
1569 1816 1837 1870 adversus
1864 1813 2057 1867 frater-

2152 605 2274 676 quia
2299 605 2642 676 dereliquistis
2674 601 2953 658 Dominum
2983 600 3118 674 (lsa.
3148 621 3199 672 ι,
3228 603 3306 674 4).
3339 603 3463 661 lude
3493 605 3712 661 beatissi-

2156 714 2278 753 mus
2326 699 2527 754 Paulus
2571 713 2693 754 cum
2742 698 2998 770 coepisset
3047 715 3151 753 non
3206 707 3402 754 tantum
3429 699 3639 755 credere
3666 700 3711 754 in

2156 791 2349 845 Filium
2384 791 2501 856 Dei,
2536 805 2720 845 verum
2752 794 2915 847 etiam
2947 790 3245 860 praedicare
3273 792 3516 849 deitatem
3546 794 3710 863 ipsius,

2152 884 2427 939 scribebat
2464 894 2487 919 ο
2520 900 2532 936 :
2584 881 2649 937 In
2682 894 2709 933 P
2739 884 2885 939 nullo
2925 884 3050 937 milii
3114 887 3237 940 mali
3269 888 3497 941 conscius
3522 903 3626 941 sum
3677 887 3709 958 (l

2155 976 2300 1045 Cor.,
2318 993 2393 1044 iv,
2416 977 2493 1049 4).
2520 977 2595 1031 lta
2614 977 2767 1045 juxta
2788 990 3017 1034 vestram
3042 978 3431 1036 confessionem
3456 980 3607 1036 etiam
3627 995 3714 1036 nos

2155 1082 2405 1143 optamus
2454 1079 2703 1127 tenentes
2757 1072 3107 1139 apostolicam
3164 1073 3500 1130 traditionem
3553 1074 3716 1130 virere

2152 1163 2302 1234 juxta
2328 1164 2525 1219 divina:
2549 1164 2684 1234 legis
2706 1164 2975 1231 mandata,
3002 1175 3057 1216 ut
3080 1166 3342 1231 possimus
3365 1167 3623 1221 Vobiscum
3648 1166 3715 1220 in-

2155 1257 2327 1312 veniri
2356 1259 2407 1310 in
2435 1257 2605 1312 choro
2649 1257 2745 1312 illo
2768 1299 2782 1323 ,
2815 1258 2868 1312 in
2899 1273 3007 1328 quo
3037 1272 3178 1312 nunc
3213 1259 3471 1314 exsultant
3506 1262 3714 1330 patriar-

2157 1349 2273 1406 clite
2301 1391 2315 1417 ,
2348 1350 2630 1421 prophetae
2652 1392 2665 1418 ,
2700 1352 2928 1421 apostoli
2952 1391 2967 1417 ,
2996 1367 3058 1407 ac
3090 1363 3373 1422 martyres.
3404 1354 3544 1412 Licet
3573 1357 3717 1427 igitur

2156 1446 2358 1500 Ariana
2385 1445 2591 1500 insania
2619 1460 2741 1500 cum
2762 1455 3015 1502 extranea
3045 1448 3279 1519 potentia
3302 1449 3369 1503 ita
3394 1464 3451 1505 se
3471 1451 3715 1519 movebat,

2156 1549 2215 1593 ut
2244 1556 2350 1594 non
2375 1540 2564 1596 liceret
2591 1556 2689 1596 nec
2714 1541 2930 1608 fratres,
2956 1552 3213 1613 quantum
3234 1543 3310 1599 illi
3333 1544 3629 1611 saaviebam,
3659 1546 3717 1600 li-

2158 1630 2288 1687 bere
2328 1646 2508 1687 aerem
2540 1631 2726 1689 videre
2746 1675 2759 1699 ,
2792 1644 2969 1691 tamen
3006 1636 3159 1705 justa
3191 1637 3452 1693 orationes
3482 1649 3595 1693 tuas
3622 1638 3721 1693 Deo

2159 1722 2407 1787 favente,
2442 1734 2497 1779 et
2526 1724 2572 1779 si
2620 1740 2743 1780 eum
2779 1726 2965 1783 labore
2993 1737 3048 1785 et
3075 1728 3342 1798 periculo,
3375 1731 3549 1787 videre
3590 1730 3726 1802 potui

2160 1814 2408 1880 fratrem,
2428 1818 2519 1887 qui
2543 1818 2684 1873 solet
2712 1826 2818 1873 tam
2853 1822 3155 1876 necessaria
3179 1837 3334 1892 quam
3356 1823 3604 1893 epistolas
3630 1836 3724 1878 tam

446 1923 674 1980 nitatem
705 1918 731 1957 ἀ
760 1921 936 1974 facere
958 1917 1133 1972 conati
1159 1923 1286 1969 sunt
1314 1912 1520 1966 inimici
1551 1908 1773 1974 Christi,
1806 1920 2059 1978 quaeren-
2088 1925 2137 1986 Β
2165 1909 2469 1964 sanctitatis
2511 1920 2615 1965 tuae
2644 1926 2805 1982 quam
2834 1912 3063 1969 aliorum
3104 1913 3391 1969 destinare.
3423 1914 3729 1984 Accepimus

445 2027 533 2076 tes
564 2016 883 2086 sanguinem
913 2022 1183 2073 nostrum,
1209 2015 1440 2078 possunt
1468 2016 1644 2060 tamen
1668 2004 1827 2057 etiam
1852 2000 2063 2055 charis-

450 2111 577 2168 simi
629 2108 801 2164 nostri
834 2105 1039 2161 referre
1085 2100 1331 2170 religioni
1376 2108 1526 2152 ture:
1575 2098 1628 2150 in
1678 2103 1884 2149 tantum
1915 2093 2059 2147 enim

449 2204 657 2258 rabiem
683 2216 837 2255 suam
869 2213 965 2269 per
988 2196 1187 2250 milites
1210 2191 1506 2248 extendere
1537 2190 1653 2244 ausi
1679 2196 1829 2253 sunt,
1866 2195 1924 2241 ut
1952 2201 2059 2241 non

448 2296 627 2352 solum
659 2291 892 2348 civitatis
920 2288 1151 2343 clericos
1181 2283 1505 2355 ellugarent,
1530 2282 1623 2337 sed
1656 2282 1823 2337 etiam
1854 2280 1921 2334 ad
1944 2294 2063 2335 ere-

452 2388 623 2444 mitas
655 2398 677 2426 ε
727 2385 986 2447 exirent,
1021 2390 1071 2435 et
1104 2377 1353 2433 funestas
1399 2391 1523 2430 suas
1576 2387 1771 2429 manus
1799 2372 2059 2428 adversus

452 2482 768 2553 μονάζοντας
797 2473 815 2512 ί
850 2470 1231 2530 immitterent.
1263 2468 1388 2523 Inde
1420 2467 1620 2523 factum
1646 2476 1729 2521 est
1760 2476 1817 2520 ut
1843 2475 1868 2513 ε
1896 2467 2058 2520 etiam

451 2588 554 2642 ego
587 2584 672 2625 me
702 2569 913 2637 lengius
945 2564 1297 2627 abducerem,
1331 2578 1397 2615 ne
1428 2559 1590 2616 etiam
1618 2560 1706 2629 qui
1741 2573 1839 2612 nos
1868 2573 2055 2613 susce-

448 2671 671 2735 perunt,
704 2657 983 2730 negotium
1026 2656 1093 2709 ab
1142 2653 1348 2709 eisdem
1383 2662 1715 2721 paterentur.
1746 2650 1844 2705 Cui
1878 2648 1903 2686 δ
1945 2660 2058 2705 ete-

448 2756 558 2812 nim
608 2762 829 2825 parcent
861 2748 1071 2815 Ariani,
1114 2746 1207 2816 qui
1260 2760 1361 2799 nec
1412 2744 1609 2798 animis
1654 2744 1767 2797 suis
1799 2757 2059 2813 peperce-

448 2860 574 2906 runt
591 2848 613 2901 ?
630 2844 861 2913 Quando
889 2852 1067 2897 autem
1098 2846 1328 2910 possunt
1352 2837 1609 2891 recedere
1631 2852 1658 2888 a
1679 2835 1791 2888 suis
1815 2833 2061 2889 nefandis

449 2945 685 3006 actibus,
718 2940 846 2995 dum
881 2942 1199 3006 permanent
1230 2930 1477 3001 negando
1508 2929 1793 2983 Ιιοιιιίιιυη]
1828 2927 1844 2965 λ
1875 2928 2060 2982 Chris-

449 3051 588 3104 tum,
610 3036 831 3092 unicum
851 3032 1045 3088 Filium
1062 3030 1159 3085 Dei
1180 3029 1203 3081 ?
1221 3028 1342 3081 Ila'c
1359 3010 1604 3081 estradix
1620 3040 1807 3079 eorum
1829 3027 2061 3093 pravita-

449 3136 541 3201 tis,
574 3133 675 3187 hoc
700 3145 800 3185 suo
831 3139 1067 3181 arenoso
1097 3122 1111 3173 i
1154 3120 1509 3176 fundamento
1540 3119 1813 3173 aedificant.
1842 3133 2061 3189 perver-

448 3247 536 3288 sas
563 3242 689 3283 suas
716 3226 852 3287 vias,
871 3220 1292 3287 sicutscriptum
1324 3214 1629 3269 invenimus
1653 3214 1704 3267 in
1724 3213 1883 3267 tertio
1909 3212 2058 3268 deci-

2164 2000 2348 2072 itaque
2374 2003 2635 2072 epistolas
2661 2013 2715 2058 ct
2743 2003 2911 2059 libros
2945 2005 3362 2075 religiosissima!
3386 2021 3445 2062 ac
3466 2006 3732 2076 sapientis-

2163 2094 2314 2148 sima:
2342 2094 2537 2149 anima:
2584 2105 2709 2159 tua),
2743 2095 2794 2149 in
2841 2096 3034 2166 quibus
3060 2097 3430 2167 perspeximus
3458 2096 3729 2169 imaginem

2163 2189 2541 2259 apoStolicam,
2574 2188 2822 2245 fiduciam
2852 2191 3243 2260 prepheticam,
3269 2192 3621 2262 magisterium
3648 2208 3733 2249 ve-

2162 2281 2357 2347 ritatis,
2392 2280 2699 2336 doctrinam
2729 2296 2876 2337 verte
2908 2282 3063 2347 ﬁdei,
3097 2284 3233 2337 viam
3266 2284 3557 2352 cmlestem,
3600 2301 3733 2340 uiar-

2165 2377 2287 2448 tyrii
2315 2377 2567 2447 gloriam,
2588 2376 2892 2445 triumphos
2915 2376 3175 2433 adversus
3195 2378 3446 2433 hacresem
3466 2380 3731 2445 Arianam,

2165 2469 2510 2524 traditionem
2557 2470 2822 2540 integram
2876 2479 3085 2540 patrum
3129 2482 3462 2537 nostrorum,
3508 2473 3729 2544 regulam

2162 2572 2366 2617 rectam
2413 2562 2772 2619 ecclesiastici
2817 2562 3043 2617 ordinis.
3077 2561 3121 2618 Ο
3166 2573 3192 2614 «ι
3229 2579 3354 2620 vere
3382 2564 3612 2631 Lucifer,
3652 2562 3733 2634 qui

2156 2654 2312 2725 juxta
2338 2672 2533 2719 nomen
2569 2666 2590 2693 τ
2628 2658 2813 2711 lumcn
2850 2664 2871 2694 ³
2904 2656 3144 2712 veritatis
3174 2657 3376 2723 ferens,
3409 2657 3629 2729 posuisti
3652 2674 3736 2713 su-

2162 2765 2258 2822 per
2302 2750 2691 2805 candelabrum
2742 2759 2800 2803 nt
2832 2750 3010 2804 luceat
3052 2750 3072 2784 ί
3105 2750 3369 2805 omnibus.
3408 2751 3537 2816 Quis
3578 2751 3731 2816 enim,

2163 2846 2405 2913 exceptis
2435 2844 2676 2906 At’ianis,
2711 2857 2817 2897 non
2852 2841 3097 2913 pervidet
3126 2857 3192 2898 ex
3214 2850 3239 2877 υ
3273 2852 3357 2897 tua
3386 2842 3622 2897 doctrina
3652 2858 3737 2896 ve-

2164 2952 2278 2990 ram
2329 2937 2548 3007 quidem
2603 2936 2783 3002 fidem,
2840 2937 3106 2991 maculam
3157 2944 3330 2991 autem
3385 2933 3734 2992 Arianorum?

2166 3028 2333 3083 Valde
2360 3042 2409 3083 et
2446 3028 2858 3092 admirabiliter,
2895 3037 2950 3081 ut
2992 3038 3073 3082 est
3105 3027 3283 3083 lumen
3313 3042 3341 3080 a
3377 3027 3637 3091 tenebris,
3667 3027 3734 3081 ita

2162 3122 2427 3192 separasti
2456 3122 2739 3177 veritatem
2771 3137 2797 3175 a
2828 3121 3116 3178 calliditate
3138 3132 3192 3179 et
3220 3121 3487 3195 hypocrisi
3527 3121 3733 3176 btereti-

2161 3231 2372 3280 eorum,
2421 3215 2710 3270 defendisti
2762 3216 3084 3271 catholicam
3145 3215 3459 3281 Ecclesium,
3507 3215 3733 3286 probasti

455 3339 541 3377 mo
566 3320 802 3391 psalmo:
832 3314 973 3368 Dixit
997 3310 1245 3379 insipiens
1268 3312 1319 3360 in
1340 3307 1497 3360 corde
1522 3322 1615 3358 suo
1640 3321 1656 3357 :
1687 3303 1810 3358 Non
1834 3303 2059 3358 cstDeus
2089 3310 2131 3374 C
2166 3309 2303 3363 nihil
2327 3323 2471 3376 esse,
2492 3308 2586 3364 sed
2617 3320 2821 3364 tantum
2849 3308 3185 3378 phantasiam
3213 3307 3526 3363 Arianorum
3552 3307 3729 3371 verba,

454 3412 627 3487 (Psal.
658 3425 777 3473 xui,
810 3408 883 3477 l).
930 3404 998 3458 Et
1044 3417 1168 3456 mox
1221 3398 1508 3467 sequitur:
1545 3394 1787 3465 Corrupti
1828 3406 1967 3462 sunt,
2009 3405 2058 3449 et

450 3501 819 3560 abominabiles
853 3497 974 3570 facti
1004 3504 1122 3549 sunt
1149 3494 1201 3545 in
1228 3490 1253 3528 ¹ί
1278 3490 1516 3559 aperibus
1547 3491 1652 3542 suis
1684 3487 1898 3559 (Ibid.).
1931 3489 2060 3545 lude

449 3595 626 3655 Judaei
678 3600 938 3663 negantes
989 3587 1187 3642 Filium
1222 3584 1317 3638 Dei
1371 3583 1519 3653 digni
1571 3584 1787 3637 fuerunt
1825 3582 2057 3637 audire:

455 3692 581 3757 Vae,
613 3687 631 3727 ι
656 3704 779 3760 gens
839 3682 1125 3755 peccatrix,
1164 3676 1387 3749 populus
1436 3676 1617 3746 plenus
1644 3684 1684 3713 σι
1712 3676 1947 3744 delictis,
1980 3693 2062 3730 se-

522 3842 547 3871 ι
600 3830 691 3887 Sic
737 3825 861 3882 Tilii
905 3819 1098 3886 editio,
1132 3831 1231 3873 nec
1281 3831 1389 3871 non
1429 3814 1876 3887 Moulj‘auconius
1924 3830 2051 3885 opp.

447 3886 714 3963 Albanas.
756 3908 885 3952 tum.
913 3895 956 3959 l,
1003 3897 1142 3961 part.
1174 3888 1228 3940 2.
1266 3902 1387 3956 pag.
1418 3886 1543 3940 965.
1577 3886 2049 3963 Barouiusautem

551 3957 750 4028 annum
780 3966 905 4025 556.
940 3957 1092 4018 nam.
1125 3974 1303 4025 Lxxw,
1333 3968 1608 4010 errantem.
1643 3957 1892 4012 Galland.

524 4045 552 4085 δ
582 4044 793 4098 Lucem.
829 4038 895 4090 Pa
905 4034 1057 4105 pebr.

526 4128 549 4157 c
584 4116 734 4171 Hanc
780 4099 1066 4178 epistolam
1110 4099 1394 4178 exegimus
1430 4100 1503 4178 _a_d
1535 4101 1853 4178 _e_xeniplar,
1904 4100 2049 4168 quod

448 4188 620 4247 edidit
645 4170 949 4240 Cbil'lletius
977 4176 1120 4230 inter
1148 4170 1303 4247 notas
1326 4170 1685 4247 adVigilium
1718 4172 2050 4247 Tapsenscm

664 4254 766 4332 lu9
796 4265 949 4332 seqq.
1003 4247 1093 4331 ubi
1153 4242 1637 4332 vit-clarissimus.
1676 4243 1791 4332 lnge
1843 4243 2048 4325 habet:

451 4302 605 4388 Ἠιῗιῖέ
633 4302 1050 4398 εῇἶδῖοἶάἦιήιιὶα
1075 4319 1127 4369 in
1155 4312 1413 4398 codicibus
1438 4316 1667 4397 antiquis
1702 4313 2049 4380 Cluniacensi,

452 4383 742 4458 Vlia'rrisie'nsi
764 4437 776 4459 ,
814 4383 1104 4446 Pictat'ensi
1124 4430 1137 4453 ,
1164 4396 1217 4459 et
1236 4383 1621 4459 Pantiniacensi
1640 4388 1877 4459 junctam
1904 4402 2052 4454 repe—

450 4454 615 4529 ξρίῇξυε
650 4454 819 4537 Vigilii
859 4462 1137 4537 Tapsensis
1184 4454 1403 4537 Dialogo
1426 4458 1517 4509 sub
1560 4457 2055 4537 nomine-{titanasii

452 4527 637 4601 contra
660 4527 859 4601 Arium,
883 4527 1413 4613 etquidem-vulgatis
1435 4543 1547 4597 ejus
1571 4528 1878 4613 editilo'itibus
1912 4528 2054 4613 Itattd
2086 4554 2136 4613 Β

451 4597 613 4687 paulo
644 4597 1086 4687 emendatiorem,
1120 4601 1311 4687 ἑξέςιξξέ)
1468 4598 1898 4687 leamAreddimtts'.
1931 4601 2056 4654 llaec

452 4668 567 4746 ille.
616 4681 863 4737 Galland.
914 4678 1005 4746 qui
1042 4668 1415 4746 es_Chi_fllet_io
1463 4668 1606 4746 hanc
1647 4670 2055 4746 inscriptionem

454 4739 703 4830 eiii—stolae
730 4739 1064 4830 praeposuil,‘
1096 4739 1634 4830 ρρηιίηιξηθςαιέεείηιιξ
1651 4757 1716 4830 sc
1745 4742 1922 4823 ’νιετίίο
1944 4746 2056 4830 9!?"

450 4808 760 4887 riga—issimo',
800 4808 972 4875 sa'ncto
1010 4814 1255 4887 Lucifer?
1294 4808 1557 4887 Ερέδεθρθ
1597 4808 2055 4887 Αίθᾳηαδίυδέῠιίδ

454 4882 584 4957 vero
612 4882 758 4952 illam
794 4890 1008 4961 praefert
1036 4898 1095 4961 et
1132 4882 1315 4961 Codex
1350 4882 1631 4961 Venetus,
1666 4882 2051 4961 lii_s_ee.solum_-

450 4953 616 5029 modo
652 4953 908 5036 Episcopo
938 4958 1181 5036 Lucifero
1213 4971 1242 5010 e
1276 4953 1398 5009 loco
1426 4955 1669 5009 mntatis.
1704 4953 1889 5009 Merito
1917 4958 2054 5009 desi-

451 5030 796 5098 deratissimo.
814 5030 1045 5107 Papebr.
1288 5096 1341 5107 Μ
1368 5097 1437 5107 ,Μ
1501 5098 1510 5107 Ι

524 5112 551 5151 ἀ
582 5096 981 5166 Ρναιενηίῑαιέηι
1003 5110 1252 5169 nostram.
1283 5096 1603 5152 Chilﬂetius.

524 5196 548 5225 ο
587 5178 871 5236 Heremias.
902 5172 1035 5228 Cod.
1074 5172 1205 5226 Ven.
1252 5179 1430 5229 recte;
1463 5184 1584 5222 nam
1631 5169 1786 5237 paulo
1828 5168 2048 5225 inferius

449 5260 780 5333 μονάζοντας.
890 5253 973 5333 est
1002 5242 1592 5333 monachosiiut-uirilanI
1606 5240 1706 5333 qui
1724 5242 1935 5333 ereti—das
1965 5244 2048 5297 in--

449 5309 723 5389 Eduntur,
752 5309 965 5374 Scilicet
992 5329 1220 5389 eremos;
1246 5315 1321 5366 ita
1351 5321 1407 5366 et
1434 5309 1751 5389 tlhiflletnis
1772 5313 1917 5389 ιδεμ,

525 5382 651 5453 illa
678 5382 731 5448 ei
763 5392 947 5446 Codex
994 5386 1479 5455 Sangermanensis
1529 5382 1671 5455 apud
1704 5382 2042 5438 Mootfauco-

449 5452 595 5527 nium
630 5470 769 5520 inter
799 5476 961 5527 opera
994 5460 1051 5512 5.
1086 5452 1401 5519 Kthnuasii;
1432 5469 1554 5507 cum
1586 5452 2048 5527 Ssingermanensi’

444 5525 705 5599 convenit
732 5525 915 5588 Cod-ex
952 5528 1585 5599 VcnclUS.7_MOVéCOW¢;_‘.
1619 5525 1804 5599 Codex
1846 5527 2040 5598 liegius

444 5595 909 5683 apudnhlonttauc.
944 5597 1246 5683 ibidt-_ni,“M
1257 5602 1497 5683 anne/tos.
1531 5595 1712 5652 Cbil'll.

519 5694 543 5730 κ
578 5681 644 5737 Ut
674 5678 825 5731 etiam
853 5688 951 5725 me.
984 5670 1117 5725 Cod.
1153 5669 1340 5723 Venet.

512 5754 537 5793 ιι
566 5752 659 5807 Cui
686 5751 836 5803 etiam
862 5750 1127 5814 parcerent
1154 5740 1364 5814 Ariani,
1395 5740 1482 5807 qui
1510 5755 1601 5795 nec
1631 5739 1783 5795 minis
1807 5739 1916 5797 suis
1948 5759 2036 5813 pe-

442 5820 748 5901 percerunt?
780 5812 977 5901 ldiubi
1008 5814 1159 5866 minis
1188 5812 1471 5901 mendose.

517 5898 529 5939 ί
567 5894 829 5954 Christum
852 5886 1150 5943 Dominum.
1184 5882 1263 5939 ld.

2161 3400 2398 3455 docuisti
2426 3400 2716 3456 calcandos
2737 3416 2859 3455 esse
2882 3399 3167 3454 frendores
3189 3408 3215 3435 ν
3236 3398 3540 3454 diabolicos.
3567 3398 3729 3466 Quam

2164 3495 2305 3549 bona
2333 3494 2633 3564 etjocunda
2659 3493 3001 3548 hortamenta
3020 3500 3109 3547 tua
3138 3491 3203 3546 ad
3226 3493 3553 3563 martyrium,
3576 3505 3728 3559 quam

2164 3587 2684 3649 desideratissimam
2702 3597 2726 3623 ι
2745 3585 3027 3642 ostendisti
3045 3595 3266 3641 mortem
3289 3600 3406 3639 esse
3424 3601 3512 3654 pro
3524 3584 3729 3639 Christo

2164 3680 2305 3734 Filio
2332 3680 2427 3735 Dei
2454 3722 2467 3747 ,
2494 3695 2655 3751 quam
2688 3678 2852 3734 futuri
2882 3678 3062 3735 smeali
3089 3686 3143 3734 et
3171 3677 3291 3731 vita:
3318 3664 3558 3733 cmlestis'
3580 3689 3725 3730 amo-

2240 3817 2253 3867 i
2296 3816 2549 3872 Urenoso.
2583 3816 2660 3871 ld.
2692 3816 2971 3872 mendose.

2230 3887 2255 3925 ¹ί
2290 3886 2356 3941 In
2378 3888 2719 3941 voluntatibus
2748 3889 2876 3944 suis.
2908 3887 3064 3944 Vers.
3098 3889 3224 3942 Ant.

2158 3958 2386 4085 Clin}?!
2425 3960 2561 4030 genti
2604 3961 2898 4030 peccatrici,
2946 3960 3134 4031 popqu
3161 3960 3309 4029 pleno
3348 3957 3565 4021 delictis,
3616 3964 3716 4012 etc.

2223 4046 2259 4085 ιι
2333 4073 2345 4084 .

2226 4111 2264 4138 ω
2297 4099 2491 4172 Plenus
2513 4103 2753 4172 peccatis,
2777 4118 2943 4157 semen
2967 4117 3200 4171 nequam,
3230 4101 3325 4170 ﬁlii
3352 4100 3578 4155 scelesti:
3604 4099 3721 4153 reli-

2154 4173 2334 4244 quislis
2368 4171 2666 4227 Dominum.
2714 4174 2871 4228 Vers.
2918 4176 3041 4228 Ant.
3069 4173 3251 4228 Grates
3279 4172 3521 4241 Septuag.
3561 4173 3715 4225 inter-

2157 4246 2390 4331 pretatio
2415 4262 2426 4296 :
2447 4247 2594 4332 Ouai,
2624 4244 2767 4335 ἕθιεος
2778 4245 3097 4331 ἐκμαρτωλὸν,
3122 4244 3235 4306 λαὸς
3248 4244 3434 4320 πλήρης
3449 4244 3711 4319 ἁμαρτιῶν,

2159 4320 2368 4442 σπέρῢα
2386 4320 2628 4393 πονηρὸν,
2652 4320 2753 4371 υἱοὶ
2770 4320 2968 4389 ἄνομοι.

2230 4396 2257 4423 ιι
2338 4389 2435 4440 nde
2463 4391 2573 4441 sine
2597 4388 2745 4458 lege?
2771 4389 3037 4444 omittitur
3066 4387 3117 4442 in
3146 4386 3278 4444 Cod.
3315 4386 3444 4443 Ven.

2233 4468 2256 4494 ο
2284 4458 2454 4512 Dixit.
2486 4459 2664 4514 Chil‘ll.

2232 4541 2259 4578 ι)
2297 4528 2449 4583 Nihil
2480 4531 2609 4583 milii
2635 4533 2867 4586 conscius
2887 4547 3017 4585 sum.
3050 4528 3201 4586 Vers.
3228 4533 3353 4584 Ant.

2235 4611 2261 4649 (ι
2293 4601 2429 4656 Hinc
2481 4602 2618 4659 forte
2665 4613 2880 4673 putetur
2908 4600 3171 4673 latineab
3212 4597 3494 4656 Athanasio
3529 4596 3709 4673 scripta

2162 4672 2276 4727 haec
2318 4673 2545 4740 epi~tola
2568 4715 2583 4739 ,
2614 4666 2733 4729 cum
2764 4673 2963 4728 alludat
2990 4673 3055 4727 ad
3080 4672 3293 4725 latinam
3322 4683 3517 4725 vocem.
3546 4666 3704 4721 Mont-

2187 4760 2456 4799 aucomus.

2187 4760 2216 4796 a
2288 4761 2405 4797 omn
2443 4785 2456 4799 .

2161 4746 2477 4887 (τίναξε
2511 4818 2667 4887 juxta
2718 4812 2903 4871 nomen
2936 4814 3203 4885 glossema
3235 4826 3418 4885 sapere
3459 4811 3704 4868 videntur.

2159 4885 2388 4941 Galland
2398 4929 2409 4941 .

2232 4967 2253 4994 ⁸
2292 4956 2498 5011 Lucem.
2533 4958 2767 5027 Papebr.

2232 5030 2248 5064 ί
2288 5028 2504 5082 Luceas.
2535 5028 2668 5084 Cod.
2706 5030 2840 5087 Ven.

2224 5108 2250 5135 υ
2286 5098 2369 5153 Ea:
2390 5112 2478 5152 tua
2510 5101 2764 5169 doctrina,
2793 5103 2932 5169 quod
2961 5099 3344 5171 veramquidern
3360 5097 3524 5165 ﬁdem,
3548 5108 3710 5171 maest-

2152 5172 2255 5224 lam
2288 5182 2459 5223 autem
2491 5165 2962 5229 Arianorum'valde
2986 5186 3031 5229 et
3060 5165 3439 5229 admirabiliter.
3467 5184 3499 5219 u
3538 5175 3607 5219 est
3632 5165 3709 5216 lu-

2151 5259 2265 5296 men
2296 5243 2594 5317 a_teucbris,
2625 5245 2696 5297 ita
2722 5247 2974 5317 separasti
3008 5238 3638 5317 veritateinacalliditate,
3668 5245 3713 5315 et

2149 5331 2181 5367 α
2207 5309 2861 5385 pravitateInereticorum,
2892 5327 2996 5371 etc.
3030 5312 3209 5370 Cliifﬂ.
3239 5310 3401 5385 Nobis
3428 5322 3609 5385 tamen
3641 5309 3713 5357 vi.

2146 5380 2321 5458 detur
2348 5384 2436 5437 bic
2476 5387 2625 5440 IOCUs
2673 5389 2739 5441 ita
2788 5380 3237 5458 interpungendns
3280 5399 3308 5458 :_
3337 5380 3545 5458 Quis...
3616 5394 3709 5458 non

2144 5456 2371 5526 pervidet
2391 5470 2454 5508 ex
2484 5467 2570 5509 tua
2597 5460 2829 5514 doctrina
2852 5451 3019 5513 ver-am
3038 5451 3239 5522 quidem
3276 5453 3419 5526 fidem
3440 5493 3453 5513 ,
3474 5451 3711 5526 maculata

2144 5524 2311 5579 autem
2331 5526 2683 5585 Arianorum?
2715 5530 2893 5593 Valde,
2910 5538 3014 5584 etc.
3036 5527 3108 5581 ιω
3132 5526 3289 5581 etiam
3306 5524 3707 5595 Papebrocbius,

2142 5599 2231 5668 qui
2257 5596 2422 5672 valide
2444 5614 2541 5667 pro
2563 5604 2708 5655 valde
2727 5604 2876 5672 legit.

2215 5680 2239 5706 τ
2274 5668 2555 5725 Prwstdes.
2589 5672 2747 5727 Clnftl

2215 5749 2240 5776 ι
2275 5743 2442 5805 Quam
2476 5741 2943 5798 desiderantissime
2976 5739 3233 5795 ostendisti
3271 5735 3576 5793 moriendum
3611 5746 3711 5788 esss

2140 5827 2234 5883 pro
2252 5811 2479 5868 Christo.
2509 5814 2715 5885 Cbim.,
2746 5813 2916 5871 Codd.
2942 5812 3096 5884 Reg,
3132 5814 3406 5884 Sangerm.
3438 5818 3491 5866 et
3522 5807 3646 5863 Ven.
