3854 6382
185 413 332 473 1045

1628 417 1990 478 APPENDIX.

3319 427 3459 488 1046

182 532 394 607 ederet,
426 544 558 607 sane
589 533 917 607 persuadere
949 532 1219 607 nobismet
1250 533 1557 602 nequimus,
1593 533 1762 607 niilis-
1794 536 1845 594 Α
1871 551 1978 607 ioue
2022 546 2198 590 testem
2239 553 2256 590 :
2295 537 2450 607 cujus
2499 538 2717 605 quidem
2766 542 3056 596 sententia:
3105 543 3456 598 assentimur.

181 605 380 657 simum
411 600 552 656 adeo
580 600 1095 673 sanctissimumque
1137 600 1437 668 decretum,
1468 606 1607 673 quod
1654 605 1769 672 ipse

181 689 261 744 pri
289 677 535 737 liaverat,
564 677 630 728 a'u
659 676 847 728 eodem
880 676 1128 731 Lucifero
1149 676 1449 744 neglectum
1482 676 1766 730 violatum-

180 761 286 812 que
317 744 505 799 tuisse.
542 744 724 812 Neque
753 747 1045 800 difﬁtemur
1065 761 1221 808 sane,
1246 746 1554 802 Luciferum
1580 747 1632 800 in
1656 749 1768 800 suis

180 815 509 942 quandoque
543 815 694 870 libris
721 817 786 871 de
815 817 1022 886 Spiritu
1051 826 1240 870 saneto
1275 834 1396 872 esse
1427 819 1687 878 locutum,
1714 827 1770 873 et

232 888 508 941 rianoruui
549 884 894 942 imuietaienr
916 889 1015 942 liae
1055 902 1268 942 auoaue
1296 889 1348 942 in
1382 899 1534 942 parte
1563 889 1769 942 acriter

232 888 508 941 riauoruni
549 884 894 953 iiiipietatenr
916 889 1015 943 liae
1055 902 1268 957 quoque
1296 889 1348 942 in
1382 899 1534 955 parte
1563 889 1769 944 acriter

183 971 552 1026 oppugnasse,
593 957 950 1014 dissimilibus
991 969 1168 1012 tamen
1202 969 1255 1014 et
1297 960 1683 1026 locutionibus,
1712 970 1768 1015 et

181 1029 394 1088 verbis,
441 1043 602 1096 quam
649 1029 700 1082 iu
751 1030 848 1083 hac
897 1027 1148 1082 Formido
1179 1029 1543 1097 proferantur,
1582 1032 1658 1085 uti
1699 1045 1766 1086 ex

182 1097 506 1168 praifatioue
545 1109 726 1154 nostra
759 1101 916 1155 facile
955 1100 1146 1169 liquet.
1182 1101 1419 1170 Denique
1459 1100 1561 1154 hoc
1601 1101 1764 1156 etiam

181 1180 561 1240 argumentum
587 1169 948 1240 adiungimus,
971 1186 1032 1226 ex
1059 1185 1163 1236 quo
1185 1169 1442 1238 probetur
1465 1170 1766 1225 Formulam

182 1239 326 1294 lianc
358 1240 608 1295 Lucifero
638 1239 842 1297 auctori
877 1258 982 1296 non
1029 1257 1149 1295 esse
1191 1241 1565 1305 tribuendam;
1611 1243 1767 1297 nimi-

183 1325 304 1382 rum
355 1312 501 1382 quod
542 1320 752 1379 tempus
790 1314 1045 1368 constitui
1097 1323 1244 1366 recte
1287 1323 1536 1381 nequeat,
1570 1330 1676 1382 quo
1722 1316 1766 1368 is

182 1380 434 1454 debuerit
464 1380 644 1436 Fidem
670 1399 821 1439 suam
849 1385 1088 1452 publico,
1118 1380 1433 1454 scriptoque
1461 1380 1766 1438 testimonio

183 1452 545 1519 comprobare
577 1471 588 1506 :
621 1457 818 1508 etenim
853 1459 904 1507 in
950 1454 1193 1507 lloiieilio
1224 1452 1636 1516 lilediolaneosi,
1681 1457 1766 1510 cui

188 1521 425 1591 Legatus
471 1525 717 1578 interfuit
749 1526 945 1580 Lilicrii
976 1527 1267 1588 I’oiitilicis,
1298 1525 1574 1580 NlCﬂ‘llMlt
1610 1528 1769 1582 unice

187 1591 334 1663 Fidei
397 1592 698 1647 Forntulam
750 1594 1026 1663 professus
1073 1606 1155 1648 est
1205 1613 1386 1650 coram
1444 1597 1767 1650 CunStantio

186 1662 542 1732 lniperatore,
576 1675 630 1717 iit
663 1669 713 1719 iu
747 1662 841 1720 lib.
877 1665 1197 1719 Moriendum
1229 1684 1331 1719 ess:
1371 1684 1460 1734 pro
1503 1666 1639 1720 Filio
1674 1669 1768 1721 Dei

178 1734 297 1807 ipse
329 1743 563 1807 testatur
596 1735 743 1790 hisce
779 1737 990 1792 verbis:
1030 1735 1139 1789 Nos
1165 1737 1318 1807 legati
1355 1741 1766 1792 asseverabamus

176 1806 230 1857 in
274 1815 365 1858 tuo
403 1803 619 1874 palatio.
654 1818 699 1860 et
742 1808 998 1876 ﬁrmando
1033 1825 1131 1860 non
1170 1803 1433 1870 desumus,
1466 1824 1664 1875 semper
1691 1812 1765 1862 sic

174 1876 362 1944 fuisse,
405 1888 450 1930 et
490 1894 597 1932 esse
634 1879 879 1931 creditum
900 1895 930 1930 a
958 1878 1278 1941 Christianis,
1306 1879 1456 1932 sicuti
1487 1880 1629 1948 apud
1663 1880 1755 1932 Ni-

176 1962 341 1999 ra'ant
369 1957 546 2000 contra
573 1947 801 2002 Ita'resim
829 1959 965 2001 tuam
997 1951 1261 2013 Arianam,
1294 1959 1342 2002 et
1369 1947 1538 2003 omnes
1565 1966 1759 2004 errores

175 2016 381 2069 videtur
399 2033 506 2090 esse
525 2035 675 2072 sacra
703 2019 830 2084 ﬁdes
851 2022 1173 2084 conscripta:
1201 2021 1554 2090 eamdemque
1578 2020 1760 2074 Fidem

176 2096 297 2160 toto
321 2087 504 2142 exsilii
525 2091 606 2142 sui
639 2100 880 2158 tempore
909 2093 1127 2156 scriptis
1158 2093 1332 2160 palam
1361 2087 1534 2154 libris,
1569 2093 1757 2146 iisdem

177 2156 418 2212 Nica'nc
446 2160 684 2226 formula:
736 2156 914 2215 verbis
961 2156 1185 2215 testatus
1228 2174 1326 2215 .ist.
1372 2163 1497 2216 Post
1529 2163 1758 2216 reditum

174 2243 312 2280 vero
354 2229 422 2280 all
465 2230 660 2299 exsilio
703 2246 825 2283 cuin
875 2232 938 2284 ad
989 2236 1361 2299 compunmula
1409 2233 1761 2288 Autioclienzn

177 2299 440 2371 Ecclesia:
466 2311 514 2353 et
546 2298 908 2354 Caesar-censis
943 2298 1235 2370 provincias
1265 2303 1514 2364 dissidia,
1547 2320 1666 2371 quae
1696 2305 1764 2357 de

181 2370 579 2438 Episcopozum
609 2389 824 2424 suoruii-
857 2374 1117 2426 c’eciioin:
1143 2370 1594 2430 fiierantexortre.
1624 2385 1768 2429 totus

179 2444 542 2504 incubuisset,
571 2445 635 2494 ad
661 2459 809 2495 suam
843 2444 1134 2497 laieiesiam
1168 2446 1219 2497 iu
1251 2445 1551 2499 Sardiniam
1583 2447 1764 2508 rediit,

181 2513 274 2565 ubi
319 2526 440 2580 qua:
479 2527 641 2567 causa
676 2513 750 2566 illi
779 2515 1074 2573 obvenerit.
1109 2529 1204 2568 cur
1235 2531 1425 2568 novam
1458 2514 1603 2568 Fidei
1632 2514 1767 2569 For-

180 2581 379 2635 mulam
409 2583 688 2644 conderet,
720 2595 767 2637 et
802 2587 1098 2653 evulgaret,
1141 2600 1236 2639 cur
1265 2601 1291 2638 a
1327 2585 1540 2640 Nicmna
1584 2586 1767 2640 diver-

179 2668 322 2715 sam,
355 2667 454 2707 cur
481 2655 655 2722 aliqua
689 2670 771 2708 sui
825 2667 974 2721 parte
1010 2656 1315 2724 ambiguam
1363 2667 1416 2709 et
1457 2658 1767 2720 obscuram,

181 2739 284 2777 nec
317 2724 545 2778 divinari
579 2729 736 2793 cniqn
760 2743 828 2776 .ui
865 2727 1043 2788 liceat,
1076 2742 1172 2780 nec
1201 2735 1317 2779 tuto
1353 2730 1614 2794 proferre.
1645 2727 1770 2784 Haec

183 2795 337 2866 nobis
373 2808 684 2866 argumenta
714 2805 860 2859 sunt,
889 2798 1083 2864 quibus
1109 2797 1231 2864 jure
1259 2807 1524 2866 putemus,
1551 2799 1712 2852 alium
1741 2815 1769 2852 τι

181 2865 440 2920 Lucifero
468 2864 632 2919 fuisse
663 2865 924 2921 Formon
950 2869 1171 2934 hujusce
1200 2864 1495 2922 auctorem.

257 2936 364 2991 Sed
395 2941 573 2990 omnis
596 2937 664 2991 de
687 2940 802 3003 ipso
829 2949 1049 2992 auctore
1085 2941 1406 3007 ambiguitas
1432 2939 1644 2992 sublata
1676 2956 1775 2992 uo-

182 3009 272 3060 bis
318 3018 422 3071 est,
451 3022 574 3062 cum
624 3009 946 3076 ipsissimam
995 3012 1106 3062 lere
1153 3009 1304 3062 Fidei
1347 3011 1622 3078 formulam
1661 3012 1772 3078 jam

182 3085 314 3131 ante
337 3091 366 3131 a
388 3078 676 3132 l’ascliasio
693 3080 980 3145 Quesnello
1002 3081 1200 3132 editam
1224 3080 1452 3133 vidimus
1478 3083 1527 3133 in
1552 3092 1696 3133 tonio
1740 3081 1774 3133 ἢ

183 3149 426 3214 Operam
478 3150 537 3203 Ι).
583 3147 778 3203 Leonis
822 3149 920 3202 ΙΨ.
967 3152 1017 3202 in
1061 3151 1260 3204 Codice
1291 3152 1569 3204 Canopum
1603 3151 1776 3204 eccle-

184 3218 556 3291 siasticarum,
584 3231 714 3284 etc.,
759 3235 881 3288 cap.
930 3221 1016 3284 58,
1061 3232 1112 3273 ei
1146 3221 1362 3275 Venetis
1411 3223 1546 3291 typis
1581 3222 1773 3275 iterum

187 3292 462 3358 vulgatam
494 3289 548 3344 iii
581 3302 725 3344 tumo
765 3293 796 3344 5
845 3293 1075 3360 Operam
1118 3309 1282 3344 cornu
1332 3309 1428 3342 τ-,ξῖῖ

185 3376 311 3427 qua!
334 3377 363 3414 a
389 3360 696 3415 Balleriuiis
723 3362 992 3415 Fratribus
1013 3365 1168 3414 dot-lt:
1194 3381 1293 3429 ("git
1324 3368 1369 3414 ait
1398 3384 1466 3422 ui,
1491 3375 1541 3416 εει
1565 3366 1773 3416 eruti-lt?

188 3431 378 3486 labore
405 3432 664 3486 adversus
703 3434 973 3499 Quesuelii
1006 3450 1219 3486 errores
1252 3437 1506 3486 illu~nata
1541 3439 1771 3487 liii-rint.

189 3503 400 3556 Numen
449 3502 563 3556 Italic
611 3506 826 3571 prail'ci't
873 3506 922 3554 iii
973 3505 1126 3557 lilitlo
1177 3504 1408 3558 Faustini
1464 3505 1774 3572 Presbyteri,

187 3573 496 3640 eademque
517 3583 622 3638 est,
656 3589 776 3640 qua:
803 3591 830 3626 a
863 3575 1174 3628 Mabillonio
1202 3574 1362 3629 Breve
1397 3575 1543 3628 Fidei
1585 3578 1778 3628 inseri-

189 3644 339 3697 bitur
360 3658 429 3698 ex
461 3644 558 3697 Its.
595 3645 869 3714 Augietisi,
897 3655 955 3699 ut
985 3645 1252 3700 liallct'itiii
1279 3658 1572 3709 testantur;
1604 3647 1778 3700 idem-

187 3729 323 3784 quc,
355 3727 410 3768 tit
438 3725 801 3776 autumamus,
835 3717 1003 3770 codex
1037 3717 1318 3782 Augiensis
1347 3726 1450 3780 est,
1480 3733 1636 3784 quem
1673 3717 1779 3769 Ma-

190 3786 450 3839 billouius
501 3788 551 3838 in
597 3785 792 3839 Itinere
835 3786 1136 3838 (.‘ermoniro
1188 3789 1389 3839 indicat
1436 3803 1462 3840 a
1514 3803 1570 3839 se
1603 3790 1774 3840 visum

188 3857 384 3923 Augia:
413 3871 426 3907 :
459 3854 609 3928 Liber
647 3859 698 3908 in
731 3873 913 3928 ηυυιιτι
947 3859 1070 3924 [alio
1101 3859 1334 3925 insignis,
1369 3860 1420 3910 in
1459 3874 1555 3918 quo
1588 3860 1777 3909 haben-

188 3937 279 3978 tur
300 3941 476 3980 omnes
508 3925 729 3980 Patrum
770 3925 1107 3996 eirpositiones
1132 3930 1183 3980 in
1219 3929 1512 3982 Orationem
1545 3929 1779 3981 Domini-

188 4012 329 4060 carn,
361 4008 516 4068 auius
543 3999 694 4052 etiam
724 4001 878 4051 turrito
912 3998 1066 4052 Fidei
1097 3999 1471 4066 Confessiones.
1507 4000 1604 4052 Ms.
1639 4001 1781 4052 0w-

190 4070 408 4135 iiiensc,
433 4084 500 4124 ex
533 4083 640 4138 quo
661 4070 982 4136 Quesnellus
1006 4070 1174 4123 edidit
1200 4071 1450 4123 Codicum
1479 4072 1779 4134 (Iunonum,

190 4149 329 4205 etc.,
366 4139 508 4194 liuitc
537 4141 1019 4194 ιὶιιιΙιιιιιέκΙιίΙητιε
1049 4139 1285 4193 Faustini
1313 4141 1597 4209 Presbyteri
1627 4140 1782 4194 Fides

191 4211 360 4264 missa
388 4210 679 4265 Theodosio
710 4209 1054 4276 Imperatori;
1093 4213 1235 4264 aliud
1269 4212 1619 4265 'l‘liuaueuse:
1653 4210 1782 4263 Item

193 4280 442 4353 ιυξακδιὶηί
471 4281 764 4353 Presbyteri
789 4284 1044 4352 confessio
1072 4297 1202 4353 verte
1242 4281 1382 4349 ﬁdei,
1413 4297 1565 4353 quam
1595 4285 1783 4352 pra'fa-

192 4336 263 4407 tt’s
308 4353 467 4407 scribi
507 4361 555 4406 et
595 4336 1062 4423 tr'ansmitti'jussit
1108 4336 1784 4422 Theodosius!ntpe'rator:

191 4423 425 4494 corrigit
450 4424 774 4491 Qucsncllus
815 4425 868 4477 iu
916 4423 1131 4477 dissert.
1178 4425 1265 4488 lt,
1298 4440 1443 4494 tium.
1485 4423 1539 4485 6,
1571 4439 1721 4490 quam
1753 4438 1785 4476 a

192 4495 454 4566 prwfatis,
481 4505 616 4558 etc.,
640 4495 935 4566 conjiciens
962 4496 1112 4562 jussu
1146 4493 1436 4566 Theodosii
1459 4495 1783 4566 descriptam

194 4565 372 4620 fuisse
399 4582 428 4620 a
459 4566 718 4620 Faustino
755 4565 938 4618 Fidem
987 4567 1144 4625 lianc,
1191 4574 1247 4619 et
1292 4582 1320 4616 a
1368 4565 1674 4619 Theodosio
1715 4565 1782 4632 ad

1867 604 2101 662 Causam
2148 622 2314 671 vero,
2364 604 2466 662 cur
2510 604 2814 665 Faustinus
2846 611 3090 667 libellum
3137 627 3250 668 sum
3308 612 3462 670 Fidei

1871 676 2077 754 ederet,
2111 679 2249 754 liaiic
2272 678 2612 754 _Quesn_ellus
2655 681 2851 754 ibidem
2896 685 3194 753 significat;
3225 686 3348 754 quia
3381 687 3464 740 nl-

1871 748 2071 824 mirurn
2098 763 2127 800 a
2158 748 2410 824 Turbalio
2453 751 2721 824 EpiSCOpo
2742 748 3370 824 iElcuth'eropolisfqua
3402 757 3454 811 lii

1870 821 2002 894 urbe
2031 817 2323 894 Faustinus
2353 817 2520 874 Roma
2550 817 2672 875 cum
2707 823 3022 894 Marcellino
3059 817 3112 880 et
3152 817 3269 894 ipso
3286 817 3458 883 Luci-

1871 887 2091 967 feriana
2124 891 2306 967 pulsus
2345 893 2834 967 propter‘sehisma
2865 893 3098 967 Ursicini
3129 887 3261 960 tunc
3287 896 3459 967 dege-

1872 959 1979 1018 bat,
2012 960 2178 1014 veluti
2207 959 2455 1016 errorum
2500 962 2723 1018 Sabellii
2774 975 2830 1018 et
2874 959 3212 1033 Apollinaris
3253 959 3458 1024 assecla

1869 1045 1972 1083 una
2008 1046 2141 1102 cum
2177 1033 2378 1102 collega
2406 1040 2524 1087 suo
2571 1045 2889 1096 vexaretur;
2921 1051 3044 1090 nam
3091 1036 3159 1090 de
3201 1037 3459 1096 Turbone

1866 1101 2104 1172 graviter
2145 1101 2494 1172 conqueritur
2538 1104 2656 1172 ipse
2697 1103 2988 1160 Faustinus
3019 1116 3076 1161 ct
3100 1122 3200 1160 suo
3231 1118 3286 1161 et
3313 1109 3456 1164 Mar-

1867 1171 2320 1246 eellini‘nomiue
2377 1177 2427 1228 iii
2486 1171 2683 1246 Libello
2735 1193 2943 1246 precum
2993 1177 3060 1230 ad
3111 1175 3461 1243 Imperatores

1869 1241 2272 1312 Eleutlieropuli
2300 1246 2483 1311 misso,
2507 1245 2718 1300 scilicet
2735 1241 3183 1314 Valentinianum,
3200 1241 3459 1303 'Tlieodo-

1867 1314 2021 1378 siam,
2050 1323 2095 1366 et
2125 1316 2422 1376 Arcadium,
2450 1317 2578 1369 utin
2604 1316 2818 1371 Prwlat.
2841 1319 2906 1373 ad
2930 1319 3184 1372 Libellum
3204 1336 3413 1378 precum
3440 1338 3458 1375 :

1869 1381 2142 1458 Egregius,
2176 1385 2368 1453 inquit,
2400 1385 2569 1440 Turbo
2612 1385 3140 1458 Eleutheropolitante
3172 1381 3460 1458 EpiscOpus

1865 1456 2104 1530 civitatis,
2138 1468 2362 1530 nostram
2390 1459 2730 1530 exiguitatem
2748 1456 3158 1530 despiciens.....
3193 1456 3461 1530 postquam

1867 1525 2063 1600 audivit
2087 1529 2336 1594 quosdam
2362 1543 2414 1600 se
2443 1529 2654 1596 integras
2683 1525 3135 1600 FideicOpulare,
3165 1525 3212 1584 et
3241 1525 3332 1600 per
3369 1529 3461 1586 Dei

1866 1597 2083 1664 gratiam
2119 1613 2226 1650 rem
2263 1599 2368 1651 ueri
2399 1613 2655 1662 crescere,
2698 1599 2844 1653 nobis
2881 1597 3040 1654 exitia
3081 1597 3378 1664 minitatur,
3411 1613 3458 1656 et

1866 1669 2054 1719 turbat.
2113 1665 2238 1722 Sive
2291 1678 2470 1722 autem
2525 1667 2813 1723 Faustinus
2871 1670 3056 1726 Fidem
3106 1686 3259 1725 suam
3317 1673 3460 1727 ultro

1866 1734 2174 1791 Theodosio
2213 1739 2490 1801 obtulerit,
2521 1741 2633 1794 sive
2676 1756 2704 1792 a
2745 1740 3055 1796 Theodosio
3080 1741 3288 1808 jussus,
3320 1751 3460 1798 tem-

1869 1822 1988 1878 pus,
2017 1823 2124 1874 quo
2151 1809 2296 1862 illam
2328 1809 2527 1876 edidit,
2552 1826 2654 1863 non
2687 1821 2804 1866 ante
2839 1828 3030 1865 annum
3055 1813 3161 1866 579
3186 1813 3458 1878 Quesnel-

1865 1875 1945 1932 ius
1994 1879 2312 1951 constituit,
2364 1882 2447 1934 cui
2489 1875 2818 1951 assignantur
2862 1883 3064 1950 imperii
3111 1875 3460 1938 Tliiodosiani

1857 1949 2091 2014 exordia,
2125 1965 2225 2003 uec
2255 1951 2344 2004 diu
2388 1962 2537 2020 post;
2574 1949 2696 2020 quia
2724 1953 2883 2005 altum
2911 1949 2966 2006 in
2991 1951 3086 2006 illa
3110 1953 3173 2006 de
3213 1952 3460 2006 Macedo-

1860 2020 1945 2072 nio
1966 2019 2243 2085 silentium,
2268 2038 2329 2074 ac
2351 2019 2413 2074 de
2433 2019 2650 2075 concilio
2674 2021 3240 2092 Constantinopolitano
3263 2025 3456 2092 primo,

1861 2106 1892 2142 a
1917 2107 2018 2160 quo
2054 2092 2330 2146 damnatus
2368 2102 2445 2145 est
2483 2108 2573 2146 an.
2605 2094 2732 2150 581.
2773 2105 2882 2147 tum
2911 2093 3048 2162 quod
3076 2095 3180 2148 alio
3209 2094 3360 2148 modo
3391 2097 3456 2148 de

1862 2174 2242 2235 erroregcontra
2285 2162 2541 2233 Spiritum
2578 2175 2811 2218 sanctum
2853 2180 2956 2218 non
3000 2169 3263 2233 loquatur,
3297 2181 3454 2235 quam

1898 2248 1964 2304 uo
1992 2232 2234 2304 aduersus
2260 2232 2406 2287 illum
2446 2235 2745 2288 hwreticum
2771 2232 3080 2304 scripserunt
3112 2232 3452 2289 Alexandrini

1891 2301 2084 2374 lancilii
2133 2301 2314 2374 Patres
2365 2305 2416 2358 in
2462 2304 2702 2374 Epistola
2749 2301 3016 2374 Synodica
3057 2321 3146 2360 an.
3185 2305 3311 2360 363.
3359 2306 3456 2360 Le-

1866 2372 2115 2446 quieuius
2163 2373 2215 2426 iii
2246 2383 2400 2446 tom.
2447 2372 2760 2446 ‘5.'0rient.
2791 2372 3013 2429 ‘Christ.
3067 2377 3120 2430 in
3177 2376 3457 2446 Episwpis

1873 2442 2425 2514 Eleutlicropolitauis
2467 2445 2616 2498 initia
2663 2445 3024 2514 Episcupatus
3072 2445 3342 2501 Turbonis
3375 2442 3454 2500 ‘ad

1872 2512 2012 2586 idem
2034 2520 2265 2586 quodam
2291 2515 2451 2586 modo
2475 2527 2684 2582 tempus
2708 2512 2914 2571 referre
2939 2516 3174 2576 videtur.
3204 2532 3363 2586 quem
3385 2519 3463 2570 ait

1869 2582 1934 2635 ad
1959 2583 2160 2637 obitum
2187 2584 2296 2638 fere
2318 2585 2631 2649 Theodosii,
2653 2587 2719 2639 ad
2742 2601 2830 2641 an.
2855 2588 3067 2641 scilicet
3087 2582 3459 2656 395,'Episco—

1873 2662 2050 2726 patum
2085 2656 2354 2719 tenuisse;
2389 2659 2602 2724 ignotus
2630 2667 2808 2711 autem
2841 2669 2923 2710 est
2962 2671 3159 2722 anuus,
3199 2671 3308 2724 quo
3353 2659 3459 2726 Eu;

1871 2724 2083 2794 lyr-hius
2100 2739 2224 2781 ante
2237 2726 2544 2781 Turboneui
2563 2727 2858 2794 Episcopus
2871 2727 3195 2783 decesserit.
3219 2724 3458 2783 Auctore

1874 2793 2036 2868 igitur
2066 2797 2285 2864 hujusce
2315 2795 2578 2850 Formulw
2608 2793 2910 2864 comperto,
2951 2807 3008 2853 et
3043 2806 3310 2868 tempore,
3354 2814 3466 2868 quo

1875 2865 2071 2932 scripta
2118 2867 2253 2927 l‘uit,
2301 2876 2409 2938 tum
2457 2869 2606 2920 illius
2653 2868 2954 2922 scribenda:
3000 2865 3215 2938 cognita
3263 2865 3466 2935 causa,

1875 2950 2034 3004 quam
2077 2952 2262 3006 parum
2304 2937 2577 3004 Quesnelli
2623 2939 2898 3006 exemplar
2943 2937 3151 2994 (ἥσει-ιιι
3185 2955 3213 2992 a
3257 2950 3468 3004 nostro,

1880 3007 2172 3060 videamus.
2212 3008 2496 3062 Faustinus
2525 3009 2742 3062 brevem
2781 3011 3180 3064 excusationem
3215 3011 3284 3063 ibi
3328 3025 3466 3076 prm—

1880 3078 2010 3148 lirgii,
2043 3091 2140 3130 our
2167 3090 2361 3146 pra-ter
2393 3077 2661 3131 Nicwnam
2694 3078 2870 3132 Fidem
2899 3080 3014 3148 ipse
3044 3081 3201 3134 aliam
3229 3081 3466 3148 scripse-

1881 3147 1968 3222 rit,
2001 3163 2066 3222 in.-
2093 3150 2364 3222 vid_e:elur
2391 3151 2639 3222 nimirum
2671 3150 2895 3222 decreta
2920 3147 3224 3218 infringere
3254 3147 3460 3222 Syiiodi

1880 3217 2240 3281 Sardicensis,
2283 3235 2399 3288 qua:
2443 3220 2807 3288 Alexandrina
2855 3217 3198 3288 probaverat,
3230 3217 3463 3274 vetanti:-

1477 3278 1593 3360 pag.
1643 3294 1769 3357 iis,
1805 3278 1848 3340 C
1883 3304 1947 3342 ne
1989 3278 2245 3357 deinceps
2293 3278 2444 3344 uerte
2488 3285 2640 3343 Fidei
2694 3278 2952 3343 iuratiita:
2977 3305 3006 3347 a
3036 3278 3306 3360 quoquam
3336 3292 3464 3345 ede«

1880 3371 2099 3423 rentur;
2160 3362 2258 3413 huc
2312 3376 2439 3414 vero
2492 3362 2774 3414 exui-dium
2833 3363 2984 3416 abest
3038 3364 3106 3415 ah
3162 3363 3464 3426 exemplari

1881 3440 2062 3482 nostro
2092 3447 2153 3482 ex
2179 3431 2365 3483 codice
2395 3432 2768 3484 Ambrosiam.
2798 3431 2932 3484 Tum
2959 3447 3109 3484 suam
3134 3432 3249 3501 ipse
3274 3432 3462 3486 Fidem

1880 3509 2104 3554 testatur
2132 3502 2318 3554 iisdem
2345 3503 2561 3553 omnino
2588 3504 2784 3565 verbis,
2813 3510 3007 3568 przeter
3034 3505 3169 3565 haec,
3195 3503 3258 3557 de
3282 3519 3334 3556 se
3362 3505 3469 3556 sine

1879 3571 2024 3623 initio
2067 3575 2314 3640 genitum,
2349 3588 2447 3624 non
2479 3572 2706 3636 factum;
2740 3588 2860 3625 cum
2902 3574 3193 3640 oxeinplari
3233 3575 3462 3627 Ambro~

1879 3643 2030 3693 siuiio
2058 3645 2302 3708 qua-dam
2342 3644 2422 3695 his
2449 3643 2745 3697 obscuritas
2775 3644 2921 3704 insit,
2949 3654 3000 3696 et
3032 3644 3374 3710 ambiguitas,
3407 3655 3463 3697 ut

1879 3711 2131 3778 superius
2163 3713 2488 3767 monuimus.
2527 3714 2753 3768 Demuni
2785 3714 2966 3782 paucis
2993 3731 3020 3766 a
3052 3716 3320 3768 calumnia
3361 3716 3472 3769 lia)-

1881 3785 2014 3836 resis
2040 3784 2440 3851 Apollinaristte
2473 3783 2573 3838 sibi
2613 3785 2765 3838 illata
2799 3797 2920 3838 sese
2957 3783 3232 3848 defendit,
3265 3793 3320 3838 et
3369 3800 3467 3838 eus

1881 3853 2121 3914 damnat,
2155 3858 2240 3922 qui
2276 3865 2390 3908 ires
2417 3856 2714 3925 liyposmses
2741 3856 3065 3909 confitentur
3084 3898 3098 3920 ,
3127 3870 3247 3923 qua:
3276 3855 3465 3909 itidem

1883 3926 2120 3977 clausula
2159 3926 2314 3991 deest
2349 3928 2724 3980 Anibrosiano.
2760 3926 2957 3981 Verum
2991 3928 3058 3980 ita
3085 3926 3466 3981 animadvertit

1886 3994 2203 4060 Quesnellus
2235 4015 2246 4050 :
2281 3995 2586 4058 Faustinus,
2623 3997 2697 4049 uti
2734 3999 2853 4065 ejus
2890 3996 3050 4050 etiam
3093 3998 3295 4065 collega
3330 3997 3468 4049 Mar-

1886 4066 2137 4130 cellinus,
2173 4065 2512 4122 Luciferiano
2547 4066 2839 4121 schismate
2879 4066 3109 4121 infectus
3141 4079 3279 4131 erat,
3313 4069 3465 4121 ideo-

1885 4152 1987 4203 que
2021 4139 2247 4191 (lutieilii
2282 4137 2634 4192 Alexandrini
2673 4137 2891 4192 dicreto
2927 4137 3331 4201 adversabatur,
3362 4151 3468 4204 quo

1886 4209 2149 4260 sancitum
2183 4211 2377 4269 luerat,
2409 4219 2467 4262 ut
2499 4209 2712 4262 Ariauie
2753 4209 3149 4263 communionis
3180 4209 3469 4276 paiticipes

1887 4279 1984 4330 sub
2012 4276 2338 4348 imperatore
2369 4277 2704 4342 Constantio,
2754 4279 3005 4348 Episcopi
3053 4279 3373 4348 praesertim,
3417 4281 3466 4332 in

1925 4347 2111 4400 ratiam
2153 4364 2271 4401 eum
2314 4349 2607 4402 Catholieis
2649 4347 3063 4415 reciperentur.’
3092 4349 3227 4404 lliuc
3280 4349 3474 4404 Sabel-

1886 4363 2111 4472 fraiiam
2153 4364 2271 4401 cum
2314 4363 2607 4402 Latiioncis
2649 4363 3039 4415 reeiperentur.
3092 4363 3227 4404 tunc
3280 4363 3473 4404 baltei-

1910 4419 2035 4480 iatii,
2069 4428 2121 4473 et
2155 4419 2554 4487 Apollitiaristm
2584 4419 2785 4472 erroris
2821 4427 3105 4488 suspectus
3146 4421 3473 4480 habebatur;

1889 4490 2075 4543 Patres
2117 4493 2315 4543 etenim
2361 4490 2564 4559 Synodi
2596 4489 2979 4545 Alexandrinas
3005 4490 3384 4554 decreverant,
3420 4500 3478 4544 ut.

1891 4561 1955 4614 ab
1990 4562 2072 4622 iis,
2108 4561 2198 4628 qui
2226 4559 2290 4614 ad
2323 4561 2618 4616 Ecclesium
2648 4577 2714 4616 ex
2749 4561 3076 4615 Arianorum
3103 4562 3361 4616 societate
3397 4575 3480 4616 re-

196 4637 492 4710 Daiuasum
541 4638 782 4700 missam,
813 4637 1014 4710 scriniis
1045 4636 1196 4710 Sedis
1228 4637 1535 4710 apostolicw
1563 4647 1788 4710 postnto-
1818 4649 1867 4710 ι)
1892 4631 2097 4693 dihaut,
2142 4631 2388 4710 S:ibell_i_i_
2417 4632 2824 4710 quoquenimpia
2865 4631 3114 4710 dogmata
3155 4631 3480 4690 damnaren-

195 4710 327 4762 dum
349 4709 709 4762 inserendam:
731 4710 866 4760 unde
885 4709 939 4759 in
961 4706 1198 4760 Codicem
1226 4705 1513 4759 Romanum
1535 4707 1786 4760 translata

197 4781 341 4904 git;
376 4779 470 4832 sed
509 4777 785 4845 Questielli
813 4780 1120 4846 Opinionem
1151 4779 1402 4844 rejieiuut
1427 4777 1701 4831 Ballerinii
1734 4780 1784 4832 iii

247 4850 426 4904 rsel‘at.
459 4849 526 4902 ad
552 4863 749 4902 novam
779 4849 1001 4904 huiusce
1032 4849 1247 4904 Cudicis
1279 4848 1595 4904 editionem.
1629 4863 1784 4904 quem

247 4850 426 4904 rarl'at.
459 4849 526 4902 ad
552 4863 749 4902 noram
779 4849 1001 4917 hujusce
1032 4849 1247 4904 (iudicis
1279 4848 1595 4913 editionem,
1629 4863 1785 4918 quem

196 4919 518 4974 existimant
566 4933 742 4988 neque
785 4919 836 4972 iii
886 4919 1064 4982 Italia,
1115 4937 1285 4988 neque
1333 4920 1546 4984 limine,
1598 4921 1690 4974 sed
1734 4921 1786 4972 in

199 4990 380 5046 Gallia
424 4990 760 5044 elaboratum
813 4990 1005 5052 fuisse;
1038 5001 1088 5044 ei
1139 5005 1202 5042 ex
1252 5005 1350 5044 ms.
1389 4989 1786 5043 Viridohooensi

200 5061 452 5131 ejusdem
474 5060 690 5115 Cudicis
710 5062 846 5113 hunc
875 5061 1086 5113 titulum
1107 5059 1372 5131 afferunt:
1397 5061 1526 5113 Item
1546 5057 1790 5112 Faustini

206 5129 508 5202 Presbyteri
539 5132 795 5202 confessio
816 5147 946 5184 iteraD
975 5131 1115 5200 fidei,
1139 5147 1291 5202 qtutin
1324 5129 1597 5200 Presbyter
1617 5131 1790 5184 scribit

201 5204 304 5257 sibi
347 5201 814 5270 transmitti'jussit
862 5202 1180 5256 Theodosius
1226 5201 1554 5270 Imperator;
1604 5211 1794 5254 notant

201 5274 505 5341 ltallcrinii,
536 5275 765 5343 scripsit.
794 5282 838 5326 et
865 5274 982 5337 sibi,
1013 5280 1118 5327 etc.

281 5343 417 5398 'l‘res
432 5340 590 5413 igitur
603 5340 819 5398 codices
829 5342 1176 5398 Vetustissimi
1193 5340 1374 5396 Fidem
1389 5341 1528 5396 hanc
1542 5341 1797 5403 Faustino

209 5415 488 5480 tribuunt;
528 5414 805 5469 Faustinus
829 5427 997 5471 autem
1022 5414 1155 5467 alius
1179 5429 1279 5466 non
1308 5415 1550 5476 occurrit,
1582 5414 1655 5467 uti
1682 5414 1798 5466 ani-

205 5487 500 5542 madvertit
527 5487 852 5554 Quesuellus
893 5488 943 5540 in
984 5487 1205 5554 llissert.
1252 5485 1487 5548 laudata,
1520 5487 1615 5554 qui
1642 5484 1799 5554 fuerit

203 5568 394 5612 auctor
422 5553 582 5630 hujus
622 5557 801 5620 libelli,
835 5569 1016 5627 praeter
1062 5553 1801 5630 FaustinumlillunLLucife:

203 5631 416 5682 riunnm
447 5623 948 5699 P'resbyteriini,'qui
977 5643 1092 5681 cum
1111 5629 1178 5680 ad
1198 5623 1504 5699 Flaccillam
1529 5623 1801 5699 Theodosii

207 5699 552 5768 Imperatoris
576 5697 788 5753 nitorem
827 5699 983 5754 libros
1021 5710 1210 5767 septem
1255 5697 1516 5768 scripserit
1559 5697 1801 5749 adversus

208 5767 436 5826 Ariunos
485 5781 533 5824 et
582 5769 1024 5834 Macedonianos,
1066 5780 1114 5822 et
1161 5767 1384 5821 libellum
1433 5783 1638 5833 precum
1688 5782 1801 5818 eum

211 5839 525 5898 Marcellino
557 5839 859 5912 Presbytero
896 5841 1185 5912 Theodosio
1220 5841 1320 5912 ipsi
1359 5837 1616 5912 obtulerit,
1649 5837 1804 5912 [ticile

212 5915 377 5990 potuit
407 5912 476 5966 ad
501 5906 739 5968 eunideni
767 5911 1139 5983 Imperatorem
1167 5906 1396 5965 libellum
1425 5910 1621 5963 mittere
1651 5906 1800 5961 Fidei

1893 4709 2012 4764 tur;
2060 4711 2172 4756 tum
2225 4713 2280 4755 ut
2320 4702 2478 4757 iidem
2521 4703 2910 4759 confiterentur
2952 4703 3202 4771 Spiritum
3246 4712 3478 4755 sanctum

1896 4788 1994 4824 non
2025 4781 2335 4834 creaturam,
2371 4789 2532 4843 neque
2560 4773 2828 4843 alienumL
2845 4773 2933 4825 sed
2972 4775 3238 4842 prapriuni
3281 4788 3388 4843 esse
3434 4781 3483 4825 et

1895 4844 2168 4896 indit-istim
2190 4845 2250 4896 ub
2273 4841 2485 4897 essentia
2512 4843 2686 4896 Patris
2710 4853 2757 4895 ct
2785 4841 2946 4908 Filii;
2969 4841 3201 4911 denique
3226 4842 3477 4897 stolidum

1897 4915 2226 4983 Apollinaris
2272 4930 2509 4968 errorem
2560 4924 3013 4979 exsecrarentur,
3065 4915 3156 4983 qui
3201 4915 3482 4977 docuerat,

1900 4987 2132 5039 inanimo
2157 4999 2374 5053 corpus,
2404 4994 2457 5037 et
2495 4999 2687 5038 sensus
2717 4986 3021 5052 mentisque
3050 4998 3247 5053 expers
3267 4984 3480 5037 sibimet

1902 5055 2134 5109 Verbum
2163 5057 2255 5109 liei
2285 5054 2481 5110 Filimii
2515 5056 2898 5123 assumpsisse.
2942 5053 3146 5110 Idcirco
3173 5054 3480 5117 Faustinus,

1902 5141 1969 5180 ne
1994 5127 2265 5180 videretur
2280 5127 2598 5180 catholicam
2625 5125 2922 5180 doctrinam
2938 5140 2966 5177 a
2987 5125 3233 5180 Patribus
3254 5125 3453 5178 Alexau
3469 5155 3483 5162 -

1903 5197 2071 5250 drinis
2101 5201 2455 5266 propositam,
2483 5207 2538 5250 et
2576 5197 2830 5250 Ecclesim
2869 5197 3032 5250 totius
3059 5209 3322 5266 consensu
3356 5209 3480 5266 pro—

1905 5269 2080 5321 balatu
2106 5265 2387 5336 respuere,
2416 5269 2542 5320 dum
2569 5269 2844 5321 decretum
2875 5267 2940 5318 de
2970 5268 3055 5328 iis,
3085 5267 3173 5334 qui
3199 5266 3261 5318 ab
3284 5265 3490 5317 Arionis

1903 5340 2178 5400 redierant,
2203 5340 2516 5406 excipiendis
2539 5337 2833 5406 rejiciebat,
2858 5336 3148 5390 Sabellium
3174 5337 3489 5406 nominatim

1905 5410 2142 5469 damnat,
2174 5418 2231 5463 et
2259 5405 2518 5463 adversus
2546 5405 2686 5461 illius
2730 5421 2969 5462 errorem
3009 5423 3252 5476 personas
3290 5408 3341 5459 in
3374 5405 3494 5459 Tri-

1908 5481 2071 5534 uitate
2097 5491 2281 5548 aperte
2307 5479 2617 5549 distinguit;
2648 5478 3080 5549 Spiritussaticti
3105 5478 3351 5549 divinam
3370 5491 3492 5549 esse

1909 5546 2149 5604 naturam
2184 5551 2375 5604 iisdem
2409 5546 2544 5618 pene
2565 5546 2765 5620 Sytiodi
2798 5548 2975 5603 verbis
3001 5551 3216 5620 fatetur,
3245 5561 3304 5601 ac
3329 5546 3496 5616 Apol-

1911 5623 2096 5676 linaris
2138 5623 2386 5676 lia-resim
2435 5618 2718 5690 perspicue
2747 5621 3072 5684 detestatur;
3121 5618 3191 5672 de.
3235 5632 3486 5673 concessa

1909 5703 2087 5747 autem
2126 5691 2286 5762 lapsis
2317 5691 2646 5761 indulgentia
2677 5695 2900 5744 omnino
2937 5691 3093 5754 silet;
3128 5699 3184 5743 et
3223 5692 3372 5744 trium
3402 5692 3498 5757 Ity-

1912 5774 2174 5828 postosum
2214 5778 2405 5825 usum,
2450 5765 2517 5818 de
2565 5780 2670 5832 quo
2718 5763 2882 5816 veluti
2930 5762 3200 5816 lnerescos
3243 5774 3498 5827 suspeeto

1912 5838 2119 5888 fuerant
2147 5834 2281 5902 lapsi
2306 5835 2542 5889 accusati
2570 5845 2714 5895 ante,
2743 5850 2906 5902 quam
2937 5834 3142 5887 veniam
3168 5832 3500 5902 obtinerent,

1915 5906 2174 5976 cujusque
2197 5901 2401 5961 rectum
2434 5915 2488 5962 et
2517 5901 2841 5961 catholicum
2876 5919 3094 5962 sensum
3124 5901 3343 5975 Synodo
3375 5916 3500 5970 pru-
