3854 6390
465 386 599 446 4047

1453 384 1547 443 AD
1583 380 1985 442 LUClFERUM
2028 380 2246 439 EPISC.
2286 378 2787 439 CALARITANUM

3591 378 3717 437 10w

458 505 739 571 baverant,
764 509 988 563 omnino
1026 515 1183 577 negat
1220 507 1360 562 inter
1398 505 1697 565 catholicos
1721 520 1841 560 esse
1873 504 2053 561 l‘eren-
2079 507 2129 567 Α
2156 504 2442 577 probabat.
2501 505 2834 575 Quamquam
2888 522 3010 563 cum
3063 510 3135 566 sit
3188 510 3445 568 incertum
3469 552 3483 572 ,
3544 518 3712 563 utrum

460 577 586 631 dum
625 596 639 631 :
670 578 811 635 unde
848 580 951 635 alia
992 594 1153 635 causa
1185 594 1282 633 cur
1310 577 1648 633 Sabellianus
1681 578 1955 632 diceretur
1984 577 2053 633 ab

456 648 547 712 iis,
576 652 665 720 qui
696 660 799 705 tres
831 655 1133 721 hypostases
1161 652 1213 705 in
1246 650 1511 705 Trinitate
1540 648 1865 721 fatebantur,
1893 649 1944 703 id
1970 658 2053 703 est

456 731 558 773 tres
588 720 1168 789 personasfSabellius
1189 723 1332 777 enim
1361 721 1527 775 Deum
1560 720 1840 775 asserebat
1869 722 2052 777 ύιοπά-

455 814 603 863 τορα,
630 793 734 849 hoc
760 802 844 848 est
873 810 1034 849 unam
1068 798 1118 849 in
1150 794 1262 849 Deo
1296 807 1579 862 personam
1610 806 1732 863 esse
1760 792 1970 847 Patrem
1997 804 2052 848 et

463 862 671 926 Filium,
708 874 763 919 ut
789 866 862 919 ait
884 866 1211 920 Athanasius
1240 866 1290 919 iii
1323 864 1660 929 expositione
1692 862 1871 927 Fidei;
1904 874 1961 919 et
1982 865 2051 920 de

454 933 659 996 Spiritu
686 946 875 991 sancto
920 937 1143 1007 perinde
1183 952 1246 991 ac
1282 936 1350 991 de
1379 935 1515 990 Filio
1543 936 1829 1000 sentiebat,
1862 944 1921 989 ut
1956 952 2051 991 eos

450 1010 726 1079 ομότίμους
757 1008 978 1070 faceret,
1012 1024 1185 1079 neque
1211 1025 1238 1062 a
1272 1007 1445 1061 Patris
1475 1021 1703 1079 persona
1746 1018 2047 1073 separaret,

452 1078 547 1149 sed
580 1096 738 1133 uiiain
771 1078 1127 1149 eamdemque
1154 1095 1216 1135 ac
1247 1080 1413 1149 veluti
1448 1078 1763 1149 primariam
1796 1080 2045 1148 liyposta-

451 1148 553 1201 siin
616 1162 867 1215 tatueret,
899 1148 1054 1221 cujus
1081 1152 1200 1206 due
1230 1152 1336 1206 illze
1368 1148 1487 1203 Filii
1517 1157 1571 1203 et
1600 1148 1833 1221 Spiritus
1865 1151 2049 1206 Sancti

449 1232 639 1297 essent
663 1224 905 1297 ἐνεργείαι
927 1266 940 1286 ,
968 1220 1046 1276 ait
1073 1223 1326 1297 Petavius
1350 1222 1402 1275 in
1428 1221 1518 1275 lib.
1553 1235 1595 1297 ι,
1618 1220 1820 1297 cap._6.
1852 1222 2047 1278 Verum

449 1304 573 1366 eum
599 1292 848 1349 Cra-eum
883 1309 1078 1349 nomen
1107 1296 1401 1353 ὑπόστασις
1426 1308 1521 1361 pro
1550 1294 1696 1366 οὐσίᾳ
1721 1292 1835 1347 sive
1864 1308 2049 1366 essen-

453 1362 522 1416 tia
555 1378 767 1419 veteres
801 1366 987 1421 Patres
1017 1367 1363 1421 adhibuerim
1396 1362 1697 1434 priesertiii'i
1722 1374 1847 1418 ante
1876 1365 2049 1420 Nicae-

450 1448 579 1487 nuui
608 1434 935 1498 Concilium,
971 1447 1026 1492 et
1071 1453 1127 1492 re
1157 1453 1282 1493 vera
1334 1448 1444 1490 tum
1494 1434 1545 1489 id
1589 1434 1874 1504 signiﬁcet,
1906 1437 2045 1506 quod

449 1506 752 1571 simpliciter
789 1511 983 1575 existit,
1023 1510 1075 1563 id
1106 1519 1190 1564 est
1215 1510 1505 1569 essentiam,
1538 1518 1649 1559 tum
1682 1507 1755 1570 id,
1790 1510 1930 1576 quod
1958 1525 2047 1578 per

448 1592 502 1628 se
549 1578 813 1643 subsistit,
846 1582 1173 1634 indiridnum
1211 1581 1448 1643 scilicet,
1494 1594 1587 1632 seu
1636 1594 1937 1647 personam,
1980 1580 2047 1633 de

445 1650 642 1718 quibus
684 1650 802 1705 vide
836 1650 1111 1705 Petaviuin
1159 1652 1212 1706 in
1261 1653 1354 1705 lib.
1398 1667 1472 1714 iv,
1505 1665 1625 1718 cap.
1662 1651 1712 1713 1,
1744 1649 1800 1713 4,
1847 1651 1900 1715 7,
1947 1650 2047 1705 hoc

439 1717 700 1774 individui
750 1736 915 1777 sensu
966 1722 1137 1778 Grieci
1182 1722 1369 1776 Patres
1409 1720 1539 1775 illud
1578 1717 1776 1787 postea
1822 1737 2047 1791 usurpa-

452 1801 594 1864 runt,
634 1809 740 1861 quo
771 1794 840 1848 ab
880 1795 946 1847 iis
978 1795 1162 1860 etiam,
1198 1796 1289 1864 qui
1326 1792 1393 1847 ad
1422 1802 1583 1847 recta:
1616 1792 1766 1846 Fidei
1802 1809 2047 1848 commu-

452 1862 665 1915 nioneni
720 1865 787 1923 ab
839 1864 1051 1919 Arionis
1103 1862 1307 1921 reversi
1362 1865 1596 1928 fuerant,
1651 1865 2040 1932 usurpabatur;

449 1948 570 1986 nam
592 1934 759 2007 [rium
791 1938 1128 2007 hypostasum
1154 1938 1372 1991 nomine
1399 1952 1503 1989 non
1536 1945 1635 2007 tres
1656 1938 1923 2007 essentias,
1949 1952 2049 1991 nec

444 2014 547 2078 t_res
585 2004 741 2071 Deos,
770 2004 870 2062 aut
892 2011 991 2063 tria
1018 2010 1272 2078 principia
1307 2006 1705 2075 intelligebant,
1735 2006 1829 2059 sed
1864 2018 1966 2061 tres
1994 2009 2048 2063 in

448 2073 699 2147 [rinitate
727 2095 992 2147 personas,
1018 2073 1285 2141 'Patrem,
1308 2082 1394 2147 qui
1439 2073 1551 2131 rere
1590 2078 1654 2130 sit
1692 2088 1737 2129 et
1777 2078 2046 2146 subsistat,

452 2097 699 2131 ιτιηιιαιε
727 2097 992 2147 personas,
1045 2097 1285 2141 Patrem,
1345 2097 1393 2131 ui
1439 2097 1551 2131 rere
1590 2097 1654 2130 sit
1692 2097 1736 2129 et
1777 2097 2046 2146 subsistat,

452 2145 646 2199 Filium
694 2160 747 2201 ut
808 2152 1105 2204 existenteni
1154 2160 1203 2204 et
1250 2097 1639 2212 subsistentem,
1697 2158 1746 2199 et
1789 2148 2047 2215 Spiritum

443 2229 700 2290 sanctum,
726 2230 780 2273 ut
798 2221 1179 2285 subsistentem,
1197 2232 1242 2275 et
1264 2224 1563 2275 existentem
1596 2237 1614 2274 :
1633 2222 1775 2290 quod
1804 2222 2043 2289 Epistula

444 2288 711 2359 Synodica
775 2294 1143 2348 Alexandrina
1206 2303 1451 2347 testatur.
1515 2291 1590 2345 lia
1651 2288 2045 2362 disputatiOnes

441 2362 764 2429 quieveram
806 2363 1036 2435 litesque
1074 2375 1183 2419 tuin
1228 2366 1297 2419 de
1337 2364 1629 2424 ὑπόστασις
1672 2379 1805 2418 voce
1842 2376 2047 2420 exorta:

449 2436 747 2498 praesertim
790 2435 1125 2501 Antiochize,
1172 2436 1314 2491 unde
1360 2436 1759 2489 Antiochenam
1810 2438 2043 2489 scliisma

442 2503 757 2574 conﬂatum,
794 2517 931 2562 teste
976 2509 1172 2563 Basilio
1218 2524 1306 2574 ep.
1350 2508 1478 2571 549,
1510 2517 1678 2561 veter.
1724 2508 1853 2561 edit.
1902 2510 2043 2574 apud

447 2572 723 2647 Petavium
757 2578 846 2631 lib.
873 2594 949 2641 tv,
974 2594 1093 2647 cap.
1114 2578 1170 2642 4,
1204 2572 1353 2633 num.
1373 2580 1467 2641 'll,
1497 2593 1620 2631 cum
1655 2577 1912 2631 Terentio
1941 2572 2043 2632 ilo-

443 2645 557 2718 miti
602 2648 810 2712 scribit,
840 2650 984 2703 haud
1012 2645 1158 2718 parvi
1203 2651 1449 2703 momenti
1486 2666 1539 2702 se
1579 2650 1885 2716 quastiones
1922 2651 2042 2704 illas

439 2715 651 2790 ducere,
685 2720 746 2772 ob
771 2738 897 2787 quas
927 2715 1077 2775 initio
1104 2723 1327 2776 schisma
1358 2715 1641 2786 con/latum
1686 2731 1759 2773 est
1786 2737 1802 2773 :
1829 2736 1938 2790 quo
1990 2726 2040 2776 in

440 2788 558 2841 loco
613 2790 1005 2847 advertendum
1059 2794 1346 2848 dissidiiim
1399 2793 1569 2847 hocce
1627 2794 1769 2845 inter
1821 2788 2043 2847 Graecos

441 2856 745 2931 Orientales
769 2864 945 2930 primo
975 2867 1232 2931 empisse,
1269 2881 1372 2917 non
1408 2866 1549 2917 inter
1588 2862 1811 2918 Grzccos
1852 2874 1905 2917 et
1935 2864 2039 2917 La-

437 2930 602 3006 tinos,
629 2945 689 3006 ut
712 2933 950 2990 aftirinat
980 2930 1223 3005 praefatio
1248 2938 1298 2989 in
1322 2935 1624 3006 Synodieas
1654 2935 1867 3006 litteras
1894 2935 2039 2988 Con-

436 3000 544 3056 cilii
576 3002 939 3059 Alexandrini
976 3000 1106 3061 tom.
1140 3007 1196 3072 2,
1225 3000 1437 3060 (lout-il.
1475 3005 1611 3059 Ven.
1646 3005 1790 3059 Edit.
1820 3008 2034 3073 prioris.

436 3076 528 3138 At,
558 3090 664 3146 quo
688 3084 935 3144 tempore
965 3077 1253 3132 Faustinus
1283 3079 1420 3131 lianc
1450 3076 1634 3129 Fidem
1666 3076 1860 3141 edidit,
1891 3079 2041 3146 sopi-

434 3152 524 3197 tus
561 3144 703 3214 ignis
746 3151 1114 3203 contentionis
1156 3150 1532 3203 vehementius
1573 3150 1684 3216 jam
1734 3144 2034 3213 exarserat,

434 3231 596 3290 quem
622 3216 795 3290 Latini
820 3236 1034 3290 quoque
1058 3221 1311 3275 fovebant
1337 3221 1539 3287 ingenti
1566 3221 1795 3289 partium
1823 3221 2036 3285 SludiO,‘

2158 576 2562 649 Eleutheropoli
2591 588 2898 635 versaretur
2925 579 3228 649 Faustinus,
3260 584 3383 638 dum
3419 581 3591 637 Fidem
3611 580 3715 633 edi-

2155 646 2256 714 dit,
2281 650 2423 717 quod
2455 646 2602 718 putat
2627 652 2971 716 Quesnellus,
3003 668 3074 706 aii
3100 646 3282 709 aliain
3318 656 3465 719 urbe,
3496 664 3635 709 certe
3664 651 3710 704 in

2155 720 2402 784 Oriente,
2440 722 2525 775 ubi
2566 722 2847 777 contentio
2883 724 3058 779 adhuc
3088 726 3332 781 fervebat
3353 726 3419 781 de
3458 740 3571 787 usu,
3599 738 3711 778 seno

2155 804 2326 867 suque
2354 794 2509 867 trium
2535 795 2886 867 Iiypostasum,
2922 795 3049 867 hinc
3066 796 3366 867 conjectura
3395 798 3630 852 ducimur
3649 792 3708 846 ad

2154 863 2519 935 credendum,
2559 879 2775 920 omnem
2808 865 2967 935 hujus
3007 863 3480 925 Fidei'scribendc
3508 880 3708 922 causam

2156 933 2229 987 illi
2261 933 2447 1002 fuisse,
2473 943 2549 996 ut,
2572 950 2695 990 cum
2727 933 2893 991 unain
2914 952 3035 994 esse
3059 940 3360 1007 ὑπόστασιν,
3389 941 3438 995 id
3461 947 3541 995 est
3556 953 3711 991 essen-

2155 1008 2281 1058 tiam
2307 1022 2401 1061 seu
2430 1008 2765 1061 substantiam
2795 1008 3073 1064 Trinitatis
3103 1010 3410 1075 affirmaret,
3439 1012 3502 1066 ab
3531 1022 3706 1065 eorum

2153 1078 2441 1152 calumniis
2486 1092 2607 1133 sese
2645 1079 2993 1152 defenderet,
3023 1083 3111 1150 qui
3151 1092 3250 1135 tres
3279 1083 3563 1152 Iiypostases
3590 1080 3710 1134 fate-

2154 1146 2351 1223 bantur
2372 1164 2439 1204 eo
2469 1162 2654 1216 sensu,
2685 1150 2775 1220 qui
2803 1152 2873 1207 ab
2895 1146 3257 1207 Alexandrina
3288 1146 3501 1223 Sjiiodo
3530 1152 3709 1221 proba-

2155 1230 2245 1273 tus
2278 1220 2481 1293 fuerat,
2504 1231 2559 1276 et
2587 1224 2733 1276 vocis
2766 1223 2924 1293 hujus
2954 1225 3059 1277 vim
3092 1240 3186 1293 pro
3222 1240 3314 1278 sua
3330 1220 3569 1293 ipsorum
3596 1238 3707 1277 sen-

2154 1291 2326 1345 tentia
2380 1294 2819 1361 interpretantes,
2838 1291 3248 1350 'Sabellianismi
3300 1291 3516 1351 eteteros
3564 1308 3709 1349 accu-

2152 1362 2379 1434 sabant,
2436 1365 2527 1433 qui
2579 1364 2738 1434 aliter
2793 1365 2940 1420 illam
2995 1366 3489 1434 interpretarentur.
3543 1366 3707 1434 Quare

2154 1430 2639 1489 Fiiustiiius'suam
2687 1433 2873 1490 Fidem
2912 1430 3479 1505 exhibet—Imperatori
3519 1430 3613 1496 ita.
3654 1446 3707 1491 ut

2150 1519 2275 1580 cum
2321 1506 2589 1561 catholica
2631 1505 2874 1562 doctrina
2921 1508 3123 1580 Syiiodi
3161 1512 3376 1564 omnino
3416 1508 3703 1574 conveniat,

2151 1576 2443 1640 ὑπόστασις
2487 1586 2691 1640 autem,
2734 1589 2789 1634 et
2816 1576 3112 1635 substantia:
3150 1595 3313 1639 voces
3356 1596 3446 1635 sua
3489 1588 3705 1635 tantum-

2152 1649 2314 1702 modo
2362 1652 2805 1718 interpretatione
2842 1652 2971 1706 velit
3015 1667 3136 1707 esse
3174 1652 3509 1707 explicandas
3534 1669 3544 1705 :
3574 1650 3703 1718 quod

2152 1718 2330 1793 ipsum
2363 1719 2630 1775 Formula:
2668 1722 2873 1777 initium
2903 1722 3167 1793 Significat
3194 1740 3205 1774 :
3243 1722 3425 1777 Prima:
3451 1723 3563 1791 ﬁdei
3591 1738 3706 1775 con-

2150 1792 2423 1865 fessionem
2464 1802 2643 1865 contru
2687 1792 2975 1865 Sabellium
2998 1794 3271 1865 signanius
3308 1803 3353 1847 et
3392 1805 3562 1865 contra
3588 1792 3703 1865 Alios,

2151 1863 2237 1934 qui
2259 1863 2351 1915 sub
2374 1866 2578 1919 nomine
2597 1863 2877 1919 Catholici:
2902 1862 3233 1934 Fidei'inipia
3254 1865 3397 1919 verba
3419 1862 3703 1931 defendunt,

2156 1931 2381 1987 dicentes
2410 1946 2510 1988 tres
2538 1952 2646 1989 esse
2672 1936 3002 1989 substantias.

2229 2007 2403 2073 Atque
2434 2007 2549 2061 huic
2587 2007 2719 2061 satis
2753 2008 2820 2061 de
2865 2005 3109 2060 Formiila
3138 2005 3402 2071 Faustini;
3438 2020 3552 2076 quae
3589 2018 3704 2058 num

2154 2072 2404 2162 Luciferi.)
2460 2080 3153 2162 conveniunt...quisquam
3213 2078 3364 2159 facile
3414 2072 3706 2162 ccgnosgili

2154 2146 2285 2214 ipsis
2316 2149 2659 2204 solummodo
2690 2147 2842 2204 Fidei
2876 2146 3057 2204 verbis
3090 2150 3361 2217 spectatis,
3392 2159 3445 2204 et
3471 2147 3704 2209 consilio,

2151 2233 2259 2286 quo
2293 2220 2435 2274 edita
2491 2222 2610 2275 luit.
2656 2224 2724 2275 At
2768 2222 2885 2287 quis
2922 2216 3155 2285 dixerit,
3192 2218 3374 2274 Fidem
3410 2235 3437 2273 a
3474 2216 3706 2274 Lucifero

2153 2289 2368 2357 quidem
2418 2295 2673 2362 scriptam
2720 2308 2747 2345 a
2794 2292 3054 2347 Faustino
3101 2291 3153 2345 iii
3198 2307 3346 2346 suam
3386 2289 3703 2362 Formiilaiii,

2152 2361 2351 2415 additis
2389 2366 2615 2418 exordio
2650 2372 2705 2418 et
2737 2363 3007 2428 clausula,
3044 2362 3317 2427 adscitum,
3360 2374 3416 2417 ut
3451 2361 3608 2429 magis
3646 2374 3707 2413 ex

2152 2430 2269 2500 ipso
2300 2444 2518 2489 auctore
2547 2442 2884 2503 probaretur.
2914 2434 3114 2489 Verum
3144 2432 3368 2487 Luciferi
3397 2447 3581 2487 nomen
3601 2444 3705 2503 non

2149 2504 2389 2575 siluisset
2417 2500 2726 2567 Faustinus,
2764 2520 2925 2575 quem
2957 2507 3008 2559 in
3041 2504 3234 2558 Libello
3264 2520 3459 2573 precum
3498 2512 3570 2557 tot
3601 2500 3708 2553 lau-

2148 2572 2307 2646 dibus
2359 2578 2526 2631 seiiiel
2582 2589 2742 2646 atque
2784 2572 2991 2631 iterum
3042 2586 3226 2639 ornat;
3268 2572 3342 2629 ac
3389 2576 3593 2646 demum
3622 2587 3704 2646 rex

2150 2644 2415 2718 [iaeteiius
2443 2648 2601 2702 dictis
2634 2644 2702 2701 iia
2733 2658 2910 2718 potest
2944 2657 3085 2703 recte
3118 2648 3390 2709 constitui,
3424 2644 3706 2699 Formiilmn

2149 2712 2323 2787 Fidei,
2359 2735 2519 2787 quam
2553 2735 2621 2774 ex
2656 2712 3009 2774 Attibrusiauo
3038 2718 3234 2773 Codice
3265 2717 3348 2772 hic
3384 2717 3701 2779 exhibemus,

2147 2786 2425 2853 Lucifero,
2454 2793 2545 2860 qui
2579 2790 2629 2844 Ν
2638 2792 2811 2845 ii'tena:
2840 2788 2989 2844 Fidei
3015 2790 3309 2843 Formulam
3330 2790 3479 2843 unice
3498 2794 3703 2860 secutus

2147 2874 2252 2936 est,
2278 2864 2367 2936 qui
2393 2856 2520 2915 nihil
2549 2863 3156 2936 umquaniauibiguum,
3183 2860 3311 2936 nihil
3338 2860 3620 2936 obscurum
3639 2856 3702 2909 de

2148 2930 2414 2987 Trinitate
2454 2930 2691 3002 scripsii.
2733 2934 2824 3002 qui
2858 2930 3075 2987 decreta
3110 2932 3307 3001 Synodi
3344 2930 3703 3002 Alexandrina:

2146 3016 2245 3054 suo
2276 3018 2502 3057 assensu
2540 2998 2905 3068 confirmavit,
2939 3005 3027 3071 qui
3060 2998 3279 3058 Sabellii
3307 3015 3512 3056 errores
3541 2998 3701 3071 palam

2144 3084 2459 3128 exsecratus
2485 3086 2569 3129 est
2594 3076 2644 3128 iii
2678 3076 2772 3129 lib.
2803 3076 2865 3129 de
2895 3067 2996 3129 non
3024 3090 3167 3127 conv.
3191 3089 3300 3127 rum
3325 3071 3496 3126 lueret.
3521 3067 3568 3123 et
3589 3067 3702 3122 nul-

2144 3142 2250 3199 lius
2294 3146 2533 3200 haeretici
2582 3149 2785 3202 erroris
2833 3149 2885 3201 in
2930 3146 3283 3213 suspicionem
3334 3156 3572 3210 umquam
3618 3139 3704 3193 ad-

2143 3213 2338 3270 dttcltts
2361 3217 2482 3280 fuit,
2514 3218 2682 3281 illam,
2712 3220 2951 3288 inquam,
2975 3218 3124 3271 Fidei
3153 3214 3447 3288 Formulam
3472 3228 3571 3267 non
3590 3225 3702 3288 esse

436 3281 530 3340 alii
561 3287 763 3357 quippe
788 3281 1083 3353 ὑπόστασις
1111 3294 1328 3345 nomine
1370 3281 1542 3347 σῦσίαν
1566 3281 1836 3343 ’νυιεὺιιιιι
1877 3281 2034 3345 ἱηιριῖ
2070 3292 2114 3354 C
2149 3288 2507 3354 tribuendam,
2546 3290 2639 3344 sed
2670 3291 2754 3345 vel
2783 3281 2849 3345 ab
2879 3281 3069 3343 inscito
3091 3290 3338 3358 quopiam
3364 3286 3591 3358 homine,
3624 3281 3698 3335 vel

438 3358 557 3428 Iigi,
585 3360 636 3413 id
664 3374 741 3414 eSt
762 3366 1057 3426 essentiam,
1090 3378 1184 3417 seu
1215 3365 1586 3426 substantiam;
1620 3364 1707 3414 alii
1743 3377 2037 3429 personam,

437 3442 534 3483 seu
567 3431 951 3486 subsistentiam
984 3434 1328 3498 personaleni,
1357 3443 1415 3487 et
1456 3435 1596 3487 inter
1639 3447 1763 3486 sese
1804 3435 2045 3487 substan-

436 3501 585 3566 tiam,
620 3503 671 3556 lii
695 3518 792 3571 pro
817 3506 1169 3564 subsistentia.
1201 3505 1280 3558 illi
1307 3520 1403 3573 pro
1429 3506 1649 3557 essentia
1680 3505 2045 3572 interpretan-

439 3579 543 3636 tes,
568 3573 637 3628 de
662 3575 712 3628 vi
749 3575 865 3640 ipsa
898 3593 1086 3632 vocum
1117 3576 1432 3630 earumdem
1469 3576 1521 3628 in
1556 3575 1750 3629 Latino
1788 3590 2042 3631 sermone

436 3642 809 3701 decertabant.
856 3647 1033 3715 Quare
1072 3648 1387 3712 Faustinus,
1427 3661 1551 3701 cum
1580 3646 1882 3700 substantia:
1908 3663 2041 3702 voce

435 3720 706 3787 essentiam
736 3719 1031 3787 significari
1064 3719 1443 3784 contenderet,
1484 3728 1594 3773 tres
1620 3719 1955 3773 substantias
1988 3721 2038 3773 in

436 3786 702 3843 Trinitate
729 3786 889 3859 negat
919 3805 1044 3847 esse
1064 3789 1452 3854 enuntiandas;
1478 3804 1820 3859 consequens
1842 3793 2043 3860 quippe

436 3868 575 3930 erat,
626 3868 681 3912 ut
727 3870 827 3913 tres
874 3861 1010 3915 Deos
1054 3863 1444 3929 conﬁterentur,
1473 3862 1561 3930 qui
1591 3871 1693 3915 tres
1724 3862 2041 3915 substantias

435 3928 529 4002 illa
550 3932 927 4002 signiﬁcatione
947 3928 1355 4001 conﬁtebantur;
1378 3942 1434 3987 et
1454 3928 1506 3985 iii
1534 3936 1647 4001 ipsa
1674 3930 1807 3985 Fide
1832 3934 2043 3987 descri-

436 4000 613 4055 benda
655 4002 955 4057 substantitc
1002 4000 1221 4070 numen,
1253 4014 1520 4074 quatenus
1552 4005 1826 4057 essentiam
1863 4006 2044 4073 expri-

436 4073 562 4137 mit,
596 4089 734 4140 peiie
769 4076 839 4129 de
873 4075 1136 4131 industria
1177 4073 1462 4145 repetiisse
1496 4076 1747 4130 videtur:
1781 4076 1853 4129 illi
1883 4091 2038 4141 vero,

433 4149 524 4218 qui
576 4148 865 4208 ὑπόστασις
920 4150 1139 4205 nomine
1196 4165 1467 4216 personam
1516 4151 1745 4218 exprimi
1799 4149 2037 4211 aiebant,

442 4213 774 4291 Faustinum,
809 4221 1036 4288 ejuSqiie
1071 4213 1336 4291 collegam
1370 4213 1745 4276 Marcellinum
1778 4221 2042 4276 Sabellia-

439 4290 978 4362 nismiaecusabant,
1012 4290 1406 4362 quippe’unain
1450 4293 1502 4347 in
1545 4294 1811 4347 Trinitate
1854 4309 2041 4361 persoo

438 4376 558 4434 nam
582 4360 877 4434 defendere
899 4360 1391 4431 ipsis'videreiitiir.
1417 4364 1485 4419 Et
1507 4381 1572 4419 ex
1600 4366 1748 4420 hisce
1769 4360 2042 4434 conjicere

438 4430 583 4494 licet,
621 4431 939 4487 Faustinum
979 4435 1117 4489 lianc
1154 4436 1315 4489 etiam
1356 4435 1424 4488 ob
1454 4451 1674 4490 causam
1709 4430 2040 4491 mentionem

432 4501 691 4571 injeoisse
719 4505 770 4557 in
798 4501 1107 4559 Formulam
1140 4505 1289 4560 Fidei
1320 4506 1387 4560 de
1427 4509 1597 4561 tribus
1625 4508 1952 4572 substantiis,
1983 4518 2043 4562 ut

432 4576 689 4629 nimirum
708 4576 938 4649 Damasi
970 4577 1197 4631 Romani
1222 4578 1514 4649 Poiititicis'
1531 4582 1761 4648 gratiam
1795 4594 2039 4649 aucupa-

439 4656 604 4711 retur,
633 4647 796 4730 cuiin
819 4648 1127 4742 §cliisiiiate
1149 4649 1385 4737 Ursicini
1422 4647 1597 4742 fuerat
1623 4652 1867 4732 infensus
1889 4647 2041 4742 ἦρα·
2072 4682 2121 4742 D

436 4732 615 4772 masus
644 4718 788 4773 enim
819 4718 887 4774 de
918 4721 1073 4773 trium
1099 4722 1439 4777 ὑποστάσιων
1470 4721 1843 4775 controversia
1871 4722 2037 4777 silen-

436 4790 563 4842 tium
613 4789 904 4855 indixerat,
955 4792 1027 4845 uti
1074 4794 1192 4847 vult
1243 4793 1503 4847 Baronius
1547 4792 1615 4846 ad
1658 4806 1752 4845 an.
1802 4792 1929 4856 372,
1972 4808 2037 4847 ex

431 4860 623 4934 litteris
665 4860 851 4930 Cyrilli
894 4862 1277 4927 Alexandrini,
1301 4865 1434 4918 etin
1468 4864 1780 4934 tlieronymi
1813 4872 2034 4919 senten-

432 4932 562 4987 tiain
591 4946 963 5001 concesserat,
1004 4936 1098 5005 qui
1139 4935 1299 4990 trium
1338 4932 1691 5007 liypostasuiu
1734 4950 1891 4991 usum
1935 4936 2035 4989 iiii-

2151 3369 2295 3412 SCClil
2338 3359 2681 3415 Lueiferiano
2728 3377 2759 3414 e
2805 3355 3145 3413 Faustiniana
3184 3358 3426 3412 Famula
3469 3355 3702 3425 deprom-

2150 3438 2317 3496 ptam,
2344 3432 2634 3501 ambiguis,
2661 3447 2781 3502 qua:
2808 3434 3141 3502 notavimus,
3154 3438 3452 3502 corruptam
3475 3425 3700 3502 vocibus,

2148 3510 2327 3580 etaut
2356 3499 2571 3580 insciie,
2603 3499 2696 3557 aut
2727 3502 3091 3580 fraudulenter
3127 3499 3372 3580 Lucifero
3408 3500 3697 3580 ascriptam,

2145 3571 2337 3643 quinto
2378 3574 2596 3629 circiter
2635 3575 2857 3639 saeculo,
2902 3583 3106 3643 postea,
3149 3572 3289 3643 illius
3327 3571 3534 3643 nomine
3575 3581 3699 3643 prie-

2145 3641 2272 3719 lixo,
2300 3644 2485 3719 (ἔοᾱὶρὶ
2510 3647 2869 3719 Ambrosiano
2890 3639 3145 3719 insertam
3163 3640 3575 3719 IlliSSC;_Addel'E
3593 3639 3698 3719 hinc

2148 3713 2395 3787 lubetex
2436 3716 2762 3771 Praefatioue
2801 3718 2930 3770 tomi
2971 3716 3123 3787 primi
3155 3715 3288 3787 Opp.
3322 3707 3701 3787 Sirm_ondi__\fe;

2146 3795 2256 3841 net.
2291 3786 2433 3841 Edit.
2464 3804 2613 3842 nuin.
2643 3788 2708 3843 2:
2729 3788 2853 3843 Cum
2881 3803 2938 3841 eo
2969 3778 3162 3841 Libello
3187 3778 3401 3838 Precum
3425 3778 3699 3835 Marcellini

2144 3867 2201 3931 et
2242 3858 2481 3931 Faustini
2528 3860 2772 3931 traditam
2814 3862 2972 3931 fuisse
3012 3855 3403 3931 Imperatoribus
3436 3846 3700 3931 ﬁdeinCon-

2146 3929 2443 4001 fessionem,
2472 3946 2587 4001 qua:
2617 3934 2668 3984 in
2698 3919 2885 3984 Codice
2925 3919 3189 4001 Canon'um
3218 3919 3507 4001 et_Constit.
3538 3919 3701 4001 βίοις-ς

2146 3994 2238 4074 site
2266 3994 2444 4074 ‘Rom.
2485 3994 2609 4074 ante
2660 4002 2838 4074 viginti
2885 4000 3223 4074 anno_s_ueditu
3270 3994 3699 4074 inuﬁpp'e‘ndnad

2147 4072 2212 4147 ξ.
2254 4070 2648 4147 Leonistera
2686 4063 2807 4147 edit.
2850 4089 2939 4147 au.
2973 4071 3282 4147 i6?5,_pug.
3321 4066 3439 4147 1'58.
3477 4063 3698 4147 Faustini

2148 4142 2465 4214 Presbyteri
2492 4140 2651 4199 Fides
2682 4144 2845 4198 inissa
2878 4142 2920 4196 Τ
2927 4140 3181 4196 lieodosio
3210 4140 3508 4214 Imperatori
3522 4140 3702 4214 inscri-

2145 4214 2301 4277 bitur,
2324 4206 2509 4280 'aliqiii
2548 4217 3129 4287 existiniantAaverum
3163 4206 3368 4287 eu‘m’iu
3407 4206 3701 4287 l‘rxfsitione

2147 4274 2341 4342 Libelli
2381 4274 2653 4358 ejusdem,
2686 4302 2811 4358 qua;
2844 4284 3182 4358 Schismatiei
3225 4279 3448 4358 hominis
3484 4286 3581 4358 est,
3609 4274 3702 4358 lmf

2146 4348 2428 4428 peratores
2472 4348 2723 4415 dicantui-
2774 4356 3212 4428 Valentinianus,
3260 4348 3704 4428 Theogi‘isiiis.._et

2146 4420 2447 4495 Arcadius,
2501 4431 2728 4484 Libellus
2776 4427 2999 4482 Precum
3063 4428 3114 4480 in
3163 4438 3356 4480 anitum
3406 4420 3505 4475 ’585
3562 4420 3700 4493 rejici

2146 4504 2327 4563 debet.
2366 4517 2474 4572 quo
2512 4502 2773 4572 Arcadius
2806 4500 3152 4572 renuuciatu‘s
3185 4506 3265 4572 est
3308 4498 3581 4572 Augustus,
3612 4501 3703 4541 nec

2146 4591 2289 4629 anno
2318 4560 2426 4629 39.2
2468 4566 2716 4644 postponi
2745 4579 2955 4642 potest,
2978 4586 3085 4644 quo
3116 4560 3511 4644 [aleiitiniauus
3530 4560 3702 4614 deces-

2147 4648 2258 4700 sit:
2292 4648 2342 4699 id
2370 4636 2549 4700 aiitem
2590 4636 2714 4700 cum
2745 4636 2893 4716 anno
2925 4636 3082 4716 editae
3308 4637 3487 4716 nequit
3516 4644 3700 4716 conve-

2147 4720 2264 4773 nire
2289 4734 2301 4769 :
2331 4718 2424 4770 alii
2453 4716 2708 4771 Libellum
2739 4712 3067 4787 Confessione
3096 4708 3241 4787 Fidei
3252 4702 3585 4787 posteriorem
3600 4702 3702 4787 ali-

2146 4799 2267 4854 quot
2314 4791 2466 4842 annis
2510 4797 2713 4841 censent
2741 4802 2758 4839 :
2789 4776 2932 4854 quod
2959 4796 3080 4854 esse
3111 4777 3443 4835 verisimilius
3480 4776 3699 4854 videtur.

2136 4846 2435 4930 Utriusque
2460 4857 2608 4914 Fidei
2642 4846 2947 4926 exemplum
2979 4853 3080 4910 sub
3111 4865 3217 4909 uno
3246 4856 3452 4921 aspectu
3496 4847 3577 4902 hic
3598 4846 3697 4912 jaiu

2136 4934 2512 5003 subjiciamus.
