3854 6446
211 417 371 476 1049

1676 434 2042 495 APPENDIX.

3364 453 3499 514 1050

215 588 3478 625 MM

282 733 382 789 Ex
426 735 811 791 Membranoceo
856 739 1039 794 Codice
1092 743 1192 797 Ms.
1235 744 1564 801 Bibliothecre
1593 750 1805 805 Ambro-
1831 759 1883 817 Α
1979 755 2058 809 Ea:
2099 755 2225 810 Cod.
2272 755 2538 811 (Iunonum
2568 769 2614 812 et
2640 758 3051 814 Constitutorum
3094 759 3303 836 Sane/ce
3341 764 3492 819 Sedis

197 828 383 885 siuna!
409 835 607 905 signato
640 837 690 901 Ι,
728 839 848 905 101,
883 840 932 892 in
967 855 1110 909 parte
1137 846 1407 913 superiori.

724 1090 972 1148 INCIPIT
1015 1104 1038 1130 κ
1081 1093 1282 1150 FIDES

299 1189 402 1270 S.
486 1191 1045 1279 LUCIFERI
1119 1198 1682 1284 EPISCOPI.

248 2397 369 2453 Nos
397 2399 606 2454 Patrem
630 2401 899 2456 credimus
921 2405 1008 2473 qui
1035 2419 1138 2459 non
1163 2407 1230 2460 sit
1253 2407 1441 2474 Filius,
1466 2409 1560 2464 sed
1585 2410 1779 2466 haheat

183 2491 385 2547 Filium
417 2493 484 2549 de
513 2491 538 2530 ι’
569 2509 627 2550 se
667 2497 782 2550 sine
817 2498 967 2550 initio
1001 2515 1104 2552 non
1137 2501 1199 2553 ad
1238 2517 1296 2555 se
1327 2501 1548 2556 factum.
1586 2504 1652 2557 Et
1688 2504 1778 2558 Fi-

176 2582 312 2638 lium
346 2585 622 2640 credimus
653 2589 745 2657 qui
776 2605 880 2642 non
912 2591 982 2643 sit
1011 2589 1188 2654 Pater,
1220 2593 1313 2646 sed
1341 2595 1532 2648 haheat
1565 2596 1774 2651 Patrem

173 2674 242 2729 de
275 2691 388 2744 quo
418 2678 490 2731 sit
517 2681 750 2745 genitus.
785 2697 888 2734 non
919 2682 1104 2735 lactus.
1144 2685 1207 2737 Et
1240 2686 1496 2752 Spiritum
1527 2699 1772 2743 sanctum

171 2767 462 2821 credimus
489 2769 577 2837 qui
601 2769 670 2822 sit
698 2786 822 2824 rere
845 2772 1067 2840 spiritus
1098 2774 1186 2826 Dei
1215 2792 1225 2826 :
1261 2775 1401 2830 unde
1426 2777 1629 2832 Divinm
1655 2780 1774 2834 Tri-

173 2859 370 2914 nitatis
403 2877 562 2914 uuam
589 2863 942 2917 substantiam
973 2866 1314 2931 cenﬁtenmr,
1346 2870 1466 2936 quia
1494 2872 1664 2939 qualis
1690 2882 1774 2926 est

174 2950 342 3005 Pater
373 2954 670 3007 secundum
701 2955 1088 3020 Substantiam,
1121 2960 1280 3012 talem
1321 2963 1503 3029 genuit
1550 2961 1765 3017 Filium.

179 3040 241 3095 Et
264 3045 507 3111 Spiritus
537 3058 756 3100 sanctus
783 3063 888 3102 non
917 3059 1164 3104 creatura
1191 3055 1457 3116 existens,
1487 3055 1582 3109 sed
1611 3057 1769 3123 Spiri-

173 3143 259 3188 tus
305 3135 429 3199 Dei.
471 3153 579 3191 non
619 3151 701 3193 est
723 3141 930 3196 alienus
958 3158 986 3195 a
1015 3143 1310 3199 subStantia
1338 3147 1512 3201 Patris
1539 3158 1592 3203 et
1622 3149 1765 3215 Filii,

171 3226 266 3280 sed
310 3239 397 3282 est
430 3229 545 3298 ipse
576 3229 816 3299 ejusdem
853 3236 1166 3290 substantia:
1197 3251 1315 3292 cum
1357 3238 1512 3295 Patre
1547 3250 1600 3295 et
1630 3240 1766 3296 Filio

171 3317 330 3374 sicuti
362 3319 605 3390 ejusdem
636 3324 879 3380 Deitatis.
915 3328 1162 3397 Explicit.

217 4434 427 4514 '5',ch
456 4436 643 4514 verba,
687 4437 883 4514 Incipit
911 4438 1068 4514 Fides
1103 4439 1163 4493 S.
1199 4437 1428 4509 Lucijeri
1478 4437 1746 4510 Episcopi.

164 4507 326 4575 minio
353 4507 570 4575 depicta
601 4518 730 4562 sunt
765 4511 814 4562 iu
846 4511 1064 4563 Codice.

162 4643 182 4694 f
217 4573 254 4697 ιιξ
296 4577 371 4632 De
419 4573 567 4632 hisce
615 4579 975 4634 locationibus
1015 4581 1146 4635 satis
1179 4579 1383 4635 dictum
1412 4591 1494 4635 est
1527 4582 1578 4635 in
1616 4597 1747 4651 pra:-

181 4659 206 4696 a
240 4663 301 4700 IS.

232 4728 252 4754 ο
300 4719 350 4772 ΙςΙ
380 4721 722 4776 εειΝἰοωηει.
761 4722 1176 4777 Excusatinnem
1205 4725 1506 4788 przemittit.
1539 4741 1635 4780 cur
1662 4741 1750 4780 nn-

159 4800 274 4840 vam
311 4791 459 4844 Fidei
496 4792 799 4847 Formulam
833 4795 956 4847 edat
982 4805 1168 4848 contra
1197 4795 1621 4848 Alexandrinum
1653 4799 1753 4852 de-

1909 849 2236 915 Apostolicw,
2292 851 2345 904 in
2390 861 2514 905 tom.
2561 851 2594 905 5
2642 851 2778 922 Opp.
2829 851 2897 908 D.
2945 852 3128 909 Leonis
3175 854 3302 910 Ven.
3338 854 3487 910 Edit.

1900 957 1985 994 an.
2019 941 2174 1008 1757,
2199 942 2299 994 col.
2328 942 2455 996 278.

2285 1108 3088 1281 FAUSTIEIIBESSBYTERI

2244 1312 2412 1367 Missa
2458 1312 2747 1368 Theodosio
2795 1315 3124 1383 Imperatori.

1967 1479 2280 1535 Sufﬁciebat
2293 1479 2423 1534 ﬁdes
2439 1489 2462 1518 ε
2477 1481 2778 1548 conscripta
2797 1480 3058 1535 adversus
3076 1479 3323 1534 hmresim
3338 1480 3486 1536 Aria.

1895 1588 2039 1627 nam.
2073 1573 2178 1628 Sed
2207 1575 2329 1643 quia
2368 1586 2533 1642 pravo
2565 1573 2780 1641 ingenio
2807 1573 3026 1642 quidam
3058 1573 3158 1627 sub
3182 1573 3323 1627 illius
3353 1574 3475 1629 ﬁdei

1891 1664 2233 1721 confessione
2270 1666 2429 1734 impia
2477 1664 2645 1719 verba
2689 1660 3096 1728 commutant“,
3141 1664 3293 1717 nobis
3341 1664 3480 1719 invi-

1890 1758 2030 1813 diam
2072 1759 2348 1822 facientes,
2387 1758 2528 1827 quod
2570 1758 2718 1813 velut
2763 1757 3012 1813 haeresim
3063 1757 3285 1813 Sabellii
3329 1767 3477 1813 tuea-

1888 1866 2033 1915 mur;
2069 1851 2251 1920 paucis
2278 1859 2332 1905 et
2358 1859 2542 1905 contra
2565 1850 2860 1904 Sabellium
2887 1850 3075 1917 primae
3105 1849 3228 1903 lidei
3257 1849 3473 1904 confes-

1882 1943 2033 1996 sione
2067 1952 2089 1978 ε
2120 1943 2423 2012 signamus;
2463 1951 2518 1997 et
2557 1952 2748 1997 contra
2795 1942 2928 2008 hos,
2974 1941 3067 2012 qui
3107 1941 3210 1997 sub
3256 1943 3476 1998 nomine

1881 2036 2159 2090 catholica:
2185 2037 2306 2090 ﬁdei
2335 2038 2496 2106 impia
2524 2036 2689 2090 verba
2727 2035 3045 2100 defendunt,
3079 2035 3323 2089 dicentes
3366 2043 3476 2090 tres

1881 2143 2000 2182 esse
2029 2129 2389 2194 substantias;
2423 2143 2544 2182 cum
2581 2142 2797 2197 semper
2829 2126 3099 2180 catholica
3143 2125 3277 2180 ﬁdes
3316 2138 3476 2181 unam

1881 2220 2235 2274 substantiam
2284 2219 2457 2274 Patris
2505 2229 2560 2274 et
2603 2218 2725 2273 Filii
2773 2228 2826 2272 et
2864 2217 3100 2288 Spiritus
3130 2218 3302 2273 sancti
3345 2232 3475 2272 con-

1809 2311 1856 2370 B
1884 2311 2022 2366 fessa
2051 2311 2139 2363 sit.

1955 2402 2059 2457 Nos
2105 2403 2319 2457 Patrem
2361 2402 2656 2468 credimus,
2707 2403 2797 2472 qui
2833 2402 2851 2440 ί
2887 2417 2993 2457 non
3039 2403 3108 2457 sit
3153 2403 3341 2468 Filius,
3375 2403 3470 2459 sed

1881 2496 2074 2549 habeat
2100 2495 2293 2549 Filium
2321 2495 2388 2550 de
2411 2511 2468 2549 se
2495 2496 2613 2549 sine
2644 2494 2795 2548 initio
2816 2496 3078 2564 genitum,
3104 2509 3210 2549 non
3242 2494 3472 2549 factum:

1877 2597 1931 2643 et
1958 2587 2149 2641 Filium
2179 2588 2473 2652 credimus,
2520 2588 2610 2653 qui
2660 2602 2768 2641 non
2810 2587 2880 2641 sit
2922 2588 3102 2652 Pater,
3146 2587 3240 2642 sed
3275 2586 3474 2642 habeat

1877 2667 2112 2745 Patrem,
2142 2682 2208 2736 de
2239 2697 2345 2751 quo
2371 2682 2440 2735 sit
2467 2682 2704 2749 genitus,
2740 2695 2845 2734 non
2877 2682 3088 2734 lactus:
3117 2692 3171 2735 et
3211 2681 3467 2750 Spiritum

1875 2786 2120 2828 sanetum
2144 2774 2437 2838 credimus,
2462 2775 2548 2840 qui
2583 2775 2654 2826 sit
2687 2789 2811 2827 rere
2836 2773 3068 2841 Spiritus
3093 2772 3208 2827 Dei.
3240 2760 3392 2828 Unde
3419 2783 3474 2829 et

1873 2862 2070 2916 divina:
2110 2863 2396 2918 Trinitatis
2442 2879 2600 2916 unam
2643 2873 2666 2909 ε
2708 2862 3065 2917 substantiam
3104 2862 3470 2917 conﬁtemur:

1873 2959 1996 3028 quia
2039 2959 2213 3028 qualis
2256 2967 2339 3012 est
2371 2959 2526 3012 Pater
2557 2958 2856 3012 secundum
2889 2956 3270 3021 substantiam,
3305 2956 3468 3011 talem

1870 3057 2053 3124 genuit
2082 3065 2136 3109 et
2164 3054 2359 3108 Filium
2388 3073 2402 3107 :
2434 3065 2486 3108 et
2526 3056 2760 3122 Spiritus
2804 3064 3023 3108 sanctus
3065 3070 3173 3108 non
3219 3064 3466 3109 creatura

1869 3147 2129 3208 existens,
2158 3146 2252 3200 sed
2284 3146 2518 3214 Spiritus
2550 3145 2665 3210 Dei,
2703 3161 2808 3198 non
2842 3144 2867 3181 ιι
2899 3156 2982 3200 est
3022 3145 3235 3200 alienus
3265 3161 3292 3198 a
3334 3145 3464 3198 sub.

1869 3242 2065 3293 stantia
2093 3240 2269 3294 Patris
2294 3249 2349 3294 et
2376 3240 2528 3304 Filii;
2560 3239 2655 3294 sed
2695 3249 2782 3293 est
2821 3239 3064 3306 ejusdem
3100 3247 3157 3292 et
3185 3240 3298 3306 ipse
3334 3239 3463 3292 sub-

1869 3331 2085 3385 stantia:
2113 3346 2234 3384 cum
2266 3329 2428 3383 Patre
2458 3340 2507 3383 et
2541 3328 2705 3393 Filio,
2744 3329 2883 3397 sicut
2923 3327 3171 3396 ejusdem
3215 3328 3462 3382 Deitatis.

1887 3411 1893 3415 ’
1938 3423 2069 3476 Nam
2108 3422 2198 3491 qui
2236 3436 2336 3476 nos
2371 3430 2560 3490 putant
2603 3436 2725 3475 esse
2760 3418 2772 3454 ί
2810 3419 3247 3488 Apollinaristas,
3289 3418 3463 3473 sciant

1865 3517 2009 3588 quod
2054 3533 2160 3571 non
2209 3517 2388 3570 minus
2431 3514 2756 3582 Apollinaris
2799 3513 3045 3566 haeresim
3087 3527 3460 3576 exsecramur,

1862 3628 2023 3682 quam
2069 3612 2342 3666 Arianam.
2370 3612 2626 3665 Miramur
2650 3618 2832 3663 autem
2865 3609 2983 3662 illos
3011 3606 3308 3662 catholicos
3338 3624 3463 3676 pro-

1787 3693 1831 3753 C
1864 3706 1977 3761 bari
2004 3720 2181 3773 posse,
2205 3704 2300 3774 qui
2327 3704 2521 3769 Patris,
2543 3713 2594 3758 et
2628 3702 2770 3767 Filii,
2792 3711 2847 3756 et
2873 3701 3110 3767 Spiritus
3138 3701 3311 3754 sancti
3347 3709 3460 3754 tres

1862 3798 2188 3852 subsrantias
2215 3787 2559 3850 conﬁtentur.
2588 3793 2692 3849 Sed
2724 3801 2780 3848 et
2808 3795 2852 3846 si
2883 3793 3070 3846 dicunt
3113 3807 3220 3846 non
3251 3807 3310 3846 se
3341 3805 3458 3846 cre-

1858 3894 1988 3947 dere
2028 3892 2220 3946 Filium
2265 3893 2381 3953 Dei.
2416 3902 2509 3945 aut
2548 3892 2809 3960 Spiritum
2840 3898 3085 3943 sanctum
3115 3897 3454 3950 creaturam;

1860 3997 2040 4039 tamen
2073 3992 2257 4039 contra
2291 3985 2304 4033 i
2345 3983 2562 4053 impiam
2605 3981 2767 4035 tidem
2811 3981 3074 4043 sentiunt,
3110 3995 3230 4034 cum
3275 3979 3461 4033 dicant

1861 4087 1971 4131 tres
2001 4093 2121 4132 esse
2147 4078 2475 4132 substantias
2501 4094 2513 4128 :
2538 4090 2880 4150 consequens
2910 4083 2992 4128 est
3029 4074 3194 4137 enim,
3237 4082 3296 4126 ut
3346 4082 3456 4127 tres

1863 4170 1997 4224 Deos
2028 4170 2410 4231 conﬁteantur,
2443 4169 2531 4237 qui
2573 4179 2684 4222 tres
2725 4166 3058 4220 substantias
3103 4167 3449 4219 conﬁtentur.

1852 4262 2021 4328 Quam
2056 4276 2240 4316 vocem
2270 4275 2487 4329 semper
2517 4260 2769 4314 catholici
2799 4259 3068 4327 exsecrati
3092 4266 3237 4312 sunt.

1933 4439 1949 4477 ί
1993 4441 2283 4495 Personam
2322 4441 2500 4494 Patris
2531 4456 2558 4493 a
2595 4455 2821 4508 persona
2873 4441 2988 4494 Filii
3028 4449 3216 4506 aperte
3256 4438 3454 4493 distin-

1854 4512 1996 4577 guit.
2053 4524 2108 4564 ut
2157 4513 2465 4566 Sabelliano
2505 4513 2674 4566 errori
2716 4510 2998 4565 adversari
3040 4526 3100 4564 se
3150 4510 3446 4564 ostendat:

1855 4582 1993 4636 unde
2024 4583 2280 4650 conjicias
2318 4580 2500 4636 Fidem
2533 4583 2668 4635 hanc
2706 4584 2883 4649 potius
2914 4595 2969 4634 ut
3013 4582 3155 4634 illam
3199 4581 3446 4636 Iucresim

1855 4653 2098 4713 damnet,
2129 4670 2286 4717 quam
2318 4664 2372 4706 ut
2405 4657 2684 4716 Arianam,
2714 4653 2969 4720 scriptam
3004 4653 3187 4706 fuisse.

1927 4733 1951 4770 Β
1995 4726 2352 4778 Substentinn:
2390 4743 2543 4779 unam
2573 4725 2724 4789 dicit,
2767 4740 2873 4776 non
2905 4725 3189 4786 minus,'ut
3217 4723 3448 4778 catholi-

1853 4809 1973 4848 cum
1995 4795 2189 4861 dogma
2215 4795 2545 4864 proﬁteatur,
2563 4811 2722 4865 quam
2749 4805 2804 4848 ut
2827 4798 2975 4850 vocis
2996 4793 3444 4863 signiﬁcationem

158 4864 587 4933 cretum;rquud
638 4881 788 4917 usum
843 4866 1141 4933 przesortim
1197 4868 1357 4920 trium
1406 4867 1749 4923 ὑποστάσεων
1784 4857 2440 4931 Ι)ἱιικεττιίδόνέτεειτὶἱε.

158 4939 360 5008 spectat
415 4932 562 4987 hisce
618 4935 795 5008 verbis
834 4932 850 4987 :7
896 4953 1021 5002 quos
1049 4938 1205 4998 enim,
1251 4938 1299 4989 id
1338 4947 1439 4992 est.
1489 4941 1577 5005 qui
1625 4956 1744 4992 cum

158 5000 371 5078 Arianis
414 5000 962 5068 cotumunicaverant,
996 5009 1232 5060 nonnulli
1260 5000 1580 5073 incusabant,
1612 5013 1748 5078 quod

159 5073 600 5151 tresdtypostoses
642 5079 986 5146 afﬁrmarent,
1029 5094 1144 5130 cum
1184 5079 1476 5140 huiusmodi
1519 5073 1664 5135 uoces
1696 5083 1749 5133 in

161 5141 438 5216 Scriptura
477 5163 580 5200 non
614 5141 968 5216 reperiantur,
1007 5165 1066 5200 ac
1104 5151 1319 5216 proinde
1351 5163 1602 5215 suspecta:
1640 5167 1748 5204 esse

160 5215 366 5281 possint,
411 5227 644 5272 auctores
677 5215 877 5288 fuimus
907 5235 1065 5287 neque
1093 5221 1146 5273 id
1174 5219 1399 5290 amplius
1424 5231 1610 5289 praeter
1644 5221 1747 5275 Ni-

160 5296 344 5358 ctenani
373 5291 754 5356 confessionem
785 5290 1070 5358 inquirant.

223 5349 249 5387 ¹¹
287 5349 812 5416 (Ιοάθίτιιυδηθιιε.
844 5349 1076 5416 miscent.

229 5432 252 5460 ⁸
297 5425 456 5487 Forte
481 5433 876 5500 confessionem.

1926 4935 1953 5007 ξι
1995 4937 2120 4992 "rec
2147 4955 2216 4992 ex
2245 4938 2510 5007 Sytmdira
2546 4936 2910 4991 Alexandrina
2942 4935 3051 4988 lere
3073 4935 3239 4988 verbo
3264 4945 3440 4990 tenus.

1932 5006 1946 5080 ξ
1996 5007 2070 5062 De
2108 5006 2436 5080 Apollinaris
2473 5009 2690 5073 haeresi,
2721 5017 2777 5062 et
2814 5008 2880 5062 de
2915 5007 3076 5061 tribus
3116 5008 3441 5071 substantiis,

1850 5077 1974 5133 vide
2004 5095 2124 5146 quae
2158 5077 2360 5147 praefati
2387 5096 2596 5133 sumus.

1925 5151 1938 5198 i
1991 5142 2104 5205 Nisi
2127 5142 2380 5206 mendum
2404 5152 2544 5205 inest
2565 5151 2777 5220 utrique
2799 5149 3023 5205 editioni
3049 5158 3158 5203 tum
3183 5142 3442 5216 Quesnel-

1852 5221 2005 5274 liante
2045 5231 2155 5276 tum
2193 5222 2432 5284 Venetae,
2475 5231 2530 5276 ct
2573 5222 2857 5292 legendum
2905 5221 2975 5274 sit
3020 5222 3210 5289 ipsam,
3243 5233 3443 5292 sensus

1848 5293 1976 5373 erit,
2003 5302 2174 5348 tamen
2198 5310 2224 5348 e
2244 5295 2503 5348 contrario
2533 5291 2744 5363 impiam
2772 5293 2927 5360 ﬁdem
2955 5304 3258 5362 sequuntur,
3285 5291 3442 5362 impie

1848 5373 2092 5419 εεηιιιιηί.
