3900 6426
508 348 616 407 2‘25

887 469 1115 528 CODEX
1166 468 1708 528 VERCELLENSIS.

513 561 719 619 teretur
740 562 807 618 ab
826 577 912 620 eo.
1331 560 1640 616 audierunt.

516 632 603 702 1'5.
656 631 780 688 Ideo
807 633 859 686 in
888 645 1110 702 paravo-
1336 631 1422 685 18.
1456 630 1562 702 Vos
1587 645 1715 702 ergo
1742 630 1895 686 audi-

518 701 586 758 lis
613 702 802 772 loquor
830 700 933 760 illis
958 720 972 758 :
1335 709 1386 754 te
1413 700 1720 772 parabolam

515 782 576 828 ιιι
604 770 846 827 videntes
1334 770 1668 824 seminantis.

516 856 622 898 non
649 842 887 908 videant,
1335 839 1424 911 19.
1465 840 1648 894 Omnis
1670 839 1761 911 qui
1785 855 1879 896 au-

515 922 570 966 et
589 912 865 968 audientes
1333 909 1416 963 dit
1445 911 1665 964 verbum

517 997 623 1058 non
653 982 914 1058 a_udiant._
993 1051 1007 1058 _
1332 980 1505 1058 regni,
1526 989 1580 1058 e_t
1610 994 1715 1034 non

517 1051 603 1107 14.
658 1052 722 1106 Et
752 1061 878 1108 tunc
901 1051 1072 1123 inple-
1333 1050 1614 1123 intellegit,
1643 1065 1735 1104 ve-

517 1130 603 1176 tur
630 1123 859 1194 prophe-
898 1193 904 1194 ί
957 1118 974 1123 ’
1018 1192 1028 1194 Α
1338 1118 1644 1194 uit_malus_,
1677 1129 1731 1173 et

519 1230 535 1245 .
589 1231 605 1246 .
630 1188 678 1244 ⁷.
729 1188 758 1245 it
786 1191 976 1248 Eseiae
1000 1192 1182 1250 dicen-
1334 1191 1474 1257 rapit
1497 1188 1639 1258 quod
1664 1204 1750 1243 se-

517 1261 624 1333 tis_:
652 1261 727 1333 (b)
747 1261 898 1333 iVaAde
927 1262 1013 1317 dic
1043 1279 1139 1333 po-
1336 1260 1706 1333 minatumest

515 1330 640 1400 pulo
662 1327 792 1386 huic
811 1331 852 1401 -ι-
882 1349 896 1395 ;
937 1327 1066 1388 aure
1335 1327 1388 1382 in
1415 1328 1579 1401 corde
1604 1328 1707 1382 illi-

513 1401 762 1465 audietis,
795 1412 848 1455 et
873 1417 980 1457 non

515 1471 603 1524 15.
656 1471 993 1542 intellegetis.
1027 1471 1111 1528 ln-

514 1553 692 1594 crassa
722 1555 817 1595 COI'

514 1610 694 1678 populi
721 1610 908 1680 hujus,

512 1694 688 1745 aures,
713 1691 767 1735 et
787 1696 914 1736 ocu-

511 1748 592 1803 los
619 1765 807 1805 eorum

511 1833 672 1889 grava
705 1839 718 1872 :
747 1835 817 1875 ne
843 1835 1011 1889 quan-

512 1887 583 1941 do
607 1887 922 1943 convertan-

513 1966 622 2022 tur,
645 1967 699 2011 et
725 1973 908 2013 sanem

515 2025 606 2080 16.
645 2041 758 2080 eos.
793 2027 969 2081 Vestri

515 2105 690 2150 autem
723 2097 861 2150 beati
889 2110 949 2150 o-

512 2164 618 2219 culi
646 2166 735 2233 qui
758 2167 960 2232 vident,

514 2243 569 2289 et
597 2249 752 2307 aures
775 2251 913 2307 quae

512 2303 752 2359 audiuut.

514 2375 602 2428 17.
637 2377 804 2429 Amen
834 2375 953 2429 dico
977 2388 1074 2431 vo—

514 2443 618 2507 bis,
649 2445 789 2513 quod
822 2446 960 2499 mul-

513 2514 550 2566 tl
583 2515 872 2582 prophetae

511 2591 566 2637 et
585 2583 714 2651 justi
745 2585 926 2653 cupie-

509 2663 631 2707 runt
657 2655 838 2708 videre

510 2739 647 2790 quae
675 2724 884 2787 videtis,

509 2803 564 2846 et
591 2807 694 2845 non
727 2795 909 2847 audie—

511 2871 667 2927 runt;
701 2873 754 2915 et
782 2878 878 2916 au-

509 2931 629 2986 dire
656 2947 792 3000 quae
816 2947 910 2986 au-

511 3001 638 3054 ditis
661 3042 675 3068 ,
705 3013 758 3056 et
787 3018 893 3057 non

1339 1412 1402 1451 us
1430 1416 1442 1451 :
1472 1397 1567 1468 hic
1587 1408 1669 1452 est
1689 1398 1779 1468 qui

1335 1481 1493 1521 secus
1521 1467 1660 1522 viam

1336 1539 1631 1609 seminatus
1675 1607 1685 1609 _
1830 1606 1833 1609 _

1333 1606 1424 1663 20.
1454 1616 1554 1660 est.
1579 1607 1689 1674 .Qui
1728 1606 1907 1663 autem

1333 1691 1490 1745 supra
1516 1688 1664 1745 petra

1334 1748 1626 1800 seminatus

1334 1825 1440 1878 est,
1466 1817 1552 1869 hic
1571 1825 1673 1879 est,
1698 1819 1788 1885 qui

1335 1886 1558 1938 verbum
1582 1901 1676 1940 au-

1335 1953 1436 2018 dit,
1468 1963 1524 2008 et
1550 1956 1722 2009 conti-

1337 2039 1445 2077 nuo
1474 2041 1593 2078 cum
1616 2041 1746 2093 gau-

1336 2093 1425 2146 dio
1451 2088 1644 2163 accipit
1674 2095 1735 2148 il—
1769 2088 1778 2095 ⁷

1335 2165 1424 2216 21.
1455 2164 1562 2218 lum
1592 2181 1604 2216 :
1630 2166 1725 2219 sed
1752 2182 1859 2223 non

1335 2231 1498 2287 habet
1525 2236 1576 2287 in
1605 2250 1663 2288 se
1684 2251 1770 2288 ra-

1335 2303 1530 2368 dicem,
1560 2306 1650 2357 sed
1673 2317 1757 2361 est

1334 2375 1662 2443 temporalis.

1334 2441 1495 2497 Facta
1525 2451 1704 2499 autem
1736 2444 1831 2499 tri-

1331 2512 1602 2568 bulatione
1636 2516 1705 2585 (ο)
1728 2516 1814 2571 vel
1837 2515 1879 2584 -ι-

1332 2585 1704 2651 persecutione

1332 2664 1550 2722 propter
1577 2669 1698 2708 ver-

1333 2723 1478 2786 bum,
1508 2726 1763 2781 continuo

1331 2795 1743 2849 scandalizatur.

1329 2863 1418 2914 ‘22.
1460 2866 1562 2928 Qui
1584 2873 1760 2919 autem
1788 2866 1841 2920 in

1329 2935 1499 3001 spinis
1528 2935 1758 2989 semina-

1331 3011 1436 3069 tur,
1469 3003 1553 3058 hic
1576 3013 1682 3070 est,
1703 3005 1794 3074 qui

932 3120 1160 3176 CODEX
1187 3119 1651 3176 CORBEIENSIS.

511 3217 566 3264 et
594 3209 734 3278 quod
760 3209 916 3265 habet
936 3212 1206 3265 auferetur
1233 3213 1299 3263 ab
1325 3226 1408 3264 eo.
1467 3213 1482 3240 ¹
1532 3211 1759 3279 Propter
1786 3209 1888 3264 hoc
1910 3210 1963 3264 in
1995 3223 2081 3279 pa-

513 3279 711 3333 rabolis
739 3281 926 3347 lnquor
954 3283 1058 3335 illis
1088 3299 1099 3332 :
1134 3291 1188 3334 ut
1212 3281 1455 3334 videntes
1487 3297 1592 3333 non
1620 3281 1867 3342 videant,
1897 3289 1953 3334 et
1987 3294 2082 3333 au-

513 3347 721 3402 dientes
778 3353 798 3380 ¹
843 3365 948 3403 non
1005 3351 1257 3411 audiant,
1290 3366 1460 3418 neque
1497 3349 1808 3417 intelligant.
1841 3351 1906 3403 Et
1956 3358 2081 3403 tunc

515 3419 823 3485 implebitur
855 3424 903 3472 in
937 3421 1038 3472 illis
1083 3421 1358 3488 prophetia
1405 3421 1591 3473 Esaiae
1630 3419 1861 3472 dicentis
1895 3418 2080 3474 :Vade

518 3495 574 3540 et
594 3488 679 3540 die
706 3491 898 3555 populo
918 3490 1103 3554 huic;‘
1121 3505 1248 3543 aure
1272 3491 1519 3552 audietis,
1544 3499 1597 3542 et
1619 3505 1722 3542 non
1747 3490 2078 3558 intelligetis:

518 3567 573 3610 et
610 3557 848 3612 videntes
896 3559 916 3588 ⁸
969 3575 1071 3612 non
1113 3560 1380 3614 videbitis.
1414 3560 1767 3613 lncrassatum
1809 3569 1891 3612 est
1922 3557 2083 3611 enim

515 3640 610 3679 cor
653 3630 829 3696 populi
864 3630 1048 3696 hujus,
1086 3640 1140 3684 et
1177 3631 1392 3683 auribus
1457 3631 1690 3698 graviter
1728 3628 2012 3683 audierunt
2043 3631 2086 3692 ⁵,

520 3705 575 3749 et
602 3697 786 3750 oculos
811 3713 936 3752 suos
963 3701 1234 3753 cluserunt
1269 3719 1280 3752 :
1311 3697 1594 3766 nequando
1619 3700 1789 3751 oculis
1825 3699 2040 3751 videant
2071 3737 2086 3758 ,

518 3776 572 3819 et
599 3768 814 3821 auribus
843 3770 1060 3822 audiant
1086 3811 1100 3832 ,
1139 3779 1192 3822 et
1228 3769 1392 3822 corde
1421 3769 1753 3835 intelligant,
1787 3775 1839 3820 et
1867 3782 2090 3819 converv

519 3845 719 3901 tantur,
748 3847 802 3889 et
831 3853 1012 3891 sanem
1045 3853 1155 3891 eos.
1191 3838 1364 3890 Vestri
1394 3848 1569 3889 autent
1622 3837 1760 3888 beati
1794 3837 1931 3888 oculi
1962 3835 1981 3864 °
2002 3835 2088 3899 qui

519 3907 716 3972 vident,
778 3920 830 3961 et
880 3924 1037 3962 aures
1089 3919 1298 3962 vestrae
1348 3921 1483 3975 quae
1510 3906 1748 3958 audiunt.
1773 3905 1941 3957 Amen
1973 3905 2092 3958 dico

520 3975 718 4046 vobis,
759 3980 878 4044 quia
923 3979 1075 4032 multi
1153 3977 1443 4046 prophetae
1509 3985 1565 4028 et
1627 3975 1756 4042 justi
1815 3976 2094 4046 cupierunt

521 4045 702 4097 videre
752 4043 886 4113 quae
925 4050 943 4078 ⁷
999 4043 1209 4110 videtis,
1242 4043 1294 4100 et
1344 4061 1447 4100 non
1493 4046 1788 4104 viderunt;
1823 4054 1875 4096 et
1907 4043 2095 4097 audire

524 4116 694 4176 quae"
722 4118 937 4179 auditis,
970 4130 1020 4172 et
1051 4136 1154 4172 non
1188 4116 1490 4170 audierunt.
1519 4115 1626 4169 Vos
1652 4129 1782 4181 ergo
1803 4113 1981 4166 audite
2004 4129 2096 4181 pa-

526 4181 766 4235 rabolam
793 4190 1128 4242 seminantis.
1161 4188 1347 4240 Utnnis
1376 4189 1465 4253 qtti
1502 4187 1650 4238 audit
1674 4180 1896 4236 verbum
1925 4180 2092 4250 regni,

527 4259 580 4301 et
610 4264 712 4302 non
740 4253 1005 4327 intelligit,
1030 4259 1175 4312 venit
1198 4259 1408 4322 malus,
1445 4266 1498 4310 et
1525 4258 1664 4327 rapit
1692 4254 1833 4327 quod
1865 4257 2095 4327 semina-

531 4328 639 4371 tunt
671 4328 755 4372 est
783 4322 834 4374 in
862 4322 1025 4394 corde
1051 4330 1165 4390 ejus
1196 4344 1210 4378 :
1245 4329 1330 4378 hic
1351 4335 1435 4380 est
1463 4326 1555 4394 qui
1583 4322 1739 4378 sectis
1770 4325 1906 4375 viam
1931 4324 2094 4376 semi-

529 4398 686 4460 natus
728 4400 830 4442 est.
885 4391 983 4455 Qui
1013 4404 1191 4445 autent
1218 4409 1377 4460 super
1405 4391 1622 4458 petrosa
1651 4394 1946 4445 seminatus
1990 4401 2095 4454 est,

529 4457 616 4510 hic
642 4470 745 4522 est,
768 4460 856 4527 qui
884 4461 1104 4514 verbum
1133 4457 1317 4524 audit‘,
1364 4457 1420 4513 et
1451 4461 1708 4512 continuo
1747 4474 1868 4511 cum
1907 4461 2099 4526 gaudio

529 4531 548 4560 ⁹
572 4530 775 4597 accepit
804 4530 929 4584 illud
958 4549 971 4584 :
998 4546 1102 4582 non
1131 4530 1289 4582 habet
1311 4531 1362 4582 in
1384 4543 1444 4582 se
1468 4528 1727 4587 radicem,
1749 4527 1844 4578 sed
1869 4534 1952 4578 est
1969 4539 2102 4579 tem-

529 4600 752 4666 poralis.
787 4599 948 4653 Facta
980 4612 1156 4655 autem
1193 4597 1538 4652 tribulatione
1577 4604 1636 4666 et
1687 4598 2102 4666 persequutioue

530 4663 750 4745 propter
776 4672 997 4745 verbum
1021 4711 1036 4745 _,
1069 4672 1326 4745 continuo
1349 4665 1764 4745 scandalizatur.
1792 4663 1896 4728 Qui
1925 4673 2100 4745 autem

531 4739 574 4769 ¹⁰
599 4737 680 4793 est
700 4742 995 4795 sentiuatus
1020 4742 1072 4794 in
1102 4741 1292 4808 spinis,
1315 4737 1401 4792 hic
1426 4745 1540 4798 est,
1566 4737 1660 4804 qui
1973 4743 1976 4746 ’

1030 350 1298 412 ausam!
1333 347 1675 410 πεπυ..
1713 321 2159 408 EV’ANGELIUM
2192 347 2336 408 cum
2377 349 2600 410 vanus
2635 350 2786 409 con.
2826 351 3214 412 comarum.

2164 2176 2235 2221 .et
2266 2175 2668 2230 convertantur,
2693 2177 2748 2222 et

3651 351 3756 408 εει

2608 469 2835 526 CODEX
2872 470 3318 529 VERONENSIS.

2180 563 2449 634 auferetur
2477 562 2544 618 ab
2569 577 2657 618 eo.
2995 574 3046 619 et
3071 566 3199 632 justi
3225 565 3516 634 cupierunt
3538 565 3728 620 videre

2185 635 2272 688 13.
2305 633 2427 686 Ideo
2454 648 2560 687 non
2592 635 2644 686 in
2674 648 2766 701 pa-
2808 701 2816 703 _
2855 700 2863 703 _
2998 650 3137 703 quae
3163 633 3392 702 vidistis,
3415 643 3472 691 et
3499 651 3611 690 non

2184 703 2384 776 rabolis
2411 703 2601 772 loquor
2623 700 2728 776 illis
2757 721 2771 758 :
2797 700 2874 773 (α)
2994 700 3278 776 viderunt;
3308 715 3364 761 et
3379 700 3586 762 audire
3623 719 3761 776 quae

2182 783 2240 844 ut
2265 772 2511 844 videntes
2533 786 2640 844 non
2660 773 2737 826 vi-
2811 772 2815 773 ⁷
3000 790 3096 828 vos
3124 775 3372 840 audistis,
3397 784 3453 831 et

2182 843 2365 905 deant,
2393 851 2447 896 et
2466 841 2747 898 audientes

2183 911 2422 975 audiant,
2440 922 2494 966 et
2523 927 2628 965 non
2659 913 2739 968 in-

2185 983 2438 1050 tellegant
2471 998 2483 1033 :
2517 997 2583 1036 ne
2612 981 2824 1050 quando

2185 1048 2929 1120 14.convertantu_r.Ettunc'j‘

2186 1121 2238 1174 in
2263 1121 2366 1174 illis
2395 1136 2573 1174 sermo
2599 1122 2836 1188 Prophe-

2186 1191 2565 1262 taegdicentis:
2585 1191 2660 1262 (b)
2683 1191 2830 1262 Yade
2886 1243 2890 1246 λ

2185 1270 2236 1314 et
2270 1260 2355 1314 dic
2382 1261 2579 1329 populo
2598 1260 2731 1315 huic
2751 1260 2828 1330 'j';

2183 1344 2312 1383 aure
2339 1330 2590 1393 audietis,
2609 1340 2664 1385 et
2690 1347 2794 1384 non

2187 1399 2508 1468 intellegetis
2538 1417 2552 1454 :
2584 1411 2636 1454 et
2679 1401 2864 1455 viden-

2186 1476 2266 1522 tes
2293 1470 2563 1534 videbitis,
2589 1481 2642 1524 et
2668 1486 2775 1525 non

2185 1540 2274 1593 15.
2307 1539 2576 1594 videbitis.
2607 1540 2875 1610 lngrassa-

2187 1619 2297 1662 tum
2321 1616 2404 1662 est
2429 1611 2574 1663 enim
2602 1625 2702 1664 cor.

2188 1679 2368 1750 populi
2396 1678 2581 1747 hujus,
2601 1690 2666 1750 get
2690 1693 2784 1734 au-

2191 1748 2336 1801 ribus
2362 1750 2472 1801 suis
2499 1748 2732 1816 graviter
2757 1764 2848 1804 au-

2187 1816 2421 1880 dierunt,
2451 1827 2504 1870 et
2533 1819 2712 1873 oculos

2186 1901 2312 1940 suos
2330 1887 2696 2010 gravaberunt
2723 1907 2736 1941 :
2764 1902 2831 1943 ne

2187 1971 2324 2010 nuan
2365 1971 2398 2008 o
2419 1957 2588 2010 oculis
2615 1957 2829 2010 videant

2187 1957 2398 2024 quando
2419 1957 2588 2010 oculis
2615 1957 2863 2026 videant,

2186 2035 2240 2078 et
2267 2025 2482 2078 auribus
2508 2027 2766 2093 audiant,

2186 2105 2242 2149 et
2265 2095 2429 2149 corde
2460 2097 2790 2167 intellegant,

3005 859 3109 898 non
3141 844 3446 900 audierunt.

3001 913 3088 966 18.
3119 913 3228 970 Vos
3251 929 3380 983 ergo
3405 930 3506 970 an-

2941 995 2943 998 ·
3006 983 3114 1036 dite
3139 983 3452 1052 parabolam

3005 1053 3088 1106 19.
3113 1054 3451 1108 seminantis.
3481 1053 3613 1110 Om-

3002 1123 3084 1177 nis
3106 1122 3197 1189 qui
3220 1122 3369 1176 audit

3002 1192 3222 1246 verbum
3255 1191 3407 1255 regni
3427 1228 3444 1255 ,

3004 1270 3058 1315 et
3083 1276 3188 1317 non
3215 1260 3482 1329 intellegit
3505 1301 3523 1326 ,

3004 1332 3147 1385 venit
3174 1330 3370 1396 malus,
3399 1339 3455 1384 et

3001 1416 3057 1456 ra
3067 1402 3139 1469 pit
3165 1400 3305 1470 quod
3336 1399 3502 1455 semi-

3003 1479 3184 1526 natum
3208 1479 3291 1525 est
3311 1471 3366 1524 in

3001 1541 3164 1597 corde
3185 1541 3329 1594 illius
3350 1556 3364 1593 :
3388 1539 3479 1594 hic

3000 1620 3084 1666 est
3104 1611 3190 1679 qui
3223 1625 3380 1665 secus

3001 1682 3138 1733 viam
3170 1681 3465 1734 seminatus
3496 1685 3607 1734 est.

3000 1749 3090 1804 ‘20.
3119 1749 3222 1816 Qui
3246 1758 3423 1804 autem
3444 1764 3537 1804 su-

3003 1834 3097 1887 pra
3127 1829 3338 1887 petrosa
3369 1819 3448 1874 lo-

3003 1904 3066 1943 ca
3095 1889 3388 1942 setuinatus

3003 1967 3102 2016 est,
3127 1958 3215 2011 hic
3244 1967 3348 2021 cst,
3379 1958 3471 2026 qui

3001 2028 3224 2082 verbum
3245 2027 3412 2091 audit,
3438 2035 3496 2082 et

3001 2099 3253 2152 continuo
3289 2111 3410 2151 cum
3450 2095 3650 2167 gaudio

3002 2168 3192 2236 accipit
3223 2167 3350 2221 illud
3377 2185 3390 2220 :

2999 2237 3090 2291 ‘21.
3129 2237 3223 2291 sed
3252 2252 3357 2290 non
3385 2237 3552 2292 habet

3002 2308 3054 2360 in
3082 2321 3140 2361 se
3167 2306 3398 2360 radicem
3425 2347 3439 2369 ,

2999 2377 3092 2431 sed
3128 2384 3210 2430 est
3233 2385 3340 2430 tem
3349 2390 3505 2445 pora-

2999 2448 3081 2501 lis.
3127 2446 3289 2501 Facta
3322 2456 3503 2501 autem

2185 2249 2366 2288 sanem
2413 2250 2527 2289 eos.
2573 2237 2929 2292 Incrassatum

2183 2314 2266 2374 est
2292 2304 2433 2358 enim
2463 2320 2556 2360 cor
2582 2309 2764 2374 p0puli

2184 2373 2382 2442 hujus,
2431 2384 2485 2428 ct
2531 2373 2690 2431 aures
2741 2391 2926 2433 eorum

2182 2444 2424 2509 obstrue,
2454 2455 2508 2498 et
2538 2447 2721 2500 oculos
2748 2462 2836 2501 eo-

2182 2529 2297 2566 rum
2326 2529 2482 2583 grava
2509 2533 2520 2567 :
2552 2532 2618 2571 nc
2645 2517 2855 2584 quando

2179 2593 2583 2648 convertantur,
2612 2596 2667 2641 ει
2694 2602 2874 2642 sanem

2180 2653 2300 2708 illos
2327 2653 2456 2709 dicit
2486 2656 2762 2712 Dominus.

2181 2723 2267 2777 16.
2283 2723 2450 2778 Vestri
2467 2734 2643 2780 autem
2659 2727 2796 2781 beati
2808 2740 2929 2781 ocu-

2178 2793 2212 2847 li
2236 2795 2325 2862 qui
2354 2794 2567 2860 vident,
2589 2806 2644 2850 et
2667 2811 2824 2851 aures

2179 2879 2315 2933 quae
2330 2865 2572 2919 audiunt.
2997 2865 3086 2918 22.
3127 2866 3230 2932 Qui
3250 2873 3428 2919 autem
3456 2865 3508 2918 in

2179 2935 2267 2988 17.
2299 2933 2468 2988 Amen
2490 2936 2610 2988 dico
2634 2950 2727 2989 vo-
2993 2935 3160 3003 spinis
3185 2936 3479 2991 seminatus
3500 2943 3610 3003 est,

2182 3004 2281 3070 bis,
2299 3005 2438 3073 quod
2464 3005 2617 3059 multi
2637 3005 2923 3075 prOphetae
2997 3005 3082 3059 hic
3103 3013 3208 3072 est,
3234 3005 3326 3074 qui

2638 3120 2864 3176 CODEX
2891 3119 3282 3175 BRIXIANUS.

2185 3209 2328 3280 quod
2356 3210 2518 3266 habet
2543 3212 2816 3268 auferetur
2842 3214 2910 3268 ab
2939 3228 3024 3266 eo.
3059 3212 3350 3280 Propterea
3388 3211 3440 3264 in
3473 3209 3747 3279 parabolis

2185 3279 2378 3347 loquor
2404 3282 2504 3335 eis.
2525 3283 2653 3350 quia
2673 3285 2913 3338 videntes
2933 3298 3037 3338 n0n
3060 3279 3240 3336 vident
3268 3292 3321 3336 et
3342 3283 3628 3334 audientes
3652 3295 3751 3333 non

2185 3352 2605 3423 audiuutneque
2634 3353 2968 3423 intellegunt.
3012 3353 3076 3406 Et
3101 3353 3335 3420 adimple
3365 3361 3389 3386 ⁸
3425 3361 3577 3404 retur
3604 3352 3656 3404 in
3679 3351 3755 3423 eis

2187 3420 2464 3487 prophetia
2497 3420 2666 3474 Esaia:
2693 3420 2916 3477 dicentis
2958 3424 3140 3476 auditu
3172 3423 3421 3476 audietis.
3451 3431 3505 3474 et
3535 3436 3643 3475 non
3679 3421 3754 3472 in-

2193 3490 2468 3556 tellegetis.
2500 3500 2554 3544 et
2581 3492 2820 3547 videntes
2841 3493 3105 3547 videbitis.
3141 3502 3192 3546 et
3221 3507 3325 3545 non
3366 3492 3638 3546 videbitis.
3674 3488 3754 3542 ln-

2191 3568 2486 3630 crassatum
2536 3569 2618 3613 est
2663 3563 2804 3616 enim
2863 3577 2955 3615 cor
2987 3561 3164 3630 populi
3213 3562 3391 3629 hujus.
3427 3573 3479 3611 et
3529 3560 3754 3613 auribus

2192 3629 2426 3695 graviter
2453 3631 2753 3683 audierunt.
2787 3640 2838 3684 et
2857 3632 3042 3684 oculos
3060 3629 3197 3684 suos
3215 3633 3756 3696 cluserunt.nequ:ut-

2193 3699 2262 3749 do
2288 3699 2456 3749 oculis
2489 3699 2700 3751 videant
2729 3712 2779 3752 et
2829 3700 3046 3753 auribus
3075 3701 3310 3753 audiant.
3333 3707 3388 3753 et
3407 3700 3574 3753 eordc
3601 3699 3755 3751 intel-

2196 3767 2395 3831 legant.
2430 3775 2483 3818 et
2509 3777 2904 3822 c0uvcrtantur.
2930 3781 2980 3820 et
3013 3784 3194 3822 sanem
3226 3785 3339 3823 eos.
3371 3769 3548 3823 Vestri
3579 3777 3754 3821 autem

2195 3836 2334 3888 beati
2364 3837 2501 3906 oculi
2523 3837 2643 3904 quia
2667 3839 2862 3891 vident.
2879 3850 2929 3891 et
2957 3853 3112 3890 aures
3137 3848 3350 3892 vestrae
3367 3840 3491 3906 quia
3509 3839 3750 3890 audiunt.

2195 3906 2365 3975 Anien
2398 3905 2518 3957 dico
2555 3908 2722 3960 Vobis.
2754 3908 2875 3975 quia
2905 3907 3057 3958 multi
3095 3905 3456 3974 prophetaz’ct
3482 3907 3637 3972 jttsti.
3671 3921 3759 3958 cu-

2197 3974 2413 4041 pierttut
2446 3976 2626 4026 videre
2657 3974 2792 4040 quae
2820 3990 2914 4028 vos
2954 3976 3165 4026 videtis.
3198 3985 3248 4026 et
3276 3990 3381 4026 non
3408 3975 3662 4026 viderunt
3703 3984 3752 4024 et

2196 4043 2381 4096 audire
2407 4060 2540 4110 quae
2558 4059 2648 4095 vos
2680 4045 2888 4096 auditis.
2921 4052 2974 4097 ct
3005 4059 3108 4094 non
3141 4043 3444 4094 audierunt.
3478 4042 3586 4093 V'os
3610 4055 3756 4107 ergo.

2197 4113 2377 4165 audite
2419 4114 2728 4182 parabolam
2757 4113 3091 4166 seminantis.
3120 4112 3308 4164 Omnis
3341 4111 3430 4182 qui
3460 4110 3615 4162 audit
3647 4124 3760 4182 ver-

2197 4182 2322 4236 bum
2372 4180 2540 4251 regni.
2589 4194 2640 4235 et
2669 4199 2771 4236 non
2817 4183 3098 4249 intellegit.
3141 4180 3506 4251 venitgmalus.
3541 4189 3596 4251 et
3626 4180 3760 4244 rapit

2198 4252 2339 4326 quod
2370 4249 2687 4326 seminatunt
2719 4263 2800 4306 est
2829 4256 2879 4326 in
2907 4252 3069 4326 corde
3094 4252 3228 4318 ejus.
3261 4249 3346 4303 hic
3367 4257 3448 4303 est
3478 4249 3566 4316 qui
3604 4262 3755 4326 secus

2196 4323 2336 4376 viam
2365 4325 2659 4377 sentinatus
2703 4333 2802 4378 est.
2832 4324 2929 4388 Qui
2959 4331 3132 4375 autem
3169 4334 3329 4388 supra
3354 4327 3566 4388 petrosa
3598 4323 3751 4369 semi-

2202 4400 2357 4464 natus
2383 4403 2482 4448 est.
2518 4394 2603 4446 hic
2624 4404 2705 4464 est
2731 4395 2817 4460 qui
2846 4386 3065 4464 verbum
3093 4390 3124 4464 ξ)
3153 4386 3328 4464 meum
3356 4386 3506 4464 audit
3542 4395 3598 4438 et
3641 4401 3761 4464 con-

2201 4462 2500 4522 tinuocum
2527 4463 2721 4529 gaudio
2751 4459 2940 4529 accipit
2981 4461 3128 4515 illud.
3160 4473 3264 4513 non
3290 4459 3451 4512 habet
3479 4465 3674 4529 autent
3708 4459 3755 4506 iu

2201 4544 2260 4582 se
2286 4531 2514 4583 radicem
2533 4526 2633 4584 sed
2666 4543 2746 4584 est
2769 4526 3092 4598 temporalis.
3119 4530 3250 4584 Cum
3289 4539 3464 4581 autem
3490 4528 3631 4579 facta
3645 4526 3760 4598 fue-

2179 4600 2272 4669 rit
2316 4599 2590 4674 tribulatio
2619 4602 2638 4674 ί
2650 4601 2711 4674 c)_
2729 4601 2807 4653 vel
2853 4596 2893 4669 f
2935 4601 3249 4674 persecutio
3282 4607 3502 4674 propter
3544 4596 3759 4674 verbum

2203 4667 2457 4738 continuo
2478 4667 2887 4724 scandalizatur}
2914 4667 3013 4737 Qui
3036 4679 3214 4726 autem
3237 4667 3293 4725 in
3311 4668 3481 4738 Spinis
3502 4677 3588 4723 est
3608 4667 3763 4720 semi-

2207 4744 2363 4789 natus
2391 4736 2474 4790 hic
2513 4747 2594 4791 est
2617 4740 2718 4806 qui‘

3001 2517 3342 2572 tribulatione
3373 2515 3448 2586 (ε)

3000 2589 3082 2642 vel
3128 2587 3168 2657 -ξ-
3198 2587 3533 2655 persecutio-

2999 2670 3067 2726 ne
3103 2665 3322 2726 pr0pter
3348 2670 3470 2710 ver-

3000 2725 3148 2790 bum,
3190 2726 3448 2780 continuo

2998 2797 3449 2850 scandalizantur.

1207 4847 1600 4908 VARIANTES
1637 4845 2017 4903 LECTIONES
2055 4847 2317 4904 CODICIS
2354 4848 2456 4903 MS.
2499 4850 2556 4906 S.
2598 4852 3095 4909 GERMANENSIS.

593 4941 608 4970 ί
647 4941 828 4970 Ῐι-ἷηῖιηνι
847 4945 859 4970 ί

593 4941 608 4970 ι
730 4942 741 4952 .
849 4945 859 4954 .

550 4974 612 5067 l_'
645 4939 936 5064 335.3%
967 5017 1064 5053 non
1100 5003 1415 5067 intellegant;
1454 5002 1714 5065 nequando
1735 5005 2095 5050 convertantur.

531 5062 723 5120 Ettunc
843 5062 851 5064 “

595 5123 615 5154 ³
647 5125 812 5173 auditu
836 5125 1048 5173 audietis

595 5183 618 5214 δ
652 5185 891 5246 videbitis,
916 5192 1080 5235 etnon
1105 5187 1363 5246 aspicietis.
1391 5185 1717 5246 Ingrassatum
1740 5194 1816 5236 est
1835 5197 1920 5235 cor

595 5247 617 5276 ⁸
650 5246 934 5308 audierunt;
969 5261 1034 5296 ne
1055 5248 1268 5308 quando'

2266 4940 2287 5007 ξ
2318 4942 2432 5001 quia
2455 4941 2647 5007 vident,
2673 4950 2724 4992 et
2745 4957 2889 5007 aures
2911 4958 3036 5007 quae

2263 5002 2285 5065 ἶ
2323 5014 2408 5065 vos
2428 5002 2622 5065 videtis,
2636 5002 2702 5053 et
2719 5003 2886 5054 audire

2266 5062 2288 5092 ⁸
2322 5063 2540 5118 audistis,

2266 5123 2288 5152 ο
2322 5124 2493 5183 accipit
2516 5123 2629 5171 illud
2653 5139 2664 5170 :
2681 5125 2764 5173 sed
2787 5137 2880 5172 non

2270 5183 2314 5212 ¹⁰
2347 5183 2396 5232 in
2418 5185 2569 5245 Spinis
2589 5188 2852 5235 seminatur

1843 5324 2205 5382 BLANCHINI
2241 5325 2469 5382 NOTAE.

610 5427 636 5455 α
668 5420 940 5494 Duzeillre
966 5421 1159 5475 littera:
1179 5437 1256 5486 re,
1285 5422 1338 5477 in
1368 5422 1756 5494 adimpleretur,
1797 5420 1906 5475 litae
1929 5427 2057 5474 sunt
2079 5434 2110 5473 a

544 5486 760 5545 librario
783 5490 976 5545 lineola
1002 5501 1328 5546 transversa.

2281 5421 2311 5461 δ
2351 5422 2614 5477 Particula
2645 5421 2755 5489 illa,
2785 5439 2967 5491 meum,
3003 5422 3193 5479 extrita
3221 5431 3326 5478 est.

615 5626 805 5706 (_a)‘lta
825 5638 880 5706 et
898 5630 1018 5706 cod.
1049 5639 1193 5684 cant.
1219 5632 1594 5706 austeram;
1613 5633 1953 5706 gemmam.
1985 5624 2359 5706 καξιᾴκριξογςες
2379 5629 2448 5706 pri
2474 5621 2682 5706 κᾳῦοξᾳι,
2703 5626 2783 5677 καὶ
2809 5628 2877 5706 iui
2902 5626 3155 5706 ﬁtqwéat.
3180 5627 3249 5693 μή
3277 5627 3762 5706 πᾳτεξπισρέφωσρ·

555 5694 768 5776 traiecit:
797 5702 1180 5776 πληρωθήσεται
1201 5694 1658 5776 :_cui'conci_nit_et
1689 5694 1916 5776 Vel-celi.
1947 5728 2019 5739 —-
2045 5696 2091 5764 (θ

2192 5695 2311 5776 ,ἀόλι
2337 5694 2460 5747 vade
2485 5703 2532 5776 ει
2574 5694 2655 5748 dic
2683 5697 2867 5764 popqu
2894 5695 3038 5761 huic;
3073 5699 3232 5751 etiam
3253 5696 3372 5750 cod.
3401 5694 3560 5752 Cautl
3589 5694 3764 5770 τίορεύ-

553 5768 662 5820 Θητι
691 5788 776 5819 και
797 5763 910 5823 εἱπῖ
926 5779 997 5836 τῷ
1017 5771 1121 5838 λαῷ
1148 5774 1313 5841 τούτῳ
1331 5812 1347 5840 ,
1377 5787 1443 5827 ex
1473 5771 1651 5834 Esaia.
1678 5801 1748 5816 --
1776 5771 1847 5840 (ε)
1871 5769 1950 5827 ita
1972 5777 2027 5825 et
2055 5763 2091 5823 ιε

2192 5781 2228 5822 ιε
2246 5763 2462 5825 Graecus
2481 5764 2532 5821 ἥ.
