  <div class='ocr_page' id='page_1' title='image "/cluster/home/n/w/nwhite01/storage/ocr_20150623/12-13/uc1.31175013632818/1190.png"; bbox 0 0 3854 6384; ppageno 0'>
   <div class='ocr_carea' id='block_1_1' title="bbox 181 394 323 454">
    <p class='ocr_par' dir='ltr' id='par_1_1' title="bbox 181 394 323 454">
     <span class='ocr_line' id='line_1_1' title="bbox 181 394 323 454; baseline 0.014 -8"><span class='ocrx_word' id='word_1_1' title='bbox 181 394 323 454; x_wconf 67' lang='grc' dir='ltr'><strong>Ιῦ53</strong></span> 
     </span>
    </p>
   </div>
   <div class='ocr_carea' id='block_1_2' title="bbox 1607 399 2019 458">
    <p class='ocr_par' dir='ltr' id='par_1_2' title="bbox 1607 399 2019 458">
     <span class='ocr_line' id='line_1_2' title="bbox 1607 399 2019 458; baseline 0.005 -4"><span class='ocrx_word' id='word_1_2' title='bbox 1607 399 1940 458; x_wconf 79' lang='lat' dir='ltr'><strong>EPISTOLA</strong></span> <span class='ocrx_word' id='word_1_3' title='bbox 1979 403 2019 458; x_wconf 90' lang='lat' dir='ltr'><strong>I.</strong></span> 
     </span>
    </p>
   </div>
   <div class='ocr_carea' id='block_1_3' title="bbox 3309 407 3449 464">
    <p class='ocr_par' dir='ltr' id='par_1_3' title="bbox 3309 407 3449 464">
     <span class='ocr_line' id='line_1_3' title="bbox 3309 407 3449 464; baseline -0.007 -3"><span class='ocrx_word' id='word_1_4' title='bbox 3309 407 3449 464; x_wconf 72' lang='grc' dir='ltr'>ιοει</span> 
     </span>
    </p>
   </div>
   <div class='ocr_carea' id='block_1_4' title="bbox 174 511 3450 588">
    <p class='ocr_par' dir='ltr' id='par_1_4' title="bbox 174 511 3450 588">
     <span class='ocr_line' id='line_1_4' title="bbox 174 511 3450 588; baseline 0.002 -21"><span class='ocrx_word' id='word_1_5' title='bbox 174 525 227 567; x_wconf 87' lang='lat' dir='ltr'><strong>at</strong></span> <span class='ocrx_word' id='word_1_6' title='bbox 255 525 342 582; x_wconf 78' lang='lat' dir='ltr'><strong>me</strong></span> <span class='ocrx_word' id='word_1_7' title='bbox 390 513 656 583; x_wconf 77' lang='lat' dir='ltr'><strong>originem</strong></span> <span class='ocrx_word' id='word_1_8' title='bbox 688 511 996 582; x_wconf 69' lang='lat' dir='ltr'><strong>principalis</strong></span> <span class='ocrx_word' id='word_1_9' title='bbox 1050 513 1304 568; x_wconf 67' lang='lat' dir='ltr'><strong>Ecclesim</strong></span> <span class='ocrx_word' id='word_1_10' title='bbox 1337 527 1441 566; x_wconf 89' lang='lat' dir='ltr'><strong>non</strong></span> <span class='ocrx_word' id='word_1_11' title='bbox 1485 513 1710 568; x_wconf 83' lang='lat' dir='ltr'><strong>tenebas</strong></span> <span class='ocrx_word' id='word_1_12' title='bbox 1745 531 1757 566; x_wconf 88' lang='lat'><strong>:</strong></span> <span class='ocrx_word' id='word_1_13' title='bbox 1797 521 1835 576; x_wconf 65' lang='grc' dir='ltr'><strong>Α</strong></span> <span class='ocrx_word' id='word_1_14' title='bbox 1870 518 1960 570; x_wconf 88' lang='lat' dir='ltr'><strong>tibi</strong></span> <span class='ocrx_word' id='word_1_15' title='bbox 1992 517 2133 586; x_wconf 82' lang='lat' dir='ltr'><strong>quod</strong></span> <span class='ocrx_word' id='word_1_16' title='bbox 2159 528 2273 574; x_wconf 85' lang='lat' dir='ltr'><strong>erat</strong></span> <span class='ocrx_word' id='word_1_17' title='bbox 2295 519 2573 588; x_wconf 87' lang='lat' dir='ltr'><strong>optimum,</strong></span> <span class='ocrx_word' id='word_1_18' title='bbox 2601 534 2758 572; x_wconf 86' lang='lat' dir='ltr'><strong>nemo</strong></span> <span class='ocrx_word' id='word_1_19' title='bbox 2791 520 3078 587; x_wconf 86' lang='lat' dir='ltr'><strong>persuasit.</strong></span> <span class='ocrx_word' id='word_1_20' title='bbox 3113 521 3241 576; x_wconf 74' lang='lat' dir='ltr'><strong>Nam</strong></span> <span class='ocrx_word' id='word_1_21' title='bbox 3273 530 3327 576; x_wconf 91' lang='lat' dir='ltr'><strong>et</strong></span> <span class='ocrx_word' id='word_1_22' title='bbox 3349 520 3450 576; x_wconf 83' lang='lat' dir='ltr'><strong>lto-</strong></span> 
     </span>
    </p>
   </div>
   <div class='ocr_carea' id='block_1_5' title="bbox 177 607 1758 678">
    <p class='ocr_par' dir='ltr' id='par_1_5' title="bbox 177 607 1758 678">
     <span class='ocr_line' id='line_1_5' title="bbox 177 607 1758 678; baseline 0 -15"><span class='ocrx_word' id='word_1_23' title='bbox 177 620 255 671; x_wconf 87' lang='lat' dir='ltr'><strong>te,</strong></span> <span class='ocrx_word' id='word_1_24' title='bbox 292 618 348 662; x_wconf 92' lang='lat' dir='ltr'><strong>ut</strong></span> <span class='ocrx_word' id='word_1_25' title='bbox 370 624 488 677; x_wconf 74' lang='lat' dir='ltr'><strong>qua:</strong></span> <span class='ocrx_word' id='word_1_26' title='bbox 517 622 678 662; x_wconf 88' lang='lat' dir='ltr'><strong>causa</strong></span> <span class='ocrx_word' id='word_1_27' title='bbox 701 608 1038 676; x_wconf 82' lang='lat' dir='ltr'><strong>petissimum</strong></span> <span class='ocrx_word' id='word_1_28' title='bbox 1063 608 1131 662; x_wconf 83' lang='lat' dir='ltr'><strong>de</strong></span> <span class='ocrx_word' id='word_1_29' title='bbox 1154 607 1356 662; x_wconf 87' lang='lat' dir='ltr'><strong>unitate</strong></span> <span class='ocrx_word' id='word_1_30' title='bbox 1383 609 1628 678; x_wconf 88' lang='lat' dir='ltr'><strong>corporis</strong></span> <span class='ocrx_word' id='word_1_31' title='bbox 1659 623 1758 663; x_wconf 89' lang='lat' dir='ltr'><strong>no-</strong></span> 
     </span>
    </p>
   </div>
   <div class='ocr_carea' id='block_1_6' title="bbox 173 700 1764 772">
    <p class='ocr_par' dir='ltr' id='par_1_6' title="bbox 173 700 1764 772">
     <span class='ocr_line' id='line_1_6' title="bbox 173 700 1764 772; baseline 0.001 -17"><span class='ocrx_word' id='word_1_32' title='bbox 173 701 277 755; x_wconf 89' lang='lat' dir='ltr'><strong>stri</strong></span> <span class='ocrx_word' id='word_1_33' title='bbox 299 700 570 763; x_wconf 59' lang='lat' dir='ltr'><strong>solvisset.</strong></span> <span class='ocrx_word' id='word_1_34' title='bbox 601 703 872 768; x_wconf 84' lang='lat' dir='ltr'><strong>aperires:</strong></span> <span class='ocrx_word' id='word_1_35' title='bbox 904 701 1094 754; x_wconf 91' lang='lat' dir='ltr'><strong>nudari</strong></span> <span class='ocrx_word' id='word_1_36' title='bbox 1116 702 1258 754; x_wconf 90' lang='lat' dir='ltr'><strong>enim</strong></span> <span class='ocrx_word' id='word_1_37' title='bbox 1275 716 1367 755; x_wconf 89' lang='lat' dir='ltr'><strong>eas</strong></span> <span class='ocrx_word' id='word_1_38' title='bbox 1400 711 1578 770; x_wconf 88' lang='lat' dir='ltr'><strong>partes</strong></span> <span class='ocrx_word' id='word_1_39' title='bbox 1601 715 1764 772; x_wconf 82' lang='lat' dir='ltr'><strong>Opor-</strong></span> 
     </span>
    </p>
   </div>
   <div class='ocr_carea' id='block_1_7' title="bbox 175 791 1763 863">
    <p class='ocr_par' dir='ltr' id='par_1_7' title="bbox 175 791 1763 863">
     <span class='ocr_line' id='line_1_7' title="bbox 175 791 1763 863; baseline -0.001 -15"><span class='ocrx_word' id='word_1_40' title='bbox 175 804 251 849; x_wconf 91' lang='lat' dir='ltr'><strong>tet</strong></span> <span class='ocrx_word' id='word_1_41' title='bbox 281 793 480 863; x_wconf 82' lang='lat' dir='ltr'><strong>quibus</strong></span> <span class='ocrx_word' id='word_1_42' title='bbox 513 791 776 845; x_wconf 80' lang='lat' dir='ltr'><strong>medicina</strong></span> <span class='ocrx_word' id='word_1_43' title='bbox 810 791 1142 852; x_wconf 73' lang='lat' dir='ltr'><strong>denos-ritur.</strong></span> <span class='ocrx_word' id='word_1_44' title='bbox 1193 791 1343 847; x_wconf 80' lang='lat' dir='ltr'><strong>Nunc</strong></span> <span class='ocrx_word' id='word_1_45' title='bbox 1365 794 1572 859; x_wconf 90' lang='lat' dir='ltr'><strong>clauso,</strong></span> <span class='ocrx_word' id='word_1_46' title='bbox 1607 803 1662 846; x_wconf 91' lang='lat' dir='ltr'><strong>ut</strong></span> <span class='ocrx_word' id='word_1_47' title='bbox 1691 794 1763 846; x_wconf 87' lang='lat' dir='ltr'><strong>ita</strong></span> 
     </span>
    </p>
   </div>
   <div class='ocr_carea' id='block_1_8' title="bbox 173 884 1766 954">
    <p class='ocr_par' dir='ltr' id='par_1_8' title="bbox 173 884 1766 954">
     <span class='ocr_line' id='line_1_8' title="bbox 173 884 1766 954; baseline -0.001 -14"><span class='ocrx_word' id='word_1_48' title='bbox 173 886 436 949; x_wconf 83' lang='lat' dir='ltr'><strong>dixerim,</strong></span> <span class='ocrx_word' id='word_1_49' title='bbox 470 884 768 938; x_wconf 85' lang='lat' dir='ltr'><strong>litterarum</strong></span> <span class='ocrx_word' id='word_1_50' title='bbox 793 886 934 938; x_wconf 86' lang='lat' dir='ltr'><strong>sinu.</strong></span> <span class='ocrx_word' id='word_1_51' title='bbox 959 900 1076 950; x_wconf 71' lang='lat' dir='ltr'><strong>qum</strong></span> <span class='ocrx_word' id='word_1_52' title='bbox 1107 886 1344 938; x_wconf 91' lang='lat' dir='ltr'><strong>membra</strong></span> <span class='ocrx_word' id='word_1_53' title='bbox 1367 885 1521 940; x_wconf 91' lang='lat' dir='ltr'><strong>nobis</strong></span> <span class='ocrx_word' id='word_1_54' title='bbox 1547 885 1766 954; x_wconf 85' lang='lat' dir='ltr'><strong>potissi-</strong></span> 
     </span>
    </p>
   </div>
   <div class='ocr_carea' id='block_1_9' title="bbox 175 977 1764 1034">
    <p class='ocr_par' dir='ltr' id='par_1_9' title="bbox 175 977 1764 1034">
     <span class='ocr_line' id='line_1_9' title="bbox 175 977 1764 1034; baseline -0.002 -1"><span class='ocrx_word' id='word_1_55' title='bbox 175 995 328 1034; x_wconf 90' lang='lat' dir='ltr'><strong>mum</strong></span> <span class='ocrx_word' id='word_1_56' title='bbox 359 977 598 1032; x_wconf 85' lang='lat' dir='ltr'><strong>curanda</strong></span> <span class='ocrx_word' id='word_1_57' title='bbox 639 978 749 1031; x_wconf 89' lang='lat' dir='ltr'><strong>sint</strong></span> <span class='ocrx_word' id='word_1_58' title='bbox 778 993 885 1032; x_wconf 91' lang='lat' dir='ltr'><strong>non</strong></span> <span class='ocrx_word' id='word_1_59' title='bbox 919 979 1184 1029; x_wconf 80' lang='lat' dir='ltr'><strong>videmus.</strong></span> <span class='ocrx_word' id='word_1_60' title='bbox 1226 977 1412 1031; x_wconf 77' lang='lat' dir='ltr'><strong>Tanta:</strong></span> <span class='ocrx_word' id='word_1_61' title='bbox 1440 978 1585 1032; x_wconf 91' lang='lat' dir='ltr'><strong>enim</strong></span> <span class='ocrx_word' id='word_1_62' title='bbox 1619 992 1646 1030; x_wconf 86' lang='lat' dir='ltr'><strong>a</strong></span> <span class='ocrx_word' id='word_1_63' title='bbox 1671 990 1764 1031; x_wconf 86' lang='lat' dir='ltr'><strong>ca-</strong></span> 
     </span>
    </p>
   </div>
   <div class='ocr_carea' id='block_1_10' title="bbox 176 1071 1766 1142">
    <p class='ocr_par' dir='ltr' id='par_1_10' title="bbox 176 1071 1766 1142">
     <span class='ocr_line' id='line_1_10' title="bbox 176 1071 1766 1142; baseline 0.001 -19"><span class='ocrx_word' id='word_1_64' title='bbox 176 1075 296 1142; x_wconf 89' lang='lat' dir='ltr'><strong>pite</strong></span> <span class='ocrx_word' id='word_1_65' title='bbox 345 1071 645 1126; x_wconf 87' lang='lat' dir='ltr'><strong>christiano</strong></span> <span class='ocrx_word' id='word_1_66' title='bbox 691 1074 927 1126; x_wconf 71' lang='lat' dir='ltr'><strong>hmreses</strong></span> <span class='ocrx_word' id='word_1_67' title='bbox 975 1072 1323 1134; x_wconf 84' lang='lat' dir='ltr'><strong>exstiterunt,</strong></span> <span class='ocrx_word' id='word_1_68' title='bbox 1383 1080 1440 1125; x_wconf 93' lang='lat' dir='ltr'><strong>ut</strong></span> <span class='ocrx_word' id='word_1_69' title='bbox 1486 1073 1766 1125; x_wconf 84' lang='lat' dir='ltr'><strong>nominum</strong></span> 
     </span>
    </p>
   </div>
   <div class='ocr_carea' id='block_1_11' title="bbox 176 1164 1766 1234">
    <p class='ocr_par' dir='ltr' id='par_1_11' title="bbox 176 1164 1766 1234">
     <span class='ocr_line' id='line_1_11' title="bbox 176 1164 1766 1234; baseline -0.001 -16"><span class='ocrx_word' id='word_1_70' title='bbox 176 1167 429 1234; x_wconf 84' lang='lat' dir='ltr'><strong>ipsorum</strong></span> <span class='ocrx_word' id='word_1_71' title='bbox 463 1165 532 1217; x_wconf 89' lang='lat' dir='ltr'><strong>sit</strong></span> <span class='ocrx_word' id='word_1_72' title='bbox 563 1166 812 1219; x_wconf 77' lang='lat' dir='ltr'><strong>volumen</strong></span> <span class='ocrx_word' id='word_1_73' title='bbox 841 1167 1181 1218; x_wconf 87' lang='lat' dir='ltr'><strong>immensum.</strong></span> <span class='ocrx_word' id='word_1_74' title='bbox 1213 1165 1343 1218; x_wconf 82' lang='lat' dir='ltr'><strong>Nam</strong></span> <span class='ocrx_word' id='word_1_75' title='bbox 1376 1176 1431 1217; x_wconf 92' lang='lat' dir='ltr'><strong>ut</strong></span> <span class='ocrx_word' id='word_1_76' title='bbox 1457 1164 1766 1218; x_wconf 71' lang='lat' dir='ltr'><strong>Judreorum</strong></span> 
     </span>
    </p>
   </div>
   <div class='ocr_carea' id='block_1_12' title="bbox 175 1254 1766 1324">
    <p class='ocr_par' dir='ltr' id='par_1_12' title="bbox 175 1254 1766 1324">
     <span class='ocr_line' id='line_1_12' title="bbox 175 1254 1766 1324; baseline -0.002 -17"><span class='ocrx_word' id='word_1_77' title='bbox 175 1255 469 1309; x_wconf 75' lang='lat' dir='ltr'><strong>lizereticos</strong></span> <span class='ocrx_word' id='word_1_78' title='bbox 519 1257 948 1324; x_wconf 71' lang='lat' dir='ltr'><strong>prmtermittam,</strong></span> <span class='ocrx_word' id='word_1_79' title='bbox 984 1255 1295 1308; x_wconf 88' lang='lat' dir='ltr'><strong>Dositheutn</strong></span> <span class='ocrx_word' id='word_1_80' title='bbox 1328 1254 1726 1308; x_wconf 89' lang='lat' dir='ltr'><strong>Samaritauum</strong></span> <span class='ocrx_word' id='word_1_81' title='bbox 1751 1295 1766 1318; x_wconf 89' lang='lat'><strong>,</strong></span> 
     </span>
    </p>
   </div>
   <div class='ocr_carea' id='block_1_13' title="bbox 176 1348 1770 1417">
    <p class='ocr_par' dir='ltr' id='par_1_13' title="bbox 176 1348 1770 1417">
     <span class='ocr_line' id='line_1_13' title="bbox 176 1348 1770 1417; baseline -0.001 -14"><span class='ocrx_word' id='word_1_82' title='bbox 176 1348 514 1403; x_wconf 68' lang='lat' dir='ltr'><strong>Sadducreos</strong></span> <span class='ocrx_word' id='word_1_83' title='bbox 536 1359 587 1402; x_wconf 86' lang='lat' dir='ltr'><strong>et</strong></span> <span class='ocrx_word' id='word_1_84' title='bbox 617 1349 916 1403; x_wconf 65' lang='lat' dir='ltr'><strong>Pharisaros</strong></span> <span class='ocrx_word' id='word_1_85' title='bbox 955 1366 965 1400; x_wconf 92' lang='lat'>:</span> <span class='ocrx_word' id='word_1_86' title='bbox 999 1349 1182 1417; x_wconf 86' lang='lat' dir='ltr'><strong>quanti</strong></span> <span class='ocrx_word' id='word_1_87' title='bbox 1233 1349 1599 1417; x_wconf 87' lang='lat' dir='ltr'><strong>apostolorum</strong></span> <span class='ocrx_word' id='word_1_88' title='bbox 1634 1359 1770 1402; x_wconf 83' lang='lat' dir='ltr'><strong>lem-</strong></span> 
     </span>
    </p>
   </div>
   <div class='ocr_carea' id='block_1_14' title="bbox 174 1442 1768 1512">
    <p class='ocr_par' dir='ltr' id='par_1_14' title="bbox 174 1442 1768 1512">
     <span class='ocr_line' id='line_1_14' title="bbox 174 1442 1768 1512; baseline 0.003 -20"><span class='ocrx_word' id='word_1_89' title='bbox 174 1443 412 1512; x_wconf 89' lang='lat' dir='ltr'><strong>poribus</strong></span> <span class='ocrx_word' id='word_1_90' title='bbox 437 1445 782 1507; x_wconf 90' lang='lat' dir='ltr'><strong>emerserint,</strong></span> <span class='ocrx_word' id='word_1_91' title='bbox 814 1443 1162 1496; x_wconf 90' lang='lat' dir='ltr'><strong>dinumerare</strong></span> <span class='ocrx_word' id='word_1_92' title='bbox 1191 1443 1504 1512; x_wconf 91' lang='lat' dir='ltr'><strong>perlongum</strong></span> <span class='ocrx_word' id='word_1_93' title='bbox 1529 1451 1612 1497; x_wconf 84' lang='lat' dir='ltr'><strong>cst</strong></span> <span class='ocrx_word' id='word_1_94' title='bbox 1645 1458 1657 1494; x_wconf 90' lang='lat'><strong>:</strong></span> <span class='ocrx_word' id='word_1_95' title='bbox 1686 1442 1768 1496; x_wconf 83' lang='lat' dir='ltr'><strong>Si-</strong></span> 
     </span>
    </p>
   </div>
   <div class='ocr_carea' id='block_1_15' title="bbox 176 1533 1762 1604">
    <p class='ocr_par' dir='ltr' id='par_1_15' title="bbox 176 1533 1762 1604">
     <span class='ocr_line' id='line_1_15' title="bbox 176 1533 1762 1604; baseline -0.001 -16"><span class='ocrx_word' id='word_1_96' title='bbox 176 1550 314 1589; x_wconf 85' lang='lat' dir='ltr'><strong>mon</strong></span> <span class='ocrx_word' id='word_1_97' title='bbox 345 1550 556 1604; x_wconf 88' lang='lat' dir='ltr'><strong>magus,</strong></span> <span class='ocrx_word' id='word_1_98' title='bbox 599 1543 653 1588; x_wconf 90' lang='lat' dir='ltr'><strong>et</strong></span> <span class='ocrx_word' id='word_1_99' title='bbox 705 1534 1018 1597; x_wconf 79' lang='lat' dir='ltr'><strong>Menander,</strong></span> <span class='ocrx_word' id='word_1_100' title='bbox 1075 1545 1126 1586; x_wconf 81' lang='lat' dir='ltr'><strong>et</strong></span> <span class='ocrx_word' id='word_1_101' title='bbox 1155 1533 1426 1599; x_wconf 81' lang='lat' dir='ltr'><strong>Nicolaus,</strong></span> <span class='ocrx_word' id='word_1_102' title='bbox 1474 1546 1524 1588; x_wconf 92' lang='lat' dir='ltr'><strong>et</strong></span> <span class='ocrx_word' id='word_1_103' title='bbox 1577 1534 1762 1588; x_wconf 60' lang='lat' dir='ltr'><strong>exteri</strong></span> 
     </span>
    </p>
   </div>
   <div class='ocr_carea' id='block_1_16' title="bbox 171 1627 1771 1699">
    <p class='ocr_par' dir='ltr' id='par_1_16' title="bbox 171 1627 1771 1699">
     <span class='ocr_line' id='line_1_16' title="bbox 171 1627 1771 1699; baseline 0.001 -18"><span class='ocrx_word' id='word_1_104' title='bbox 171 1644 320 1699; x_wconf 86' lang='lat' dir='ltr'><strong>quos</strong></span> <span class='ocrx_word' id='word_1_105' title='bbox 361 1629 500 1682; x_wconf 81' lang='lat' dir='ltr'><strong>fama</strong></span> <span class='ocrx_word' id='word_1_106' title='bbox 534 1627 777 1682; x_wconf 73' lang='lat' dir='ltr'><strong>recondit</strong></span> <span class='ocrx_word' id='word_1_107' title='bbox 825 1628 1075 1681; x_wconf 54' lang='lat' dir='ltr'><strong>obscura.</strong></span> <span class='ocrx_word' id='word_1_108' title='bbox 1147 1629 1285 1694; x_wconf 84' lang='lat' dir='ltr'><strong>Quid</strong></span> <span class='ocrx_word' id='word_1_109' title='bbox 1319 1629 1346 1658; x_wconf 84' lang='grc'><strong><em>⁸</em></strong></span> <span class='ocrx_word' id='word_1_110' title='bbox 1378 1629 1771 1696; x_wconf 77' lang='lat' dir='ltr'><strong>posterioribus</strong></span> 
     </span>
    </p>
   </div>
   <div class='ocr_carea' id='block_1_17' title="bbox 171 1719 1771 1789">
    <p class='ocr_par' dir='ltr' id='par_1_17' title="bbox 171 1719 1771 1789">
     <span class='ocr_line' id='line_1_17' title="bbox 171 1719 1771 1789; baseline -0.003 -13"><span class='ocrx_word' id='word_1_111' title='bbox 171 1721 510 1789; x_wconf 89' lang='lat' dir='ltr'><strong>temporibus</strong></span> <span class='ocrx_word' id='word_1_112' title='bbox 541 1720 731 1782; x_wconf 82' lang='lat' dir='ltr'><strong>Ebion,</strong></span> <span class='ocrx_word' id='word_1_113' title='bbox 764 1728 816 1772; x_wconf 91' lang='lat' dir='ltr'><strong>ct</strong></span> <span class='ocrx_word' id='word_1_114' title='bbox 867 1719 1105 1788; x_wconf 83' lang='lat' dir='ltr'><strong>Apelles,</strong></span> <span class='ocrx_word' id='word_1_115' title='bbox 1138 1731 1190 1772; x_wconf 93' lang='lat' dir='ltr'><strong>et</strong></span> <span class='ocrx_word' id='word_1_116' title='bbox 1217 1720 1474 1784; x_wconf 75' lang='lat' dir='ltr'><strong>Marcion,</strong></span> <span class='ocrx_word' id='word_1_117' title='bbox 1503 1731 1555 1773; x_wconf 93' lang='lat' dir='ltr'><strong>et</strong></span> <span class='ocrx_word' id='word_1_118' title='bbox 1584 1719 1771 1773; x_wconf 83' lang='lat' dir='ltr'><strong>Valen-</strong></span> 
     </span>
    </p>
   </div>
   <div class='ocr_carea' id='block_1_18' title="bbox 169 1810 1774 1883">
    <p class='ocr_par' dir='ltr' id='par_1_18' title="bbox 169 1810 1774 1883">
     <span class='ocr_line' id='line_1_18' title="bbox 169 1810 1774 1883; baseline 0.001 -17"><span class='ocrx_word' id='word_1_119' title='bbox 169 1813 326 1866; x_wconf 82' lang='lat' dir='ltr'><strong>tinus</strong></span> <span class='ocrx_word' id='word_1_120' title='bbox 354 1823 406 1864; x_wconf 91' lang='lat' dir='ltr'><strong>et</strong></span> <span class='ocrx_word' id='word_1_121' title='bbox 428 1812 638 1866; x_wconf 82' lang='lat' dir='ltr'><strong>Cerdou</strong></span> <span class='ocrx_word' id='word_1_122' title='bbox 674 1829 685 1862; x_wconf 91' lang='lat'><strong>:</strong></span> <span class='ocrx_word' id='word_1_123' title='bbox 718 1826 817 1866; x_wconf 89' lang='lat' dir='ltr'><strong>nec</strong></span> <span class='ocrx_word' id='word_1_124' title='bbox 845 1812 1002 1880; x_wconf 89' lang='lat' dir='ltr'><strong>longe</strong></span> <span class='ocrx_word' id='word_1_125' title='bbox 1032 1821 1150 1880; x_wconf 90' lang='lat' dir='ltr'><strong>post</strong></span> <span class='ocrx_word' id='word_1_126' title='bbox 1180 1827 1294 1876; x_wconf 90' lang='lat' dir='ltr'><strong>eos,</strong></span> <span class='ocrx_word' id='word_1_127' title='bbox 1320 1810 1690 1883; x_wconf 87' lang='lat' dir='ltr'><strong>Cataphryges</strong></span> <span class='ocrx_word' id='word_1_128' title='bbox 1719 1819 1774 1868; x_wconf 89' lang='lat' dir='ltr'><strong>et</strong></span> 
     </span>
    </p>
   </div>
   <div class='ocr_carea' id='block_1_19' title="bbox 169 1903 1849 1973">
    <p class='ocr_par' dir='ltr' id='par_1_19' title="bbox 169 1903 1849 1973">
     <span class='ocr_line' id='line_1_19' title="bbox 169 1903 1849 1973; baseline 0.003 -16"><span class='ocrx_word' id='word_1_129' title='bbox 169 1903 479 1965; x_wconf 80' lang='lat' dir='ltr'><strong>Novatiani,</strong></span> <span class='ocrx_word' id='word_1_130' title='bbox 508 1913 565 1955; x_wconf 92' lang='lat' dir='ltr'><strong>ut</strong></span> <span class='ocrx_word' id='word_1_131' title='bbox 588 1904 832 1956; x_wconf 80' lang='lat' dir='ltr'><strong>examina</strong></span> <span class='ocrx_word' id='word_1_132' title='bbox 865 1903 1074 1956; x_wconf 89' lang='lat' dir='ltr'><strong>novella</strong></span> <span class='ocrx_word' id='word_1_133' title='bbox 1100 1903 1452 1971; x_wconf 64' lang='lat' dir='ltr'><strong>praeteream?</strong></span> <span class='ocrx_word' id='word_1_134' title='bbox 1481 1903 1615 1972; x_wconf 83' lang='lat' dir='ltr'><strong>Quis</strong></span> <span class='ocrx_word' id='word_1_135' title='bbox 1640 1918 1771 1973; x_wconf 89' lang='lat' dir='ltr'><strong>ergo</strong></span> <span class='ocrx_word' id='word_1_136' title='bbox 1805 1903 1849 1962; x_wconf 90' lang='lat' dir='ltr'><strong>B</strong></span> 
     </span>
    </p>
   </div>
   <div class='ocr_carea' id='block_1_20' title="bbox 172 1994 1772 2064">
    <p class='ocr_par' dir='ltr' id='par_1_20' title="bbox 172 1994 1772 2064">
     <span class='ocr_line' id='line_1_20' title="bbox 172 1994 1772 2064; baseline -0.002 -12"><span class='ocrx_word' id='word_1_137' title='bbox 172 1996 309 2052; x_wconf 90' lang='lat' dir='ltr'><strong>mihi</strong></span> <span class='ocrx_word' id='word_1_138' title='bbox 333 1996 561 2064; x_wconf 90' lang='lat' dir='ltr'><strong>primum</strong></span> <span class='ocrx_word' id='word_1_139' title='bbox 581 2009 673 2061; x_wconf 85' lang='lat' dir='ltr'><strong>per</strong></span> <span class='ocrx_word' id='word_1_140' title='bbox 690 1995 896 2049; x_wconf 80' lang='lat' dir='ltr'><strong>litteras</strong></span> <span class='ocrx_word' id='word_1_141' title='bbox 915 1994 1225 2050; x_wconf 80' lang='lat' dir='ltr'><strong>refutandus</strong></span> <span class='ocrx_word' id='word_1_142' title='bbox 1243 1997 1358 2050; x_wconf 68' lang='lat' dir='ltr'><strong>est?</strong></span> <span class='ocrx_word' id='word_1_143' title='bbox 1388 1996 1524 2063; x_wconf 79' lang='lat' dir='ltr'><strong>Ipsa.</strong></span> <span class='ocrx_word' id='word_1_144' title='bbox 1542 1997 1586 2050; x_wconf 89' lang='lat' dir='ltr'><strong>si</strong></span> <span class='ocrx_word' id='word_1_145' title='bbox 1603 1996 1772 2061; x_wconf 88' lang='lat' dir='ltr'><strong>voles,</strong></span> 
     </span>
    </p>
   </div>
   <div class='ocr_carea' id='block_1_21' title="bbox 174 2087 1776 2159">
    <p class='ocr_par' dir='ltr' id='par_1_21' title="bbox 174 2087 1776 2159">
     <span class='ocr_line' id='line_1_21' title="bbox 174 2087 1776 2159; baseline 0.003 -20"><span class='ocrx_word' id='word_1_146' title='bbox 174 2089 398 2153; x_wconf 77' lang='lat' dir='ltr'><strong>nomina</strong></span> <span class='ocrx_word' id='word_1_147' title='bbox 422 2088 660 2141; x_wconf 89' lang='lat' dir='ltr'><strong>omnium</strong></span> <span class='ocrx_word' id='word_1_148' title='bbox 681 2087 864 2140; x_wconf 81' lang='lat' dir='ltr'><strong>charta</strong></span> <span class='ocrx_word' id='word_1_149' title='bbox 889 2102 992 2141; x_wconf 90' lang='lat' dir='ltr'><strong>non</strong></span> <span class='ocrx_word' id='word_1_150' title='bbox 1022 2089 1197 2153; x_wconf 78' lang='lat' dir='ltr'><strong>capiet</strong></span> <span class='ocrx_word' id='word_1_151' title='bbox 1230 2108 1241 2142; x_wconf 88' lang='lat'><strong>:</strong></span> <span class='ocrx_word' id='word_1_152' title='bbox 1269 2092 1368 2140; x_wconf 60' lang='lat' dir='ltr'><strong>nisi</strong></span> <span class='ocrx_word' id='word_1_153' title='bbox 1388 2091 1528 2158; x_wconf 82' lang='lat' dir='ltr'><strong>quod</strong></span> <span class='ocrx_word' id='word_1_154' title='bbox 1559 2089 1776 2159; x_wconf 74' lang='lat' dir='ltr'><strong>scriptis</strong></span> 
     </span>
    </p>
   </div>
   <div class='ocr_carea' id='block_1_22' title="bbox 176 2181 1775 2251">
    <p class='ocr_par' dir='ltr' id='par_1_22' title="bbox 176 2181 1775 2251">
     <span class='ocr_line' id='line_1_22' title="bbox 176 2181 1775 2251; baseline 0.001 -15"><span class='ocrx_word' id='word_1_155' title='bbox 176 2185 325 2246; x_wconf 91' lang='lat' dir='ltr'><strong>tuis,</strong></span> <span class='ocrx_word' id='word_1_156' title='bbox 379 2181 756 2251; x_wconf 72' lang='lat' dir='ltr'><strong>pmoitentiam</strong></span> <span class='ocrx_word' id='word_1_157' title='bbox 811 2195 1196 2250; x_wconf 82' lang='lat' dir='ltr'><strong>usquequaque</strong></span> <span class='ocrx_word' id='word_1_158' title='bbox 1227 2182 1635 2245; x_wconf 88' lang='lat' dir='ltr'><strong>damnautibus,</strong></span> <span class='ocrx_word' id='word_1_159' title='bbox 1687 2197 1775 2237; x_wconf 85' lang='lat' dir='ltr'><strong>se-</strong></span> 
     </span>
    </p>
   </div>
   <div class='ocr_carea' id='block_1_23' title="bbox 175 2273 1774 2345">
    <p class='ocr_par' dir='ltr' id='par_1_23' title="bbox 175 2273 1774 2345">
     <span class='ocr_line' id='line_1_23' title="bbox 175 2273 1774 2345; baseline -0.001 -16"><span class='ocrx_word' id='word_1_160' title='bbox 175 2275 420 2329; x_wconf 87' lang='lat' dir='ltr'><strong>cundum</strong></span> <span class='ocrx_word' id='word_1_161' title='bbox 457 2273 701 2345; x_wconf 84' lang='lat' dir='ltr'><strong>Phrygas</strong></span> <span class='ocrx_word' id='word_1_162' title='bbox 741 2283 792 2329; x_wconf 91' lang='lat' dir='ltr'><strong>te</strong></span> <span class='ocrx_word' id='word_1_163' title='bbox 834 2277 1137 2330; x_wconf 56' lang='lat' dir='ltr'><strong>assensisse</strong></span> <span class='ocrx_word' id='word_1_164' title='bbox 1186 2279 1508 2342; x_wconf 84' lang='lat' dir='ltr'><strong>prenuutias</strong></span> <span class='ocrx_word' id='word_1_165' title='bbox 1535 2295 1546 2328; x_wconf 93' lang='lat'>:</span> <span class='ocrx_word' id='word_1_166' title='bbox 1578 2277 1774 2331; x_wconf 85' lang='lat' dir='ltr'><strong>Verum</strong></span> 
     </span>
    </p>
   </div>
   <div class='ocr_carea' id='block_1_24' title="bbox 177 2368 1778 2440">
    <p class='ocr_par' dir='ltr' id='par_1_24' title="bbox 177 2368 1778 2440">
     <span class='ocr_line' id='line_1_24' title="bbox 177 2368 1778 2440; baseline 0.002 -19"><span class='ocrx_word' id='word_1_167' title='bbox 177 2370 264 2421; x_wconf 90' lang='lat' dir='ltr'><strong>his</strong></span> <span class='ocrx_word' id='word_1_168' title='bbox 289 2369 452 2438; x_wconf 90' lang='lat' dir='ltr'><strong>ipsis,</strong></span> <span class='ocrx_word' id='word_1_169' title='bbox 477 2368 695 2423; x_wconf 89' lang='lat' dir='ltr'><strong>domine</strong></span> <span class='ocrx_word' id='word_1_170' title='bbox 727 2369 1067 2434; x_wconf 81' lang='lat' dir='ltr'><strong>charissime,</strong></span> <span class='ocrx_word' id='word_1_171' title='bbox 1099 2379 1203 2423; x_wconf 90' lang='lat' dir='ltr'><strong>tam</strong></span> <span class='ocrx_word' id='word_1_172' title='bbox 1230 2371 1508 2440; x_wconf 77' lang='lat' dir='ltr'><strong>multiplex</strong></span> <span class='ocrx_word' id='word_1_173' title='bbox 1530 2371 1778 2425; x_wconf 82' lang='lat' dir='ltr'><strong>etdiver-</strong></span> 
     </span>
    </p>
   </div>
   <div class='ocr_carea' id='block_1_25' title="bbox 177 2462 1774 2532">
    <p class='ocr_par' dir='ltr' id='par_1_25' title="bbox 177 2462 1774 2532">
     <span class='ocr_line' id='line_1_25' title="bbox 177 2462 1774 2532; baseline 0.003 -19"><span class='ocrx_word' id='word_1_174' title='bbox 177 2475 277 2514; x_wconf 88' lang='lat' dir='ltr'><strong>sus</strong></span> <span class='ocrx_word' id='word_1_175' title='bbox 302 2471 386 2514; x_wconf 90' lang='lat' dir='ltr'><strong>est</strong></span> <span class='ocrx_word' id='word_1_176' title='bbox 409 2475 584 2524; x_wconf 91' lang='lat' dir='ltr'><strong>error,</strong></span> <span class='ocrx_word' id='word_1_177' title='bbox 628 2469 682 2513; x_wconf 88' lang='grc' dir='ltr'><strong>ιιι</strong></span> <span class='ocrx_word' id='word_1_178' title='bbox 706 2476 816 2514; x_wconf 92' lang='lat' dir='ltr'><strong>non</strong></span> <span class='ocrx_word' id='word_1_179' title='bbox 845 2462 943 2514; x_wconf 90' lang='lat' dir='ltr'><strong>hoc</strong></span> <span class='ocrx_word' id='word_1_180' title='bbox 977 2478 1140 2515; x_wconf 89' lang='lat' dir='ltr'><strong>unttm</strong></span> <span class='ocrx_word' id='word_1_181' title='bbox 1169 2464 1219 2515; x_wconf 89' lang='lat' dir='ltr'><strong>in</strong></span> <span class='ocrx_word' id='word_1_182' title='bbox 1255 2464 1361 2515; x_wconf 90' lang='lat' dir='ltr'><strong>illis</strong></span> <span class='ocrx_word' id='word_1_183' title='bbox 1389 2463 1532 2532; x_wconf 90' lang='lat' dir='ltr'><strong>quod</strong></span> <span class='ocrx_word' id='word_1_184' title='bbox 1587 2473 1774 2518; x_wconf 88' lang='lat' dir='ltr'><strong>contra</strong></span> 
     </span>
    </p>
   </div>
   <div class='ocr_carea' id='block_1_26' title="bbox 179 2552 1776 2625">
    <p class='ocr_par' dir='ltr' id='par_1_26' title="bbox 179 2552 1776 2625">
     <span class='ocr_line' id='line_1_26' title="bbox 179 2552 1776 2625; baseline 0.005 -23"><span class='ocrx_word' id='word_1_185' title='bbox 179 2553 561 2618; x_wconf 76' lang='lat' dir='ltr'><strong>pmniteutiam</strong></span> <span class='ocrx_word' id='word_1_186' title='bbox 583 2552 819 2620; x_wconf 89' lang='lat' dir='ltr'><strong>sapiunt,</strong></span> <span class='ocrx_word' id='word_1_187' title='bbox 849 2554 940 2608; x_wconf 91' lang='lat' dir='ltr'><strong>sed</strong></span> <span class='ocrx_word' id='word_1_188' title='bbox 974 2555 1125 2622; x_wconf 81' lang='lat' dir='ltr'><strong>quasi</strong></span> <span class='ocrx_word' id='word_1_189' title='bbox 1155 2554 1396 2623; x_wconf 69' lang='lat' dir='ltr'><strong>qttzndattt</strong></span> <span class='ocrx_word' id='word_1_190' title='bbox 1438 2558 1614 2625; x_wconf 85' lang='lat' dir='ltr'><strong>capita</strong></span> <span class='ocrx_word' id='word_1_191' title='bbox 1636 2554 1776 2610; x_wconf 83' lang='lat' dir='ltr'><strong>Ler-</strong></span> 
     </span>
    </p>
   </div>
   <div class='ocr_carea' id='block_1_27' title="bbox 184 2643 757 2698">
    <p class='ocr_par' dir='ltr' id='par_1_27' title="bbox 184 2643 757 2698">
     <span class='ocr_line' id='line_1_27' title="bbox 184 2643 757 2698; baseline -0.003 0"><span class='ocrx_word' id='word_1_192' title='bbox 184 2659 308 2698; x_wconf 81' lang='lat' dir='ltr'><strong>mea</strong></span> <span class='ocrx_word' id='word_1_193' title='bbox 342 2643 597 2698; x_wconf 67' lang='lat' dir='ltr'><strong>medenda</strong></span> <span class='ocrx_word' id='word_1_194' title='bbox 629 2646 757 2697; x_wconf 90' lang='lat' dir='ltr'><strong>sint.</strong></span> 
     </span>
    </p>
   </div>
   <div class='ocr_carea' id='block_1_28' title="bbox 259 2733 1770 2805">
    <p class='ocr_par' dir='ltr' id='par_1_28' title="bbox 259 2733 1770 2805">
     <span class='ocr_line' id='line_1_28' title="bbox 259 2733 1770 2805; baseline 0.003 -17"><span class='ocrx_word' id='word_1_195' title='bbox 259 2733 325 2788; x_wconf 93' lang='lat' dir='ltr'><strong>ll.</strong></span> <span class='ocrx_word' id='word_1_196' title='bbox 365 2734 432 2788; x_wconf 81' lang='lat' dir='ltr'><strong>Et</strong></span> <span class='ocrx_word' id='word_1_197' title='bbox 465 2735 693 2803; x_wconf 88' lang='lat' dir='ltr'><strong>primum</strong></span> <span class='ocrx_word' id='word_1_198' title='bbox 736 2735 787 2788; x_wconf 88' lang='lat' dir='ltr'><strong>hi</strong></span> <span class='ocrx_word' id='word_1_199' title='bbox 846 2737 1090 2805; x_wconf 83' lang='lat' dir='ltr'><strong>plurimis</strong></span> <span class='ocrx_word' id='word_1_200' title='bbox 1142 2739 1386 2791; x_wconf 91' lang='lat' dir='ltr'><strong>nituntur</strong></span> <span class='ocrx_word' id='word_1_201' title='bbox 1413 2740 1770 2794; x_wconf 82' lang='lat' dir='ltr'><strong>auctoribus:</strong></span> 
     </span>
    </p>
   </div>
   <div class='ocr_carea' id='block_1_29' title="bbox 183 2826 1775 2899">
    <p class='ocr_par' dir='ltr' id='par_1_29' title="bbox 183 2826 1775 2899">
     <span class='ocr_line' id='line_1_29' title="bbox 183 2826 1775 2899; baseline 0.003 -21"><span class='ocrx_word' id='word_1_202' title='bbox 183 2842 313 2880; x_wconf 88' lang='lat' dir='ltr'><strong>nam</strong></span> <span class='ocrx_word' id='word_1_203' title='bbox 346 2835 495 2895; x_wconf 92' lang='lat' dir='ltr'><strong>puto,</strong></span> <span class='ocrx_word' id='word_1_204' title='bbox 529 2837 580 2880; x_wconf 92' lang='lat' dir='ltr'><strong>et</strong></span> <span class='ocrx_word' id='word_1_205' title='bbox 620 2826 840 2882; x_wconf 85' lang='lat' dir='ltr'><strong>Graccus</strong></span> <span class='ocrx_word' id='word_1_206' title='bbox 865 2829 1075 2882; x_wconf 86' lang='lat' dir='ltr'><strong>Blastus</strong></span> <span class='ocrx_word' id='word_1_207' title='bbox 1107 2831 1341 2899; x_wconf 90' lang='lat' dir='ltr'><strong>ipsorum</strong></span> <span class='ocrx_word' id='word_1_208' title='bbox 1363 2841 1446 2884; x_wconf 90' lang='lat' dir='ltr'><strong>est</strong></span> <span class='ocrx_word' id='word_1_209' title='bbox 1481 2850 1491 2884; x_wconf 89' lang='lat'><strong>:</strong></span> <span class='ocrx_word' id='word_1_210' title='bbox 1523 2831 1775 2886; x_wconf 81' lang='lat' dir='ltr'><strong>Theodo-</strong></span> 
     </span>
    </p>
   </div>
   <div class='ocr_carea' id='block_1_30' title="bbox 182 2919 1760 2991">
    <p class='ocr_par' dir='ltr' id='par_1_30' title="bbox 182 2919 1760 2991">
     <span class='ocr_line' id='line_1_30' title="bbox 182 2919 1760 2991; baseline 0.002 -18"><span class='ocrx_word' id='word_1_211' title='bbox 182 2930 270 2973; x_wconf 92' lang='lat' dir='ltr'><strong>tus</strong></span> <span class='ocrx_word' id='word_1_212' title='bbox 300 2934 515 2986; x_wconf 82' lang='lat' dir='ltr'><strong>quoque</strong></span> <span class='ocrx_word' id='word_1_213' title='bbox 543 2929 596 2972; x_wconf 92' lang='lat' dir='ltr'><strong>et</strong></span> <span class='ocrx_word' id='word_1_214' title='bbox 630 2919 879 2983; x_wconf 79' lang='lat' dir='ltr'><strong>Praxcas,</strong></span> <span class='ocrx_word' id='word_1_215' title='bbox 917 2930 1122 2975; x_wconf 81' lang='lat' dir='ltr'><strong>vestros</strong></span> <span class='ocrx_word' id='word_1_216' title='bbox 1163 2923 1455 2991; x_wconf 81' lang='lat' dir='ltr'><strong>aliquando</strong></span> <span class='ocrx_word' id='word_1_217' title='bbox 1484 2925 1720 2978; x_wconf 90' lang='lat' dir='ltr'><strong>docuere</strong></span> <span class='ocrx_word' id='word_1_218' title='bbox 1748 2941 1760 2976; x_wconf 91' lang='lat'><strong>:</strong></span> 
     </span>
    </p>
   </div>
   <div class='ocr_carea' id='block_1_31' title="bbox 183 3014 1773 3084">
    <p class='ocr_par' dir='ltr' id='par_1_31' title="bbox 183 3014 1773 3084">
     <span class='ocr_line' id='line_1_31' title="bbox 183 3014 1773 3084; baseline 0.003 -18"><span class='ocrx_word' id='word_1_219' title='bbox 183 3015 288 3079; x_wconf 83' lang='lat' dir='ltr'><strong>ipsi</strong></span> <span class='ocrx_word' id='word_1_220' title='bbox 317 3015 388 3065; x_wconf 90' lang='lat' dir='ltr'><strong>illi</strong></span> <span class='ocrx_word' id='word_1_221' title='bbox 426 3014 661 3083; x_wconf 76' lang='lat' dir='ltr'><strong>Phryges</strong></span> <span class='ocrx_word' id='word_1_222' title='bbox 688 3017 981 3069; x_wconf 82' lang='lat' dir='ltr'><strong>nobiliores</strong></span> <span class='ocrx_word' id='word_1_223' title='bbox 1012 3019 1097 3084; x_wconf 88' lang='lat' dir='ltr'><strong>qui</strong></span> <span class='ocrx_word' id='word_1_224' title='bbox 1130 3033 1184 3071; x_wconf 73' lang='lat' dir='ltr'><strong>se</strong></span> <span class='ocrx_word' id='word_1_225' title='bbox 1213 3019 1482 3072; x_wconf 86' lang='lat' dir='ltr'><strong>animatos</strong></span> <span class='ocrx_word' id='word_1_226' title='bbox 1507 3020 1773 3071; x_wconf 84' lang='lat' dir='ltr'><strong>mentiun-</strong></span> 
     </span>
    </p>
   </div>
   <div class='ocr_carea' id='block_1_32' title="bbox 184 3105 1773 3177">
    <p class='ocr_par' dir='ltr' id='par_1_32' title="bbox 184 3105 1773 3177">
     <span class='ocr_line' id='line_1_32' title="bbox 184 3105 1773 3177; baseline 0.003 -21"><span class='ocrx_word' id='word_1_227' title='bbox 184 3117 276 3156; x_wconf 85' lang='lat' dir='ltr'><strong>tur</strong></span> <span class='ocrx_word' id='word_1_228' title='bbox 334 3120 362 3156; x_wconf 90' lang='lat' dir='ltr'><strong>a</strong></span> <span class='ocrx_word' id='word_1_229' title='bbox 411 3105 631 3168; x_wconf 75' lang='lat' dir='ltr'><strong>Leucio,</strong></span> <span class='ocrx_word' id='word_1_230' title='bbox 677 3121 736 3159; x_wconf 90' lang='lat' dir='ltr'><strong>se</strong></span> <span class='ocrx_word' id='word_1_231' title='bbox 769 3109 1041 3161; x_wconf 89' lang='lat' dir='ltr'><strong>institutos</strong></span> <span class='ocrx_word' id='word_1_232' title='bbox 1079 3124 1107 3162; x_wconf 92' lang='lat' dir='ltr'><strong>a</strong></span> <span class='ocrx_word' id='word_1_233' title='bbox 1152 3109 1378 3162; x_wconf 85' lang='lat' dir='ltr'><strong>Proculo</strong></span> <span class='ocrx_word' id='word_1_234' title='bbox 1433 3110 1773 3177; x_wconf 81' lang='lat' dir='ltr'><strong>gloriantur:</strong></span> 
     </span>
    </p>
   </div>
   <div class='ocr_carea' id='block_1_33' title="bbox 183 3197 1771 3270">
    <p class='ocr_par' dir='ltr' id='par_1_33' title="bbox 183 3197 1771 3270">
     <span class='ocr_line' id='line_1_33' title="bbox 183 3197 1771 3270; baseline 0.003 -20"><span class='ocrx_word' id='word_1_235' title='bbox 183 3197 502 3251; x_wconf 73' lang='lat' dir='ltr'><strong>Montanum</strong></span> <span class='ocrx_word' id='word_1_236' title='bbox 529 3208 580 3250; x_wconf 91' lang='lat' dir='ltr'><strong>et</strong></span> <span class='ocrx_word' id='word_1_237' title='bbox 613 3199 959 3252; x_wconf 80' lang='lat' dir='ltr'><strong>Maximillam</strong></span> <span class='ocrx_word' id='word_1_238' title='bbox 991 3210 1041 3254; x_wconf 92' lang='lat' dir='ltr'><strong>ct</strong></span> <span class='ocrx_word' id='word_1_239' title='bbox 1071 3201 1368 3255; x_wconf 77' lang='lat' dir='ltr'><strong>Priscillam</strong></span> <span class='ocrx_word' id='word_1_240' title='bbox 1397 3203 1586 3265; x_wconf 86' lang='lat' dir='ltr'><strong>secuti,</strong></span> <span class='ocrx_word' id='word_1_241' title='bbox 1613 3217 1771 3270; x_wconf 88' lang='lat' dir='ltr'><strong>quam</strong></span> 
     </span>
    </p>
   </div>
   <div class='ocr_carea' id='block_1_34' title="bbox 1861 611 3450 683">
    <p class='ocr_par' dir='ltr' id='par_1_34' title="bbox 1861 611 3450 683">
     <span class='ocr_line' id='line_1_34' title="bbox 1861 611 3450 683; baseline 0.003 -19"><span class='ocrx_word' id='word_1_242' title='bbox 1861 611 1947 665; x_wconf 89' lang='lat' dir='ltr'><strong>die</strong></span> <span class='ocrx_word' id='word_1_243' title='bbox 1988 613 2040 664; x_wconf 93' lang='lat' dir='ltr'><strong>in</strong></span> <span class='ocrx_word' id='word_1_244' title='bbox 2072 619 2338 680; x_wconf 83' lang='lat' dir='ltr'><strong>potestate</strong></span> <span class='ocrx_word' id='word_1_245' title='bbox 2361 621 2448 665; x_wconf 87' lang='lat' dir='ltr'><strong>tua</strong></span> <span class='ocrx_word' id='word_1_246' title='bbox 2479 622 2563 667; x_wconf 89' lang='lat' dir='ltr'><strong>est</strong></span> <span class='ocrx_word' id='word_1_247' title='bbox 2591 621 2648 666; x_wconf 90' lang='lat' dir='ltr'><strong>ut</strong></span> <span class='ocrx_word' id='word_1_248' title='bbox 2687 621 2867 667; x_wconf 88' lang='lat' dir='ltr'><strong>nostra</strong></span> <span class='ocrx_word' id='word_1_249' title='bbox 2889 613 3054 667; x_wconf 88' lang='lat' dir='ltr'><strong>etiam</strong></span> <span class='ocrx_word' id='word_1_250' title='bbox 3087 613 3283 683; x_wconf 85' lang='lat' dir='ltr'><strong>scripta</strong></span> <span class='ocrx_word' id='word_1_251' title='bbox 3314 627 3450 668; x_wconf 85' lang='lat' dir='ltr'><strong>con-</strong></span> 
     </span>
    </p>
   </div>
   <div class='ocr_carea' id='block_1_35' title="bbox 1864 703 3448 775">
    <p class='ocr_par' dir='ltr' id='par_1_35' title="bbox 1864 703 3448 775">
     <span class='ocr_line' id='line_1_35' title="bbox 1864 703 3448 775; baseline 0.003 -19"><span class='ocrx_word' id='word_1_252' title='bbox 1864 714 2094 768; x_wconf 89' lang='lat' dir='ltr'><strong>temnas,</strong></span> <span class='ocrx_word' id='word_1_253' title='bbox 2119 703 2162 758; x_wconf 90' lang='lat' dir='ltr'><strong>si</strong></span> <span class='ocrx_word' id='word_1_254' title='bbox 2203 719 2263 758; x_wconf 88' lang='lat' dir='ltr'><strong>ea</strong></span> <span class='ocrx_word' id='word_1_255' title='bbox 2294 705 2462 757; x_wconf 83' lang='lat' dir='ltr'><strong>mavis</strong></span> <span class='ocrx_word' id='word_1_256' title='bbox 2493 705 2710 759; x_wconf 83' lang='lat' dir='ltr'><strong>vincere</strong></span> <span class='ocrx_word' id='word_1_257' title='bbox 2756 718 2915 775; x_wconf 88' lang='lat' dir='ltr'><strong>quam</strong></span> <span class='ocrx_word' id='word_1_258' title='bbox 2958 705 3210 774; x_wconf 89' lang='lat' dir='ltr'><strong>probare.</strong></span> <span class='ocrx_word' id='word_1_259' title='bbox 3271 703 3448 760; x_wconf 58' lang='grc' dir='ltr'><strong>ϐαδιο-</strong></span> 
     </span>
    </p>
   </div>
   <div class='ocr_carea' id='block_1_36' title="bbox 1865 793 3454 866">
    <p class='ocr_par' dir='ltr' id='par_1_36' title="bbox 1865 793 3454 866">
     <span class='ocr_line' id='line_1_36' title="bbox 1865 793 3454 866; baseline 0.003 -19"><span class='ocrx_word' id='word_1_260' title='bbox 1865 810 1982 848; x_wconf 86' lang='lat' dir='ltr'><strong>rum</strong></span> <span class='ocrx_word' id='word_1_261' title='bbox 2010 804 2064 848; x_wconf 91' lang='lat' dir='ltr'><strong>et</strong></span> <span class='ocrx_word' id='word_1_262' title='bbox 2095 795 2192 863; x_wconf 91' lang='lat' dir='ltr'><strong>ipsi</strong></span> <span class='ocrx_word' id='word_1_263' title='bbox 2229 793 2452 849; x_wconf 82' lang='lat' dir='ltr'><strong>Domino</strong></span> <span class='ocrx_word' id='word_1_264' title='bbox 2475 803 2528 850; x_wconf 93' lang='lat' dir='ltr'><strong>et</strong></span> <span class='ocrx_word' id='word_1_265' title='bbox 2559 796 2819 866; x_wconf 81' lang='lat' dir='ltr'><strong>apostolis</strong></span> <span class='ocrx_word' id='word_1_266' title='bbox 2863 795 2979 865; x_wconf 88' lang='lat' dir='ltr'><strong>ejus</strong></span> <span class='ocrx_word' id='word_1_267' title='bbox 3024 796 3241 864; x_wconf 89' lang='lat' dir='ltr'><strong>plurimi</strong></span> <span class='ocrx_word' id='word_1_268' title='bbox 3295 797 3454 852; x_wconf 83' lang='lat' dir='ltr'><strong>resti-</strong></span> 
     </span>
    </p>
   </div>
   <div class='ocr_carea' id='block_1_37' title="bbox 1866 888 3449 960">
    <p class='ocr_par' dir='ltr' id='par_1_37' title="bbox 1866 888 3449 960">
     <span class='ocr_line' id='line_1_37' title="bbox 1866 888 3449 960; baseline 0.002 -19"><span class='ocrx_word' id='word_1_269' title='bbox 1866 896 2080 949; x_wconf 89' lang='lat' dir='ltr'><strong>terunt;</strong></span> <span class='ocrx_word' id='word_1_270' title='bbox 2133 903 2230 943; x_wconf 90' lang='lat' dir='ltr'><strong>nec</strong></span> <span class='ocrx_word' id='word_1_271' title='bbox 2253 888 2563 958; x_wconf 66' lang='lat' dir='ltr'><strong>persuaderi</strong></span> <span class='ocrx_word' id='word_1_272' title='bbox 2597 890 2795 943; x_wconf 80' lang='lat' dir='ltr'><strong>veritas</strong></span> <span class='ocrx_word' id='word_1_273' title='bbox 2816 891 3064 960; x_wconf 87' lang='lat' dir='ltr'><strong>cuiquam</strong></span> <span class='ocrx_word' id='word_1_274' title='bbox 3099 891 3289 959; x_wconf 89' lang='lat' dir='ltr'><strong>potuit,</strong></span> <span class='ocrx_word' id='word_1_275' title='bbox 3345 891 3449 944; x_wconf 84' lang='lat' dir='ltr'><strong>nisi</strong></span> 
     </span>
    </p>
   </div>
   <div class='ocr_carea' id='block_1_38' title="bbox 1865 980 3456 1052">
    <p class='ocr_par' dir='ltr' id='par_1_38' title="bbox 1865 980 3456 1052">
     <span class='ocr_line' id='line_1_38' title="bbox 1865 980 3456 1052; baseline 0.003 -18"><span class='ocrx_word' id='word_1_276' title='bbox 1865 980 1914 1034; x_wconf 89' lang='lat' dir='ltr'><strong>ei</strong></span> <span class='ocrx_word' id='word_1_277' title='bbox 1946 981 2162 1049; x_wconf 88' lang='lat' dir='ltr'><strong>pr0pria</strong></span> <span class='ocrx_word' id='word_1_278' title='bbox 2185 981 2441 1050; x_wconf 79' lang='lat' dir='ltr'><strong>religione</strong></span> <span class='ocrx_word' id='word_1_279' title='bbox 2461 983 2753 1036; x_wconf 82' lang='lat' dir='ltr'><strong>consensit.</strong></span> <span class='ocrx_word' id='word_1_280' title='bbox 2781 983 2988 1052; x_wconf 87' lang='lat' dir='ltr'><strong>Itaque,</strong></span> <span class='ocrx_word' id='word_1_281' title='bbox 3011 981 3257 1046; x_wconf 86' lang='lat' dir='ltr'><strong>domine,</strong></span> <span class='ocrx_word' id='word_1_282' title='bbox 3279 991 3334 1038; x_wconf 89' lang='lat' dir='ltr'><strong>et</strong></span> <span class='ocrx_word' id='word_1_283' title='bbox 3355 997 3456 1038; x_wconf 90' lang='lat' dir='ltr'><strong>nos</strong></span> 
     </span>
    </p>
   </div>
   <div class='ocr_carea' id='block_1_39' title="bbox 1868 1075 3452 1146">
    <p class='ocr_par' dir='ltr' id='par_1_39' title="bbox 1868 1075 3452 1146">
     <span class='ocr_line' id='line_1_39' title="bbox 1868 1075 3452 1146; baseline 0.003 -20"><span class='ocrx_word' id='word_1_284' title='bbox 1868 1087 1973 1127; x_wconf 89' lang='lat' dir='ltr'><strong>non</strong></span> <span class='ocrx_word' id='word_1_285' title='bbox 2026 1088 2086 1125; x_wconf 90' lang='lat' dir='ltr'><strong>ea</strong></span> <span class='ocrx_word' id='word_1_286' title='bbox 2140 1075 2325 1128; x_wconf 87' lang='lat' dir='ltr'><strong>liducia</strong></span> <span class='ocrx_word' id='word_1_287' title='bbox 2369 1076 2724 1145; x_wconf 87' lang='lat' dir='ltr'><strong>scripsimus,</strong></span> <span class='ocrx_word' id='word_1_288' title='bbox 2783 1091 2887 1146; x_wconf 89' lang='lat' dir='ltr'><strong>qua</strong></span> <span class='ocrx_word' id='word_1_289' title='bbox 2957 1077 3281 1146; x_wconf 83' lang='lat' dir='ltr'><strong>repugnanti</strong></span> <span class='ocrx_word' id='word_1_290' title='bbox 3351 1077 3452 1131; x_wconf 78' lang='lat' dir='ltr'><strong>ali-</strong></span> 
     </span>
    </p>
   </div>
   <div class='ocr_carea' id='block_1_40' title="bbox 1867 1165 3449 1238">
    <p class='ocr_par' dir='ltr' id='par_1_40' title="bbox 1867 1165 3449 1238">
     <span class='ocr_line' id='line_1_40' title="bbox 1867 1165 3449 1238; baseline 0.003 -20"><span class='ocrx_word' id='word_1_291' title='bbox 1867 1165 1992 1235; x_wconf 86' lang='lat' dir='ltr'><strong>quid</strong></span> <span class='ocrx_word' id='word_1_292' title='bbox 2027 1167 2349 1231; x_wconf 81' lang='lat' dir='ltr'><strong>persuadere</strong></span> <span class='ocrx_word' id='word_1_293' title='bbox 2379 1168 2688 1238; x_wconf 86' lang='lat' dir='ltr'><strong>possimus;</strong></span> <span class='ocrx_word' id='word_1_294' title='bbox 2747 1169 2840 1222; x_wconf 90' lang='lat' dir='ltr'><strong>sed</strong></span> <span class='ocrx_word' id='word_1_295' title='bbox 2870 1183 2928 1221; x_wconf 89' lang='lat' dir='ltr'><strong>ea</strong></span> <span class='ocrx_word' id='word_1_296' title='bbox 2963 1169 3065 1224; x_wconf 87' lang='lat' dir='ltr'><strong>fide</strong></span> <span class='ocrx_word' id='word_1_297' title='bbox 3107 1183 3210 1238; x_wconf 85' lang='lat' dir='ltr'><strong>qua</strong></span> <span class='ocrx_word' id='word_1_298' title='bbox 3241 1168 3449 1223; x_wconf 84' lang='lat' dir='ltr'><strong>volenti</strong></span> 
     </span>
    </p>
   </div>
   <div class='ocr_carea' id='block_1_41' title="bbox 1869 1257 3445 1329">
    <p class='ocr_par' dir='ltr' id='par_1_41' title="bbox 1869 1257 3445 1329">
     <span class='ocr_line' id='line_1_41' title="bbox 1869 1257 3445 1329; baseline 0.002 -18"><span class='ocrx_word' id='word_1_299' title='bbox 1869 1257 2024 1311; x_wconf 62' lang='lat' dir='ltr'><strong>boote</strong></span> <span class='ocrx_word' id='word_1_300' title='bbox 2049 1259 2192 1325; x_wconf 88' lang='lat' dir='ltr'><strong>pacis</strong></span> <span class='ocrx_word' id='word_1_301' title='bbox 2219 1259 2415 1312; x_wconf 92' lang='lat' dir='ltr'><strong>aditum</strong></span> <span class='ocrx_word' id='word_1_302' title='bbox 2450 1275 2554 1313; x_wconf 91' lang='lat' dir='ltr'><strong>non</strong></span> <span class='ocrx_word' id='word_1_303' title='bbox 2585 1273 2876 1329; x_wconf 83' lang='lat' dir='ltr'><strong>negemus;</strong></span> <span class='ocrx_word' id='word_1_304' title='bbox 2908 1275 3024 1328; x_wconf 72' lang='lat' dir='ltr'><strong>quze</strong></span> <span class='ocrx_word' id='word_1_305' title='bbox 3055 1260 3098 1314; x_wconf 89' lang='lat' dir='ltr'><strong>si</strong></span> <span class='ocrx_word' id='word_1_306' title='bbox 3137 1260 3321 1314; x_wconf 89' lang='lat' dir='ltr'><strong>animo</strong></span> <span class='ocrx_word' id='word_1_307' title='bbox 3351 1266 3445 1315; x_wconf 89' lang='lat' dir='ltr'><strong>tuo</strong></span> 
     </span>
    </p>
   </div>
   <div class='ocr_carea' id='block_1_42' title="bbox 1869 1348 3449 1415">
    <p class='ocr_par' dir='ltr' id='par_1_42' title="bbox 1869 1348 3449 1415">
     <span class='ocr_line' id='line_1_42' title="bbox 1869 1348 3449 1415; baseline 0.003 -13"><span class='ocrx_word' id='word_1_308' title='bbox 1869 1360 1921 1402; x_wconf 91' lang='lat' dir='ltr'><strong>et</strong></span> <span class='ocrx_word' id='word_1_309' title='bbox 1943 1349 2090 1403; x_wconf 90' lang='lat' dir='ltr'><strong>cordi</strong></span> <span class='ocrx_word' id='word_1_310' title='bbox 2124 1361 2227 1415; x_wconf 89' lang='lat' dir='ltr'><strong>est,</strong></span> <span class='ocrx_word' id='word_1_311' title='bbox 2251 1351 2316 1404; x_wconf 89' lang='lat' dir='ltr'><strong>de</strong></span> <span class='ocrx_word' id='word_1_312' title='bbox 2338 1348 2616 1406; x_wconf 84' lang='lat' dir='ltr'><strong>Catholico</strong></span> <span class='ocrx_word' id='word_1_313' title='bbox 2641 1351 2862 1406; x_wconf 88' lang='lat' dir='ltr'><strong>nomine</strong></span> <span class='ocrx_word' id='word_1_314' title='bbox 2889 1351 3093 1405; x_wconf 88' lang='lat' dir='ltr'><strong>nullum</strong></span> <span class='ocrx_word' id='word_1_315' title='bbox 3133 1350 3296 1406; x_wconf 85' lang='lat' dir='ltr'><strong>habet</strong></span> <span class='ocrx_word' id='word_1_316' title='bbox 3324 1365 3449 1406; x_wconf 88' lang='lat' dir='ltr'><strong>esse</strong></span> 
     </span>
    </p>
   </div>
   <div class='ocr_carea' id='block_1_43' title="bbox 1869 1443 3455 1514">
    <p class='ocr_par' dir='ltr' id='par_1_43' title="bbox 1869 1443 3455 1514">
     <span class='ocr_line' id='line_1_43' title="bbox 1869 1443 3455 1514; baseline -0.001 -17"><span class='ocrx_word' id='word_1_317' title='bbox 1869 1444 2158 1498; x_wconf 84' lang='lat' dir='ltr'><strong>luctamen.</strong></span> <span class='ocrx_word' id='word_1_318' title='bbox 2191 1444 2246 1499; x_wconf 89' lang='lat' dir='ltr'><strong>Si</strong></span> <span class='ocrx_word' id='word_1_319' title='bbox 2279 1445 2420 1498; x_wconf 90' lang='lat' dir='ltr'><strong>enim</strong></span> <span class='ocrx_word' id='word_1_320' title='bbox 2451 1460 2542 1514; x_wconf 88' lang='lat' dir='ltr'><strong>per</strong></span> <span class='ocrx_word' id='word_1_321' title='bbox 2571 1445 2739 1498; x_wconf 89' lang='lat' dir='ltr'><strong>Deum</strong></span> <span class='ocrx_word' id='word_1_322' title='bbox 2774 1445 2824 1498; x_wconf 91' lang='lat' dir='ltr'><strong>id</strong></span> <span class='ocrx_word' id='word_1_323' title='bbox 2855 1445 3090 1514; x_wconf 85' lang='lat' dir='ltr'><strong>pepulus</strong></span> <span class='ocrx_word' id='word_1_324' title='bbox 3117 1453 3302 1498; x_wconf 88' lang='lat' dir='ltr'><strong>noster</strong></span> <span class='ocrx_word' id='word_1_325' title='bbox 3334 1443 3455 1497; x_wconf 87' lang='lat' dir='ltr'><strong>adi-</strong></span> 
     </span>
    </p>
   </div>
   <div class='ocr_carea' id='block_1_44' title="bbox 1873 1537 3453 1607">
    <p class='ocr_par' dir='ltr' id='par_1_44' title="bbox 1873 1537 3453 1607">
     <span class='ocr_line' id='line_1_44' title="bbox 1873 1537 3453 1607; baseline 0.006 -23"><span class='ocrx_word' id='word_1_326' title='bbox 1873 1537 2129 1605; x_wconf 85' lang='lat' dir='ltr'><strong>piscitur;</strong></span> <span class='ocrx_word' id='word_1_327' title='bbox 2165 1553 2260 1592; x_wconf 90' lang='lat' dir='ltr'><strong>nec</strong></span> <span class='ocrx_word' id='word_1_328' title='bbox 2293 1537 2724 1607; x_wconf 82' lang='lat' dir='ltr'><strong>interrogandum</strong></span> <span class='ocrx_word' id='word_1_329' title='bbox 2745 1547 2846 1601; x_wconf 91' lang='lat' dir='ltr'><strong>est,</strong></span> <span class='ocrx_word' id='word_1_330' title='bbox 2889 1537 3226 1606; x_wconf 64' lang='lat' dir='ltr'><strong>prmcedente</strong></span> <span class='ocrx_word' id='word_1_331' title='bbox 3256 1547 3453 1593; x_wconf 84' lang='lat' dir='ltr'><strong>aucto-</strong></span> 
     </span>
    </p>
   </div>
   <div class='ocr_carea' id='block_1_45' title="bbox 1874 1630 3456 1700">
    <p class='ocr_par' dir='ltr' id='par_1_45' title="bbox 1874 1630 3456 1700">
     <span class='ocr_line' id='line_1_45' title="bbox 1874 1630 3456 1700; baseline 0 -17"><span class='ocrx_word' id='word_1_332' title='bbox 1874 1630 2033 1683; x_wconf 87' lang='lat' dir='ltr'><strong>ritate</strong></span> <span class='ocrx_word' id='word_1_333' title='bbox 2060 1630 2240 1684; x_wconf 84' lang='lat' dir='ltr'><strong>divina</strong></span> <span class='ocrx_word' id='word_1_334' title='bbox 2289 1650 2300 1685; x_wconf 89' lang='lat'><strong>:</strong></span> <span class='ocrx_word' id='word_1_335' title='bbox 2332 1631 2375 1683; x_wconf 88' lang='lat' dir='ltr'><strong>si</strong></span> <span class='ocrx_word' id='word_1_336' title='bbox 2410 1645 2501 1700; x_wconf 89' lang='lat' dir='ltr'><strong>per</strong></span> <span class='ocrx_word' id='word_1_337' title='bbox 2535 1630 2836 1694; x_wconf 89' lang='lat' dir='ltr'><strong>hominem;</strong></span> <span class='ocrx_word' id='word_1_338' title='bbox 2872 1631 3086 1698; x_wconf 88' lang='lat' dir='ltr'><strong>quando</strong></span> <span class='ocrx_word' id='word_1_339' title='bbox 3113 1640 3456 1700; x_wconf 88' lang='lat' dir='ltr'><strong>usurpatum,</strong></span> 
     </span>
    </p>
   </div>
   <div class='ocr_carea' id='block_1_46' title="bbox 1874 1720 3462 1791">
    <p class='ocr_par' dir='ltr' id='par_1_46' title="bbox 1874 1720 3462 1791">
     <span class='ocr_line' id='line_1_46' title="bbox 1874 1720 3462 1791; baseline 0 -16"><span class='ocrx_word' id='word_1_340' title='bbox 1874 1720 2251 1790; x_wconf 79' lang='lat' dir='ltr'><strong>detegendum.</strong></span> <span class='ocrx_word' id='word_1_341' title='bbox 2283 1723 2430 1776; x_wconf 87' lang='lat' dir='ltr'><strong>Tunc</strong></span> <span class='ocrx_word' id='word_1_342' title='bbox 2456 1723 2500 1776; x_wconf 92' lang='lat' dir='ltr'><strong>si</strong></span> <span class='ocrx_word' id='word_1_343' title='bbox 2523 1722 2723 1776; x_wconf 89' lang='lat' dir='ltr'><strong>bonum</strong></span> <span class='ocrx_word' id='word_1_344' title='bbox 2765 1736 2959 1776; x_wconf 91' lang='lat' dir='ltr'><strong>nomen</strong></span> <span class='ocrx_word' id='word_1_345' title='bbox 2992 1731 3070 1776; x_wconf 90' lang='lat' dir='ltr'><strong>est</strong></span> <span class='ocrx_word' id='word_1_346' title='bbox 3096 1763 3110 1788; x_wconf 95' lang='lat'><strong>,</strong></span> <span class='ocrx_word' id='word_1_347' title='bbox 3134 1737 3238 1776; x_wconf 89' lang='lat' dir='ltr'><strong>non</strong></span> <span class='ocrx_word' id='word_1_348' title='bbox 3268 1722 3462 1791; x_wconf 76' lang='lat' dir='ltr'><strong>recipit</strong></span> 
     </span>
    </p>
   </div>
   <div class='ocr_carea' id='block_1_47' title="bbox 1873 1813 2853 1876">
    <p class='ocr_par' dir='ltr' id='par_1_47' title="bbox 1873 1813 2853 1876">
     <span class='ocr_line' id='line_1_47' title="bbox 1873 1813 2853 1876; baseline -0.002 -9"><span class='ocrx_word' id='word_1_349' title='bbox 1873 1815 2054 1868; x_wconf 91' lang='lat' dir='ltr'><strong>odium</strong></span> <span class='ocrx_word' id='word_1_350' title='bbox 2091 1832 2102 1865; x_wconf 90' lang='lat'>:</span> <span class='ocrx_word' id='word_1_351' title='bbox 2133 1815 2180 1868; x_wconf 89' lang='lat' dir='ltr'><strong>si</strong></span> <span class='ocrx_word' id='word_1_352' title='bbox 2207 1814 2430 1876; x_wconf 89' lang='lat' dir='ltr'><strong>malum,</strong></span> <span class='ocrx_word' id='word_1_353' title='bbox 2459 1823 2608 1868; x_wconf 85' lang='lat' dir='ltr'><strong>caret</strong></span> <span class='ocrx_word' id='word_1_354' title='bbox 2635 1813 2853 1867; x_wconf 88' lang='lat' dir='ltr'><strong>invidia.</strong></span> 
     </span>
    </p>
   </div>
   <div class='ocr_carea' id='block_1_48' title="bbox 1949 1903 3460 1960">
    <p class='ocr_par' dir='ltr' id='par_1_48' title="bbox 1949 1903 3460 1960">
     <span class='ocr_line' id='line_1_48' title="bbox 1949 1903 3460 1960; baseline 0 -1"><span class='ocrx_word' id='word_1_355' title='bbox 1949 1905 2032 1960; x_wconf 91' lang='lat' dir='ltr'><strong>Ill.</strong></span> <span class='ocrx_word' id='word_1_356' title='bbox 2061 1906 2388 1959; x_wconf 78' lang='lat' dir='ltr'><strong>Novatianos</strong></span> <span class='ocrx_word' id='word_1_357' title='bbox 2409 1904 2572 1960; x_wconf 89' lang='lat' dir='ltr'><strong>audio</strong></span> <span class='ocrx_word' id='word_1_358' title='bbox 2597 1905 2662 1960; x_wconf 90' lang='lat' dir='ltr'><strong>de</strong></span> <span class='ocrx_word' id='word_1_359' title='bbox 2691 1904 2898 1959; x_wconf 85' lang='lat' dir='ltr'><strong>Novato</strong></span> <span class='ocrx_word' id='word_1_360' title='bbox 2923 1914 3015 1958; x_wconf 90' lang='lat' dir='ltr'><strong>aut</strong></span> <span class='ocrx_word' id='word_1_361' title='bbox 3039 1903 3338 1958; x_wconf 79' lang='lat' dir='ltr'><strong>Novatiano</strong></span> <span class='ocrx_word' id='word_1_362' title='bbox 3361 1919 3460 1959; x_wconf 89' lang='lat' dir='ltr'><strong>vo-</strong></span> 
     </span>
    </p>
   </div>
   <div class='ocr_carea' id='block_1_49' title="bbox 1875 1999 3460 2064">
    <p class='ocr_par' dir='ltr' id='par_1_49' title="bbox 1875 1999 3460 2064">
     <span class='ocr_line' id='line_1_49' title="bbox 1875 1999 3460 2064; baseline 0 -10"><span class='ocrx_word' id='word_1_363' title='bbox 1875 2002 1986 2054; x_wconf 88' lang='lat' dir='ltr'><strong>cari</strong></span> <span class='ocrx_word' id='word_1_364' title='bbox 2017 2019 2027 2052; x_wconf 92' lang='lat'>:</span> <span class='ocrx_word' id='word_1_365' title='bbox 2062 2013 2262 2054; x_wconf 86' lang='lat' dir='ltr'><strong>sectam</strong></span> <span class='ocrx_word' id='word_1_366' title='bbox 2294 2011 2470 2054; x_wconf 89' lang='lat' dir='ltr'><strong>tamen</strong></span> <span class='ocrx_word' id='word_1_367' title='bbox 2505 2001 2555 2052; x_wconf 91' lang='lat' dir='ltr'><strong>in</strong></span> <span class='ocrx_word' id='word_1_368' title='bbox 2586 1999 2689 2064; x_wconf 89' lang='lat' dir='ltr'><strong>bis,</strong></span> <span class='ocrx_word' id='word_1_369' title='bbox 2726 2013 2832 2053; x_wconf 88' lang='lat' dir='ltr'><strong>non</strong></span> <span class='ocrx_word' id='word_1_370' title='bbox 2864 2012 3059 2052; x_wconf 89' lang='lat' dir='ltr'><strong>nomen</strong></span> <span class='ocrx_word' id='word_1_371' title='bbox 3083 2011 3281 2052; x_wconf 91' lang='lat' dir='ltr'><strong>accuso</strong></span> <span class='ocrx_word' id='word_1_372' title='bbox 3312 2015 3325 2050; x_wconf 89' lang='lat'><strong>:</strong></span> <span class='ocrx_word' id='word_1_373' title='bbox 3358 2013 3460 2054; x_wconf 89' lang='lat' dir='ltr'><strong>nec</strong></span> 
     </span>
    </p>
   </div>
   <div class='ocr_carea' id='block_1_50' title="bbox 1878 2091 3461 2163">
    <p class='ocr_par' dir='ltr' id='par_1_50' title="bbox 1878 2091 3461 2163">
     <span class='ocr_line' id='line_1_50' title="bbox 1878 2091 3461 2163; baseline 0.001 -16"><span class='ocrx_word' id='word_1_374' title='bbox 1878 2093 2129 2147; x_wconf 79' lang='lat' dir='ltr'><strong>Montano</strong></span> <span class='ocrx_word' id='word_1_375' title='bbox 2182 2093 2376 2162; x_wconf 88' lang='lat' dir='ltr'><strong>aliquis</strong></span> <span class='ocrx_word' id='word_1_376' title='bbox 2405 2103 2494 2146; x_wconf 91' lang='lat' dir='ltr'><strong>aut</strong></span> <span class='ocrx_word' id='word_1_377' title='bbox 2520 2091 2826 2163; x_wconf 82' lang='lat' dir='ltr'><strong>Phrygibus</strong></span> <span class='ocrx_word' id='word_1_378' title='bbox 2856 2107 3053 2147; x_wconf 90' lang='lat' dir='ltr'><strong>nomen</strong></span> <span class='ocrx_word' id='word_1_379' title='bbox 3083 2091 3305 2160; x_wconf 85' lang='lat' dir='ltr'><strong>objccit.</strong></span> <span class='ocrx_word' id='word_1_380' title='bbox 3351 2091 3461 2148; x_wconf 83' lang='lat' dir='ltr'><strong>Sed</strong></span> 
     </span>
    </p>
   </div>
   <div class='ocr_carea' id='block_1_51' title="bbox 1877 2182 3454 2252">
    <p class='ocr_par' dir='ltr' id='par_1_51' title="bbox 1877 2182 3454 2252">
     <span class='ocr_line' id='line_1_51' title="bbox 1877 2182 3454 2252; baseline 0.002 -16"><span class='ocrx_word' id='word_1_381' title='bbox 1877 2183 1978 2236; x_wconf 90' lang='lat' dir='ltr'><strong>sub</strong></span> <span class='ocrx_word' id='word_1_382' title='bbox 2001 2184 2279 2251; x_wconf 85' lang='lat' dir='ltr'><strong>apostolis,</strong></span> <span class='ocrx_word' id='word_1_383' title='bbox 2315 2184 2545 2252; x_wconf 86' lang='lat' dir='ltr'><strong>tuquies,</strong></span> <span class='ocrx_word' id='word_1_384' title='bbox 2586 2199 2746 2238; x_wconf 91' lang='lat' dir='ltr'><strong>nemo</strong></span> <span class='ocrx_word' id='word_1_385' title='bbox 2790 2182 3105 2238; x_wconf 85' lang='lat' dir='ltr'><strong>Catholicus</strong></span> <span class='ocrx_word' id='word_1_386' title='bbox 3133 2185 3454 2239; x_wconf 86' lang='lat' dir='ltr'><strong>vocabatur.</strong></span> 
     </span>
    </p>
   </div>
   <div class='ocr_carea' id='block_1_52' title="bbox 1881 2275 3461 2348">
    <p class='ocr_par' dir='ltr' id='par_1_52' title="bbox 1881 2275 3461 2348">
     <span class='ocr_line' id='line_1_52' title="bbox 1881 2275 3461 2348; baseline 0.001 -18"><span class='ocrx_word' id='word_1_387' title='bbox 1881 2275 2033 2340; x_wconf 86' lang='lat' dir='ltr'><strong>Esto,</strong></span> <span class='ocrx_word' id='word_1_388' title='bbox 2062 2277 2139 2331; x_wconf 91' lang='lat' dir='ltr'><strong>sic</strong></span> <span class='ocrx_word' id='word_1_389' title='bbox 2173 2276 2356 2340; x_wconf 86' lang='lat' dir='ltr'><strong>fuerit,</strong></span> <span class='ocrx_word' id='word_1_390' title='bbox 2381 2278 2466 2332; x_wconf 90' lang='lat' dir='ltr'><strong>vel</strong></span> <span class='ocrx_word' id='word_1_391' title='bbox 2498 2278 2625 2332; x_wconf 89' lang='lat' dir='ltr'><strong>illud</strong></span> <span class='ocrx_word' id='word_1_392' title='bbox 2659 2278 2897 2348; x_wconf 87' lang='lat' dir='ltr'><strong>indulge.</strong></span> <span class='ocrx_word' id='word_1_393' title='bbox 2929 2279 3064 2334; x_wconf 78' lang='lat' dir='ltr'><strong>Cum</strong></span> <span class='ocrx_word' id='word_1_394' title='bbox 3095 2288 3216 2348; x_wconf 88' lang='lat' dir='ltr'><strong>post</strong></span> <span class='ocrx_word' id='word_1_395' title='bbox 3236 2289 3461 2347; x_wconf 91' lang='lat' dir='ltr'><strong>aposto-</strong></span> 
     </span>
    </p>
   </div>
   <div class='ocr_carea' id='block_1_53' title="bbox 1879 2369 3460 2439">
    <p class='ocr_par' dir='ltr' id='par_1_53' title="bbox 1879 2369 3460 2439">
     <span class='ocr_line' id='line_1_53' title="bbox 1879 2369 3460 2439; baseline 0.002 -17"><span class='ocrx_word' id='word_1_396' title='bbox 1879 2369 1961 2423; x_wconf 86' lang='lat' dir='ltr'><strong>los</strong></span> <span class='ocrx_word' id='word_1_397' title='bbox 1991 2370 2228 2424; x_wconf 80' lang='lat' dir='ltr'><strong>luereses</strong></span> <span class='ocrx_word' id='word_1_398' title='bbox 2259 2370 2622 2436; x_wconf 83' lang='lat' dir='ltr'><strong>exstitissent,</strong></span> <span class='ocrx_word' id='word_1_399' title='bbox 2662 2370 3004 2439; x_wconf 86' lang='lat' dir='ltr'><strong>diversisque</strong></span> <span class='ocrx_word' id='word_1_400' title='bbox 3031 2370 3339 2424; x_wconf 89' lang='lat' dir='ltr'><strong>nominibus</strong></span> <span class='ocrx_word' id='word_1_401' title='bbox 3361 2385 3460 2425; x_wconf 91' lang='lat' dir='ltr'><strong>co-</strong></span> 
     </span>
    </p>
   </div>
   <div class='ocr_carea' id='block_1_54' title="bbox 1876 2461 3464 2532">
    <p class='ocr_par' dir='ltr' id='par_1_54' title="bbox 1876 2461 3464 2532">
     <span class='ocr_line' id='line_1_54' title="bbox 1876 2461 3464 2532; baseline 0 -18"><span class='ocrx_word' id='word_1_402' title='bbox 1876 2461 2112 2514; x_wconf 86' lang='lat' dir='ltr'><strong>lumbam</strong></span> <span class='ocrx_word' id='word_1_403' title='bbox 2144 2462 2237 2516; x_wconf 89' lang='lat' dir='ltr'><strong>Dei</strong></span> <span class='ocrx_word' id='word_1_404' title='bbox 2271 2472 2434 2530; x_wconf 85' lang='lat' dir='ltr'><strong>atque</strong></span> <span class='ocrx_word' id='word_1_405' title='bbox 2463 2462 2705 2532; x_wconf 88' lang='lat' dir='ltr'><strong>reginam</strong></span> <span class='ocrx_word' id='word_1_406' title='bbox 2741 2462 2982 2517; x_wconf 89' lang='lat' dir='ltr'><strong>lacerare</strong></span> <span class='ocrx_word' id='word_1_407' title='bbox 3029 2475 3125 2530; x_wconf 89' lang='lat' dir='ltr'><strong>per</strong></span> <span class='ocrx_word' id='word_1_408' title='bbox 3183 2472 3364 2530; x_wconf 90' lang='lat' dir='ltr'><strong>partes</strong></span> <span class='ocrx_word' id='word_1_409' title='bbox 3407 2468 3464 2515; x_wconf 85' lang='lat' dir='ltr'><strong>et</strong></span> 
     </span>
    </p>
   </div>
   <div class='ocr_carea' id='block_1_55' title="bbox 1876 2554 3462 2626">
    <p class='ocr_par' dir='ltr' id='par_1_55' title="bbox 1876 2554 3462 2626">
     <span class='ocr_line' id='line_1_55' title="bbox 1876 2554 3462 2626; baseline -0.002 -15"><span class='ocrx_word' id='word_1_410' title='bbox 1876 2555 2125 2611; x_wconf 87' lang='lat' dir='ltr'><strong>scindere</strong></span> <span class='ocrx_word' id='word_1_411' title='bbox 2151 2555 2458 2610; x_wconf 88' lang='lat' dir='ltr'><strong>niterentur</strong></span> <span class='ocrx_word' id='word_1_412' title='bbox 2495 2572 2509 2608; x_wconf 90' lang='lat'>:</span> <span class='ocrx_word' id='word_1_413' title='bbox 2558 2571 2736 2610; x_wconf 89' lang='lat' dir='ltr'><strong>nonne</strong></span> <span class='ocrx_word' id='word_1_414' title='bbox 2784 2569 3085 2626; x_wconf 90' lang='lat' dir='ltr'><strong>cognomen</strong></span> <span class='ocrx_word' id='word_1_415' title='bbox 3113 2568 3268 2608; x_wconf 92' lang='lat' dir='ltr'><strong>suum</strong></span> <span class='ocrx_word' id='word_1_416' title='bbox 3309 2554 3462 2623; x_wconf 86' lang='lat' dir='ltr'><strong>plebs</strong></span> 
     </span>
    </p>
   </div>
   <div class='ocr_carea' id='block_1_56' title="bbox 1876 2647 3465 2720">
    <p class='ocr_par' dir='ltr' id='par_1_56' title="bbox 1876 2647 3465 2720">
     <span class='ocr_line' id='line_1_56' title="bbox 1876 2647 3465 2720; baseline -0.003 -16"><span class='ocrx_word' id='word_1_417' title='bbox 1876 2651 2171 2720; x_wconf 90' lang='lat' dir='ltr'><strong>apostolica</strong></span> <span class='ocrx_word' id='word_1_418' title='bbox 2199 2652 2527 2718; x_wconf 84' lang='lat' dir='ltr'><strong>postulabat,</strong></span> <span class='ocrx_word' id='word_1_419' title='bbox 2555 2665 2661 2719; x_wconf 89' lang='lat' dir='ltr'><strong>quo</strong></span> <span class='ocrx_word' id='word_1_420' title='bbox 2708 2649 3011 2717; x_wconf 89' lang='lat' dir='ltr'><strong>incorrupti</strong></span> <span class='ocrx_word' id='word_1_421' title='bbox 3055 2648 3242 2718; x_wconf 80' lang='lat' dir='ltr'><strong>papuli</strong></span> <span class='ocrx_word' id='word_1_422' title='bbox 3272 2647 3465 2702; x_wconf 63' lang='lat' dir='ltr'><strong>distiuo</strong></span> 
     </span>
    </p>
   </div>
   <div class='ocr_carea' id='block_1_57' title="bbox 1876 2741 3464 2816">
    <p class='ocr_par' dir='ltr' id='par_1_57' title="bbox 1876 2741 3464 2816">
     <span class='ocr_line' id='line_1_57' title="bbox 1876 2741 3464 2816; baseline -0.003 -18"><span class='ocrx_word' id='word_1_423' title='bbox 1876 2754 2067 2816; x_wconf 90' lang='lat' dir='ltr'><strong>gueret</strong></span> <span class='ocrx_word' id='word_1_424' title='bbox 2097 2746 2382 2810; x_wconf 89' lang='lat' dir='ltr'><strong>unitatem,</strong></span> <span class='ocrx_word' id='word_1_425' title='bbox 2414 2759 2482 2799; x_wconf 89' lang='lat' dir='ltr'><strong>ne</strong></span> <span class='ocrx_word' id='word_1_426' title='bbox 2511 2744 2888 2798; x_wconf 86' lang='lat' dir='ltr'><strong>intemeratam</strong></span> <span class='ocrx_word' id='word_1_427' title='bbox 2926 2743 3017 2796; x_wconf 91' lang='lat' dir='ltr'><strong>Dei</strong></span> <span class='ocrx_word' id='word_1_428' title='bbox 3059 2741 3323 2811; x_wconf 83' lang='lat' dir='ltr'><strong>virginem</strong></span> <span class='ocrx_word' id='word_1_429' title='bbox 3375 2755 3464 2794; x_wconf 62' lang='grc' dir='ltr'><strong>ειυς</strong></span> 
     </span>
    </p>
   </div>
   <div class='ocr_carea' id='block_1_58' title="bbox 1877 2833 3463 2907">
    <p class='ocr_par' dir='ltr' id='par_1_58' title="bbox 1877 2833 3463 2907">
     <span class='ocr_line' id='line_1_58' title="bbox 1877 2833 3463 2907; baseline -0.003 -15"><span class='ocrx_word' id='word_1_430' title='bbox 1877 2853 1968 2892; x_wconf 91' lang='lat' dir='ltr'><strong>ror</strong></span> <span class='ocrx_word' id='word_1_431' title='bbox 1995 2839 2294 2907; x_wconf 89' lang='lat' dir='ltr'><strong>aliquorum</strong></span> <span class='ocrx_word' id='word_1_432' title='bbox 2330 2852 2426 2906; x_wconf 90' lang='lat' dir='ltr'><strong>per</strong></span> <span class='ocrx_word' id='word_1_433' title='bbox 2454 2837 2695 2892; x_wconf 91' lang='lat' dir='ltr'><strong>membra</strong></span> <span class='ocrx_word' id='word_1_434' title='bbox 2727 2835 2989 2892; x_wconf 89' lang='lat' dir='ltr'><strong>laceraret</strong></span> <span class='ocrx_word' id='word_1_435' title='bbox 3012 2836 3034 2888; x_wconf 85' lang='lat'><strong>?</strong></span> <span class='ocrx_word' id='word_1_436' title='bbox 3055 2835 3246 2892; x_wconf 75' lang='lat' dir='ltr'><strong>Nonne</strong></span> <span class='ocrx_word' id='word_1_437' title='bbox 3276 2833 3463 2904; x_wconf 86' lang='lat' dir='ltr'><strong>appel-</strong></span> 
     </span>
    </p>
   </div>
   <div class='ocr_carea' id='block_1_59' title="bbox 1877 2926 3462 2998">
    <p class='ocr_par' dir='ltr' id='par_1_59' title="bbox 1877 2926 3462 2998">
     <span class='ocr_line' id='line_1_59' title="bbox 1877 2926 3462 2998; baseline -0.002 -14"><span class='ocrx_word' id='word_1_438' title='bbox 1877 2930 2076 2984; x_wconf 90' lang='lat' dir='ltr'><strong>latione</strong></span> <span class='ocrx_word' id='word_1_439' title='bbox 2106 2931 2321 2998; x_wconf 89' lang='lat' dir='ltr'><strong>propria</strong></span> <span class='ocrx_word' id='word_1_440' title='bbox 2351 2928 2536 2982; x_wconf 89' lang='lat' dir='ltr'><strong>decuit</strong></span> <span class='ocrx_word' id='word_1_441' title='bbox 2559 2938 2719 2997; x_wconf 91' lang='lat' dir='ltr'><strong>caput</strong></span> <span class='ocrx_word' id='word_1_442' title='bbox 2746 2927 3045 2996; x_wconf 88' lang='lat' dir='ltr'><strong>principale</strong></span> <span class='ocrx_word' id='word_1_443' title='bbox 3067 2926 3315 2997; x_wconf 82' lang='lat' dir='ltr'><strong>signari?</strong></span> <span class='ocrx_word' id='word_1_444' title='bbox 3345 2926 3462 2996; x_wconf 83' lang='lat' dir='ltr'><strong>Ego</strong></span> 
     </span>
    </p>
   </div>
   <div class='ocr_carea' id='block_1_60' title="bbox 1877 3017 3462 3090">
    <p class='ocr_par' dir='ltr' id='par_1_60' title="bbox 1877 3017 3462 3090">
     <span class='ocr_line' id='line_1_60' title="bbox 1877 3017 3462 3090; baseline -0.001 -16"><span class='ocrx_word' id='word_1_445' title='bbox 1877 3021 2014 3074; x_wconf 80' lang='lat' dir='ltr'><strong>forte</strong></span> <span class='ocrx_word' id='word_1_446' title='bbox 2045 3022 2318 3089; x_wconf 73' lang='lat' dir='ltr'><strong>ingresws</strong></span> <span class='ocrx_word' id='word_1_447' title='bbox 2344 3022 2662 3090; x_wconf 86' lang='lat' dir='ltr'><strong>populosam</strong></span> <span class='ocrx_word' id='word_1_448' title='bbox 2717 3021 2904 3075; x_wconf 89' lang='lat' dir='ltr'><strong>urbem</strong></span> <span class='ocrx_word' id='word_1_449' title='bbox 2938 3020 3120 3084; x_wconf 88' lang='lat' dir='ltr'><strong>hodie,</strong></span> <span class='ocrx_word' id='word_1_450' title='bbox 3167 3035 3287 3072; x_wconf 92' lang='lat' dir='ltr'><strong>cum</strong></span> <span class='ocrx_word' id='word_1_451' title='bbox 3319 3017 3462 3072; x_wconf 83' lang='lat' dir='ltr'><strong>Mar-</strong></span> 
     </span>
    </p>
   </div>
   <div class='ocr_carea' id='block_1_61' title="bbox 1876 3108 3459 3182">
    <p class='ocr_par' dir='ltr' id='par_1_61' title="bbox 1876 3108 3459 3182">
     <span class='ocr_line' id='line_1_61' title="bbox 1876 3108 3459 3182; baseline -0.003 -16"><span class='ocrx_word' id='word_1_452' title='bbox 1876 3114 2131 3177; x_wconf 88' lang='lat' dir='ltr'><strong>cionitas,</strong></span> <span class='ocrx_word' id='word_1_453' title='bbox 2163 3127 2284 3166; x_wconf 93' lang='lat' dir='ltr'><strong>cum</strong></span> <span class='ocrx_word' id='word_1_454' title='bbox 2331 3113 2789 3180; x_wconf 83' lang='lat' dir='ltr'><strong>Apollinariacos,</strong></span> <span class='ocrx_word' id='word_1_455' title='bbox 2838 3111 3237 3182; x_wconf 76' lang='lat' dir='ltr'><strong>(lataphrygas,</strong></span> <span class='ocrx_word' id='word_1_456' title='bbox 3285 3108 3459 3162; x_wconf 86' lang='lat' dir='ltr'><strong>Nova-</strong></span> 
     </span>
    </p>
   </div>
   <div class='ocr_carea' id='block_1_62' title="bbox 1877 3199 3464 3271">
    <p class='ocr_par' dir='ltr' id='par_1_62' title="bbox 1877 3199 3464 3271">
     <span class='ocr_line' id='line_1_62' title="bbox 1877 3199 3464 3271; baseline -0.004 -13"><span class='ocrx_word' id='word_1_457' title='bbox 1877 3205 2058 3258; x_wconf 90' lang='lat' dir='ltr'><strong>tiauos</strong></span> <span class='ocrx_word' id='word_1_458' title='bbox 2083 3215 2135 3258; x_wconf 91' lang='lat' dir='ltr'><strong>et</strong></span> <span class='ocrx_word' id='word_1_459' title='bbox 2160 3213 2390 3257; x_wconf 74' lang='lat' dir='ltr'><strong>eteterus</strong></span> <span class='ocrx_word' id='word_1_460' title='bbox 2406 3201 2672 3271; x_wconf 79' lang='lat' dir='ltr'><strong>ejusmodi</strong></span> <span class='ocrx_word' id='word_1_461' title='bbox 2693 3202 3105 3271; x_wconf 87' lang='lat' dir='ltr'><strong>comperissem,</strong></span> <span class='ocrx_word' id='word_1_462' title='bbox 3129 3200 3218 3269; x_wconf 84' lang='lat' dir='ltr'><strong>qui</strong></span> <span class='ocrx_word' id='word_1_463' title='bbox 3244 3216 3300 3254; x_wconf 92' lang='lat' dir='ltr'><strong>se</strong></span> <span class='ocrx_word' id='word_1_464' title='bbox 3319 3199 3464 3254; x_wconf 90' lang='lat' dir='ltr'><strong>chri-</strong></span> 
     </span>
    </p>
   </div>
   <div class='ocr_carea' id='block_1_63' title="bbox 190 3288 3464 3364">
    <p class='ocr_par' dir='ltr' id='par_1_63' title="bbox 190 3288 3464 3364">
     <span class='ocr_line' id='line_1_63' title="bbox 190 3288 3464 3364; baseline 0.002 -23"><span class='ocrx_word' id='word_1_465' title='bbox 190 3291 514 3358; x_wconf 86' lang='lat' dir='ltr'><strong>multiplices</strong></span> <span class='ocrx_word' id='word_1_466' title='bbox 540 3294 940 3346; x_wconf 73' lang='lat' dir='ltr'><strong>controversias</strong></span> <span class='ocrx_word' id='word_1_467' title='bbox 971 3296 1266 3348; x_wconf 82' lang='lat' dir='ltr'><strong>excitarunt</strong></span> <span class='ocrx_word' id='word_1_468' title='bbox 1293 3294 1360 3349; x_wconf 91' lang='lat' dir='ltr'><strong>de</strong></span> <span class='ocrx_word' id='word_1_469' title='bbox 1385 3295 1630 3348; x_wconf 84' lang='lat' dir='ltr'><strong>Paschali</strong></span> <span class='ocrx_word' id='word_1_470' title='bbox 1660 3296 1770 3354; x_wconf 87' lang='lat' dir='ltr'><strong>die.</strong></span> <span class='ocrx_word' id='word_1_471' title='bbox 1803 3288 1847 3350; x_wconf 90' lang='lat' dir='ltr'><strong>C</strong></span> <span class='ocrx_word' id='word_1_472' title='bbox 1879 3298 2085 3354; x_wconf 86' lang='lat' dir='ltr'><strong>stianus</strong></span> <span class='ocrx_word' id='word_1_473' title='bbox 2119 3303 2380 3350; x_wconf 88' lang='lat' dir='ltr'><strong>vocarent</strong></span> <span class='ocrx_word' id='word_1_474' title='bbox 2411 3313 2422 3346; x_wconf 87' lang='lat'><strong>:</strong></span> <span class='ocrx_word' id='word_1_475' title='bbox 2459 3310 2568 3363; x_wconf 89' lang='lat' dir='ltr'><strong>quo</strong></span> <span class='ocrx_word' id='word_1_476' title='bbox 2614 3295 2938 3364; x_wconf 86' lang='lat' dir='ltr'><strong>cognomine</strong></span> <span class='ocrx_word' id='word_1_477' title='bbox 2981 3294 3464 3364; x_wconf 74' lang='lat' dir='ltr'><strong>congregationem</strong></span> 
     </span>
    </p>
   </div>
   <div class='ocr_carea' id='block_1_64' title="bbox 182 3384 1778 3456">
    <p class='ocr_par' dir='ltr' id='par_1_64' title="bbox 182 3384 1778 3456">
     <span class='ocr_line' id='line_1_64' title="bbox 182 3384 1778 3456; baseline 0.003 -20"><span class='ocrx_word' id='word_1_478' title='bbox 182 3385 255 3436; x_wconf 84' lang='lat' dir='ltr'><strong>de</strong></span> <span class='ocrx_word' id='word_1_479' title='bbox 285 3384 586 3448; x_wconf 77' lang='lat' dir='ltr'><strong>l’aracleto,</strong></span> <span class='ocrx_word' id='word_1_480' title='bbox 617 3385 684 3437; x_wconf 89' lang='lat' dir='ltr'><strong>de</strong></span> <span class='ocrx_word' id='word_1_481' title='bbox 722 3387 1002 3453; x_wconf 84' lang='lat' dir='ltr'><strong>apostolis,</strong></span> <span class='ocrx_word' id='word_1_482' title='bbox 1028 3387 1095 3441; x_wconf 92' lang='lat' dir='ltr'><strong>de</strong></span> <span class='ocrx_word' id='word_1_483' title='bbox 1131 3387 1410 3455; x_wconf 87' lang='lat' dir='ltr'><strong>prophetis</strong></span> <span class='ocrx_word' id='word_1_484' title='bbox 1437 3404 1449 3441; x_wconf 90' lang='lat'>:</span> <span class='ocrx_word' id='word_1_485' title='bbox 1506 3388 1778 3456; x_wconf 86' lang='lat' dir='ltr'><strong>multaque</strong></span> 
     </span>
    </p>
   </div>
   <div class='ocr_carea' id='block_1_65' title="bbox 183 3477 1777 3546">
    <p class='ocr_par' dir='ltr' id='par_1_65' title="bbox 183 3477 1777 3546">
     <span class='ocr_line' id='line_1_65' title="bbox 183 3477 1777 3546; baseline 0.003 -18"><span class='ocrx_word' id='word_1_486' title='bbox 183 3477 316 3537; x_wconf 84' lang='lat' dir='ltr'><strong>alia,</strong></span> <span class='ocrx_word' id='word_1_487' title='bbox 347 3477 485 3528; x_wconf 77' lang='lat' dir='ltr'><strong>sicut</strong></span> <span class='ocrx_word' id='word_1_488' title='bbox 513 3487 561 3528; x_wconf 94' lang='lat' dir='ltr'><strong>et</strong></span> <span class='ocrx_word' id='word_1_489' title='bbox 588 3477 686 3530; x_wconf 87' lang='lat' dir='ltr'><strong>hoc</strong></span> <span class='ocrx_word' id='word_1_490' title='bbox 704 3478 770 3530; x_wconf 89' lang='lat' dir='ltr'><strong>de</strong></span> <span class='ocrx_word' id='word_1_491' title='bbox 795 3478 1074 3532; x_wconf 82' lang='lat' dir='ltr'><strong>Catholico</strong></span> <span class='ocrx_word' id='word_1_492' title='bbox 1116 3480 1349 3541; x_wconf 88' lang='lat' dir='ltr'><strong>nomine,</strong></span> <span class='ocrx_word' id='word_1_493' title='bbox 1377 3479 1445 3533; x_wconf 90' lang='lat' dir='ltr'><strong>de</strong></span> <span class='ocrx_word' id='word_1_494' title='bbox 1475 3479 1626 3532; x_wconf 79' lang='lat' dir='ltr'><strong>venia</strong></span> <span class='ocrx_word' id='word_1_495' title='bbox 1662 3494 1777 3546; x_wconf 77' lang='lat' dir='ltr'><strong>pte-</strong></span> 
     </span>
    </p>
   </div>
   <div class='ocr_carea' id='block_1_66' title="bbox 186 3574 1775 3641">
    <p class='ocr_par' dir='ltr' id='par_1_66' title="bbox 186 3574 1775 3641">
     <span class='ocr_line' id='line_1_66' title="bbox 186 3574 1775 3641; baseline 0 -15"><span class='ocrx_word' id='word_1_496' title='bbox 186 3574 455 3628; x_wconf 71' lang='lat' dir='ltr'><strong>nitentite.</strong></span> <span class='ocrx_word' id='word_1_497' title='bbox 489 3576 666 3641; x_wconf 88' lang='lat' dir='ltr'><strong>Quare</strong></span> <span class='ocrx_word' id='word_1_498' title='bbox 695 3577 736 3628; x_wconf 73' lang='lat' dir='ltr'><strong>si</strong></span> <span class='ocrx_word' id='word_1_499' title='bbox 769 3576 948 3629; x_wconf 83' lang='lat' dir='ltr'><strong>omnia</strong></span> <span class='ocrx_word' id='word_1_500' title='bbox 980 3579 1074 3630; x_wconf 89' lang='lat' dir='ltr'><strong>ista</strong></span> <span class='ocrx_word' id='word_1_501' title='bbox 1107 3576 1378 3630; x_wconf 90' lang='lat' dir='ltr'><strong>discutere</strong></span> <span class='ocrx_word' id='word_1_502' title='bbox 1403 3576 1646 3639; x_wconf 79' lang='lat' dir='ltr'><strong>velimus,</strong></span> <span class='ocrx_word' id='word_1_503' title='bbox 1677 3575 1775 3626; x_wconf 84' lang='lat' dir='ltr'><strong>do-</strong></span> 
     </span>
    </p>
   </div>
   <div class='ocr_carea' id='block_1_67' title="bbox 182 3667 1774 3736">
    <p class='ocr_par' dir='ltr' id='par_1_67' title="bbox 182 3667 1774 3736">
     <span class='ocr_line' id='line_1_67' title="bbox 182 3667 1774 3736; baseline -0.001 -17"><span class='ocrx_word' id='word_1_504' title='bbox 182 3667 276 3721; x_wconf 85' lang='lat' dir='ltr'><strong>cili</strong></span> <span class='ocrx_word' id='word_1_505' title='bbox 313 3669 595 3735; x_wconf 73' lang='lat' dir='ltr'><strong>prresentia</strong></span> <span class='ocrx_word' id='word_1_506' title='bbox 627 3682 764 3736; x_wconf 90' lang='lat' dir='ltr'><strong>opus</strong></span> <span class='ocrx_word' id='word_1_507' title='bbox 788 3680 868 3721; x_wconf 89' lang='lat' dir='ltr'><strong>est</strong></span> <span class='ocrx_word' id='word_1_508' title='bbox 912 3686 924 3720; x_wconf 89' lang='lat'><strong>:</strong></span> <span class='ocrx_word' id='word_1_509' title='bbox 955 3669 998 3721; x_wconf 91' lang='lat' dir='ltr'><strong>si</strong></span> <span class='ocrx_word' id='word_1_510' title='bbox 1028 3669 1142 3721; x_wconf 66' lang='lat' dir='ltr'><strong>haec</strong></span> <span class='ocrx_word' id='word_1_511' title='bbox 1163 3668 1272 3721; x_wconf 86' lang='lat' dir='ltr'><strong>sola</strong></span> <span class='ocrx_word' id='word_1_512' title='bbox 1302 3683 1421 3736; x_wconf 63' lang='lat' dir='ltr'><strong>quae</strong></span> <span class='ocrx_word' id='word_1_513' title='bbox 1451 3669 1641 3719; x_wconf 88' lang='lat' dir='ltr'><strong>scribis</strong></span> <span class='ocrx_word' id='word_1_514' title='bbox 1670 3682 1774 3719; x_wconf 89' lang='lat' dir='ltr'><strong>non</strong></span> 
     </span>
    </p>
   </div>
   <div class='ocr_carea' id='block_1_68' title="bbox 183 3759 1767 3830">
    <p class='ocr_par' dir='ltr' id='par_1_68' title="bbox 183 3759 1767 3830">
     <span class='ocr_line' id='line_1_68' title="bbox 183 3759 1767 3830; baseline -0.001 -18"><span class='ocrx_word' id='word_1_515' title='bbox 183 3762 322 3813; x_wconf 62' lang='lat' dir='ltr'><strong>satis</strong></span> <span class='ocrx_word' id='word_1_516' title='bbox 375 3760 694 3813; x_wconf 89' lang='lat' dir='ltr'><strong>instruerem</strong></span> <span class='ocrx_word' id='word_1_517' title='bbox 717 3802 730 3823; x_wconf 87' lang='lat'><strong>,</strong></span> <span class='ocrx_word' id='word_1_518' title='bbox 775 3769 951 3813; x_wconf 90' lang='lat' dir='ltr'><strong>tamen</strong></span> <span class='ocrx_word' id='word_1_519' title='bbox 980 3761 1105 3829; x_wconf 85' lang='lat' dir='ltr'><strong>quia</strong></span> <span class='ocrx_word' id='word_1_520' title='bbox 1137 3775 1357 3830; x_wconf 92' lang='lat' dir='ltr'><strong>quoquo</strong></span> <span class='ocrx_word' id='word_1_521' title='bbox 1397 3760 1559 3813; x_wconf 90' lang='lat' dir='ltr'><strong>modo</strong></span> <span class='ocrx_word' id='word_1_522' title='bbox 1591 3759 1767 3812; x_wconf 83' lang='lat' dir='ltr'><strong>admi-</strong></span> 
     </span>
    </p>
   </div>
   <div class='ocr_carea' id='block_1_69' title="bbox 184 3850 1776 3918">
    <p class='ocr_par' dir='ltr' id='par_1_69' title="bbox 184 3850 1776 3918">
     <span class='ocr_line' id='line_1_69' title="bbox 184 3850 1776 3918; baseline -0.001 -14"><span class='ocrx_word' id='word_1_523' title='bbox 184 3852 434 3905; x_wconf 74' lang='lat' dir='ltr'><strong>tantibus</strong></span> <span class='ocrx_word' id='word_1_524' title='bbox 457 3852 798 3904; x_wconf 87' lang='lat' dir='ltr'><strong>serviemlum</strong></span> <span class='ocrx_word' id='word_1_525' title='bbox 831 3862 932 3916; x_wconf 90' lang='lat' dir='ltr'><strong>est,</strong></span> <span class='ocrx_word' id='word_1_526' title='bbox 969 3850 1293 3905; x_wconf 86' lang='lat' dir='ltr'><strong>infortnandi</strong></span> <span class='ocrx_word' id='word_1_527' title='bbox 1319 3853 1390 3905; x_wconf 91' lang='lat' dir='ltr'><strong>ttti</strong></span> <span class='ocrx_word' id='word_1_528' title='bbox 1411 3851 1602 3918; x_wconf 83' lang='lat' dir='ltr'><strong>gratia,</strong></span> <span class='ocrx_word' id='word_1_529' title='bbox 1626 3865 1776 3903; x_wconf 88' lang='lat' dir='ltr'><strong>sum-</strong></span> 
     </span>
    </p>
   </div>
   <div class='ocr_carea' id='block_1_70' title="bbox 186 3942 1777 4014">
    <p class='ocr_par' dir='ltr' id='par_1_70' title="bbox 186 3942 1777 4014">
     <span class='ocr_line' id='line_1_70' title="bbox 186 3942 1777 4014; baseline -0.001 -16"><span class='ocrx_word' id='word_1_530' title='bbox 186 3944 375 3998; x_wconf 88' lang='lat' dir='ltr'><strong>tuatim</strong></span> <span class='ocrx_word' id='word_1_531' title='bbox 405 3943 471 3997; x_wconf 90' lang='lat' dir='ltr'><strong>ad</strong></span> <span class='ocrx_word' id='word_1_532' title='bbox 510 3958 572 3998; x_wconf 85' lang='lat' dir='ltr'><strong>ea</strong></span> <span class='ocrx_word' id='word_1_533' title='bbox 613 3944 679 3997; x_wconf 91' lang='lat' dir='ltr'><strong>de</strong></span> <span class='ocrx_word' id='word_1_534' title='bbox 710 3944 904 4012; x_wconf 89' lang='lat' dir='ltr'><strong>quibus</strong></span> <span class='ocrx_word' id='word_1_535' title='bbox 936 3946 1175 3998; x_wconf 91' lang='lat' dir='ltr'><strong>scribere</strong></span> <span class='ocrx_word' id='word_1_536' title='bbox 1210 3943 1464 4014; x_wconf 88' lang='lat' dir='ltr'><strong>dignatus</strong></span> <span class='ocrx_word' id='word_1_537' title='bbox 1499 3957 1558 3996; x_wconf 91' lang='lat' dir='ltr'><strong>es</strong></span> <span class='ocrx_word' id='word_1_538' title='bbox 1588 3942 1777 3996; x_wconf 84' lang='lat' dir='ltr'><strong>conlo-</strong></span> 
     </span>
    </p>
   </div>
   <div class='ocr_carea' id='block_1_71' title="bbox 182 4037 1781 4108">
    <p class='ocr_par' dir='ltr' id='par_1_71' title="bbox 182 4037 1781 4108">
     <span class='ocr_line' id='line_1_71' title="bbox 182 4037 1781 4108; baseline 0.002 -19"><span class='ocrx_word' id='word_1_539' title='bbox 182 4040 428 4106; x_wconf 79' lang='lat' dir='ltr'><strong>quimur.</strong></span> <span class='ocrx_word' id='word_1_540' title='bbox 457 4037 511 4093; x_wconf 91' lang='lat' dir='ltr'><strong>Si</strong></span> <span class='ocrx_word' id='word_1_541' title='bbox 539 4037 663 4106; x_wconf 90' lang='lat' dir='ltr'><strong>quid</strong></span> <span class='ocrx_word' id='word_1_542' title='bbox 697 4038 838 4092; x_wconf 91' lang='lat' dir='ltr'><strong>scire</strong></span> <span class='ocrx_word' id='word_1_543' title='bbox 873 4039 1083 4108; x_wconf 89' lang='lat' dir='ltr'><strong>plenius</strong></span> <span class='ocrx_word' id='word_1_544' title='bbox 1114 4039 1181 4092; x_wconf 91' lang='lat' dir='ltr'><strong>de</strong></span> <span class='ocrx_word' id='word_1_545' title='bbox 1213 4047 1398 4092; x_wconf 91' lang='lat' dir='ltr'><strong>nostro</strong></span> <span class='ocrx_word' id='word_1_546' title='bbox 1427 4041 1597 4104; x_wconf 88' lang='lat' dir='ltr'><strong>voles,</strong></span> <span class='ocrx_word' id='word_1_547' title='bbox 1625 4052 1781 4108; x_wconf 82' lang='lat' dir='ltr'><strong>opor-</strong></span> 
     </span>
    </p>
   </div>
   <div class='ocr_carea' id='block_1_72' title="bbox 191 4130 1778 4200">
    <p class='ocr_par' dir='ltr' id='par_1_72' title="bbox 191 4130 1778 4200">
     <span class='ocr_line' id='line_1_72' title="bbox 191 4130 1778 4200; baseline 0.001 -17"><span class='ocrx_word' id='word_1_548' title='bbox 191 4140 272 4184; x_wconf 84' lang='lat' dir='ltr'><strong>tet</strong></span> <span class='ocrx_word' id='word_1_549' title='bbox 301 4140 358 4183; x_wconf 93' lang='lat' dir='ltr'><strong>ut</strong></span> <span class='ocrx_word' id='word_1_550' title='bbox 405 4130 472 4184; x_wconf 92' lang='lat' dir='ltr'><strong>de</strong></span> <span class='ocrx_word' id='word_1_551' title='bbox 515 4138 607 4184; x_wconf 94' lang='lat' dir='ltr'><strong>tuo</strong></span> <span class='ocrx_word' id='word_1_552' title='bbox 656 4130 940 4200; x_wconf 86' lang='lat' dir='ltr'><strong>proflteare</strong></span> <span class='ocrx_word' id='word_1_553' title='bbox 989 4131 1320 4200; x_wconf 87' lang='lat' dir='ltr'><strong>simplicius;</strong></span> <span class='ocrx_word' id='word_1_554' title='bbox 1377 4146 1444 4186; x_wconf 88' lang='lat' dir='ltr'><strong>ne</strong></span> <span class='ocrx_word' id='word_1_555' title='bbox 1494 4130 1778 4184; x_wconf 88' lang='lat' dir='ltr'><strong>obscurius</strong></span> 
     </span>
    </p>
   </div>
   <div class='ocr_carea' id='block_1_73' title="bbox 185 4221 1779 4291">
    <p class='ocr_par' dir='ltr' id='par_1_73' title="bbox 185 4221 1779 4291">
     <span class='ocr_line' id='line_1_73' title="bbox 185 4221 1779 4291; baseline 0.001 -15"><span class='ocrx_word' id='word_1_556' title='bbox 185 4221 554 4287; x_wconf 85' lang='lat' dir='ltr'><strong>consulendo,</strong></span> <span class='ocrx_word' id='word_1_557' title='bbox 585 4238 688 4276; x_wconf 87' lang='lat' dir='ltr'><strong>non</strong></span> <span class='ocrx_word' id='word_1_558' title='bbox 716 4225 855 4277; x_wconf 89' lang='lat' dir='ltr'><strong>scire</strong></span> <span class='ocrx_word' id='word_1_559' title='bbox 887 4237 982 4276; x_wconf 92' lang='lat' dir='ltr'><strong>nos</strong></span> <span class='ocrx_word' id='word_1_560' title='bbox 1015 4222 1198 4288; x_wconf 80' lang='lat' dir='ltr'><strong>facias,</strong></span> <span class='ocrx_word' id='word_1_561' title='bbox 1234 4234 1411 4276; x_wconf 93' lang='lat' dir='ltr'><strong>utrum</strong></span> <span class='ocrx_word' id='word_1_562' title='bbox 1466 4223 1779 4291; x_wconf 81' lang='lat' dir='ltr'><strong>interroges</strong></span> 
     </span>
    </p>
   </div>
   <div class='ocr_carea' id='block_1_74' title="bbox 185 4315 1776 4386">
    <p class='ocr_par' dir='ltr' id='par_1_74' title="bbox 185 4315 1776 4386">
     <span class='ocr_line' id='line_1_74' title="bbox 185 4315 1776 4386; baseline -0.001 -15"><span class='ocrx_word' id='word_1_563' title='bbox 185 4334 257 4371; x_wconf 90' lang='lat' dir='ltr'><strong>an</strong></span> <span class='ocrx_word' id='word_1_564' title='bbox 285 4318 538 4371; x_wconf 83' lang='lat' dir='ltr'><strong>lacessas.</strong></span> <span class='ocrx_word' id='word_1_565' title='bbox 565 4315 775 4374; x_wconf 81' lang='lat' dir='ltr'><strong>Interea</strong></span> <span class='ocrx_word' id='word_1_566' title='bbox 801 4317 940 4386; x_wconf 90' lang='lat' dir='ltr'><strong>quod</strong></span> <span class='ocrx_word' id='word_1_567' title='bbox 992 4317 1057 4370; x_wconf 90' lang='lat' dir='ltr'><strong>ad</strong></span> <span class='ocrx_word' id='word_1_568' title='bbox 1098 4327 1393 4386; x_wconf 65' lang='lat' dir='ltr'><strong>praesentes</strong></span> <span class='ocrx_word' id='word_1_569' title='bbox 1439 4316 1776 4386; x_wconf 90' lang='lat' dir='ltr'><strong>pertinebit,</strong></span> 
     </span>
    </p>
   </div>
   <div class='ocr_carea' id='block_1_75' title="bbox 185 4409 1778 4480">
    <p class='ocr_par' dir='ltr' id='par_1_75' title="bbox 185 4409 1778 4480">
     <span class='ocr_line' id='line_1_75' title="bbox 185 4409 1778 4480; baseline 0 -16"><span class='ocrx_word' id='word_1_570' title='bbox 185 4423 322 4466; x_wconf 88' lang='lat' dir='ltr'><strong>ante</strong></span> <span class='ocrx_word' id='word_1_571' title='bbox 360 4411 537 4464; x_wconf 91' lang='lat' dir='ltr'><strong>omnia</strong></span> <span class='ocrx_word' id='word_1_572' title='bbox 569 4419 880 4480; x_wconf 83' lang='lat' dir='ltr'><strong>terogatum</strong></span> <span class='ocrx_word' id='word_1_573' title='bbox 905 4410 1029 4464; x_wconf 90' lang='lat' dir='ltr'><strong>volo</strong></span> <span class='ocrx_word' id='word_1_574' title='bbox 1056 4451 1070 4475; x_wconf 92' lang='lat'><strong>,</strong></span> <span class='ocrx_word' id='word_1_575' title='bbox 1104 4426 1170 4465; x_wconf 88' lang='lat' dir='ltr'><strong>ne</strong></span> <span class='ocrx_word' id='word_1_576' title='bbox 1223 4411 1294 4464; x_wconf 88' lang='lat' dir='ltr'><strong>ob</strong></span> <span class='ocrx_word' id='word_1_577' title='bbox 1344 4409 1444 4464; x_wconf 89' lang='lat' dir='ltr'><strong>hoc</strong></span> <span class='ocrx_word' id='word_1_578' title='bbox 1478 4409 1653 4478; x_wconf 90' lang='lat' dir='ltr'><strong>ipsum</strong></span> <span class='ocrx_word' id='word_1_579' title='bbox 1681 4424 1778 4464; x_wconf 87' lang='lat' dir='ltr'><strong>uu-</strong></span> 
     </span>
    </p>
   </div>
   <div class='ocr_carea' id='block_1_76' title="bbox 185 4502 1780 4573">
    <p class='ocr_par' dir='ltr' id='par_1_76' title="bbox 185 4502 1780 4573">
     <span class='ocr_line' id='line_1_76' title="bbox 185 4502 1780 4573; baseline -0.002 -14"><span class='ocrx_word' id='word_1_580' title='bbox 185 4506 502 4559; x_wconf 85' lang='lat' dir='ltr'><strong>ctoritatem</strong></span> <span class='ocrx_word' id='word_1_581' title='bbox 534 4505 795 4560; x_wconf 87' lang='lat' dir='ltr'><strong>mutueris</strong></span> <span class='ocrx_word' id='word_1_582' title='bbox 827 4503 1041 4568; x_wconf 87' lang='lat' dir='ltr'><strong>errori;</strong></span> <span class='ocrx_word' id='word_1_583' title='bbox 1073 4503 1240 4573; x_wconf 88' lang='lat' dir='ltr'><strong>quod,</strong></span> <span class='ocrx_word' id='word_1_584' title='bbox 1265 4502 1524 4568; x_wconf 88' lang='lat' dir='ltr'><strong>sicutais,</strong></span> <span class='ocrx_word' id='word_1_585' title='bbox 1568 4516 1660 4572; x_wconf 90' lang='lat' dir='ltr'><strong>per</strong></span> <span class='ocrx_word' id='word_1_586' title='bbox 1684 4515 1780 4557; x_wconf 84' lang='lat' dir='ltr'><strong>or-</strong></span> 
     </span>
    </p>
   </div>
   <div class='ocr_carea' id='block_1_77' title="bbox 187 4595 1782 4666">
    <p class='ocr_par' dir='ltr' id='par_1_77' title="bbox 187 4595 1782 4666">
     <span class='ocr_line' id='line_1_77' title="bbox 187 4595 1782 4666; baseline -0.001 -16"><span class='ocrx_word' id='word_1_587' title='bbox 187 4596 318 4650; x_wconf 86' lang='lat' dir='ltr'><strong>bcm</strong></span> <span class='ocrx_word' id='word_1_588' title='bbox 347 4605 520 4650; x_wconf 90' lang='lat' dir='ltr'><strong>totum</strong></span> <span class='ocrx_word' id='word_1_589' title='bbox 569 4597 748 4651; x_wconf 90' lang='lat' dir='ltr'><strong>nullus</strong></span> <span class='ocrx_word' id='word_1_590' title='bbox 798 4597 942 4650; x_wconf 89' lang='lat' dir='ltr'><strong>intus</strong></span> <span class='ocrx_word' id='word_1_591' title='bbox 992 4595 1060 4650; x_wconf 91' lang='lat' dir='ltr'><strong>sit</strong></span> <span class='ocrx_word' id='word_1_592' title='bbox 1090 4596 1178 4666; x_wconf 94' lang='lat' dir='ltr'><strong>qui</strong></span> <span class='ocrx_word' id='word_1_593' title='bbox 1222 4604 1276 4648; x_wconf 89' lang='lat' dir='ltr'><strong>te</strong></span> <span class='ocrx_word' id='word_1_594' title='bbox 1331 4595 1782 4659; x_wconf 81' lang='lat' dir='ltr'><strong>revinceret,aut</strong></span> 
     </span>
    </p>
   </div>
   <div class='ocr_carea' id='block_1_78' title="bbox 1883 3386 3465 3459">
    <p class='ocr_par' dir='ltr' id='par_1_78' title="bbox 1883 3386 3465 3459">
     <span class='ocr_line' id='line_1_78' title="bbox 1883 3386 3465 3459; baseline -0.004 -15"><span class='ocrx_word' id='word_1_595' title='bbox 1883 3407 2014 3444; x_wconf 75' lang='lat' dir='ltr'><strong>mc.e</strong></span> <span class='ocrx_word' id='word_1_596' title='bbox 2042 3390 2214 3459; x_wconf 89' lang='lat' dir='ltr'><strong>plebis</strong></span> <span class='ocrx_word' id='word_1_597' title='bbox 2255 3403 2626 3458; x_wconf 85' lang='lat' dir='ltr'><strong>agnoscerem,</strong></span> <span class='ocrx_word' id='word_1_598' title='bbox 2661 3389 2764 3441; x_wconf 91' lang='lat' dir='ltr'><strong>nisi</strong></span> <span class='ocrx_word' id='word_1_599' title='bbox 2817 3386 3100 3443; x_wconf 89' lang='lat' dir='ltr'><strong>Catholica</strong></span> <span class='ocrx_word' id='word_1_600' title='bbox 3143 3386 3465 3441; x_wconf 77' lang='lat' dir='ltr'><strong>diceretur?</strong></span> 
     </span>
    </p>
   </div>
   <div class='ocr_carea' id='block_1_79' title="bbox 1883 3481 3466 3552">
    <p class='ocr_par' dir='ltr' id='par_1_79' title="bbox 1883 3481 3466 3552">
     <span class='ocr_line' id='line_1_79' title="bbox 1883 3481 3466 3552; baseline -0.002 -16"><span class='ocrx_word' id='word_1_601' title='bbox 1883 3489 2015 3552; x_wconf 73' lang='lat' dir='ltr'><strong>Age,</strong></span> <span class='ocrx_word' id='word_1_602' title='bbox 2046 3484 2164 3552; x_wconf 90' lang='lat' dir='ltr'><strong>quis</strong></span> <span class='ocrx_word' id='word_1_603' title='bbox 2183 3481 2392 3538; x_wconf 60' lang='lat' dir='ltr'><strong>caeteris</strong></span> <span class='ocrx_word' id='word_1_604' title='bbox 2407 3482 2654 3550; x_wconf 88' lang='lat' dir='ltr'><strong>plebibus</strong></span> <span class='ocrx_word' id='word_1_605' title='bbox 2678 3482 2890 3537; x_wconf 88' lang='lat' dir='ltr'><strong>nomina</strong></span> <span class='ocrx_word' id='word_1_606' title='bbox 2914 3491 3060 3536; x_wconf 86' lang='lat' dir='ltr'><strong>tanta</strong></span> <span class='ocrx_word' id='word_1_607' title='bbox 3094 3482 3322 3551; x_wconf 87' lang='lat' dir='ltr'><strong>largitus</strong></span> <span class='ocrx_word' id='word_1_608' title='bbox 3347 3481 3466 3536; x_wconf 82' lang='lat' dir='ltr'><strong>est?</strong></span> 
     </span>
    </p>
   </div>
   <div class='ocr_carea' id='block_1_80' title="bbox 1878 3571 3452 3642">
    <p class='ocr_par' dir='ltr' id='par_1_80' title="bbox 1878 3571 3452 3642">
     <span class='ocr_line' id='line_1_80' title="bbox 1878 3571 3452 3642; baseline -0.002 -14"><span class='ocrx_word' id='word_1_609' title='bbox 1878 3576 1988 3628; x_wconf 71' lang='lat' dir='ltr'><strong>(Zur</strong></span> <span class='ocrx_word' id='word_1_610' title='bbox 2012 3582 2089 3626; x_wconf 90' lang='lat' dir='ltr'><strong>tot</strong></span> <span class='ocrx_word' id='word_1_611' title='bbox 2117 3573 2364 3636; x_wconf 87' lang='lat' dir='ltr'><strong>urbibus,</strong></span> <span class='ocrx_word' id='word_1_612' title='bbox 2398 3583 2475 3626; x_wconf 93' lang='lat' dir='ltr'><strong>tot</strong></span> <span class='ocrx_word' id='word_1_613' title='bbox 2507 3574 2819 3626; x_wconf 88' lang='lat' dir='ltr'><strong>nationibus</strong></span> <span class='ocrx_word' id='word_1_614' title='bbox 2867 3587 2964 3626; x_wconf 87' lang='lat' dir='ltr'><strong>sua</strong></span> <span class='ocrx_word' id='word_1_615' title='bbox 2991 3587 3219 3642; x_wconf 76' lang='lat' dir='ltr'><strong>qua-que</strong></span> <span class='ocrx_word' id='word_1_616' title='bbox 3251 3571 3452 3626; x_wconf 88' lang='lat' dir='ltr'><strong>descri-</strong></span> 
     </span>
    </p>
   </div>
   <div class='ocr_carea' id='block_1_81' title="bbox 1880 3663 3462 3735">
    <p class='ocr_par' dir='ltr' id='par_1_81' title="bbox 1880 3663 3462 3735">
     <span class='ocr_line' id='line_1_81' title="bbox 1880 3663 3462 3735; baseline -0.002 -17"><span class='ocrx_word' id='word_1_617' title='bbox 1880 3668 1991 3735; x_wconf 88' lang='lat' dir='ltr'><strong>ptio</strong></span> <span class='ocrx_word' id='word_1_618' title='bbox 2018 3665 2138 3720; x_wconf 88' lang='lat' dir='ltr'><strong>est?</strong></span> <span class='ocrx_word' id='word_1_619' title='bbox 2165 3663 2280 3733; x_wconf 88' lang='lat' dir='ltr'><strong>Ipse</strong></span> <span class='ocrx_word' id='word_1_620' title='bbox 2306 3664 2394 3718; x_wconf 92' lang='lat' dir='ltr'><strong>ille</strong></span> <span class='ocrx_word' id='word_1_621' title='bbox 2422 3665 2510 3731; x_wconf 89' lang='lat' dir='ltr'><strong>qui</strong></span> <span class='ocrx_word' id='word_1_622' title='bbox 2541 3663 2866 3718; x_wconf 88' lang='lat' dir='ltr'><strong>catholicum</strong></span> <span class='ocrx_word' id='word_1_623' title='bbox 2902 3679 3096 3716; x_wconf 82' lang='lat' dir='ltr'><strong>nomen</strong></span> <span class='ocrx_word' id='word_1_624' title='bbox 3122 3663 3419 3731; x_wconf 89' lang='lat' dir='ltr'><strong>interrogat</strong></span> <span class='ocrx_word' id='word_1_625' title='bbox 3446 3703 3462 3726; x_wconf 95' lang='lat'><strong>,</strong></span> 
     </span>
    </p>
   </div>
   <div class='ocr_carea' id='block_1_82' title="bbox 1879 3753 3464 3822">
    <p class='ocr_par' dir='ltr' id='par_1_82' title="bbox 1879 3753 3464 3822">
     <span class='ocr_line' id='line_1_82' title="bbox 1879 3753 3464 3822; baseline -0.003 -10"><span class='ocrx_word' id='word_1_626' title='bbox 1879 3772 2096 3812; x_wconf 84' lang='lat' dir='ltr'><strong>causam</strong></span> <span class='ocrx_word' id='word_1_627' title='bbox 2123 3757 2206 3812; x_wconf 87' lang='lat' dir='ltr'><strong>sui</strong></span> <span class='ocrx_word' id='word_1_628' title='bbox 2237 3756 2472 3811; x_wconf 87' lang='lat' dir='ltr'><strong>nominis</strong></span> <span class='ocrx_word' id='word_1_629' title='bbox 2498 3755 2730 3820; x_wconf 88' lang='lat' dir='ltr'><strong>nesciet,</strong></span> <span class='ocrx_word' id='word_1_630' title='bbox 2770 3756 2814 3808; x_wconf 95' lang='lat' dir='ltr'><strong>si</strong></span> <span class='ocrx_word' id='word_1_631' title='bbox 2857 3755 3129 3822; x_wconf 80' lang='lat' dir='ltr'><strong>requiram</strong></span> <span class='ocrx_word' id='word_1_632' title='bbox 3163 3753 3306 3808; x_wconf 89' lang='lat' dir='ltr'><strong>unde</strong></span> <span class='ocrx_word' id='word_1_633' title='bbox 3331 3753 3464 3807; x_wconf 90' lang='lat' dir='ltr'><strong>mihi</strong></span> 
     </span>
    </p>
   </div>
   <div class='ocr_carea' id='block_1_83' title="bbox 1882 3846 3465 3909">
    <p class='ocr_par' dir='ltr' id='par_1_83' title="bbox 1882 3846 3465 3909">
     <span class='ocr_line' id='line_1_83' title="bbox 1882 3846 3465 3909; baseline -0.006 -4"><span class='ocrx_word' id='word_1_634' title='bbox 1882 3850 2134 3905; x_wconf 89' lang='lat' dir='ltr'><strong>tradituut</strong></span> <span class='ocrx_word' id='word_1_635' title='bbox 2164 3859 2267 3904; x_wconf 89' lang='lat' dir='ltr'><strong>est.</strong></span> <span class='ocrx_word' id='word_1_636' title='bbox 2296 3847 2462 3904; x_wconf 88' lang='lat' dir='ltr'><strong>Certe</strong></span> <span class='ocrx_word' id='word_1_637' title='bbox 2490 3862 2594 3903; x_wconf 92' lang='lat' dir='ltr'><strong>n0n</strong></span> <span class='ocrx_word' id='word_1_638' title='bbox 2641 3857 2724 3902; x_wconf 84' lang='lat' dir='ltr'><strong>est</strong></span> <span class='ocrx_word' id='word_1_639' title='bbox 2766 3847 2833 3902; x_wconf 88' lang='lat' dir='ltr'><strong>ab</strong></span> <span class='ocrx_word' id='word_1_640' title='bbox 2862 3846 3082 3900; x_wconf 91' lang='lat' dir='ltr'><strong>homine</strong></span> <span class='ocrx_word' id='word_1_641' title='bbox 3112 3855 3418 3899; x_wconf 90' lang='lat' dir='ltr'><strong>mutuatum</strong></span> <span class='ocrx_word' id='word_1_642' title='bbox 3450 3885 3465 3909; x_wconf 94' lang='lat'><strong>,</strong></span> 
     </span>
    </p>
   </div>
   <div class='ocr_carea' id='block_1_84' title="bbox 1881 3937 3473 4013">
    <p class='ocr_par' dir='ltr' id='par_1_84' title="bbox 1881 3937 3473 4013">
     <span class='ocr_line' id='line_1_84' title="bbox 1881 3937 3473 4013; baseline -0.004 -15"><span class='ocrx_word' id='word_1_643' title='bbox 1881 3943 2024 4013; x_wconf 90' lang='lat' dir='ltr'><strong>quod</strong></span> <span class='ocrx_word' id='word_1_644' title='bbox 2052 3959 2144 4011; x_wconf 87' lang='lat' dir='ltr'><strong>per</strong></span> <span class='ocrx_word' id='word_1_645' title='bbox 2165 3942 2360 3997; x_wconf 66' lang='lat' dir='ltr'><strong>secula</strong></span> <span class='ocrx_word' id='word_1_646' title='bbox 2386 3951 2534 3995; x_wconf 88' lang='lat' dir='ltr'><strong>tanta</strong></span> <span class='ocrx_word' id='word_1_647' title='bbox 2559 3955 2662 3995; x_wconf 93' lang='lat' dir='ltr'><strong>nou</strong></span> <span class='ocrx_word' id='word_1_648' title='bbox 2699 3941 2918 3995; x_wconf 88' lang='lat' dir='ltr'><strong>cecidit.</strong></span> <span class='ocrx_word' id='word_1_649' title='bbox 2953 3939 3294 3992; x_wconf 82' lang='lat' dir='ltr'><strong>Catholicum</strong></span> <span class='ocrx_word' id='word_1_650' title='bbox 3329 3937 3473 3992; x_wconf 87' lang='lat' dir='ltr'><strong>istud</strong></span> 
     </span>
    </p>
   </div>
   <div class='ocr_carea' id='block_1_85' title="bbox 1884 4031 3470 4102">
    <p class='ocr_par' dir='ltr' id='par_1_85' title="bbox 1884 4031 3470 4102">
     <span class='ocr_line' id='line_1_85' title="bbox 1884 4031 3470 4102; baseline -0.005 -12"><span class='ocrx_word' id='word_1_651' title='bbox 1884 4052 1981 4091; x_wconf 91' lang='lat' dir='ltr'><strong>nec</strong></span> <span class='ocrx_word' id='word_1_652' title='bbox 2008 4035 2354 4100; x_wconf 72' lang='lat' dir='ltr'><strong>Marcionem,</strong></span> <span class='ocrx_word' id='word_1_653' title='bbox 2391 4049 2493 4089; x_wconf 91' lang='lat' dir='ltr'><strong>nec</strong></span> <span class='ocrx_word' id='word_1_654' title='bbox 2523 4033 2790 4102; x_wconf 78' lang='lat' dir='ltr'><strong>Apellem,</strong></span> <span class='ocrx_word' id='word_1_655' title='bbox 2817 4047 2915 4088; x_wconf 88' lang='lat' dir='ltr'><strong>nec</strong></span> <span class='ocrx_word' id='word_1_656' title='bbox 2943 4031 3256 4085; x_wconf 83' lang='lat' dir='ltr'><strong>Montanum</strong></span> <span class='ocrx_word' id='word_1_657' title='bbox 3287 4037 3470 4093; x_wconf 79' lang='lat' dir='ltr'><strong>sonat,</strong></span> 
     </span>
    </p>
   </div>
   <div class='ocr_carea' id='block_1_86' title="bbox 1881 4121 3464 4190">
    <p class='ocr_par' dir='ltr' id='par_1_86' title="bbox 1881 4121 3464 4190">
     <span class='ocr_line' id='line_1_86' title="bbox 1881 4121 3464 4190; baseline -0.005 -8"><span class='ocrx_word' id='word_1_658' title='bbox 1881 4143 1983 4182; x_wconf 90' lang='lat' dir='ltr'><strong>nec</strong></span> <span class='ocrx_word' id='word_1_659' title='bbox 2015 4127 2296 4180; x_wconf 59' lang='lat' dir='ltr'><strong>haereticos</strong></span> <span class='ocrx_word' id='word_1_660' title='bbox 2323 4127 2489 4179; x_wconf 89' lang='lat' dir='ltr'><strong>sumit</strong></span> <span class='ocrx_word' id='word_1_661' title='bbox 2517 4135 2789 4180; x_wconf 88' lang='lat' dir='ltr'><strong>auctores.</strong></span> <span class='ocrx_word' id='word_1_662' title='bbox 2833 4123 3030 4178; x_wconf 81' lang='lat' dir='ltr'><strong>Multos</strong></span> <span class='ocrx_word' id='word_1_663' title='bbox 3076 4136 3177 4177; x_wconf 90' lang='lat' dir='ltr'><strong>nos</strong></span> <span class='ocrx_word' id='word_1_664' title='bbox 3223 4121 3464 4190; x_wconf 87' lang='lat' dir='ltr'><strong>Spiritus</strong></span> 
     </span>
    </p>
   </div>
   <div class='ocr_carea' id='block_1_87' title="bbox 1880 4214 3474 4286">
    <p class='ocr_par' dir='ltr' id='par_1_87' title="bbox 1880 4214 3474 4286">
     <span class='ocr_line' id='line_1_87' title="bbox 1880 4214 3474 4286; baseline -0.004 -14"><span class='ocrx_word' id='word_1_665' title='bbox 1880 4227 2105 4272; x_wconf 79' lang='lat' dir='ltr'><strong>sanctus</strong></span> <span class='ocrx_word' id='word_1_666' title='bbox 2126 4217 2363 4282; x_wconf 73' lang='lat' dir='ltr'><strong>edocuit,</strong></span> <span class='ocrx_word' id='word_1_667' title='bbox 2414 4233 2571 4286; x_wconf 89' lang='lat' dir='ltr'><strong>quem</strong></span> <span class='ocrx_word' id='word_1_668' title='bbox 2599 4217 2943 4286; x_wconf 89' lang='lat' dir='ltr'><strong>paraeletum</strong></span> <span class='ocrx_word' id='word_1_669' title='bbox 2985 4214 3251 4284; x_wconf 88' lang='lat' dir='ltr'><strong>apostolis</strong></span> <span class='ocrx_word' id='word_1_670' title='bbox 3278 4223 3332 4266; x_wconf 81' lang='lat' dir='ltr'><strong>et</strong></span> <span class='ocrx_word' id='word_1_671' title='bbox 3359 4227 3474 4266; x_wconf 85' lang='lat' dir='ltr'><strong>ma-</strong></span> 
     </span>
    </p>
   </div>
   <div class='ocr_carea' id='block_1_88' title="bbox 1880 4305 3473 4381">
    <p class='ocr_par' dir='ltr' id='par_1_88' title="bbox 1880 4305 3473 4381">
     <span class='ocr_line' id='line_1_88' title="bbox 1880 4305 3473 4381; baseline -0.003 -17"><span class='ocrx_word' id='word_1_672' title='bbox 1880 4312 2106 4381; x_wconf 84' lang='lat' dir='ltr'><strong>gistrum</strong></span> <span class='ocrx_word' id='word_1_673' title='bbox 2137 4310 2278 4365; x_wconf 89' lang='lat' dir='ltr'><strong>Deus</strong></span> <span class='ocrx_word' id='word_1_674' title='bbox 2309 4310 2502 4364; x_wconf 85' lang='lat' dir='ltr'><strong>misite</strong></span> <span class='ocrx_word' id='word_1_675' title='bbox 2532 4309 2717 4374; x_wconf 73' lang='lat' dir='ltr'><strong>ctelis;</strong></span> <span class='ocrx_word' id='word_1_676' title='bbox 2743 4309 2910 4363; x_wconf 84' lang='lat' dir='ltr'><strong>multa</strong></span> <span class='ocrx_word' id='word_1_677' title='bbox 2936 4307 3078 4362; x_wconf 89' lang='lat' dir='ltr'><strong>ratio</strong></span> <span class='ocrx_word' id='word_1_678' title='bbox 3100 4347 3114 4372; x_wconf 94' lang='lat'><strong>,</strong></span> <span class='ocrx_word' id='word_1_679' title='bbox 3173 4305 3319 4361; x_wconf 86' lang='lat' dir='ltr'><strong>sicut</strong></span> <span class='ocrx_word' id='word_1_680' title='bbox 3343 4305 3473 4360; x_wconf 86' lang='lat' dir='ltr'><strong>dicit</strong></span> 
     </span>
    </p>
   </div>
   <div class='ocr_carea' id='block_1_89' title="bbox 1882 4397 3473 4471">
    <p class='ocr_par' dir='ltr' id='par_1_89' title="bbox 1882 4397 3473 4471">
     <span class='ocr_line' id='line_1_89' title="bbox 1882 4397 3473 4471; baseline -0.004 -13"><span class='ocrx_word' id='word_1_681' title='bbox 1882 4402 2103 4469; x_wconf 85' lang='lat' dir='ltr'><strong>Paulus,</strong></span> <span class='ocrx_word' id='word_1_682' title='bbox 2135 4412 2188 4458; x_wconf 87' lang='lat' dir='ltr'><strong>et</strong></span> <span class='ocrx_word' id='word_1_683' title='bbox 2218 4403 2500 4471; x_wconf 87' lang='lat' dir='ltr'><strong>honestas,</strong></span> <span class='ocrx_word' id='word_1_684' title='bbox 2524 4411 2602 4467; x_wconf 91' lang='lat' dir='ltr'><strong>et,</strong></span> <span class='ocrx_word' id='word_1_685' title='bbox 2650 4411 2708 4456; x_wconf 93' lang='lat' dir='ltr'><strong>ut</strong></span> <span class='ocrx_word' id='word_1_686' title='bbox 2736 4402 2832 4464; x_wconf 81' lang='lat' dir='ltr'><strong>ait,</strong></span> <span class='ocrx_word' id='word_1_687' title='bbox 2890 4401 3008 4470; x_wconf 86' lang='lat' dir='ltr'><strong>ipsa</strong></span> <span class='ocrx_word' id='word_1_688' title='bbox 3038 4410 3251 4454; x_wconf 87' lang='lat' dir='ltr'><strong>natura.</strong></span> <span class='ocrx_word' id='word_1_689' title='bbox 3293 4397 3473 4467; x_wconf 69' lang='lat' dir='ltr'><strong>Quid?</strong></span> 
     </span>
    </p>
   </div>
   <div class='ocr_carea' id='block_1_90' title="bbox 1885 4492 3473 4565">
    <p class='ocr_par' dir='ltr' id='par_1_90' title="bbox 1885 4492 3473 4565">
     <span class='ocr_line' id='line_1_90' title="bbox 1885 4492 3473 4565; baseline -0.004 -14"><span class='ocrx_word' id='word_1_690' title='bbox 1885 4496 2053 4553; x_wconf 83' lang='lat' dir='ltr'><strong>Parva</strong></span> <span class='ocrx_word' id='word_1_691' title='bbox 2079 4494 2232 4550; x_wconf 87' lang='lat' dir='ltr'><strong>nobis</strong></span> <span class='ocrx_word' id='word_1_692' title='bbox 2252 4495 2320 4550; x_wconf 88' lang='lat' dir='ltr'><strong>de</strong></span> <span class='ocrx_word' id='word_1_693' title='bbox 2349 4494 2670 4565; x_wconf 86' lang='lat' dir='ltr'><strong>apostolicis</strong></span> <span class='ocrx_word' id='word_1_694' title='bbox 2701 4495 2854 4560; x_wconf 86' lang='lat' dir='ltr'><strong>viris,</strong></span> <span class='ocrx_word' id='word_1_695' title='bbox 2880 4508 3042 4564; x_wconf 87' lang='lat' dir='ltr'><strong>parva</strong></span> <span class='ocrx_word' id='word_1_696' title='bbox 3069 4492 3138 4547; x_wconf 89' lang='lat' dir='ltr'><strong>de</strong></span> <span class='ocrx_word' id='word_1_697' title='bbox 3160 4492 3358 4561; x_wconf 90' lang='lat' dir='ltr'><strong>primis</strong></span> <span class='ocrx_word' id='word_1_698' title='bbox 3383 4504 3473 4544; x_wconf 86' lang='lat' dir='ltr'><strong>sa-</strong></span> 
     </span>
    </p>
   </div>
   <div class='ocr_carea' id='block_1_91' title="bbox 1883 4586 3477 4660">
    <p class='ocr_par' dir='ltr' id='par_1_91' title="bbox 1883 4586 3477 4660">
     <span class='ocr_line' id='line_1_91' title="bbox 1883 4586 3477 4660; baseline -0.001 -18"><span class='ocrx_word' id='word_1_699' title='bbox 1883 4588 2222 4650; x_wconf 90' lang='lat' dir='ltr'><strong>cerdotibus.</strong></span> <span class='ocrx_word' id='word_1_700' title='bbox 2247 4603 2412 4659; x_wconf 88' lang='lat' dir='ltr'><strong>parva</strong></span> <span class='ocrx_word' id='word_1_701' title='bbox 2437 4588 2504 4644; x_wconf 87' lang='lat' dir='ltr'><strong>de</strong></span> <span class='ocrx_word' id='word_1_702' title='bbox 2530 4589 2852 4644; x_wconf 87' lang='lat' dir='ltr'><strong>beatissimo</strong></span> <span class='ocrx_word' id='word_1_703' title='bbox 2903 4586 3179 4660; x_wconf 85' lang='lat' dir='ltr'><strong>Cypriane</strong></span> <span class='ocrx_word' id='word_1_704' title='bbox 3226 4596 3477 4656; x_wconf 87' lang='lat' dir='ltr'><strong>martyre</strong></span> 
     </span>
    </p>
   </div>
   <div class='ocr_carea' id='block_1_92' title="bbox 191 4675 3470 4760">
    <p class='ocr_par' dir='ltr' id='par_1_92' title="bbox 191 4675 3470 4760">
     <span class='ocr_line' id='line_1_92' title="bbox 191 4675 3470 4760; baseline -0.004 -16"><span class='ocrx_word' id='word_1_705' title='bbox 191 4689 528 4760; x_wconf 87' lang='lat' dir='ltr'><strong>persuadere</strong></span> <span class='ocrx_word' id='word_1_706' title='bbox 553 4690 646 4742; x_wconf 90' lang='lat' dir='ltr'><strong>tibi</strong></span> <span class='ocrx_word' id='word_1_707' title='bbox 679 4699 865 4759; x_wconf 87' lang='lat' dir='ltr'><strong>posset</strong></span> <span class='ocrx_word' id='word_1_708' title='bbox 891 4699 1082 4743; x_wconf 88' lang='lat' dir='ltr'><strong>contra</strong></span> <span class='ocrx_word' id='word_1_709' title='bbox 1125 4702 1288 4758; x_wconf 92' lang='lat' dir='ltr'><strong>quam</strong></span> <span class='ocrx_word' id='word_1_710' title='bbox 1315 4687 1588 4742; x_wconf 88' lang='lat' dir='ltr'><strong>crederes.</strong></span> <span class='ocrx_word' id='word_1_711' title='bbox 1645 4684 1777 4741; x_wconf 82' lang='lat' dir='ltr'><strong>Nam</strong></span> <span class='ocrx_word' id='word_1_712' title='bbox 1804 4675 1858 4736; x_wconf 78' lang='grc' dir='ltr'><strong>Β</strong></span> <span class='ocrx_word' id='word_1_713' title='bbox 1881 4692 2045 4752; x_wconf 87' lang='lat' dir='ltr'><strong>atque</strong></span> <span class='ocrx_word' id='word_1_714' title='bbox 2065 4681 2292 4738; x_wconf 89' lang='lat' dir='ltr'><strong>doctore</strong></span> <span class='ocrx_word' id='word_1_715' title='bbox 2319 4682 2486 4736; x_wconf 82' lang='lat' dir='ltr'><strong>currit</strong></span> <span class='ocrx_word' id='word_1_716' title='bbox 2507 4681 2846 4736; x_wconf 77' lang='lat' dir='ltr'><strong>auctoritas?</strong></span> <span class='ocrx_word' id='word_1_717' title='bbox 2876 4682 2959 4736; x_wconf 85' lang='lat' dir='ltr'><strong>An</strong></span> <span class='ocrx_word' id='word_1_718' title='bbox 2985 4681 3238 4734; x_wconf 81' lang='lat' dir='ltr'><strong>volumus</strong></span> <span class='ocrx_word' id='word_1_719' title='bbox 3267 4678 3470 4732; x_wconf 84' lang='lat' dir='ltr'><strong>docere</strong></span> 
     </span>
    </p>
   </div>
   <div class='ocr_carea' id='block_1_93' title="bbox 186 4777 1774 4849">
    <p class='ocr_par' dir='ltr' id='par_1_93' title="bbox 186 4777 1774 4849">
     <span class='ocr_line' id='line_1_93' title="bbox 186 4777 1774 4849; baseline -0.003 -14"><span class='ocrx_word' id='word_1_720' title='bbox 186 4789 249 4835; x_wconf 89' lang='lat' dir='ltr'><strong>et</strong></span> <span class='ocrx_word' id='word_1_721' title='bbox 274 4781 316 4833; x_wconf 89' lang='lat' dir='ltr'><strong>si</strong></span> <span class='ocrx_word' id='word_1_722' title='bbox 349 4795 446 4833; x_wconf 91' lang='lat' dir='ltr'><strong>nos</strong></span> <span class='ocrx_word' id='word_1_723' title='bbox 477 4780 734 4848; x_wconf 90' lang='lat' dir='ltr'><strong>imperiti,</strong></span> <span class='ocrx_word' id='word_1_724' title='bbox 767 4782 1126 4848; x_wconf 86' lang='lat' dir='ltr'><strong>peritissimus</strong></span> <span class='ocrx_word' id='word_1_725' title='bbox 1157 4780 1252 4834; x_wconf 87' lang='lat' dir='ltr'><strong>Dei</strong></span> <span class='ocrx_word' id='word_1_726' title='bbox 1283 4778 1515 4849; x_wconf 89' lang='lat' dir='ltr'><strong>Spiritus</strong></span> <span class='ocrx_word' id='word_1_727' title='bbox 1548 4795 1562 4831; x_wconf 89' lang='lat'><strong>:</strong></span> <span class='ocrx_word' id='word_1_728' title='bbox 1625 4786 1681 4832; x_wconf 91' lang='lat' dir='ltr'><strong>ct</strong></span> <span class='ocrx_word' id='word_1_729' title='bbox 1729 4777 1774 4831; x_wconf 88' lang='lat' dir='ltr'><strong>si</strong></span> 
     </span>
    </p>
   </div>
   <div class='ocr_carea' id='block_1_94' title="bbox 189 4871 1770 4944">
    <p class='ocr_par' dir='ltr' id='par_1_94' title="bbox 189 4871 1770 4944">
     <span class='ocr_line' id='line_1_94' title="bbox 189 4871 1770 4944; baseline -0.003 -17"><span class='ocrx_word' id='word_1_730' title='bbox 189 4887 296 4927; x_wconf 91' lang='lat' dir='ltr'><strong>nos</strong></span> <span class='ocrx_word' id='word_1_731' title='bbox 337 4871 604 4935; x_wconf 86' lang='lat' dir='ltr'><strong>infideles,</strong></span> <span class='ocrx_word' id='word_1_732' title='bbox 660 4872 822 4937; x_wconf 78' lang='lat' dir='ltr'><strong>ﬁdelis</strong></span> <span class='ocrx_word' id='word_1_733' title='bbox 859 4872 1015 4939; x_wconf 88' lang='lat' dir='ltr'><strong>Deus,</strong></span> <span class='ocrx_word' id='word_1_734' title='bbox 1056 4873 1142 4942; x_wconf 85' lang='lat' dir='ltr'><strong>qui</strong></span> <span class='ocrx_word' id='word_1_735' title='bbox 1183 4889 1368 4944; x_wconf 83' lang='lat' dir='ltr'><strong>negare</strong></span> <span class='ocrx_word' id='word_1_736' title='bbox 1393 4889 1558 4939; x_wconf 70' lang='lat' dir='ltr'><strong>senon</strong></span> <span class='ocrx_word' id='word_1_737' title='bbox 1605 4881 1770 4940; x_wconf 79' lang='lat' dir='ltr'><strong>potest</strong></span> 
     </span>
    </p>
   </div>
   <div class='ocr_carea' id='block_1_95' title="bbox 191 4963 1784 5036">
    <p class='ocr_par' dir='ltr' id='par_1_95' title="bbox 191 4963 1784 5036">
     <span class='ocr_line' id='line_1_95' title="bbox 191 4963 1784 5036; baseline -0.001 -18"><span class='ocrx_word' id='word_1_738' title='bbox 191 4963 267 5036; x_wconf 88' lang='lat' dir='ltr'><strong>(ll</strong></span> <span class='ocrx_word' id='word_1_739' title='bbox 293 4963 454 5025; x_wconf 85' lang='lat' dir='ltr'><strong>Tiut..</strong></span> <span class='ocrx_word' id='word_1_740' title='bbox 498 4980 556 5030; x_wconf 94' lang='lat' dir='ltr'><strong>u,</strong></span> <span class='ocrx_word' id='word_1_741' title='bbox 582 4963 694 5034; x_wconf 77' lang='lat' dir='ltr'><strong>l3).</strong></span> <span class='ocrx_word' id='word_1_742' title='bbox 730 4964 864 5019; x_wconf 81' lang='lat' dir='ltr'><strong>Tum</strong></span> <span class='ocrx_word' id='word_1_743' title='bbox 899 4981 1081 5034; x_wconf 90' lang='lat' dir='ltr'><strong>porro,</strong></span> <span class='ocrx_word' id='word_1_744' title='bbox 1111 4965 1254 5035; x_wconf 89' lang='lat' dir='ltr'><strong>quod</strong></span> <span class='ocrx_word' id='word_1_745' title='bbox 1287 4965 1314 5003; x_wconf 73' lang='grc' dir='ltr'>δ</span> <span class='ocrx_word' id='word_1_746' title='bbox 1349 4965 1666 5027; x_wconf 89' lang='lat' dir='ltr'><strong>obniteudo,</strong></span> <span class='ocrx_word' id='word_1_747' title='bbox 1695 4977 1784 5018; x_wconf 85' lang='lat' dir='ltr'><strong>sa-</strong></span> 
     </span>
    </p>
   </div>
   <div class='ocr_carea' id='block_1_96' title="bbox 187 5055 1784 5121">
    <p class='ocr_par' dir='ltr' id='par_1_96' title="bbox 187 5055 1784 5121">
     <span class='ocr_line' id='line_1_96' title="bbox 187 5055 1784 5121; baseline -0.001 -10"><span class='ocrx_word' id='word_1_748' title='bbox 187 5055 509 5111; x_wconf 87' lang='lat' dir='ltr'><strong>cerdotibus</strong></span> <span class='ocrx_word' id='word_1_749' title='bbox 538 5057 629 5111; x_wconf 89' lang='lat' dir='ltr'><strong>Dei</strong></span> <span class='ocrx_word' id='word_1_750' title='bbox 662 5057 751 5110; x_wconf 90' lang='lat' dir='ltr'><strong>diu</strong></span> <span class='ocrx_word' id='word_1_751' title='bbox 783 5056 1113 5112; x_wconf 82' lang='lat' dir='ltr'><strong>contendere</strong></span> <span class='ocrx_word' id='word_1_752' title='bbox 1141 5073 1245 5110; x_wconf 90' lang='lat' dir='ltr'><strong>non</strong></span> <span class='ocrx_word' id='word_1_753' title='bbox 1282 5058 1496 5112; x_wconf 87' lang='lat' dir='ltr'><strong>licebat.</strong></span> <span class='ocrx_word' id='word_1_754' title='bbox 1546 5055 1677 5121; x_wconf 79' lang='lat' dir='ltr'><strong>Nos,</strong></span> <span class='ocrx_word' id='word_1_755' title='bbox 1704 5055 1784 5109; x_wconf 57' lang='lat' dir='ltr'><strong>in.</strong></span> 
     </span>
    </p>
   </div>
   <div class='ocr_carea' id='block_1_97' title="bbox 186 5149 1777 5219">
    <p class='ocr_par' dir='ltr' id='par_1_97' title="bbox 186 5149 1777 5219">
     <span class='ocr_line' id='line_1_97' title="bbox 186 5149 1777 5219; baseline 0.002 -18"><span class='ocrx_word' id='word_1_756' title='bbox 186 5149 648 5219; x_wconf 81' lang='lat' dir='ltr'><strong>quitApostolus,</strong></span> <span class='ocrx_word' id='word_1_757' title='bbox 696 5151 846 5204; x_wconf 81' lang='lat' dir='ltr'><strong>talem</strong></span> <span class='ocrx_word' id='word_1_758' title='bbox 891 5150 1310 5204; x_wconf 76' lang='lat' dir='ltr'><strong>consuetudinem</strong></span> <span class='ocrx_word' id='word_1_759' title='bbox 1352 5165 1454 5203; x_wconf 84' lang='lat' dir='ltr'><strong>non</strong></span> <span class='ocrx_word' id='word_1_760' title='bbox 1485 5149 1732 5204; x_wconf 80' lang='lat' dir='ltr'><strong>habemus</strong></span> <span class='ocrx_word' id='word_1_761' title='bbox 1763 5190 1777 5214; x_wconf 88' lang='lat'><strong>,</strong></span> 
     </span>
    </p>
   </div>
   <div class='ocr_carea' id='block_1_98' title="bbox 187 5239 1775 5316">
    <p class='ocr_par' dir='ltr' id='par_1_98' title="bbox 187 5239 1775 5316">
     <span class='ocr_line' id='line_1_98' title="bbox 187 5239 1775 5316; baseline 0.003 -22"><span class='ocrx_word' id='word_1_762' title='bbox 187 5256 285 5294; x_wconf 82' lang='lat' dir='ltr'><strong>nec</strong></span> <span class='ocrx_word' id='word_1_763' title='bbox 312 5239 544 5295; x_wconf 76' lang='lat' dir='ltr'><strong>Ecclesia</strong></span> <span class='ocrx_word' id='word_1_764' title='bbox 573 5243 710 5316; x_wconf 84' lang='lat' dir='ltr'><strong>Dei(</strong></span> <span class='ocrx_word' id='word_1_765' title='bbox 744 5245 760 5299; x_wconf 96' lang='lat' dir='ltr'><strong>l</strong></span> <span class='ocrx_word' id='word_1_766' title='bbox 791 5244 934 5310; x_wconf 88' lang='lat' dir='ltr'><strong>Cor.,</strong></span> <span class='ocrx_word' id='word_1_767' title='bbox 971 5259 1046 5310; x_wconf 74' lang='grc' dir='ltr'>ιι,</span> <span class='ocrx_word' id='word_1_768' title='bbox 1075 5244 1186 5312; x_wconf 79' lang='grc'><strong>16).</strong></span> <span class='ocrx_word' id='word_1_769' title='bbox 1239 5244 1364 5298; x_wconf 80' lang='lat' dir='ltr'><strong>Post</strong></span> <span class='ocrx_word' id='word_1_770' title='bbox 1407 5260 1562 5298; x_wconf 84' lang='lat' dir='ltr'><strong>unam</strong></span> <span class='ocrx_word' id='word_1_771' title='bbox 1583 5259 1775 5298; x_wconf 74' lang='lat' dir='ltr'><strong>.corre-</strong></span> 
     </span>
    </p>
   </div>
   <div class='ocr_carea' id='block_1_99' title="bbox 189 5333 1772 5407">
    <p class='ocr_par' dir='ltr' id='par_1_99' title="bbox 189 5333 1772 5407">
     <span class='ocr_line' id='line_1_99' title="bbox 189 5333 1772 5407; baseline 0.003 -21"><span class='ocrx_word' id='word_1_772' title='bbox 189 5333 591 5405; x_wconf 84' lang='lat' dir='ltr'><strong>ptionem(1‘it.,</strong></span> <span class='ocrx_word' id='word_1_773' title='bbox 617 5351 696 5400; x_wconf 87' lang='lat' dir='ltr'><strong>ut,</strong></span> <span class='ocrx_word' id='word_1_774' title='bbox 741 5338 854 5407; x_wconf 68' lang='lat'><strong>10),</strong></span> <span class='ocrx_word' id='word_1_775' title='bbox 913 5339 1051 5392; x_wconf 91' lang='lat' dir='ltr'><strong>sicut</strong></span> <span class='ocrx_word' id='word_1_776' title='bbox 1079 5337 1185 5390; x_wconf 89' lang='lat' dir='ltr'><strong>scis</strong></span> <span class='ocrx_word' id='word_1_777' title='bbox 1218 5335 1356 5406; x_wconf 89' lang='lat' dir='ltr'><strong>ipse,</strong></span> <span class='ocrx_word' id='word_1_778' title='bbox 1399 5337 1772 5391; x_wconf 90' lang='lat' dir='ltr'><strong>contentiosus</strong></span> 
     </span>
    </p>
   </div>
   <div class='ocr_carea' id='block_1_100' title="bbox 189 5423 1774 5497">
    <p class='ocr_par' dir='ltr' id='par_1_100' title="bbox 189 5423 1774 5497">
     <span class='ocr_line' id='line_1_100' title="bbox 189 5423 1774 5497; baseline 0.001 -19"><span class='ocrx_word' id='word_1_779' title='bbox 189 5423 484 5478; x_wconf 88' lang='lat' dir='ltr'><strong>omittitur.</strong></span> <span class='ocrx_word' id='word_1_780' title='bbox 527 5424 862 5484; x_wconf 87' lang='lat' dir='ltr'><strong>Persuadere</strong></span> <span class='ocrx_word' id='word_1_781' title='bbox 888 5438 1067 5483; x_wconf 92' lang='lat' dir='ltr'><strong>autem</strong></span> <span class='ocrx_word' id='word_1_782' title='bbox 1094 5429 1216 5497; x_wconf 92' lang='lat' dir='ltr'><strong>quis</strong></span> <span class='ocrx_word' id='word_1_783' title='bbox 1253 5426 1449 5495; x_wconf 86' lang='lat' dir='ltr'><strong>aliquid</strong></span> <span class='ocrx_word' id='word_1_784' title='bbox 1493 5428 1668 5497; x_wconf 81' lang='lat' dir='ltr'><strong>possit</strong></span> <span class='ocrx_word' id='word_1_785' title='bbox 1694 5429 1774 5481; x_wconf 89' lang='lat' dir='ltr'><strong>itt-</strong></span> 
     </span>
    </p>
   </div>
   <div class='ocr_carea' id='block_1_101' title="bbox 189 5508 1778 5593">
    <p class='ocr_par' dir='ltr' id='par_1_101' title="bbox 189 5508 1778 5593">
     <span class='ocr_line' id='line_1_101' title="bbox 189 5508 1778 5593; baseline 0.002 -19"><span class='ocrx_word' id='word_1_786' title='bbox 189 5508 351 5574; x_wconf 81' lang='lat' dir='ltr'><strong>vito?</strong></span> <span class='ocrx_word' id='word_1_787' title='bbox 401 5518 515 5574; x_wconf 87' lang='lat' dir='ltr'><strong>Tua</strong></span> <span class='ocrx_word' id='word_1_788' title='bbox 543 5535 672 5590; x_wconf 78' lang='lat' dir='ltr'><strong>ergo</strong></span> <span class='ocrx_word' id='word_1_789' title='bbox 698 5562 714 5588; x_wconf 92' lang='lat'><strong>,</strong></span> <span class='ocrx_word' id='word_1_790' title='bbox 744 5521 907 5579; x_wconf 79' lang='lat' dir='ltr'><strong>frater</strong></span> <span class='ocrx_word' id='word_1_791' title='bbox 931 5562 948 5588; x_wconf 91' lang='lat'><strong>,</strong></span> <span class='ocrx_word' id='word_1_792' title='bbox 975 5538 1080 5578; x_wconf 89' lang='lat' dir='ltr'><strong>non</strong></span> <span class='ocrx_word' id='word_1_793' title='bbox 1114 5523 1324 5578; x_wconf 89' lang='lat' dir='ltr'><strong>illorum</strong></span> <span class='ocrx_word' id='word_1_794' title='bbox 1376 5521 1535 5593; x_wconf 89' lang='lat' dir='ltr'><strong>culpa</strong></span> <span class='ocrx_word' id='word_1_795' title='bbox 1568 5533 1677 5586; x_wconf 90' lang='lat' dir='ltr'><strong>est,</strong></span> <span class='ocrx_word' id='word_1_796' title='bbox 1734 5523 1778 5578; x_wconf 90' lang='lat' dir='ltr'><strong>si</strong></span> 
     </span>
    </p>
   </div>
   <div class='ocr_carea' id='block_1_102' title="bbox 269 5675 1770 5748">
    <p class='ocr_par' dir='ltr' id='par_1_102' title="bbox 269 5675 1770 5748">
     <span class='ocr_line' id='line_1_102' title="bbox 269 5675 1770 5748; baseline 0.003 -19"><span class='ocrx_word' id='word_1_797' title='bbox 269 5687 293 5713; x_wconf 74' lang='grc' dir='ltr'><strong>ι</strong></span> <span class='ocrx_word' id='word_1_798' title='bbox 329 5675 468 5742; x_wconf 80' lang='lat' dir='ltr'><strong>Quid</strong></span> <span class='ocrx_word' id='word_1_799' title='bbox 514 5679 876 5745; x_wconf 75' lang='lat' dir='ltr'><strong>posterioribus</strong></span> <span class='ocrx_word' id='word_1_800' title='bbox 928 5680 1260 5748; x_wconf 70' lang='lat' dir='ltr'><strong>temporibus,</strong></span> <span class='ocrx_word' id='word_1_801' title='bbox 1319 5676 1526 5736; x_wconf 72' lang='lat' dir='ltr'><strong>Ebiou?</strong></span> <span class='ocrx_word' id='word_1_802' title='bbox 1579 5678 1770 5736; x_wconf 66' lang='lat' dir='ltr'><strong>Iudice</strong></span> 
     </span>
    </p>
   </div>
   <div class='ocr_carea' id='block_1_103' title="bbox 191 5747 1780 5818">
    <p class='ocr_par' dir='ltr' id='par_1_103' title="bbox 191 5747 1780 5818">
     <span class='ocr_line' id='line_1_103' title="bbox 191 5747 1780 5818; baseline 0.001 -13"><span class='ocrx_word' id='word_1_803' title='bbox 191 5747 471 5805; x_wconf 79' lang='lat' dir='ltr'><strong>Cotelerio</strong></span> <span class='ocrx_word' id='word_1_804' title='bbox 491 5749 556 5807; x_wconf 84' lang='lat' dir='ltr'><strong>ad</strong></span> <span class='ocrx_word' id='word_1_805' title='bbox 585 5749 802 5804; x_wconf 85' lang='lat' dir='ltr'><strong>Coustit.</strong></span> <span class='ocrx_word' id='word_1_806' title='bbox 832 5751 1039 5816; x_wconf 61' lang='lat' dir='ltr'><strong>Apost,</strong></span> <span class='ocrx_word' id='word_1_807' title='bbox 1075 5753 1166 5811; x_wconf 87' lang='lat' dir='ltr'><strong>tib.</strong></span> <span class='ocrx_word' id='word_1_808' title='bbox 1205 5767 1276 5815; x_wconf 85' lang='lat' dir='ltr'><strong>vt,</strong></span> <span class='ocrx_word' id='word_1_809' title='bbox 1301 5766 1421 5818; x_wconf 84' lang='lat' dir='ltr'><strong>cap.</strong></span> <span class='ocrx_word' id='word_1_810' title='bbox 1442 5749 1495 5812; x_wconf 89' lang='lat'><strong>6,</strong></span> <span class='ocrx_word' id='word_1_811' title='bbox 1533 5749 1650 5804; x_wconf 65' lang='lat' dir='ltr'><strong>haec</strong></span> <span class='ocrx_word' id='word_1_812' title='bbox 1683 5751 1780 5806; x_wconf 82' lang='lat' dir='ltr'><strong>Pa-</strong></span> 
     </span>
    </p>
   </div>
   <div class='ocr_carea' id='block_1_104' title="bbox 192 5820 1780 5891">
    <p class='ocr_par' dir='ltr' id='par_1_104' title="bbox 192 5820 1780 5891">
     <span class='ocr_line' id='line_1_104' title="bbox 192 5820 1780 5891; baseline -0.001 -15"><span class='ocrx_word' id='word_1_813' title='bbox 192 5820 340 5876; x_wconf 90' lang='lat' dir='ltr'><strong>ciaui</strong></span> <span class='ocrx_word' id='word_1_814' title='bbox 373 5820 529 5875; x_wconf 84' lang='lat' dir='ltr'><strong>verba</strong></span> <span class='ocrx_word' id='word_1_815' title='bbox 588 5823 820 5889; x_wconf 80' lang='lat' dir='ltr'><strong>benigno</strong></span> <span class='ocrx_word' id='word_1_816' title='bbox 854 5826 1149 5888; x_wconf 84' lang='lat' dir='ltr'><strong>interprete</strong></span> <span class='ocrx_word' id='word_1_817' title='bbox 1195 5832 1371 5891; x_wconf 84' lang='lat' dir='ltr'><strong>egent.</strong></span> <span class='ocrx_word' id='word_1_818' title='bbox 1431 5821 1597 5876; x_wconf 86' lang='lat' dir='ltr'><strong>Ortus</strong></span> <span class='ocrx_word' id='word_1_819' title='bbox 1635 5822 1780 5878; x_wconf 88' lang='lat' dir='ltr'><strong>enim</strong></span> 
     </span>
    </p>
   </div>
   <div class='ocr_carea' id='block_1_105' title="bbox 194 5893 1778 5967">
    <p class='ocr_par' dir='ltr' id='par_1_105' title="bbox 194 5893 1778 5967">
     <span class='ocr_line' id='line_1_105' title="bbox 194 5893 1778 5967; baseline 0 -17"><span class='ocrx_word' id='word_1_820' title='bbox 194 5893 580 5950; x_wconf 73' lang='lat' dir='ltr'><strong>Ebionteorum</strong></span> <span class='ocrx_word' id='word_1_821' title='bbox 626 5907 749 5948; x_wconf 90' lang='lat' dir='ltr'><strong>cum</strong></span> <span class='ocrx_word' id='word_1_822' title='bbox 781 5893 1080 5965; x_wconf 79' lang='lat' dir='ltr'><strong>Epiphanio</strong></span> <span class='ocrx_word' id='word_1_823' title='bbox 1107 5905 1160 5949; x_wconf 89' lang='lat' dir='ltr'><strong>et</strong></span> <span class='ocrx_word' id='word_1_824' title='bbox 1191 5895 1522 5967; x_wconf 88' lang='lat' dir='ltr'><strong>llieronytno</strong></span> <span class='ocrx_word' id='word_1_825' title='bbox 1551 5893 1617 5948; x_wconf 88' lang='lat' dir='ltr'><strong>ad</strong></span> <span class='ocrx_word' id='word_1_826' title='bbox 1643 5905 1778 5950; x_wconf 88' lang='lat' dir='ltr'><strong>tem-</strong></span> 
     </span>
    </p>
   </div>
   <div class='ocr_carea' id='block_1_106' title="bbox 1883 4771 3468 4846">
    <p class='ocr_par' dir='ltr' id='par_1_106' title="bbox 1883 4771 3468 4846">
     <span class='ocr_line' id='line_1_106' title="bbox 1883 4771 3468 4846; baseline -0.004 -15"><span class='ocrx_word' id='word_1_827' title='bbox 1883 4778 2205 4833; x_wconf 78' lang='lat' dir='ltr'><strong>doetorem‘i</strong></span> <span class='ocrx_word' id='word_1_828' title='bbox 2253 4775 2336 4832; x_wconf 78' lang='lat' dir='ltr'><strong>Au</strong></span> <span class='ocrx_word' id='word_1_829' title='bbox 2377 4777 2736 4846; x_wconf 83' lang='lat' dir='ltr'><strong>sapientiores</strong></span> <span class='ocrx_word' id='word_1_830' title='bbox 2779 4773 2876 4828; x_wconf 92' lang='lat' dir='ltr'><strong>illo</strong></span> <span class='ocrx_word' id='word_1_831' title='bbox 2923 4787 3132 4837; x_wconf 90' lang='lat' dir='ltr'><strong>sumus,</strong></span> <span class='ocrx_word' id='word_1_832' title='bbox 3183 4781 3240 4827; x_wconf 89' lang='lat' dir='ltr'><strong>et</strong></span> <span class='ocrx_word' id='word_1_833' title='bbox 3268 4771 3468 4841; x_wconf 89' lang='lat' dir='ltr'><strong>spiritu</strong></span> 
     </span>
    </p>
   </div>
   <div class='ocr_carea' id='block_1_107' title="bbox 1883 4865 3473 4937">
    <p class='ocr_par' dir='ltr' id='par_1_107' title="bbox 1883 4865 3473 4937">
     <span class='ocr_line' id='line_1_107' title="bbox 1883 4865 3473 4937; baseline -0.006 -9"><span class='ocrx_word' id='word_1_834' title='bbox 1883 4872 2068 4928; x_wconf 85' lang='lat' dir='ltr'><strong>carnis</strong></span> <span class='ocrx_word' id='word_1_835' title='bbox 2096 4871 2349 4925; x_wconf 85' lang='lat' dir='ltr'><strong>inflantur</strong></span> <span class='ocrx_word' id='word_1_836' title='bbox 2378 4869 2640 4924; x_wconf 76' lang='lat' dir='ltr'><strong>adversus</strong></span> <span class='ocrx_word' id='word_1_837' title='bbox 2669 4883 2818 4932; x_wconf 90' lang='lat' dir='ltr'><strong>eum,</strong></span> <span class='ocrx_word' id='word_1_838' title='bbox 2847 4883 3007 4937; x_wconf 88' lang='lat' dir='ltr'><strong>quem</strong></span> <span class='ocrx_word' id='word_1_839' title='bbox 3034 4868 3228 4920; x_wconf 74' lang='lat' dir='ltr'><strong>teterni</strong></span> <span class='ocrx_word' id='word_1_840' title='bbox 3273 4865 3364 4919; x_wconf 90' lang='lat' dir='ltr'><strong>Dei</strong></span> <span class='ocrx_word' id='word_1_841' title='bbox 3394 4873 3473 4918; x_wconf 83' lang='lat' dir='ltr'><strong>te-</strong></span> 
     </span>
    </p>
   </div>
   <div class='ocr_carea' id='block_1_108' title="bbox 1884 4959 3475 5031">
    <p class='ocr_par' dir='ltr' id='par_1_108' title="bbox 1884 4959 3475 5031">
     <span class='ocr_line' id='line_1_108' title="bbox 1884 4959 3475 5031; baseline -0.007 -12"><span class='ocrx_word' id='word_1_842' title='bbox 1884 4974 2025 5019; x_wconf 88' lang='lat' dir='ltr'><strong>stem</strong></span> <span class='ocrx_word' id='word_1_843' title='bbox 2060 4963 2260 5020; x_wconf 86' lang='lat' dir='ltr'><strong>nobilis</strong></span> <span class='ocrx_word' id='word_1_844' title='bbox 2304 4975 2468 5016; x_wconf 90' lang='lat' dir='ltr'><strong>cruor</strong></span> <span class='ocrx_word' id='word_1_845' title='bbox 2489 4971 2547 5016; x_wconf 85' lang='lat' dir='ltr'><strong>et</strong></span> <span class='ocrx_word' id='word_1_846' title='bbox 2574 4959 2894 5017; x_wconf 74' lang='lat' dir='ltr'><strong>clarissima:</strong></span> <span class='ocrx_word' id='word_1_847' title='bbox 2944 4959 3222 5031; x_wconf 86' lang='lat' dir='ltr'><strong>passionis</strong></span> <span class='ocrx_word' id='word_1_848' title='bbox 3266 4971 3475 5011; x_wconf 88' lang='lat' dir='ltr'><strong>corona</strong></span> 
     </span>
    </p>
   </div>
   <div class='ocr_carea' id='block_1_109' title="bbox 1883 5049 3472 5126">
    <p class='ocr_par' dir='ltr' id='par_1_109' title="bbox 1883 5049 3472 5126">
     <span class='ocr_line' id='line_1_109' title="bbox 1883 5049 3472 5126; baseline -0.007 -15"><span class='ocrx_word' id='word_1_849' title='bbox 1883 5056 2174 5126; x_wconf 78' lang='lat' dir='ltr'><strong>produxit?</strong></span> <span class='ocrx_word' id='word_1_850' title='bbox 2199 5054 2342 5123; x_wconf 84' lang='lat' dir='ltr'><strong>Quid</strong></span> <span class='ocrx_word' id='word_1_851' title='bbox 2372 5062 2451 5108; x_wconf 88' lang='lat' dir='ltr'><strong>tot</strong></span> <span class='ocrx_word' id='word_1_852' title='bbox 2478 5069 2666 5108; x_wconf 84' lang='lat' dir='ltr'><strong>earum</strong></span> <span class='ocrx_word' id='word_1_853' title='bbox 2700 5053 2934 5123; x_wconf 87' lang='lat' dir='ltr'><strong>partium</strong></span> <span class='ocrx_word' id='word_1_854' title='bbox 2963 5049 3301 5112; x_wconf 87' lang='lat' dir='ltr'><strong>sacerdotes,</strong></span> <span class='ocrx_word' id='word_1_855' title='bbox 3334 5060 3472 5117; x_wconf 85' lang='lat' dir='ltr'><strong>quos</strong></span> 
     </span>
    </p>
   </div>
   <div class='ocr_carea' id='block_1_110' title="bbox 1889 5144 3467 5221">
    <p class='ocr_par' dir='ltr' id='par_1_110' title="bbox 1889 5144 3467 5221">
     <span class='ocr_line' id='line_1_110' title="bbox 1889 5144 3467 5221; baseline -0.008 -15"><span class='ocrx_word' id='word_1_856' title='bbox 1889 5167 1984 5221; x_wconf 90' lang='lat' dir='ltr'><strong>per</strong></span> <span class='ocrx_word' id='word_1_857' title='bbox 2023 5161 2190 5206; x_wconf 92' lang='lat' dir='ltr'><strong>totum</strong></span> <span class='ocrx_word' id='word_1_858' title='bbox 2220 5150 2404 5204; x_wconf 86' lang='lat' dir='ltr'><strong>orbem</strong></span> <span class='ocrx_word' id='word_1_859' title='bbox 2435 5163 2556 5203; x_wconf 92' lang='lat' dir='ltr'><strong>cum</strong></span> <span class='ocrx_word' id='word_1_860' title='bbox 2586 5147 2777 5203; x_wconf 84' lang='lat' dir='ltr'><strong>eodem</strong></span> <span class='ocrx_word' id='word_1_861' title='bbox 2807 5144 3081 5219; x_wconf 78' lang='lat' dir='ltr'><strong>Cypriano</strong></span> <span class='ocrx_word' id='word_1_862' title='bbox 3111 5157 3216 5214; x_wconf 76' lang='lat' dir='ltr'><strong>pax</strong></span> <span class='ocrx_word' id='word_1_863' title='bbox 3240 5155 3348 5198; x_wconf 88' lang='lat' dir='ltr'><strong>una</strong></span> <span class='ocrx_word' id='word_1_864' title='bbox 3375 5153 3467 5194; x_wconf 82' lang='lat' dir='ltr'><strong>so-</strong></span> 
     </span>
    </p>
   </div>
   <div class='ocr_carea' id='block_1_111' title="bbox 1887 5239 3470 5311">
    <p class='ocr_par' dir='ltr' id='par_1_111' title="bbox 1887 5239 3470 5311">
     <span class='ocr_line' id='line_1_111' title="bbox 1887 5239 3470 5311; baseline -0.004 -13"><span class='ocrx_word' id='word_1_865' title='bbox 1887 5244 2113 5299; x_wconf 81' lang='lat' dir='ltr'><strong>lidavit‘l</strong></span> <span class='ocrx_word' id='word_1_866' title='bbox 2141 5243 2277 5311; x_wconf 86' lang='lat' dir='ltr'><strong>Quid</strong></span> <span class='ocrx_word' id='word_1_867' title='bbox 2306 5250 2384 5298; x_wconf 93' lang='lat' dir='ltr'><strong>tot</strong></span> <span class='ocrx_word' id='word_1_868' title='bbox 2403 5242 2592 5300; x_wconf 88' lang='lat' dir='ltr'><strong>annosi</strong></span> <span class='ocrx_word' id='word_1_869' title='bbox 2619 5239 2889 5310; x_wconf 89' lang='lat' dir='ltr'><strong>episcopi,</strong></span> <span class='ocrx_word' id='word_1_870' title='bbox 2943 5246 3024 5293; x_wconf 92' lang='lat' dir='ltr'><strong>tot</strong></span> <span class='ocrx_word' id='word_1_871' title='bbox 3060 5247 3358 5309; x_wconf 82' lang='lat' dir='ltr'><strong>martyres,</strong></span> <span class='ocrx_word' id='word_1_872' title='bbox 3389 5240 3470 5291; x_wconf 85' lang='lat' dir='ltr'><strong>tot</strong></span> 
     </span>
    </p>
   </div>
   <div class='ocr_carea' id='block_1_112' title="bbox 1887 5329 3472 5405">
    <p class='ocr_par' dir='ltr' id='par_1_112' title="bbox 1887 5329 3472 5405">
     <span class='ocr_line' id='line_1_112' title="bbox 1887 5329 3472 5405; baseline -0.008 -13"><span class='ocrx_word' id='word_1_873' title='bbox 1887 5335 2272 5392; x_wconf 83' lang='lat' dir='ltr'><strong>confessores?</strong></span> <span class='ocrx_word' id='word_1_874' title='bbox 2298 5335 2428 5405; x_wconf 79' lang='lat' dir='ltr'><strong>Age.</strong></span> <span class='ocrx_word' id='word_1_875' title='bbox 2459 5334 2516 5390; x_wconf 85' lang='lat' dir='ltr'><strong>Si</strong></span> <span class='ocrx_word' id='word_1_876' title='bbox 2539 5331 2957 5403; x_wconf 87' lang='lat' dir='ltr'><strong>illiusurpando</strong></span> <span class='ocrx_word' id='word_1_877' title='bbox 2978 5331 3188 5386; x_wconf 91' lang='lat' dir='ltr'><strong>nomini</strong></span> <span class='ocrx_word' id='word_1_878' title='bbox 3226 5329 3350 5383; x_wconf 88' lang='lat' dir='ltr'><strong>huic</strong></span> <span class='ocrx_word' id='word_1_879' title='bbox 3373 5341 3472 5381; x_wconf 87' lang='lat' dir='ltr'><strong>au-</strong></span> 
     </span>
    </p>
   </div>
   <div class='ocr_carea' id='block_1_113' title="bbox 1886 5425 3470 5492">
    <p class='ocr_par' dir='ltr' id='par_1_113' title="bbox 1886 5425 3470 5492">
     <span class='ocr_line' id='line_1_113' title="bbox 1886 5425 3470 5492; baseline -0.004 -7"><span class='ocrx_word' id='word_1_880' title='bbox 1886 5438 2070 5486; x_wconf 86' lang='lat' dir='ltr'><strong>ctores</strong></span> <span class='ocrx_word' id='word_1_881' title='bbox 2100 5429 2278 5486; x_wconf 89' lang='lat' dir='ltr'><strong>idonei</strong></span> <span class='ocrx_word' id='word_1_882' title='bbox 2311 5442 2419 5483; x_wconf 88' lang='lat' dir='ltr'><strong>non</strong></span> <span class='ocrx_word' id='word_1_883' title='bbox 2449 5427 2676 5492; x_wconf 87' lang='lat' dir='ltr'><strong>fuerint,</strong></span> <span class='ocrx_word' id='word_1_884' title='bbox 2708 5441 2809 5482; x_wconf 91' lang='lat' dir='ltr'><strong>nos</strong></span> <span class='ocrx_word' id='word_1_885' title='bbox 2837 5425 3016 5484; x_wconf 86' lang='lat' dir='ltr'><strong>idonei</strong></span> <span class='ocrx_word' id='word_1_886' title='bbox 3044 5425 3246 5481; x_wconf 90' lang='lat' dir='ltr'><strong>erimus</strong></span> <span class='ocrx_word' id='word_1_887' title='bbox 3267 5435 3470 5490; x_wconf 83' lang='lat' dir='ltr'><strong>negau-</strong></span> 
     </span>
    </p>
   </div>
   <div class='ocr_carea' id='block_1_114' title="bbox 1884 5518 3470 5590">
    <p class='ocr_par' dir='ltr' id='par_1_114' title="bbox 1884 5518 3470 5590">
     <span class='ocr_line' id='line_1_114' title="bbox 1884 5518 3470 5590; baseline -0.005 -11"><span class='ocrx_word' id='word_1_888' title='bbox 1884 5522 1990 5583; x_wconf 80' lang='lat' dir='ltr'><strong>do?</strong></span> <span class='ocrx_word' id='word_1_889' title='bbox 2020 5523 2084 5579; x_wconf 85' lang='lat' dir='ltr'><strong>Et</strong></span> <span class='ocrx_word' id='word_1_890' title='bbox 2107 5531 2345 5579; x_wconf 88' lang='lat' dir='ltr'><strong>nostram</strong></span> <span class='ocrx_word' id='word_1_891' title='bbox 2374 5519 2552 5590; x_wconf 90' lang='lat' dir='ltr'><strong>potius</strong></span> <span class='ocrx_word' id='word_1_892' title='bbox 2595 5518 2976 5574; x_wconf 87' lang='lat' dir='ltr'><strong>auctoritatem</strong></span> <span class='ocrx_word' id='word_1_893' title='bbox 3019 5525 3204 5587; x_wconf 82' lang='lat' dir='ltr'><strong>patres</strong></span> <span class='ocrx_word' id='word_1_894' title='bbox 3233 5527 3470 5584; x_wconf 79' lang='lat' dir='ltr'><strong>sequen-</strong></span> 
     </span>
    </p>
   </div>
   <div class='ocr_carea' id='block_1_115' title="bbox 1876 5670 3371 5749">
    <p class='ocr_par' dir='ltr' id='par_1_115' title="bbox 1876 5670 3371 5749">
     <span class='ocr_line' id='line_1_115' title="bbox 1876 5670 3371 5749; baseline 0 -22"><span class='ocrx_word' id='word_1_895' title='bbox 1876 5691 2007 5747; x_wconf 86' lang='lat' dir='ltr'><strong>pura</strong></span> <span class='ocrx_word' id='word_1_896' title='bbox 2031 5676 2253 5734; x_wconf 81' lang='lat' dir='ltr'><strong>Joannis</strong></span> <span class='ocrx_word' id='word_1_897' title='bbox 2268 5674 2507 5749; x_wconf 81' lang='lat' dir='ltr'><strong>apostoli</strong></span> <span class='ocrx_word' id='word_1_898' title='bbox 2540 5672 2855 5730; x_wconf 86' lang='lat' dir='ltr'><strong>referendus</strong></span> <span class='ocrx_word' id='word_1_899' title='bbox 2880 5670 3123 5749; x_wconf 75' lang='lat' dir='ltr'><strong>videtur.</strong></span> <span class='ocrx_word' id='word_1_900' title='bbox 3277 5737 3315 5749; x_wconf 39' lang='grc' dir='ltr'>ὴ</span> <span class='ocrx_word' id='word_1_901' title='bbox 3339 5737 3371 5749; x_wconf 52' lang='grc' dir='ltr'><strong>ν</strong></span> 
     </span>
    </p>
   </div>
   <div class='ocr_carea' id='block_1_116' title="bbox 1891 5736 3461 5878">
    <p class='ocr_par' dir='ltr' id='par_1_116' title="bbox 1891 5736 3461 5878">
     <span class='ocr_line' id='line_1_116' title="bbox 1891 5736 3461 5814; baseline -0.009 -10"><span class='ocrx_word' id='word_1_902' title='bbox 1891 5737 1893 5746; x_wconf 74' lang='grc'><em>’</em></span> <span class='ocrx_word' id='word_1_903' title='bbox 1959 5749 1986 5790; x_wconf 69' lang='grc' dir='ltr'>δ</span> <span class='ocrx_word' id='word_1_904' title='bbox 2023 5736 2330 5804; x_wconf 72' lang='grc' dir='ltr'><strong>οὺηὶιειιόοἷ</strong></span> <span class='ocrx_word' id='word_1_905' title='bbox 2357 5747 2432 5806; x_wconf 86' lang='lat' dir='ltr'><strong>lta</strong></span> <span class='ocrx_word' id='word_1_906' title='bbox 2449 5761 2514 5803; x_wconf 80' lang='lat' dir='ltr'><strong>es</strong></span> <span class='ocrx_word' id='word_1_907' title='bbox 2537 5755 2792 5802; x_wconf 73' lang='lat' dir='ltr'><strong>contextu</strong></span> <span class='ocrx_word' id='word_1_908' title='bbox 2837 5742 3238 5814; x_wconf 85' lang='lat' dir='ltr'><strong>rescripsimus.</strong></span> <span class='ocrx_word' id='word_1_909' title='bbox 3277 5736 3418 5796; x_wconf 77' lang='lat' dir='ltr'><strong>Editt</strong></span> <span class='ocrx_word' id='word_1_910' title='bbox 3444 5776 3461 5804; x_wconf 94' lang='lat'><strong>,</strong></span> 
     </span>
     <span class='ocr_line' id='line_1_117' title="bbox 1891 5819 2318 5878; baseline 0.007 -3"><span class='ocrx_word' id='word_1_911' title='bbox 1891 5820 2184 5876; x_wconf 72' lang='lat' dir='ltr'><strong>obtinendo.</strong></span> <span class='ocrx_word' id='word_1_912' title='bbox 2242 5819 2318 5878; x_wconf 87' lang='lat' dir='ltr'><strong>Id.</strong></span> 
     </span>
    </p>
   </div>
  </div>
