3854 6392
444 366 585 427 1055
1808 370 2053 428 SANCTI
2095 371 2375 431 PACIANi
3579 379 3707 439 i056

436 495 545 553 tur,
573 494 631 543 et
685 485 1027 543 emendanda
1053 495 1371 544 sanctorum
1406 486 1564 544 cedet
1609 489 1933 560 antiquitas,
1977 498 2034 546 et
2062 490 2254 557 ANon
2304 493 2563 564 largimur
2594 490 2696 547 ista
2740 491 2809 549 de
2860 502 3067 553 nostro.
3122 494 3479 553 Convertimini
3509 498 3576 553 ad
3596 514 3703 563 me,

429 579 542 651 jam
570 583 942 654 putrescentia
971 584 1122 639 vitiis
1154 592 1400 655 tempora
1438 599 1679 641 canones
1712 587 2038 656 apostolicae
2140 582 2269 639 dicit
2300 584 2579 650 Dominus,
2623 585 2875 653 simulque
2897 587 3118 659 jejunio,
3149 598 3196 641 et
3221 590 3361 658 ﬂetu,
3389 599 3435 641 ct
3484 590 3702 661 planetu,

435 673 783 745 antiquitatis
814 673 1091 730 eradent‘l
2138 676 2360 730 scindite
2387 676 2547 731 corda
2578 686 2740 731 vestra
2763 675 2924 749 (Joel.
2960 694 3018 741 ιι.
3066 677 3177 749 12).
3235 680 3299 735 Et
3351 681 3537 735 iterum
3570 701 3583 736 :
3613 681 3705 735 Rc-

502 764 593 820 ιν.
623 767 738 823 Nec
762 776 944 824 tamen
985 777 1208 834 aestues,
1252 766 1424 824 frater
1457 788 1469 823 :
1507 768 1849 826 Christianus
1902 772 2035 827 mihi
2140 769 2340 840 linquat
2371 769 2558 839 impius
2582 771 2688 823 vias
2710 787 2853 836 suas,
2882 781 2928 825 el
2955 772 3031 824 vir
3057 771 3703 845 facinorosuscagitationes

432 874 634 917 nomen
688 871 793 931 est,
852 861 1169 919 Catholicus
1233 879 1363 920 vero
1404 879 1729 935 cognomen.
1772 865 1911 921 illud
1951 881 2036 921 me
2140 878 2282 928 suas,
2327 874 2374 916 et
2406 873 2731 918 convertatur
2783 866 2850 919 ad
2893 863 3196 932 Dominum,
3240 876 3285 920 ct
3319 869 3701 923 miscricordiam

436 966 739 1027 nuncupat;
770 956 913 1013 istud
942 957 1177 1013 ostendit
1211 976 1223 1011 :
1254 957 1361 1013 hoc
1393 960 1615 1027 probor,
1672 959 1799 1015 inde
1831 959 2037 1031 signili-
2139 964 2474 1025 consequetur
2505 955 2610 1025 (Is.
2648 973 2770 1023 xcv,
2799 957 2877 1031 7).
2938 960 3177 1030 Itemque
3200 959 3461 1030 Propheta
3494 964 3543 1015 in
3569 963 3703 1018 hunc

431 1063 550 1105 cor.
578 1050 648 1105 Et
676 1052 721 1106 si
748 1051 1026 1107 reddenda
1053 1061 1337 1123 postremo
1359 1052 1627 1109 Catholici
1656 1056 1909 1110 vocabuli
1950 1072 2036 1110 ra-
2139 1048 2359 1102 modum
2390 1049 2591 1104 clamat
2616 1068 2627 1103 :
2682 1049 2938 1115 Quoniam
2974 1049 3114 1105 Deus
3160 1053 3294 1123 pius,
3322 1065 3367 1107 et
3395 1055 3524 1108 mitis
3550 1065 3594 1108 et
3617 1072 3702 1123 pa-

431 1141 511 1197 tio
532 1153 638 1210 est,
671 1155 725 1199 et
755 1144 1111 1214 exprimenda
1137 1145 1204 1200 de
1233 1161 1410 1215 graeca
1439 1149 1893 1218 interpretatiooe
1922 1149 2033 1205 Ro.
2140 1142 2269 1195 tiens
2300 1153 2395 1206 cst,
2424 1140 2451 1180 ι)
2489 1152 2535 1196 ει
2576 1144 2661 1213 qui
2710 1144 2937 1213 reﬂectat
2963 1149 3261 1198 enuntiata
3288 1146 3522 1201 adversus
3560 1146 3701 1200 mali-

426 1250 588 1292 mana
616 1254 628 1291 :
652 1236 996 1304 Catholicus,
1030 1240 1117 1293 ubi
1150 1256 1339 1307 unum,
1374 1241 1483 1306 vel,
1540 1255 1597 1295 ut
1620 1240 1901 1297 doctiores
1937 1257 2037 1313 pu-
2139 1237 2235 1289 tias
2260 1238 2539 1307 irrogatam
2570 1236 2755 1306 (Joel.
2786 1240 2975 1307 “,15).
3022 1238 3265 1293 Habetue
3306 1248 3408 1293 tam
3449 1240 3701 1295 diutinum

427 1338 565 1397 tant,
597 1331 912 1387 obedientia
944 1335 1187 1389 omnium
1221 1345 1605 1403 nuncupatur,
1652 1336 2034 1393 mandatorum
2136 1343 2362 1399 serpens
2395 1344 2682 1395 venenum,
2712 1328 3029 1384 etChristus
3050 1349 3152 1384 non
3176 1331 3333 1386 Italtel
3359 1331 3702 1386 medicinam?

428 1424 642 1480 scilicet
708 1426 825 1481 Dei.
911 1427 1062 1483 Unde
1119 1428 1416 1499 Apostolus
1470 1449 1481 1482 ε
1538 1430 1597 1485 Si
1655 1431 1710 1485 in
1798 1434 2035 1487 omnibus
2141 1422 2396 1477 Diabolus
2434 1422 2488 1477 in
2518 1423 2720 1477 mundo
2748 1423 3048 1491 interﬁcit,
3100 1424 3343 1482 Christus
3371 1426 3453 1481 hic
3479 1440 3581 1481 non
3605 1441 3697 1497 po-

434 1519 730 1574 obedientes
760 1522 879 1575 estis
909 1522 976 1592 (ll
1006 1520 1125 1576 Cor.
1153 1539 1212 1590 ll,
1247 1524 1326 1594 9).
1358 1526 1422 1579 Et
1446 1526 1645 1581 iterum
1681 1544 1692 1578 :
1727 1526 1876 1581 Sicut
1898 1527 2034 1579 enim
2140 1524 2244 1572 lesl
2274 1516 2601 1573 subvenire?
2628 1518 2815 1588 Pigeat
2836 1534 2967 1574 sane
2995 1534 3219 1589 peccare
3250 1562 3263 1586 ,
3323 1520 3415 1575 sed
3454 1522 3703 1590 plenitate

427 1627 518 1682 per
538 1610 935 1667 inobedientiatn
954 1616 1106 1669 unius
1128 1626 1418 1686 peccatores
1433 1619 1699 1671 constituti
1712 1628 1831 1672 sunt
1851 1618 2000 1672 multi
2013 1634 2033 1672 :
2148 1623 2255 1663 11011
2289 1610 2487 1679 pigeat.
2524 1609 2732 1665 Pudeat
2755 1611 3068 1681 Periclilari.
3108 1612 3201 1667 sed
3232 1628 3335 1668 non
3362 1613 3548 1683 pndeat
3578 1613 3702 1670 libe-

430 1705 505 1761 sic
533 1722 622 1774 per
645 1707 782 1761 dicto
796 1708 1114 1763 audientiam
1139 1711 1464 1784 unius,justi
1486 1715 1865 1768 constituentur
1886 1715 2021 1767 mult;

2144 1701 2269 1756 rari.
2304 1702 2436 1767 Quis
2465 1702 2725 1772 naufrago
2782 1702 3063 1767 tabulam,
3121 1720 3188 1758 ne
3232 1703 3441 1771 evadat,
3483 1704 3701 1772 eripiet?

428 1793 611 1866 (Rom.
636 1812 688 1861 ν,
743 1798 857 1869 19).
893 1800 1035 1872 Ergo
1062 1802 1151 1872 qui
1180 1800 1532 1873 catholicus,
1575 1806 1870 1878 idemjimi
1903 1809 2035 1864 ohe.
2140 1793 2271 1861 Quis
2296 1793 2553 1849 sanandis
2580 1793 2894 1849 vulneribus
2929 1793 3185 1848 invidebit
3213 1795 3235 1847 ?
3282 1794 3361 1850 An
3392 1810 3493 1849 non
3546 1793 3703 1849 David

429 1887 609 1945 diens.
644 1891 744 1959 Qui
779 1893 1064 1961 obediens,
1112 1896 1256 1953 idem
1280 1908 1366 1954 est
1394 1900 1738 1957 Christianus
1771 1920 1782 1955 ε
1819 1904 1892 1957 ita
1925 1902 2021 1958 Ca-

2144 1886 2266 1941 L'licit
2298 1903 2311 1939 :
2340 1885 2541 1940 Lavabo
2570 1902 2660 1954 per
2687 1886 2919 1959 singulas
2942 1896 3110 1941 noctes
3132 1888 3310 1941 lectum
3345 1903 3523 1952 meum,
3548 1886 3705 1957 lacry-

430 1984 691 2052 tholicus,
721 1985 1065 2043 Christianus
1094 2002 1197 2045 est.
1223 1992 1404 2059 Quare
1437 1994 1504 2047 ab
1526 1995 1784 2050 haeretico
1805 1997 2021 2052 nomine

2144 1976 2230 2029 mis
2270 1985 2487 2029 stratum
2532 1992 2699 2031 meum
2754 1978 2933 2047 rigabo
2983 1976 3101 2048 (Ps.
3136 1993 3210 2045 vt,
3242 1978 3317 2050 7).
3370 1978 3436 2033 Et
3480 1980 3702 2033 iterum:

432 2085 627 2132 noster
655 2080 888 2149 populus
912 2081 1011 2136 hac
1050 2084 1419 2152 appellatione
1448 2086 1742 2153 dividitur,
1776 2104 1900 2144 cum
1929 2088 2021 2144 Ca-

2144 2068 2410 2125 Peccatum
2448 2086 2620 2124 meum
2655 2088 2748 2142 ego
2775 2087 3019 2142 agnosco,
3072 2081 3118 2126 et
3169 2072 3364 2143 facinus
3414 2088 3573 2125 meum
3612 2088 3706 2125 non

427 2168 663 2226 tholicus
697 2185 1089 2244 nuncupatur:
1123 2176 1219 2232 sed
1266 2187 1321 2233 et
1369 2178 1416 2232 si
1462 2179 1781 2235 Catholicus
1828 2182 2021 2253 ubique

2144 2167 2236 2219 texi
2258 2164 2374 2237 (Ps.
2410 2182 2557 2230 λιιι,
2584 2164 2658 2237 5).
2692 2166 2754 2219 Et
2788 2166 2965 2220 adhuc
2993 2185 3005 2218 :
3037 2165 3161 2220 Dixi
3193 2182 3210 2220 :
3244 2182 3512 2235 prosequar
3539 2167 3709 2219 adver-

428 2276 595 2317 unum
620 2274 724 2329 esi,
744 2267 883 2321 sicui
911 2269 1223 2337 superiores
1243 2280 1457 2339 ρυιηηιν
1486 2273 1537 2327 id
1562 2275 1738 2340 ipsum
1761 2276 1927 2330 David
1954 2278 2034 2330 in-
2137 2277 2248 2312 sum
2274 2275 2350 2311 me
2375 2260 2620 2312 delicmnt
2648 2275 2812 2313 meum
2838 2258 2947 2313 Deo
2975 2274 3105 2325 meo,
3134 2269 3180 2312 ct
3202 2268 3255 2313 tu
3280 2259 3509 2312 remisisti
3537 2258 3707 2327 impie-

429 2355 575 2410 dicat
604 2357 796 2413 dicens
828 2378 840 2412 :
878 2360 1046 2415 Astilit
1070 2365 1316 2433 reginain
1338 2375 1472 2419 veste
1488 2377 1675 2420 aurata
1701 2378 1749 2421 et
1774 2370 2021 2439 variegatt

2144 2366 2292 2408 tatem
2331 2352 2730 2425 cordis(lbid.).
2781 2353 2972 2409 Nonne
2996 2354 3089 2408 ille
3119 2362 3238 2423 post
3253 2354 3411 2407 cat-dis
3438 2361 3491 2407 et
3512 2352 3709 2406 adulte-

430 2444 606 2516 (Psal.
632 2464 779 2513 κων,
810 2450 920 2521 10),
946 2452 1048 2507 hoc
1076 2462 1181 2521 est,
1206 2471 1308 2509 una
1344 2457 1395 2510 in
1426 2458 1699 2514 omnibus,
1739 2460 1869 2514 [ζιίη
1897 2463 2034 2515 αηη-
2138 2447 2203 2501 rii
2234 2462 2468 2512 reatum,
2500 2464 2597 2517 pro
2623 2447 2924 2502 Betltsabee
2954 2446 3236 2516 pmnitenti
3260 2488 3276 2513 ,
3324 2445 3581 2516 Propheta
3626 2462 3708 2499 re-

430 2538 537 2595 tico
564 2542 905 2620 canticorum
939 2544 1184 2613 Sponsus
1214 2549 1330 2603 tunc
1362 2551 1604 2618 loquitur
1632 2570 1641 2604 :
1676 2552 1795 2608 Una
1833 2564 1907 2607 est
1949 2572 2021 2608 co-

2144 2542 2361 2611 spondit
2390 2541 2681 2595 :Domiuus
2711 2540 2962 2595 abstulita
2987 2552 3034 2594 te
3056 2550 3317 2611 peccatum
3340 2551 3476 2593 tuum
3499 2538 3559 2609 (ll
3579 2538 3705 2609 Reg.

426 2630 601 2685 lumba
624 2650 754 2698 mea,
786 2637 1015 2704 perfecta
1038 2656 1172 2706 mea,
1202 2658 1305 2695 una
1326 2652 1399 2696 est
1428 2646 1586 2698 matri
1611 2662 1739 2709 sum,
1773 2648 1932 2701 electa
1958 2658 2033 2700 est
2141 2651 2239 2697 xu.
2273 2636 2383 2705 13),
2417 2634 2555 2689 Num
2602 2634 2959 2705 Babylonium
2993 2648 3171 2703 regem
3217 2641 3337 2702 post
3377 2641 3452 2685 tot
3495 2630 3709 2684 idolola-

429 2727 663 2794 genitrici
692 2744 797 2781 sua:
822 2728 1024 2799 (Cant.,
1051 2748 1120 2798 vr,
1147 2733 1226 2805 8).
1282 2736 1346 2789 Et
1387 2736 1583 2790 iterum
1629 2756 1643 2791 :
1701 2739 2037 2793 Adducentur
2141 2731 2259 2783 ll‘lIP.
2286 2729 2521 2783 facinora
2549 2727 2866 2782 damnatum
2893 2768 2908 2792 ,
2957 2727 3350 2797 exomologesis
3381 2741 3482 2780 non
3513 2725 3702 2780 libera-

428 2820 542 2889 regi
572 2822 794 2892 virgines
851 2834 965 2892 post
1012 2842 1122 2880 eam
1172 2827 1291 2899 (Ps.
1326 2845 1453 2884 XLIV
1485 2871 1498 2893 ,
1552 2830 1660 2901 15).
1715 2831 1783 2884 Et
1820 2832 1997 2887 adhuc

2144 2823 2218 2876 vit
2246 2824 2267 2876 ?
2297 2823 2362 2876 Et
2395 2822 2523 2892 quid
2548 2822 2792 2888 estquod
2818 2821 2895 2875 ait
2919 2820 3177 2874 Dominus
3209 2836 3222 2873 :
3263 2818 3447 2872 Nonne
3477 2819 3561 2886 qui
3588 2817 3710 2870 ceci-

430 2915 860 2981 Adolescentulat,
889 2934 1107 2986 quarunt
1126 2938 1226 2974 non
1254 2934 1327 2975 est
1356 2940 1601 2978 numerus
1638 2926 1814 2994 (Cant.
1845 2942 1917 2990 Vl,
1953 2927 2021 2994 7)

2144 2914 2291 2977 derit,
2323 2923 2586 2985 resurget,
2618 2924 2665 2968 et
2696 2915 2783 2984 qui
2811 2928 3018 2967 aversus
3051 2912 3224 2976 fuerit,
3245 2920 3546 2966 convertetur
3571 2908 3701 2980 (ler.

425 3003 570 3075 Ergo
604 3006 657 3060 in
687 3009 941 3063 omnibus
967 3027 1094 3077 una,
1130 3023 1184 3067 et
1214 3030 1317 3068 una
1348 3031 1515 3085 super
1549 3018 1755 3072 omnia,
2141 3023 2253 3072 vnn,
2283 3006 2339 3078 4)
2369 3008 2391 3061 ?
2441 3006 2580 3074 Quid
2631 3006 2728 3060 illa
2765 3015 2842 3060 tot
2873 3004 3283 3060 similitudinum
3332 3003 3707 3058 dominicarum

498 3098 564 3155 ν.
599 3100 657 3155 Si
681 3102 1200 3162 rationemnominis
1223 3112 1441 3179 quieris,
1478 3121 1721 3180 apparet,
1771 3113 1843 3167 De
1866 3114 2042 3181 ρωηί.
2141 3111 2459 3170 argumenta
2520 3099 2898 3170 respondent?
2957 3100 3108 3166 Quod
3158 3097 3466 3153 drachmam
3514 3097 3707 3151 invenit

429 3195 597 3247 tentia
619 3208 770 3261 vero,
803 3196 943 3251 Deus
967 3210 1187 3266 praestet
1207 3202 1443 3255 utnullis
1459 3203 1712 3258 ﬁdelibus
1732 3206 2021 3259 necessari:

2144 3196 2361 3261 mulier,
2393 3204 2448 3249 et
2474 3195 2775 3264 gratulatur
2802 3196 3113 3260 iuventam;
3154 3191 3293 3263 quod
3350 3202 3525 3262 pastor
3553 3204 3703 3246 ovem

424 3288 536 3355 sit;
570 3304 731 3345 nemo
750 3300 872 3359 post
914 3294 1053 3347 sacri
1090 3294 1257 3350 fontis
1290 3297 1575 3361 auxilium,
1608 3296 1819 3353 foveam
1853 3299 2021 3354 morti:

2147 3297 2393 3358 reportat
2437 3288 2769 3352 erratieam;
2824 3286 2968 3357 quod
3025 3285 3140 3342 ﬁlio
3193 3284 3501 3349 revertenti,
3537 3294 3650 3353 post
3679 3292 3700 3319 ε

425 3380 672 3438 incurrat
695 3402 706 3438 :
729 3399 827 3439 nec
857 3385 1006 3439 tarda
1040 3388 1303 3443 Salamina
1331 3391 1579 3459 ingerere
1608 3391 1921 3447 sacerdotes
1946 3402 2038 3447 aut
2143 3383 2405 3453 Prodaclﬂ
2439 3382 2618 3436 011ιηὶ³
2651 3382 2815 3443 bona.
2843 3388 2898 3436 ει
2919 3395 3040 3434 cum
3070 3380 3437 3435 lnel‘ell'iCibllS
3463 3387 3515 3432 ει
3540 3375 3704 3431 ίοΐηῖο

427 3475 631 3530 docere
651 3486 934 3547 cngantur,
963 3494 1031 3533 ne
1061 3481 1320 3548 peccandi
1351 3486 1455 3537 iter
1480 3485 1748 3551 aperiant,
1769 3485 1895 3539 dum
1915 3500 2037 3553 pcc-
2140 3474 2301 3529 cariis
2329 3472 2353 3509 ιι
2382 3484 2654 3541 nepotata,
2691 3481 2845 3541 pater
2876 3470 3106 3525 blandus
3122 3471 3378 3533 occurrit,
3400 3480 3452 3524 et
3476 3468 3699 3523 invidum

423 3568 834 3625 eantiremediis
850 3571 1219 3628 blandiuntur.
1241 3575 1345 3630 Sed
1370 3591 1469 3632 nos
1486 3576 2033 3648 hancindulgentiam
2141 3563 2363 3619 {Patrem
2406 3575 2622 3619 οειοιιεεὶ
2655 3564 2866 3618 "ilione
2892 3562 3166 3629 ωειίκειῖ
3195 3559 3383 3624 Filius,
3414 3560 3647 3629 inquiens
3679 3600 3693 3621 ς

426 3661 518 3717 Dei
548 3662 722 3717 n05tri
762 3664 1002 3729 miseris,
1056 3682 1161 3720 non
1196 3668 1365 3723 beatis
1397 3712 1411 3735 ,
1444 3686 1547 3726 nec
1569 3681 1698 3726 ante
1727 3683 2021 3740 peccatum.

2144 3681 2282 3718 meus
2330 3664 2413 3716 hic
2458 3673 2691 3717 mortuus
2718 3666 2907 3733 fuerat.
2936 3670 2983 3715 et
3013 3661 3194 3714 reuixit
3228 3676 3248 3724 ;
3278 3658 3512 3726 perierat.
3553 3666 3597 3709 et
3622 3656 3695 3708 in-

430 3761 453 3788 “
480 3753 577 3809 Sed
605 3765 829 3824 Ρθεεθιιι
859 3756 1170 3827 delegimus
1200 3776 1214 3813 ε
1246 3776 1348 3816 nec
1370 3766 1517 3818 sanis
1549 3766 1900 3832 medicinam,
1937 3767 2033 3821 ε.ιά
2137 3767 2313 3810 ventus
2338 3766 2410 3810 est
2434 3756 2453 3828 (
2480 3755 2603 3810 Luc.
2639 3770 2725 3818 xv,
2755 3753 2870 3825 δὲ).
2895 3752 3033 3820 Quid
3062 3752 3151 3807 ille
3183 3752 3233 3805 in
3264 3751 3344 3803 via
3375 3749 3691 3812 vulneratus,

431 3845 573 3899 male
596 3844 927 3902 habentibus
958 3853 1291 3906 nuntiamus.
1343 3852 1399 3908 Si
1451 3856 1584 3909 nihil
1624 3856 1678 3909 in
1722 3857 2029 3927 baptizatos
2138 3869 2165 3905 εὶ
2198 3852 2385 3908 Levita
2418 3862 2473 3907 et
2496 3851 2787 3906 sacerdote
2831 3848 3184 3919 praeteritus?
3229 3846 3413 3900 Nonne
3452 3843 3702 3897 curatur?

426 3950 660 4007 possunt
692 3942 949 4009 nequitiae
981 3943 1316 4012 spirituales,
1354 3947 1484 4000 nihil
1520 3947 1665 4001 fraus
1692 3949 1781 4003 illa
1802 3965 2031 4019 serpen-
2142 3946 2379 3999 llevolve
2410 3960 2529 4014 quze
2586 3942 2819 4013 Spiritus
2869 3942 3015 3996 dicat
3062 3939 3307 3995 ecclesiis
3368 3940 3543 4010 (Apoc.
3574 3952 3607 3989 ll
3637 3935 3654 4005 )
3683 3952 3695 3989 :

430 4030 500 4085 tis
528 4047 652 4101 quae
685 4034 921 4101 primum
970 4036 1241 4090 subvertit
1291 4038 1595 4103 hominem,
1635 4056 1755 4110 qua}
1801 4043 2034 4110 posteris
2140 4036 2405 4105 Ephesios
2424 4036 2653 4089 deserta:
2677 4033 2988 4088 dilectionis
3012 4026 3702 4098 accusat:stuprumTliya-

426 4124 545 4193 ejus
575 4133 654 4179 tot
679 4126 868 4179 titulos
898 4126 1268 4183 damnationis
1312 4131 1616 4203 impressit;
1665 4136 1708 4188 si
1743 4138 1975 4192 recessit
1998 4153 2026 4191 a
2138 4129 2332 4185 tironis
2361 4130 2625 4199 imputat;
2679 4126 2882 4181 Sardos
2905 4126 2958 4179 in
2989 4139 3152 4194 opere
3181 4134 3471 4183 cessantes,
3519 4122 3699 4189 Perga-

424 4217 652 4283 mundo,
680 4218 724 4272 si
749 4221 1107 4289 regnarejam
1133 4225 1419 4290 capimus,
1448 4226 1496 4279 si
1548 4228 1757 4282 nullum
1802 4230 1979 4284 oculis
2009 4272 2022 4295 ,
2137 4238 2330 4278 menos
2353 4222 2613 4276 docentes
2645 4220 2859 4275 diversa
2886 4217 3264 4289 reprehendit;
3297 4213 3698 4271 Laodicenorum

423 4311 635 4365 nullum
671 4312 943 4376 manibus,
980 4313 1185 4367 nullum
1237 4318 1510 4371 mentibus
1566 4321 1767 4373 nostris
1815 4321 2028 4377 crimen
2135 4314 2352 4369 divitias
2383 4314 2586 4377 inurit;
2618 4323 2671 4366 et
2701 4324 2883 4366 tamen
2906 4324 3096 4365 omnes
3126 4308 3189 4364 ad
3220 4308 3578 4378 paenitentiam
3619 4319 3699 4357 sa-

423 4403 675 4472 obrepit;
706 4404 998 4472 abjiciatur
1030 4406 1131 4461 hoc
1161 4408 1251 4463 Dei
1278 4410 1506 4474 donum,
1550 4412 2030 4482 repelloturauxi-
2139 4407 2453 4464 tisiactione
2512 4405 2736 4459 invitat.
2769 4402 2909 4472 Quid
2960 4401 3247 4473 Apostolus
3299 4399 3363 4453 ad
3407 4396 3701 4454 Corinthios

420 4496 580 4562 lium,
614 4496 765 4551 nulla
795 4500 1218 4569 exomologesis.
1253 4504 1384 4557 nulli
1414 4505 1652 4573 gemitus
1696 4508 2026 4573 audiantur;
2135 4517 2257 4557 cum
2290 4502 2361 4555 ita
2394 4500 2524 4555 dicit
2557 4518 2568 4551 :
2603 4498 2687 4553 Ne
2713 4515 2829 4552 cum
2850 4514 3051 4561 venero,
3092 4498 3291 4566 lugeam
3329 4493 3509 4545 multus
3529 4507 3586 4545 ea:
3621 4490 3696 4542 his

421 4599 739 4644 eontemnat
766 4607 928 4646 omne
961 4595 1258 4647 remedium
1289 4597 1523 4664 superba
1568 4599 1798 4666 justitia.
1870 4601 2026 4669 Quod
2134 4597 2221 4666 qui
2244 4606 2362 4650 ante
2390 4602 2745 4666 peccaverunt,
2796 4604 2975 4648 etnon
3021 4599 3229 4661 egerunt
3271 4587 3607 4658 paenitentiam
3642 4599 3701 4637 ex

419 4683 463 4737 si
501 4684 617 4737 lucc
648 4682 856 4738 homini
888 4699 988 4740 suo
1017 4686 1277 4741 Dominus
1308 4690 1545 4757 providit
1571 4707 1585 4754 ;
1612 4691 1655 4745 si
1689 4691 1831 4746 idem
1874 4704 2024 4748 stan-
2058 4685 2111 4745 D
2137 4691 2217 4744 Itis
2241 4705 2357 4759 qua:
2381 4698 2498 4741 ante
2520 4695 2787 4758 gesserunt
2816 4686 2868 4737 in
2908 4683 3246 4755 fornicatione
3296 4690 3341 4733 et
3388 4677 3700 4732 immunditiis

420 4776 567 4830 tibus
595 4778 838 4845 praemia,
896 4779 985 4847 qui
1024 4779 1332 4847 iacentibus
1362 4783 1600 4837 remedia
1633 4782 1861 4853 largitus
1899 4798 1982 4840 est
2014 4804 2027 4840 :
2136 4785 2246 4839 suis
2274 4783 2339 4853 (Il
2363 4783 2483 4837 Cor.
2519 4797 2611 4844 xu,
2644 4780 2763 4850 2l).
2792 4778 2951 4846 Quid,
2982 4793 3104 4834 cum
3155 4790 3336 4851 rursus
3361 4773 3425 4829 ad
3453 4771 3699 4829 Galatas?

421 4867 654 4924 desinite
675 4869 914 4925 divinam
941 4887 1201 4928 accusare
1251 4875 1529 4944 pietatem.
1555 4884 1648 4930 aut
1676 4885 1754 4930 tut
1786 4879 2028 4933 caelestis
2139 4881 2200 4935 Si
2228 4880 2338 4947 quis
2369 4885 2654 4949 prwvcntus
2681 4875 2838 4946 fuerit
2864 4877 2917 4928 in
2946 4874 3117 4944 aliqua
3142 4872 3328 4924 delicto
3355 4870 3373 4940 (
3398 4866 3512 4922 Cal.
3546 4866 3595 4930 6,
3623 4865 3694 4931 1);

422 4960 729 5015 clementia:
757 4962 947 5017 titulos
971 4965 1183 5033 obiectu
1218 4968 1413 5036 rigoris
1438 4969 1685 5035 eradere,
1708 4972 2025 5041 autgratui-
2137 4973 2189 5028 id
2220 4982 2324 5037 est,
2350 4985 2716 5041 quocumque,
2752 4985 2837 5024 uos
2862 4969 2950 5039 qui
2980 4966 3237 5038 spiritalt‘s
3277 4962 3391 5017 estis
3412 4999 3427 5025 ,
3478 4956 3698 5012 imtruite

423 5062 477 5106 ta
506 5053 720 5108 Domini
764 5055 909 5109 bona
952 5056 1334 5113 inobsecrabili
1363 5062 1664 5131 asperitate
1707 5064 2019 5128 prohibere.

499 5198 524 5227 ι
561 5190 666 5273 Sed
694 5202 922 5273 peccata.
960 5193 1070 5273 Sed
1089 5206 1201 5273 post
1234 5208 1441 5264 peccata
1466 5199 1751 5269 legendum
1783 5202 2017 5258 videtur.

429 5265 613 5335 Atque
636 5265 706 5316 ita
734 5263 1023 5317 ediderunt
1056 5263 1467 5335 Lugdunenses.

500 5334 528 5372 ὓ
572 5332 636 5386 Et
685 5336 773 5403 qui
818 5332 1183 5412 reﬂe_ctut.._I.
1215 5341 1511 5412 irrogatam.
1571 5343 1824 5401 Veterem
1858 5347 2024 5401 inter-

431 5418 649 5484 pretetu
668 5416 910 5484 secutus,
938 5408 1081 5484 hunc
1110 5408 1273 5465 Joeli~
1304 5408 1361 5474 ti.
1392 5417 1476 5479 l3,
1498 5417 1678 5469 locum
1724 5428 1835 5472 tum
1885 5418 1972 5473 hic
2008 5461 2022 5484 ,

430 5488 543 5557 tum
568 5478 724 5541 inira,
759 5480 919 5557 epist.
946 5479 1002 5541 3,
1023 5495 1142 5548 cap.
1165 5485 1252 5557 2t,
1275 5478 1666 5557 redditanctor
1684 5490 1840 5557 juxta
1857 5478 2022 5552 LXX,

429 5552 897 5631 καὶμενταν-νίῶνᾷπὶ
924 5558 1038 5631 satis:
1076 5556 1289 5617 κακίαις.
1329 5556 1485 5628 Vulg.
1519 5552 1828 5631 prwslabilis
1871 5578 2026 5630 super

429 5623 654 5697 malitia.
685 5621 1083 5697 Eodetumodo
1105 5641 1213 5693 quo
1234 5621 1460 5683 sanctus
1477 5621 1860 5697 Paternoster,
1885 5621 2021 5687 reci-

432 5703 509 5773 ta_t
530 5693 743 5773 “eadem
772 5692 941 5773 luetis
977 5692 1140 5773 verba
1169 5711 1385 5755 sanctus
1414 5700 1714 5773 Cyprianus
1731 5704 1805 5759 tite
1839 5692 2019 5773 Laps.,

430 5765 495 5845 ad
526 5767 688 5845 linem
708 5805 722 5829 ,
750 5766 814 5817 de
841 5763 1233 5845 Bono_patie_ut.
1278 5775 1379 5845 sub
1407 5763 1551 5839 init.,
1586 5786 1640 5828 et
1664 5776 1824 5845 epist.
1857 5763 1924 5831 55
1954 5763 2022 5829 ad

430 5836 736 5897 Antoniam,
765 5851 918 5909 μακε.
952 5838 1073 5900 158,
1100 5838 1198 5894 2H
1234 5852 1289 5895 et
1322 5843 1415 5897 ill
1456 5886 1471 5909 ,
1527 5836 1662 5900 edit.
1702 5836 1901 5904 'Oxon.
1955 5852 2023 5902 At

429 5910 629 5978 ultique
654 5925 751 5980 pro
774 5906 998 5977 reﬂectat
1026 5911 1154 5979 legit
1174 5913 1369 5981 ﬂectat,
1399 5906 1736 5989 etfirroantus
1764 5937 1857 5990 pro
1886 5923 2018 5974 itm-

2134 5065 2388 5138 ejusmodi
2418 5066 2469 5118 in
2493 5064 2679 5136 spiritu
2708 5059 3140 5137 mansuetudinis,
3168 5071 3345 5111 cavens
3369 5068 3428 5106 nc
3454 5061 3500 5105 cl
3531 5060 3580 5103 tu
3599 5059 3699 5101 leno

2120 5216 2294 5276 gulam
2322 5223 2340 5259 :
2363 5222 2521 5273 quam
2551 5206 2803 5275 equidem
2834 5200 3188 5272 posteriorem
3230 5195 3503 5252 lectionem
3552 5191 3698 5246 alteri

2123 5277 2464 5347 Cyprianicm
2494 5277 2852 5343 praetulerim.

2203 5334 2223 5383 δ
2256 5334 2534 5403 Producta.
2568 5349 2642 5402 lta
2663 5341 3287 5418 quoqne'l‘ertnlliapus,
3314 5335 3538 5418 dePuld"
3561 5352 3603 5388 c.
3631 5334 3693 5389 8:

2132 5419 2303 5473 Minor
2328 5420 2491 5488 ﬁlius,
2523 5408 3089 5489 prodtt'cla'sttbslttutia
3142 5409 3275 5475 Dei,
3320 5411 3372 5463 in
3415 5408 3576 5460 aliena
3615 5420 3695 5457 rc-

2128 5493 2283 5563 gione
2298 5492 2565 5563 Amendicut
2580 5532 2590 5543 .

2203 5562 2226 5597 ιι
2260 5561 2539 5631 Nepotata.
2590 5563 2889 5631 Perperam
2956 5549 3689 5631 rescripserebugdunenses

2131 5621 2357 5702 epotum:
2394 5621 2757 5688 Tertttllianus
2776 5634 2829 5683 iu
2858 5628 3106 5702 Apolog.,
3130 5621 3253 5702 cap.
3282 5624 3348 5677 46
3372 5639 3384 5673 :
3412 5621 3694 5702 Aristippus

2125 5688 2179 5759 ni
2212 5722 2443 5775 purpura
2471 5706 2561 5758 sub
2587 5720 2781 5775 magna
2806 5688 3069 5771 grauitatis
3088 5688 3268 5775 specie
3295 5688 3596 5775 nepotatur.)
3618 5688 3693 5742 Ad

2125 5765 2285 5848 Quem
2314 5765 2495 5831 locum
2546 5765 2697 5830 uotai
2745 5765 3191 5848 Havercampius.
3245 5766 3466 5848 verbum
3516 5765 3687 5848 huius:

2127 5831 2272 5904 modi
2303 5866 2327 5898 ιι
2361 5848 2604 5917 prodigis
2636 5845 2905 5916 nepotulis
2955 5831 3293 5899 translatum.
3350 5834 3501 5892 Plura
3553 5831 3685 5887 dabit

2127 5921 2363 5989 (‘angins
2398 5923 2446 5975 in
2480 5919 2779 5977 Glossario.
