3854 6380
203 419 349 476 1057

1628 422 1960 483 EI‘ISTOLA
2000 427 2062 481 ll.

3350 444 3489 506 1058

203 534 351 587 teris.
387 533 455 589 At
486 534 742 604 numquid
786 532 1194 602 paterfamilias,
1248 536 1298 590 in
1353 550 1545 608 magna
1579 538 1741 595 domo
1775 582 1789 608 ,
1824 545 1870 605 Α
1904 541 2042 613 Ergo
2069 559 2167 599 nec
2186 543 2473 617 baptisma,
2495 563 2596 605 nec
2619 551 2904 609 criminum
2932 558 3484 623 remissio,necinno-

202 637 459 698 argentea
487 640 691 683 tantmn
718 637 772 682 et
812 642 975 683 aurea
1014 645 1137 684 vasa
1181 631 1462 686 custodit?
1509 632 1695 689 Nonne
1742 644 1798 690 et

202 722 393 777 ﬁctilia
416 731 469 779 et
501 724 704 792 lignea,
756 731 811 777 et
859 725 1158 794 composita
1199 726 1446 795 quaedam
1496 736 1549 781 et
1595 727 1796 783 refecta

199 813 505 884 dignatur?
534 814 686 869 Nunc
714 816 937 885 gaudeo,
972 816 1145 885 inquit
1170 816 1486 885 Apostolus,
1517 819 1638 887 quia
1675 836 1797 873 con-

201 909 393 962 tristati
421 910 542 962 estis
564 908 633 960 ad
648 910 998 976 paenitentiam
1024 908 1223 975 (llCor.
1240 926 1332 975 vn,
1354 910 1433 979 9).
1464 910 1527 964 Et
1560 912 1756 965 iterum
1778 930 1791 965 :

202 1000 345 1065 Quia
366 1001 645 1055 secundum
675 997 842 1053 Deum
886 1002 1121 1063 tristitia,
1156 1003 1525 1071 paenitentiam,
1562 1002 1617 1054 in
1647 1003 1790 1057 salu-

199 1102 326 1152 tem.
353 1093 585 1147 stabilem
608 1103 852 1163 operatur
884 1092 1050 1166 (Ibid.
1090 1094 1201 1163 10).

280 1184 371 1239 Vl.
402 1182 507 1238 Sed
536 1186 797 1253 pmnitere
827 1201 931 1240 non
958 1186 1131 1240 licuit.
1150 1185 1316 1240 Nemo
1346 1188 1463 1242 sine
1483 1187 1661 1242 fructu
1694 1186 1795 1241 im-

200 1285 357 1346 perat
388 1274 629 1331 laborem
658 1294 670 1329 :
706 1276 906 1348 Dignus
930 1286 1001 1332 est
1032 1279 1165 1331 enim
1196 1280 1538 1332 mercenarius
1566 1278 1795 1333 mercede

200 1383 300 1421 sua
326 1366 541 1436 (Matth.
575 1384 607 1423 x
632 1407 649 1433 ,
695 1369 791 1434 10;
821 1368 949 1422 Luc.
982 1387 1035 1433 x,
1062 1372 1139 1439 '7).
1168 1370 1466 1440 Numquam
1497 1371 1640 1425 Deus
1684 1385 1791 1425 non

202 1460 489 1531 paanitenti
527 1464 970 1529 comminaretur,
1008 1464 1105 1517 nisi
1156 1465 1460 1534 ignosceret
1489 1463 1789 1533 poznitenti.

201 1550 367 1610 Solus
412 1552 547 1620 hoc,
589 1554 822 1622 inquies,
856 1556 995 1609 Deus
1026 1555 1238 1624 poterit.
1291 1555 1487 1609 Verum
1538 1562 1622 1609 est
1652 1570 1664 1606 ε
1693 1554 1790 1609 sed

200 1656 260 1699 et
289 1642 432 1713 quod
469 1659 563 1713 per
610 1644 919 1698 sacerdotes
956 1659 1082 1698 suos
1141 1644 1305 1709 facit,
1340 1646 1507 1714 ipsius
1557 1654 1791 1713 potesras

202 1747 310 1793 est.
347 1736 480 1790 Nam
510 1736 636 1806 quid
663 1746 745 1791 est
777 1736 903 1790 illud
938 1736 1081 1805 quod
1111 1735 1383 1805 Apostolis
1432 1738 1562 1791 dicit
1591 1754 1604 1789 :
1664 1732 1791 1801 Qine

201 1829 484 1900 ligot'eritis
514 1829 566 1881 in
600 1830 769 1894 terris,
804 1829 965 1900 ligata
994 1839 1143 1881 erunt
1170 1840 1216 1882 et
1244 1827 1296 1881 in
1321 1829 1462 1881 caelis
1494 1844 1511 1881 :
1554 1827 1620 1881 Et
1650 1843 1790 1897 qutt-

200 1940 418 1993 cumque
464 1924 715 1977 solveritis
764 1924 814 1976 in
861 1925 1045 1989 terris,
1094 1924 1265 1975 soluta
1293 1932 1441 1975 erunt
1468 1933 1515 1975 et
1560 1923 1613 1975 in
1652 1924 1789 1976 caelis
1821 1932 1864 1991 Β
1961 1940 2227 1998 pacianus
2272 1944 2560 2017 episcopus
2603 1950 2904 2021 Symproni.

203 2017 419 2087 (Matth.
458 2033 572 2082 xvi,
624 2018 727 2081 19;
767 2015 923 2070 Joan.
958 2033 1047 2081 xx,
1080 2016 1171 2086 Q3)
1198 2016 1219 2068 ?
1250 2015 1357 2069 Cur
1391 2018 1518 2075 hor.
1545 2016 1587 2067 si
1623 2016 1790 2084 ligare

198 2114 512 2169 hominibus
556 2127 618 2166 ac
656 2113 868 2166 solvere
906 2127 1011 2165 non
1059 2110 1286 2164 licebat?
1332 2111 1412 2164 An
1456 2119 1660 2163 tantum
1688 2110 1790 2164 hoc

198 2207 333 2263 solis
369 2206 643 2273 Apostolis
693 2205 860 2259 licet?
903 2204 1042 2271 Ergo
1078 2213 1129 2257 et
1170 2203 1444 2271 baptizare
1482 2202 1611 2255 solis
1642 2201 1786 2267 licet,

197 2309 255 2355 et
300 2298 563 2368 Spiritum
615 2307 860 2351 sanctum
904 2296 1035 2350 dare
1077 2296 1239 2362 solis,
1289 2304 1342 2349 et
1390 2295 1525 2349 solis
1549 2294 1786 2364 gentium

199 2401 422 2463 peccata
474 2405 707 2461 purgare
744 2407 757 2443 :
803 2388 926 2458 quia
969 2398 1135 2442 totum
1187 2387 1317 2453 hoc,
1353 2402 1458 2440 non
1482 2388 1603 2440 aliis
1628 2401 1788 2455 quam

199 2484 480 2555 Apostolis
503 2484 822 2552 imperatum
852 2492 953 2537 est.
979 2482 1131 2547 Quod
1158 2482 1202 2536 si
1228 2497 1333 2535 uno
1358 2482 1411 2535 in
1444 2481 1586 2546 loco,
1611 2489 1664 2534 ct
1705 2495 1791 2535 re-

202 2576 409 2631 solutio
452 2575 791 2631 vinculorum
834 2584 888 2629 et
930 2574 1255 2628 sacramenti
1304 2582 1545 2641 potestas
1601 2572 1785 2635 datur;

199 2679 299 2723 aut
327 2677 496 2722 totum
526 2668 591 2721 ad
624 2683 719 2723 nos
748 2684 813 2722 ex
844 2666 1209 2736 apostolorum
1242 2665 1406 2720 forma
1438 2673 1492 2717 et
1523 2673 1789 2733 potestate

197 2760 490 2815 deductum
527 2770 644 2825 est;
677 2768 770 2814 aut
808 2774 907 2814 nec
938 2759 1068 2812 illud
1121 2774 1187 2811 ex
1230 2757 1462 2812 decretis
1492 2757 1787 2810 relaxatum

196 2860 304 2907 est.
353 2852 495 2924 Ego,
546 2853 753 2921 inquit,
801 2852 1194 2921 fundamentum
1236 2850 1419 2918 posui;
1464 2849 1595 2901 alius
1618 2858 1789 2901 autem

194 2950 586 3018 supercdi/icat
622 2948 674 3020 (ι
715 2945 834 3000 Cor.
870 2962 950 3012 Ill,
991 2947 1101 3015 10).
1133 2946 1243 2999 lloc
1285 2960 1413 3016 ergo
1456 2944 1792 3015 supertedili-

197 3053 393 3097 cantes
421 3084 435 3109 ,
487 3042 629 3112 quod
677 3041 1059 3111 Apostolorum
1101 3040 1349 3093 doctrina
1394 3038 1653 3092 fundavit.
1690 3038 1791 3091 De-

198 3137 368 3206 nique
416 3144 469 3189 et
512 3136 777 3205 episcopi,
823 3134 1063 3203 Apostoli
1110 3134 1485 3197 nominantur,
1540 3133 1677 3187 sicut
1721 3132 1789 3187 de

196 3225 573 3295 Epaphrodito
623 3226 821 3281 Paulus
852 3224 1105 3279 edisserit
1132 3240 1145 3277 :
1199 3223 1436 3277 Fratrem
1461 3234 1505 3275 et
1536 3223 1789 3275 commili-

1903 638 2047 691 vatio
2098 643 2374 709 corporis,
2425 654 2631 698 sancta:
2670 648 2924 713 potestati
2966 649 3082 719 ejus
3122 652 3322 707 indulta
3363 665 3484 720 est;

1898 730 2022 797 quia
2069 730 2197 785 nihil
2248 734 2466 802 proiiria
2514 738 2866 807 usurpatione
2903 742 3214 796 mandatum
3261 755 3365 810 est,
3407 757 3487 801 to—

1900 830 2119 890 tumque
2150 822 2200 877 id
2247 838 2313 879 ex
2343 827 2642 892 apostolico
2664 828 2786 899 jure
2816 829 3065 887 deﬂuxit.
3114 834 3261 900 Scio,
3295 836 3483 904 frater,

1898 916 2036 974 hanc
2062 920 2230 988 ipsam
2266 922 2609 991 paenitentia:
2633 927 2841 981 veniam
2867 943 2971 982 non
3005 932 3207 998 passim
3235 933 3487 990 omnibus

1896 1011 2047 1076 dari,
2081 1028 2177 1069 nec
2202 1024 2325 1070 ante
2356 1032 2519 1088 quam
2544 1029 2635 1072 aut
2662 1020 3037 1090 interpretatio
3067 1025 3266 1080 divinae
3290 1028 3483 1083 volun-

1898 1104 2043 1168 tatis,
2087 1114 2181 1159 aut
2228 1107 2455 1163 forsitan
2491 1109 2730 1165 visitatio
2777 1112 2961 1175 fuerit,
3007 1114 3261 1170 relaxari.
3291 1118 3486 1189 Magno

1895 1195 2136 1264 pondere
2168 1214 2469 1271 magnoque
2520 1202 2804 1260 libramine
2848 1216 2965 1276 post
3016 1209 3215 1263 multos
3246 1210 3483 1280 gemitus

1895 1286 2318 1359 ell'usioiiemque
2351 1292 2733 1364 lacrymarum,
2754 1307 2872 1365 post
2902 1299 3065 1353 totius
3092 1301 3338 1357 ecclesiae
3360 1318 3487 1373 pre-

1893 1393 1987 1434 ces
2008 1421 2021 1443 ,
2055 1382 2123 1434 ita
2157 1383 2366 1438 veniam
2398 1400 2541 1440 verte
2574 1390 2911 1456 pmnitentia:
2945 1406 3050 1446 non
3077 1395 3286 1463 negari,
3316 1404 3372 1448 ut
3396 1395 3483 1467 ju-

1893 1472 2137 1528 dicaturo
2180 1474 2396 1534 Christo
2429 1519 2443 1545 ,
2501 1496 2665 1535 nemo
2712 1483 3047 1553 pra-judieet.
3110 1486 3163 1541 Si
3212 1492 3479 1557 apertius,

1892 1566 2019 1635 quid
2052 1574 2109 1621 tu
2143 1569 2371 1638 sentias,
2420 1574 2733 1643 scripseris,
2767 1577 2973 1644 frater;
3012 1579 3220 1647 plenius
3250 1582 3484 1641 instrue-

1896 1660 1992 1714 ris.

2464 1758 2803 1817 EPISTULA
2844 1763 2905 1817 ll.

2316 1846 2393 1902 De
2432 1848 2809 1921 Sympront'ani
2846 1856 3048 1911 litteris.

2911 1970 2997 2007 uno
3024 1953 3172 2011 fratri
3224 1957 3477 2015 salutem.

1964 2030 2002 2087 1.
2060 2034 2117 2088 lu
2163 2036 2465 2103 quitestione
2500 2040 2709 2106 prolixa
2738 2084 2753 2109 ,
2799 2054 3055 2113 quantum
3085 2059 3274 2117 potero
3304 2051 3483 2106 brevi-

1893 2131 2054 2179 tatem
2081 2141 2297 2197 sequar.
2329 2129 2515 2200 Neque
2541 2132 2658 2198 tibi,
2692 2132 2882 2199 frater,
2915 2138 3015 2193 sub
3041 2138 3481 2211 interrogationis

1892 2216 2047 2272 bonae
2089 2222 2291 2288 specie,
2323 2225 2536 2279 occulta
2572 2226 2861 2282 verborum
2898 2230 3000 2284 tela
3028 2231 3291 2301 jaculauti
3319 2243 3481 2305 atque

1893 2312 2187 2381 objicienti,
2218 2332 2339 2384 quae
2372 2318 2485 2386 ipse
2533 2319 2866 2388 machinare,
2902 2324 3131 2394 aliquam
3165 2326 3333 2381 \icem
3366 2343 3483 2382 ma-

1895 2403 2025 2456 litia:
2057 2406 2379 2473 repensabo.
2412 2406 2575 2463 Orare
2599 2427 2692 2478 pro
2739 2416 3151 2482 persequentibus
3202 2416 3480 2485 jubeniur,

1894 2494 2413 2568 ntaledicentibusque
2467 2498 2764 2557 benedicere
2818 2504 3029 2573 (Matth.
3079 2523 3130 2573 v,
3162 2507 3274 2579 44).
3310 2508 3481 2566 Fraus

1894 2588 2039 2639 enim
2072 2588 2223 2657 quasi
2252 2591 2572 2659 vulpeculae,
2604 2593 2684 2647 vis
2711 2604 2892 2648 autem
2924 2596 3095 2651 leonis
3122 2607 3206 2653 est
3237 2617 3248 2652 :
3275 2610 3483 2655 utrum-

1891 2693 1997 2747 que
2032 2678 2098 2731 ah
2131 2678 2347 2735 homine
2387 2682 2822 2752 alienissimum;
2868 2687 2963 2742 sed
2993 2689 3139 2743 fraus
3162 2691 3288 2746 odio
3318 2693 3476 2763 digna

1892 2768 2115 2835 majore.
2146 2768 2279 2824 Nam
2313 2786 2437 2826 cum
2470 2774 2589 2843 plus
2621 2792 2818 2832 nocere
2845 2778 3059 2845 credas,
3083 2782 3238 2849 quasi
3263 2782 3481 2852 ignarus

1894 2858 2225 2931 interrogas;
2264 2878 2386 2917 cum
2421 2864 2620 2922 docere
2670 2876 2722 2923 te
2770 2878 2946 2938 putes,
2993 2872 3220 2929 simulas
3248 2875 3476 2930 erudiri.

1896 2949 2062 3005 Rabbi
2088 2994 2101 3017 ,
2143 2953 2431 3010 Dominum
2472 2960 2741 3015 vocabant
2776 2970 2995 3018 veteres
3038 2963 3318 3031 Pharisaei,
3356 2981 3480 3023 cum

1893 3044 2176 3113 mnigmata
2208 3046 2343 3115 legis
2370 3062 2743 3118 opponerent;
2772 3051 3084 3124 Magistrum
3111 3058 3479 3128 appellabant,

1892 3148 2014 3188 cum
2050 3135 2151 3189 sibi
2197 3153 2357 3193 omne
2402 3142 2771 3211 magisterium
2816 3147 3180 3203 vindicarent.
3208 3149 3481 3217 Quidlibet

1893 3238 2045 3294 agas,
2076 3225 2261 3293 frater,
2295 3237 2465 3285 totum
2506 3248 2570 3287 ex
2612 3249 2698 3288 me
2741 3236 3061 3306 simpliciter
3094 3256 3474 3313 recognosces.

196 3329 402 3385 tonent,
462 3320 671 3390 iuqttit,
724 3336 931 3383 nteum;
983 3328 1203 3371 vestrum
1254 3330 1425 3370 autent
1497 3316 1786 3383 apostolum
1815 3308 1861 3372 C
1892 3316 2030 3372 Malo
2077 3320 2361 3389 imperitus
2387 3366 2401 3388 ,
2461 3328 2985 3393 quam'malitiosus
3028 3308 3255 3407 intelligi
3290 3354 3302 3389 :
3337 3338 3480 3395 malo

198 3414 436 3484 (Philip.
466 3431 525 3477 ll,
551 3414 668 3485 ‘25).
703 3414 757 3470 Si
790 3429 919 3485 ergo
950 3422 1005 3468 et
1032 3414 1226 3467 lavacri
1260 3422 1311 3467 et
1354 3414 1660 3467 chrismatis
1692 3428 1785 3482 po-

198 3514 394 3575 testas,
425 3508 687 3576 majorum
715 3517 768 3561 et
800 3507 958 3575 longe
987 3505 1369 3559 charismatum
1398 3507 1462 3557 ad
1504 3504 1788 3574 episcopos

195 3598 328 3654 inde
354 3598 673 3662 descendit;
718 3607 774 3652 et
810 3597 1007 3667 ligandi
1050 3611 1265 3666 quoque
1297 3596 1380 3665 ius
1408 3597 1577 3650 adfuit
1622 3606 1789 3665 atque

192 3690 475 3748 solvendi.
510 3690 661 3757 Quod
694 3690 792 3744 etsi
827 3706 923 3743 nos
955 3690 1024 3743 ob
1050 3700 1232 3744 nostra
1258 3701 1474 3758 peccata
1504 3689 1789 3745 temerarie

194 3784 571 3849 vindicamus;
607 3784 749 3839 Deus
782 3794 956 3836 tamen
983 3783 1133 3845 illud,
1168 3792 1223 3835 ut
1251 3783 1453 3837 sanctis
1475 3791 1528 3836 et
1552 3787 1785 3852 Aposto-

195 3877 377 3932 lorum
400 3875 710 3930 cathedram
745 3875 1074 3937 tenentihus,
1128 3890 1232 3929 non
1262 3875 1517 3943 negabit;
1552 3876 1645 3944 qui
1675 3876 1790 3946 epi-

194 3971 403 4039 scopis,
443 3970 605 4023 etiam
641 3968 793 4023 Unici
835 3969 915 4023 sui
946 3983 1143 4022 nomen
1188 3967 1427 4022 indulsit.

272 4062 386 4117 VII.
418 4062 576 4117 Plura
594 4062 913 4129 scriberem,
939 4061 1123 4127 frater,
1160 4060 1217 4116 ni
1243 4070 1297 4116 et
1324 4060 1604 4117 celeritate
1636 4063 1789 4132 pueri

192 4154 528 4214 revertentis
576 4170 825 4225 urgerer,
872 4163 927 4210 et
971 4155 1057 4211 vel
1097 4154 1352 4224 prmsenti
1385 4154 1501 4219 tibi,
1550 4155 1633 4209 vel
1666 4163 1691 4192 ι
1723 4156 1790 4209 de

192 4248 347 4305 omni
407 4249 685 4318 proposito
745 4247 1066 4312 confitenti,
1119 4245 1423 4314 copiosiora
1489 4261 1784 4300 servarem.

192 4341 372 4397 Nemo
393 4340 705 4409 episcopum
737 4338 972 4393 hominis
1006 4338 1467 4407 contemplatione
1504 4338 1782 4407 despiciat.

194 4433 595 4498 Recordemur,
627 4432 770 4503 quod
820 4432 1013 4487 Petrus
1043 4431 1338 4501 Apostolus
1370 4430 1657 4487 Dominum
1692 4448 1787 4486 no-

192 4536 373 4583 strum
402 4526 725 4597 Episcopum
779 4523 1104 4587 nominarit;
1162 4522 1268 4578 Sed
1306 4524 1558 4589 conversi,
1594 4524 1784 4593 inquit,

196 4620 357 4673 modo
396 4619 463 4672 ad
491 4619 786 4689 episwpum
813 4625 859 4669 et
888 4626 1145 4683 pastorem
1179 4615 1476 4668 animarum
1504 4626 1785 4669 vestrarum

1892 3411 2072 3465 fatuus
2103 3429 2262 3483 quam
2291 3416 2522 3471 callidus
2546 3418 2799 3488 judicari.
2825 3422 3000 3489 Quare
3024 3428 3176 3496 prius
3202 3444 3360 3500 quam
3395 3447 3481 3487 ra-

1894 3506 2096 3561 tionem
2150 3508 2272 3563 tidei
2327 3520 2527 3565 nostra:
2581 3514 2669 3583 (de
2713 3530 2815 3585 qua
2864 3519 3123 3592 moveris)
3179 3524 3474 3594 assignem,

1892 3603 2079 3671 accipe
2121 3618 2288 3672 pauca
2328 3605 2396 3659 de
2439 3606 2638 3662 litteris
2680 3613 2786 3664 tuis
2809 3626 2939 3680 quas
2982 3617 3241 3672 tractatui
3285 3629 3487 3688 praetu-

1890 3692 2019 3747 listi.

1957 3785 2023 3841 ll.
2048 3784 2327 3843 Refectum
2356 3805 2477 3846 esse
2498 3801 2548 3847 te
2578 3792 2717 3849 dicis
2744 3795 3019 3865 prioribus
3044 3802 3295 3871 epistolis
3318 3808 3476 3875 meis,

1890 3886 1943 3931 et
1978 3879 2161 3932 statim
2215 3880 2372 3936 addis
2422 3899 2508 3939 me
2566 3900 2687 3939 cum
2729 3891 3090 3949 amaritudine
3128 3900 3479 3967 respondisse

1889 3982 2010 4039 qua:
2048 3971 2383 4040 scripserim.
2456 3975 2511 4031 Si
2560 3992 2743 4033 amara
2788 3982 3082 4051 reficiunt,
3124 3989 3251 4059 quid
3302 3990 3480 4049 dulcia

1892 4072 2187 4130 operentur
2232 4064 2456 4133 ignoro;
2507 4068 2608 4122 nisi
2638 4070 2784 4138 quia,
2828 4073 2966 4129 utin
2995 4077 3277 4135 medicina:
3316 4098 3483 4153 pocu-

1890 4153 1979 4221 lis,
2011 4156 2146 4210 solet
2178 4172 2421 4213 amarum
2455 4163 2622 4231 magis
2653 4180 2813 4233 quam
2846 4167 3006 4226 dulce
3049 4174 3333 4231 medicari.
3366 4178 3476 4235 Sed

1890 4260 2111 4313 (μείρεο,
2164 4247 2373 4303 litteras
2425 4267 2577 4308 meas
2608 4266 2856 4327 repetas,
2902 4276 2969 4317 an
3016 4264 3199 4335 aliquo
3230 4268 3353 4325 felle
3384 4287 3477 4328 re-

1890 4351 2092 4433 spersa:
2120 4339 2247 4401 sint,
2275 4342 2410 4411 ,quid
2458 4346 2777 4414 superbum,
2814 4353 2944 4422 quid
2979 4356 3203 4415 insuave
3253 4376 3483 4433 respon-

1889 4426 2081 4483 derim.
2116 4428 2309 4486 Plures
2342 4448 2449 4501 me,
2482 4436 2582 4503 ais,
2616 4435 2855 4497 haereses
2890 4448 3221 4516 nominasse,
3262 4426 3485 4526 de'qui-

1890 4517 1989 4573 bus
2012 4534 2169 4575 nemo
2201 4525 2500 4591 quaesierit.
2527 4527 2660 4597 Age,
2690 4531 2817 4600 quid
2854 4542 2944 4589 tua
2970 4538 3013 4592 si
3056 4538 3342 4601 haereticus
3369 4517 3479 4604 non

1890 4625 2011 4666 eras
2031 4612 2054 4651 7
2073 4612 2173 4678 Qui
2201 4629 2321 4669 cum
2351 4616 2419 4672 de
2446 4617 2553 4675 fide
2602 4633 2791 4680 nostra
2820 4642 3068 4688 moveres
3098 4637 3481 4708 quaestionem,

197 4712 217 4780 (
246 4711 267 4765 l
302 4709 446 4764 Petr.
496 4726 557 4778 ιι,
594 4708 722 4778 25).
768 4708 905 4776 Quid
946 4709 1202 4777 episcopo
1250 4707 1555 4777 negabitur,
1597 4708 1649 4762 in
1680 4723 1786 4777 quo
1814 4694 1865 4756 D
1889 4712 1945 4758 et
1974 4703 2155 4760 doceri
2190 4708 2328 4763 velle
2357 4719 2409 4765 te
2438 4710 2672 4781 diceres,
2707 4718 2902 4789 scripsi
2943 4694 3263 4793 ignorantia!

196 4801 299 4857 Dei
339 4816 536 4856 nomen
561 4808 821 4871 operatur
843 4800 865 4851 ἶ)
894 4800 1103 4855 Reddet
1139 4799 1356 4870 quidem
1389 4799 1466 4853 illi
1496 4800 1784 4866 rationem,

195 4894 245 4949 si
288 4892 416 4963 quid
467 4908 747 4962 perperam
790 4893 978 4948 fecerit
1004 4934 1017 4957 ,
1068 4892 1153 4947 vel
1186 4893 1228 4945 si
1262 4900 1519 4958 corrupte
1544 4900 1598 4947 et
1629 4892 1790 4962 impie

194 4983 472 5056 iudicarit.
501 4983 610 5039 Nec
636 4984 1020 5053 prrejudicatur
1046 4985 1183 5050 Deo,
1215 5000 1322 5054 quo
1354 4985 1532 5040 minus
1566 4985 1690 5040 mali
1718 5002 1789 5060 te-

193 5074 497 5133 dilicatoris
518 5090 684 5147 opera
712 5077 986 5131 rescindat
1020 5093 1031 5129 :
1069 5076 1273 5132 interea
1302 5078 1345 5131 si
1378 5079 1463 5147 pia
1495 5078 1585 5131 illa
1618 5077 1789 5132 admi-

193 5168 455 5226 nistratio
479 5176 587 5235 est,
618 5167 831 5236 adjutor
876 5167 971 5223 Dei
1002 5182 1226 5237 operum
1260 5180 1601 5237 perseverat.
1648 5170 1789 5225 Ecce

194 5260 494 5331 Apostolus
533 5260 598 5315 ad
630 5261 797 5316 laicos
828 5261 1017 5315 scribit
1048 5278 1061 5315 :
1097 5261 1159 5315 Si
1187 5262 1269 5314 cui
1304 5262 1430 5330 quid
1460 5264 1669 5317 donatis
1695 5305 1708 5329 ,
1743 5272 1790 5317 et

192 5371 294 5427 ego
317 5370 336 5408 :
360 5352 501 5407 Nam
527 5363 574 5408 et
603 5372 693 5427 ego
724 5356 862 5424 quod
890 5355 1097 5421 donavi,
1124 5355 1167 5408 si
1194 5354 1319 5423 quid
1342 5355 1549 5422 donavi,
1583 5368 1791 5428 prapter

193 5462 291 5502 vos
319 5445 375 5499 in
420 5462 642 5516 persona
668 5447 892 5513 Christi;
934 5456 989 5501 ut
1018 5463 1119 5500 non
1145 5447 1472 5517 possideatur
1500 5465 1533 5501 a
1559 5460 1741 5503 satana
1771 5466 1785 5515 ;

194 5555 305 5595 non
325 5538 459 5592 enim
483 5540 730 5592 versutias
755 5542 867 5608 ejus
896 5540 1190 5612 ignoramus
1218 5538 1303 5611 (ll
1334 5539 1457 5594 Cor.
1476 5556 1534 5607 tt,
1557 5541 1644 5609 l0,
1670 5543 1783 5606 Η).

197 5632 258 5692 Si
291 5640 472 5687 autem
500 5632 646 5703 quod
678 5632 798 5687 laici
847 5633 1075 5701 donant,
1119 5635 1414 5704 Apostolus
1462 5634 1693 5690 donasse
1726 5651 1787 5693 se

197 5724 375 5790 dicit;
406 5724 554 5795 quod
604 5725 891 5795 episcopus
924 5725 1131 5793 fecerit,
1182 5727 1414 5797 qualiter
1441 5736 1731 5798 respuetur
1761 5730 1785 5783 ?

1889 4812 2009 4853 esse
2050 4799 2418 4870 multiplices.
2460 4821 2581 4875 qua:
2610 4821 2711 4863 vos
2757 4812 3099 4879 potissimum
3133 4817 3388 4889 haberet,
3425 4836 3484 4881 ut

1888 4890 2129 4957 aperires
2150 4932 2163 4956 ,
2205 4907 2272 4945 ne
2300 4895 2613 4952 retexendis
2644 4897 2894 4969 pluribus
2916 4913 3229 4965 aestuarem.
3273 4912 3351 4969 De
3377 4912 3479 4969 Ca-

1889 4979 2078 5035 tholica
2128 4985 2336 5039 nomine
2376 4988 2543 5041 multa
2576 4991 2835 5060 respondi
2875 4994 3107 5064 placide.
3156 5000 3275 5059 Dixi
3308 5007 3479 5077 enim,

1890 5073 2025 5127 nihil
2069 5075 2297 5131 alterius
2338 5077 2611 5136 interesse
2641 5082 2767 5151 quid
2798 5084 2940 5142 alius
2978 5103 3287 5150 vocaretur.
3319 5099 3397 5153 Ac
3438 5073 3485 5155 si

1891 5164 1995 5217 vim
2029 5167 2267 5222 nominis
2292 5170 2624 5239 postulares,
2658 5176 3039 5250 quodcumque
3072 5182 3205 5240 illud
3231 5201 3352 5244 esse
3379 5191 3482 5245 mi-

1891 5257 2128 5326 rificum,
2153 5276 2249 5316 seu
2280 5278 2443 5318 unum
2472 5264 2525 5320 in
2553 5248 2830 5333 omnibus,
2858 5248 3148 5330 seui'unurn
3171 5292 3340 5349 super
3367 5299 3485 5342 om-

1894 5349 2005 5415 nia,
2036 5365 2133 5407 seu
2160 5352 2305 5422 quod
2334 5362 2462 5410 ante
2509 5371 2614 5410 non
2647 5358 2782 5424 dixi,
2816 5360 2960 5418 titius
2988 5365 3149 5435 regis,
3185 5369 3239 5424 id
3267 5382 3351 5427 est
3390 5388 3487 5445 po-

1895 5444 2052 5516 pulus
2089 5445 2452 5504 Christianus.
2498 5449 2651 5507 Adeo
2700 5463 2856 5512 certe
2907 5474 3013 5515 non
3056 5463 3287 5522 inditum
3331 5444 3487 5528 nobis

1892 5541 2036 5610 quod
2062 5556 2161 5611 per
2191 5543 2390 5597 szeeula
2413 5552 2557 5598 tanta
2585 5560 2692 5601 non
2718 5550 2967 5609 caderet.
2992 5556 3055 5611 [Ct
3080 5572 3214 5616 sane
3240 5566 3486 5632 gratulor

1893 5631 2037 5702 quod
2065 5631 2195 5688 licet
2216 5632 2352 5688 alios
2380 5640 2789 5708 anteposueris,
2812 5646 2972 5701 etiam
2996 5650 3138 5705 circa
3169 5631 3272 5709 nos
3302 5672 3486 5714 assen-

1893 5725 2030 5781 tiare
2059 5725 2130 5781 de
2160 5727 2407 5783 nomine.
2438 5727 2578 5795 Quid
2610 5732 2654 5786 si
2684 5739 2950 5807 negares?
2977 5740 3180 5799 Natura
3199 5747 3482 5809 clamaret.

271 5839 409 5931 ξι.ορ
437 5840 576 5895 omni
618 5841 902 5931 proposito.
956 5842 1237 5931 Perplacet
1272 5841 1480 5931 .batinii
1514 5842 2095 5931 conjecturalegentis
2139 5842 2203 5898 de
2244 5858 2442 5902 unum
2491 5864 2642 5921 prop.
2690 5861 2750 5909 ut
2786 5854 2873 5912 hic
2920 5860 3177 5931 respiciat
3220 5863 3483 5929 Pacianus

195 5911 444 5985 epistola:
489 5922 866 5983 argumentum
900 5954 914 5979 ,
978 5911 1369 5971 dc'Catholica
1427 5911 1632 5970 nomine
1684 5911 1976 5988 inscriptas.
