3854 6404
446 389 582 447 1059

1824 393 2074 454 SANCTI
2113 394 2384 453 PAClANl

3580 404 3708 465 1060

441 508 549 565 Aut
574 511 617 565 si
645 510 821 566 adhuc
851 510 1099 577 dubitas,
1135 522 1433 568 taceamus.
1471 512 1668 580 Ambo,
1700 511 1845 582 quod
1877 526 2041 567 voca-
2071 526 2125 587 Α
2150 514 2325 567 condit
2351 513 2610 581 obscura;
2657 522 2714 568 ut
2746 514 3090 586 loquentibus
3115 517 3283 573 moris
3308 527 3406 582 est,
3456 533 3519 575 es
3557 525 3709 591 cepia

442 600 644 668 bimur,
673 603 774 672 hoc
788 603 995 659 erimus
1026 614 1165 660 teste
1198 604 1434 659 nominis
1458 614 1749 661 vetustate.
1772 605 2040 660 Castorum

443 694 489 748 si
525 694 862 761 pertinacius
894 695 1246 768 ﬂagitaveris,
1285 698 1408 752 vide
1439 713 1505 752 ne
1537 698 1634 752 tibi
1686 699 1766 752 vir
1806 698 1898 754 ille
1940 698 2049 752 vir-

445 786 578 840 tutis
604 787 882 842 exclamet
930 808 940 840 :
989 788 1130 854 Quid
1173 790 1460 860 interrogas
1503 806 1687 844 nomen
1734 791 1946 844 meum?
1979 789 2045 843 Et

446 881 618 944 ipsum
651 891 725 936 est
759 883 995 936 mirabile
1043 881 1246 957 (Judic.
1285 900 1379 938 χιιι
1405 925 1418 948 ,
1450 883 1560 954 18).
1591 884 1746 940 Tunc
1788 883 2044 939 addidisti

443 990 597 1041 sane,
625 976 766 1031 unde
793 975 1058 1032 Catholici
1085 992 1280 1032 nomen
1309 971 1411 1032 hoc
1447 977 1755 1044 traherent,
1785 992 1890 1033 non
1924 991 2046 1032 esse

445 1061 844 1136 reputandum;
911 1070 1033 1138 quia
1088 1084 1188 1125 nec
1235 1069 1539 1125 Valentinis
1585 1071 1692 1125 sia
1731 1070 2039 1134 Valentino,

446 1173 548 1213 nec
589 1159 897 1230 Phrygibus
942 1161 987 1214 si
1028 1178 1056 1214 a
1116 1160 1384 1232 Phrygia,
1436 1177 1538 1218 nec
1576 1161 1893 1217 Novatiauis
1937 1162 2042 1216 sia

447 1251 759 1308 Novatiano
790 1265 1143 1321 vocarentur,
1179 1256 1437 1325 imputari
1477 1255 1677 1312 solere.

517 1343 607 1400 ill.
645 1346 742 1401 llic
785 1355 843 1400 tu
894 1348 1135 1416 graviter
1185 1347 1575 1414 commoveris,
1601 1359 1654 1404 et
1675 1349 1827 1419 quasi
1856 1347 2045 1403 aculeo

441 1435 583 1491 lisus
609 1436 878 1506 erigeris;
936 1452 1059 1490 nam
1091 1438 1169 1491 sic
1212 1438 1382 1491 iratus
1408 1438 1682 1493 exclamas
1713 1456 1724 1490 :
1768 1437 2042 1506 Numquid

440 1526 714 1598 Cypriano
747 1540 944 1583 sancto
987 1531 1102 1583 viro
1135 1529 1239 1584 hoe
1272 1530 1450 1596 obest,
1477 1530 1623 1600 quod
1661 1531 1894 1600 populus
1925 1533 2044 1602 ejus

441 1625 807 1691 apostaticum
862 1639 1060 1678 nomen
1111 1624 1296 1688 habet,
1327 1624 1412 1679 vel
1449 1624 1821 1693 Capitolinum
1857 1668 1869 1689 ,
1905 1627 1986 1680 vel
2020 1637 2044 1663 ἰ

442 1715 801 1787 Syndreum?
838 1717 1218 1783 Conriciaris;
1261 1727 1316 1773 et
1351 1734 1478 1773 ecce
1517 1735 1624 1773 non
1666 1735 1910 1775 moveor.
1940 1720 2046 1774 llo-

438 1825 636 1865 rumne
700 1810 910 1880 aliquid
963 1811 1222 1879 appellati
1270 1811 1496 1865 sumus?
1542 1811 1820 1882 Interroga
1870 1828 2045 1867 saecu-

2145 607 2420 661 sermouis
2465 606 2684 662 humani
2726 607 2909 664 dicere
2953 610 3153 680 aliquid
3181 613 3320 682 quod
3360 624 3480 669 ante
3507 613 3706 670 dictum

2147 697 2241 770 sit.
2271 697 2352 752 Tu
2396 713 2527 754 vero
2566 713 2786 754 versum
2819 715 2920 756 suo
2947 702 3135 757 ordine
3164 717 3258 758 sua
3282 718 3533 777 compage
3563 723 3707 777 repe

2146 790 2284 845 tisti.
2322 791 2472 848 Adeo
2503 792 2783 862 Virgilium
2815 792 2936 864 plus
2960 796 3174 857 amasti,
3196 805 3254 851 ut
3291 813 3356 852 ne
3386 795 3464 853 fas
3484 799 3596 855 fieri
3619 816 3712 871 pu-

2145 893 2321 952 tares,
2364 887 2408 940 si
2454 899 2668 941 versum
2697 887 2818 957 ejus
2863 885 3220 958 infringens?
3265 888 3332 944 Et
3355 897 3522 944 tamen
3557 907 3707 963 ego:

2148 975 2378 1043 parvulo
2409 974 2727 1032 didiceram.
2759 975 2897 1044 Quid
2926 977 3120 1032 mirum
3149 979 3192 1032 si
3222 978 3273 1032 lh
3314 994 3374 1034 es
3405 979 3563 1035 incidi
3593 997 3708 1051 qua:

2145 1069 2427 1124 sciebam?
2458 1068 2512 1122 ιιι
2557 1078 2632 1134 te,
2661 1068 2852 1137 frater,
2889 1077 3073 1126 tantus
3099 1080 3184 1126 est
3211 1071 3377 1137 labor,
3406 1082 3459 1127 ut
3485 1088 3541 1127 es
3569 1089 3706 1129 nunc

2146 1160 2362 1216 demum
2397 1160 2544 1239 legas
2567 1176 2686 1230 qum
2717 1161 2862 1217 lecta
2893 1161 3162 1232 quondam
3197 1162 3266 1217 ab
3288 1163 3406 1219 aliis
3429 1164 3704 1221 erubesce-

2146 1251 2284 1308 bas?
2330 1252 2546 1308 Latinis
2576 1252 2909 1320 institutum,
2938 1254 3127 1309 Latine
3156 1253 3456 1325 loquentem
3487 1265 3592 1311 tam
3624 1273 3706 1314 ac-

2149 1362 2347 1402 cusare
2377 1346 2625 1412 debebis,
2672 1361 2837 1418 quam
2866 1347 3053 1403 Graece
3080 1346 3349 1415 Grecam,
3389 1363 3540 1420 quam
3583 1351 3706 1407 Par-

2149 1440 2297 1496 thice
2357 1440 2663 1507 Parthum,
2723 1457 2882 1511 quam
2948 1441 3152 1497 Punice
3207 1443 3430 1499 Poenum
3472 1463 3484 1498 :
3523 1444 3701 1509 Medis,

2148 1531 2442 1603 IEgyptiis,
2475 1531 2717 1588 Hebraeis
2754 1545 2850 1588 sua
2881 1532 3056 1604 lingua
3090 1543 3170 1588 est
3196 1535 3481 1590 secundum
3505 1537 3708 1605 copiam

2149 1626 2393 1691 Domini,
2437 1627 2526 1694 qui
2566 1641 2684 1682 eam
2731 1627 2782 1681 in
2823 1636 3039 1683 centum
3070 1627 3255 1699 viginti
3294 1643 3383 1682 ora
3413 1628 3704 1683 modulatus

2150 1728 2253 1774 est.
2291 1719 2572 1774 Poeticum
2607 1733 2827 1775 versum
2855 1719 3140 1789 episc0pus
3161 1719 3314 1775 dixit.
3358 1720 3489 1789 Quid
3519 1721 3701 1778 Paulus

2151 1811 2494 1880 Apostolus?
2517 1811 2820 1877 Erubescit,
2855 1827 2978 1866 eum
3009 1812 3389 1867 Atheniensem
3421 1813 3560 1869 illum
3593 1830 3704 1870 ver-

442 1903 553 1959 lutn
581 1943 597 1969 ,
633 1902 800 1958 frater
829 1944 841 1966 ,
876 1910 1131 1972 totosque
1176 1919 1242 1957 ex
1266 1903 1460 1957 ordine
1504 1917 1716 1968 annos;
1766 1918 1834 1957 an
1885 1903 2042 1958 nobis
2073 1915 2122 1976 Β
2149 1920 2267 1960 sum
2295 1914 2350 1959 et
2389 1905 2525 1959 dixit
2564 1916 2618 1960 et
2668 1905 3024 1974 comprobat?
3050 1905 3180 1960 Nam
3222 1908 3274 1960 in
3317 1908 3461 1963 Actis
3488 1902 3700 1978 Aposto-

440 2009 642 2049 nomen
668 1994 770 2049 hoc
804 1995 1039 2059 haeserit,
1069 2011 1135 2049 an
1164 1993 1421 2067 Cypriani
1448 1996 1680 2065 populus
1709 1997 1857 2051 aliud
1880 2012 2042 2066 quam

443 2088 765 2144 Catholicus
809 2090 1120 2145 nominatus
1160 2093 1249 2145 sit.
1288 2091 1594 2160 Numquam
1627 2108 1824 2147 nomen
1879 2094 2044 2148 ullum

439 2202 510 2242 ex
556 2186 639 2241 his
679 2187 883 2241 audivi.
932 2187 1050 2241 Jam
1097 2188 1249 2253 vide,
1296 2189 1340 2241 si
1384 2189 1565 2242 vocari
1612 2187 1810 2258 aliquis
1841 2203 1908 2243 eo
1951 2205 2049 2245 no-

443 2281 595 2335 mine
621 2273 976 2349 potuit,quod
999 2281 1101 2335 sibi
1135 2280 1308 2335 nescit
1338 2281 1674 2348 impositum.
1708 2282 1848 2347 Quid
1885 2286 2049 2353 ergo?

447 2368 738 2426 Maledicta
771 2382 899 2426 sunt
934 2373 1059 2438 ista,
1092 2388 1198 2424 non
1232 2371 1451 2425 nomina
1484 2389 1499 2436 ;
1540 2383 1593 2426 et
1620 2372 1905 2427 maledicta
1936 2373 2047 2427 ira-

444 2464 755 2531 scentium,
809 2464 1094 2518 maledicta
1149 2463 1532 2533 petulantiutn.
1585 2464 1816 2532 Qu0tvis
1856 2472 1911 2519 et
1952 2480 2053 2535 ego

446 2573 545 2614 vos
591 2572 815 2628 possum
856 2557 1134 2627 appellare
1181 2556 1495 2611 nominibus
1530 2597 1543 2620 ,
1587 2558 1630 2610 si
1667 2557 1830 2611 liceat
1870 2558 2052 2611 irasci.

444 2649 780 2720 Cyprianum
815 2661 1066 2705 sanctum
1098 2665 1286 2716 vocas,
1321 2661 1373 2704 et
1398 2651 1657 2719 populum
1691 2650 1810 2718 ejus
1841 2661 2053 2718 aposta-

447 2743 660 2799 ticum?
691 2741 1021 2810 Quomodo?
1063 2744 1106 2796 si
1137 2743 1347 2795 initium
1393 2742 1419 2779 ι’
1461 2752 1719 2805 sanctum,
1755 2753 1803 2795 et
1834 2743 2008 2813 farina
2035 2761 2052 2809 ;

451 2846 498 2893 et
532 2839 576 2893 si
607 2838 760 2892 radix
780 2847 980 2899 sancta,
1009 2846 1056 2890 et
1079 2838 1208 2889 rami
1238 2836 1413 2906 (liam.
1448 2853 1521 2900 xt,
1554 2835 1662 2907 16).
1695 2834 1880 2906 Egone
1925 2852 2056 2905 apo-

451 2932 704 2996 staticus,
731 2948 796 2984 an
817 2930 1091 2985 Novatus?
1115 2930 1371 2995 Novatus,
1389 2930 1632 2999 inquam,
1651 2939 1802 2998 patre
1823 2929 2055 2998 prodito,

455 3022 704 3079 Ecclesia
765 3023 1029 3078 derelicta
1063 3067 1075 3088 ,
1131 3032 1288 3092 partu
1339 3023 1522 3076 uxoris
1594 3021 1801 3076 ell'uso?
1872 3021 2058 3091 Egone

451 3121 815 3187 apostaticus,
839 3131 907 3170 an
931 3115 1298 3180 Novatianus,
1325 3130 1487 3185 quem
1517 3115 1800 3169 absentem
1826 3113 2059 3182 epistola

451 3211 769 3280 episcopum
802 3208 992 3274 finxit;
1024 3223 1189 3278 quem
1217 3216 1580 3263 consecrante
1625 3208 1799 3275 nullo,
1835 3208 2057 3261 linteata

2149 1996 2326 2052 lorum
2362 1998 2435 2050 ita
2479 1998 2664 2066 ponit;
2700 1997 2924 2064 Quidam
2972 1999 3124 2052 etiam
3159 1999 3435 2053 secundum
3459 2015 3541 2054 vos
3568 2001 3702 2054 dixe-

2149 2102 2272 2146 runt
2304 2109 2315 2144 :
2352 2090 2530 2161 Hujus
2558 2108 2782 2162 uanique
2807 2108 2965 2163 genus
2991 2107 3177 2147 sumus
3201 2108 3218 2147 :
3245 2110 3353 2147 cum
3371 2095 3532 2164 igitur
3555 2110 3702 2165 genus

2148 2187 2309 2240 simus
2354 2184 2452 2240 Dei
2497 2187 2637 2258 (Act.
2666 2199 2801 2251 xvn,
2834 2187 2926 2251 28,
2953 2185 3069 2256 29).
3116 2186 3179 2241 Et
3216 2201 3401 2241 rursus
3434 2187 3497 2241 ad
3541 2186 3702 2241 Titum

2150 2279 2288 2336 dixit
2315 2297 2327 2332 :
2362 2279 2505 2335 Dixit
2535 2280 2748 2350 quidam
2769 2297 2832 2334 ex
2856 2279 2962 2340 illis
2989 2281 3223 2350 proiirius
3253 2297 3422 2334 eorum
3449 2281 3702 2350 propheta,

2153 2371 2418 2428 Cretenses
2445 2389 2647 2443 semper
2679 2374 2967 2436 mendaces,
3002 2375 3151 2428 malm
3191 2374 3377 2439 bestitz,
3430 2384 3616 2427 ventres
3637 2375 3706 2443 pi-

2153 2467 2232 2536 gri
2264 2465 2394 2537 (Tit.
2424 2481 2460 2531 ι,
2509 2466 2594 2529 12,
2632 2467 2742 2534 15).
2788 2466 2854 2520 Et
2893 2465 3042 2521 addit
3078 2484 3090 2520 :
3127 2466 3484 2521 Testimonium
3511 2466 3603 2520 hoc
3629 2481 3704 2519 ne-

2154 2571 2271 2609 rnm
2292 2567 2389 2611 est.
2423 2556 2514 2611 Sic
2545 2572 2831 2625 peccamus
2881 2558 3132 2626 exemplo
3164 2575 3176 2610 :
3211 2573 3307 2613 nec
3349 2557 3582 2612 rhetores
3628 2573 3707 2611 su-

2158 2664 2299 2713 mus,
2328 2647 2424 2719 sed
2448 2643 2846 2718 quanicumque
2873 2651 3299 2719 \~ocem,c0piani
3325 2651 3411 2705 Dei
3438 2649 3708 2705 credimus.

2157 2742 2392 2809 Latium,
2427 2741 2716 2814 Egyptus,
2752 2742 3001 2809 Athenae,
3047 2743 3303 2809 Thraces,
3337 2744 3555 2809 Arabes,
3600 2743 3710 2797 llis-

2160 2839 2285 2908 pani
2337 2837 2505 2893 Deum
2561 2838 2940 2902 conlitentur;
2995 2851 3186 2896 omnes
3246 2836 3446 2908 linguas
3494 2835 3712 2907 Spiritus

2161 2939 2382 2986 sanctus
2407 2929 2681 3000 intelligit.
2708 2929 2788 2984 Tu
2816 2929 2930 3000 ipse
2951 2944 3048 2984 cur
3067 2929 3169 2995 ais,
3189 2929 3413 2984 Litteras
3435 2937 3542 2983 tuas
3557 2929 3712 2981 vivaci

2161 3024 2326 3079 cedro
2373 3023 2634 3093 perlinam
2665 3033 2889 3092 propter
2927 3025 3166 3078 cariosos
3196 3021 3377 3077 hostes
3405 3035 3665 3076 musarum
3694 3019 3714 3070 ἲ

2163 3117 2425 3186 Quarum,
2446 3132 2566 3184 oro,
2588 3131 2867 3172 musarum
2891 3116 2912 3169 ‘l
2941 3115 3022 3171 An
3052 3131 3170 3186 qua:
3203 3115 3497 3171 invenerint
3518 3113 3715 3168 litteras

2164 3220 2220 3267 et
2239 3211 2563 3282 scripserint
2585 3210 2806 3266 chartas
2837 3225 2969 3281 quas
2989 3211 3146 3265 tim-te
3170 3207 3580 3280 persequentur?
3609 3206 3712 3271 Dic,

452 3304 612 3360 sedes
644 3303 904 3373 accepit?
945 3302 1148 3358 Verum
1191 3303 1291 3357 ista
1340 3303 1612 3370 posterius
1645 3322 1658 3356 :
1697 3302 1914 3358 interim
1955 3301 2057 3371 ipsi
2088 3307 2134 3372 ε
2165 3319 2294 3371 oro,
2344 3304 2532 3370 frater,
2569 3321 2737 3361 musto
2779 3305 2988 3359 litteras
3038 3303 3394 3374 repererunt.t
3430 3302 3608 3356 Nonne
3629 3316 3715 3370 per

455 3413 556 3452 vos
587 3397 754 3454 dicite
791 3397 920 3468 quid
981 3397 1282 3451 vocemini.
1317 3396 1613 3467 Negatisne
1658 3397 1990 3452 Novatianos
2032 3413 2060 3450 a

457 3478 766 3545 Novatiano
790 3491 974 3544 vocari
999 3490 1021 3543 ?
1045 3488 1339 3558 Quodlibet
1366 3506 1563 3544 nomen
1599 3491 1871 3558 imponas,
1919 3504 2062 3544 εθιιιο

456 3595 557 3654 pcr
588 3580 729 3636 istud
760 3580 1010 3638 haerebit.
1044 3581 1305 3636 Scrutare
1339 3589 1485 3635 totos
1521 3581 1589 3651 (si
1616 3580 1858 3650 videtur)
1889 3595 2059 3635 anna-

457 3668 561 3743 les,
589 3684 643 3729 et
675 3671 840 3730 crede
869 3683 950 3729 tot
973 3674 1193 3728 sacculis
1219 3691 1231 3725 :
1261 3673 1627 3741 respondebis
1666 3671 2060 3728 Christianum.

425 3753 774 3839 inquirente
804 3782 888 3821 me
912 3781 1083 3837 genus
1106 3776 1301 3829 sectm;
1333 3765 1692 3820 Novatianum
1719 3780 1824 3819 non
1855 3764 2066 3820 inlicia-

457 3861 628 3917 beris.
673 3859 782 3915 Nec
815 3868 996 3915 tamen
1031 3874 1133 3929 ego
1170 3856 1459 3913 Novatiani
1491 3859 1565 3912 tui
1612 3873 1809 3913 nomen
1838 3873 2062 3925 accuso,

459 3954 606 4025 quod
634 3954 795 4008 toties
829 3952 1150 4023 requisitum
1198 3952 1767 4020 circumloquentibus
1800 3951 1980 4016 lineis,
2013 3960 2068 4005 et

460 4055 662 4118 Operto
707 4045 945 4117 quodam
996 4046 1119 4100 sinu
1174 4044 1404 4100 claudis.
1460 4043 1656 4100 Fatere
1697 4045 2062 4114 simpliciter:

461 4140 601 4196 nihil
630 4149 718 4196 est
745 4138 976 4196 sceleris
1010 4140 1063 4193 in
1099 4138 1342 4194 nomine.
1377 4137 1514 4204 Quid
1547 4150 1599 4193 te
1642 4139 1807 4194 toties
1837 4139 2070 4195 interro-

462 4243 622 4306 gatus
668 4231 998 4289 abscondis?
1040 4229 1170 4302 quid
1215 4247 1434 4286 causam
1477 4232 1719 4285 nominis
1754 4232 2069 4286 erubescis?

462 4325 601 4383 Cum
652 4327 884 4396 primum
937 4325 1274 4394 scripseras,
1329 4322 1731 4395 Cataphrygem
1787 4324 2066 4394 putabam.

463 4419 621 4476 Tune
681 4416 940 4473 secundis
987 4416 1208 4487 quidem
1246 4416 1450 4470 litteris
1473 4415 1794 4471 conﬁteris?
1823 4416 1941 4471 Meo
1987 4416 2068 4470 in-

466 4513 624 4568 vides
659 4510 890 4574 nomini,
916 4519 969 4564 et
999 4518 1150 4563 tuum
1186 4506 1360 4562 vitas?
1393 4507 1524 4562 Vide
1551 4509 1642 4578 qui
1667 4508 1741 4562 sit
1765 4507 1988 4578 pudoris
2018 4508 2071 4563 in

467 4622 654 4672 causa,
689 4612 812 4676 qua:
849 4603 1048 4675 refugit
1074 4601 1221 4673 quod
1249 4612 1499 4658 vocatur.

2165 3396 2455 3451 Dominum
2498 3399 2713 3463 omnia,
2770 3409 2824 3451 et
2854 3414 2881 3449 ιι
2914 3398 3022 3452 Deo
3063 3396 3282 3452 omnia?
3327 3395 3521 3450 Prmter
3552 3395 3663 3448 illas
3691 3392 3712 3429 ἀ

2164 3501 2384 3545 centum
2407 3499 2462 3544 et
2489 3490 2671 3560 viginti
2695 3489 2927 3559 linguas,
2960 3488 3061 3544 fuit
3079 3488 3253 3544 adhuc
3279 3489 3385 3542 alia
3419 3485 3716 3542 musarum?

2167 3583 2435 3639 llesiodus
2466 3583 2608 3638 iStud
2650 3584 2705 3638 in
2737 3582 2996 3639 Helicone
3026 3582 3276 3638 mentitus
3305 3589 3405 3649 est,
3444 3580 3534 3647 sed
3567 3580 3716 3634 Athe-

2166 3676 2438 3732 niensium
2455 3675 2891 3745 studio,quibus,
2915 3686 2972 3730 ut
2989 3673 3282 3744 Apostolus
3300 3674 3391 3738 ait,
3423 3672 3550 3727 nihil
3577 3686 3718 3726 vaca-

2167 3769 2260 3823 bat
2311 3768 2413 3822 nisi
2448 3768 2590 3838 loqui
2653 3766 2791 3838 (Act.
2825 3781 2934 3822 xvn
2959 3807 2973 3833 ,
3004 3765 3119 3836 21).
3155 3765 3261 3820 Nos
3295 3773 3428 3820 teste
3476 3763 3718 3834 Apostolo

2170 3861 2220 3932 (Ι
2247 3861 2368 3915 Cor.
2402 3877 2510 3926 xiv,
2539 3862 2627 3928 10,
2666 3860 2753 3931 18)
2781 3859 3020 3915 omnium
3045 3873 3234 3914 vocum
3265 3858 3468 3922 modos,
3496 3857 3717 3910 onmium

2168 3969 2372 4021 genera
2418 3954 2723 4024 linguarum
2756 3968 2782 4006 a
2817 3953 2926 4008 Deo
2953 3952 3210 4022 inspirata
3238 3951 3542 4004 retinemus.
3576 3947 3719 4018 Igno-

2172 4061 2269 4101 sco
2301 4057 2507 4110 tamen,
2543 4045 2731 4112 frater,
2758 4045 2802 4100 si
2831 4044 2957 4115 quid
2989 4055 3043 4100 et
3067 4051 3120 4098 tu
3145 4042 3210 4098 de
3240 4052 3328 4097 tuo
3358 4051 3566 4096 auctore
3590 4055 3715 4109 pra:-

2173 4141 2378 4206 sumis,
2423 4149 2480 4195 et
2505 4140 2790 4196 Novatiaui
2827 4137 3220 4208 philosophiam
3253 4151 3345 4206 per
3382 4150 3533 4206 quam
3567 4134 3644 4188 illc
3669 4133 3715 4187 iu

2173 4236 2514 4305 naufragium
2549 4234 2834 4305 religionis
2875 4232 3122 4297 incurrit,
3154 4244 3274 4286 cum
3305 4228 3510 4285 llesiodi
3551 4235 3716 4282 aucto-

2173 4332 2334 4387 ritate
2378 4329 2686 4400 conjungis.
2738 4327 3118 4383 Verumtamen
3151 4324 3394 4395 Apostoli
3447 4323 3716 4379 neminissc

2177 4424 2469 4488 debueras,
2527 4423 2615 4493 qui
2645 4423 2719 4478 ait
2773 4439 2786 4476 :
2852 4419 3030 4475 Videte
3072 4436 3133 4474 ne
3157 4419 3269 4490 quis
3294 4434 3378 4472 vos
3402 4416 3610 4485 decipiat
3634 4431 3712 4482 ριτ

2173 4515 2556 4587 philosOphiam
2582 4523 2628 4568 et
2657 4514 2860 4567 inanem
2889 4511 3231 4567 sedurtionem
3260 4509 3472 4578 (Coloss.
3498 4523 3550 4570 ll,
3582 4504 3646 4574 8).

2255 4608 2318 4662 V.
2353 4607 2470 4663 Jain
2514 4606 2680 4678 quale
2709 4605 2844 4662 illud
2886 4613 2969 4661 est
2997 4603 3138 4674 quod
3164 4601 3448 4676 Catholicis
3477 4606 3712 4669 imputan-

542 4699 631 4754 IV.
673 4699 804 4767 Qum
845 4696 1081 4766 castigas
1108 4702 1164 4751 et
1191 4696 1306 4765 θεῖε
1327 4694 1351 4748 ?
1371 4694 1538 4762 Quasi
1573 4694 1638 4748 ad
1680 4695 1956 4750 rhetorem
1983 4709 2074 4749 ve-
2101 4703 2152 4763 D
2179 4700 2306 4756 dum
2336 4711 2514 4770 putas,
2543 4700 2592 4756 εἰ
2632 4699 2849 4770 quando
2897 4713 2992 4753 vos
3023 4711 3177 4769 reges
3197 4705 3286 4750 aut
3316 4696 3528 4765 imperia
3552 4707 3710 4763 μειερ-

472 4795 743 4856 norimus,
777 4798 871 4844 aut
896 4803 990 4844 ars
1015 4791 1089 4843 sit
1116 4787 1422 4853 tractanda,
1451 4798 1546 4841 aut
1576 4787 1644 4842 de
1667 4787 1916 4843 versibus
1947 4787 2079 4842 Vir-

468 4888 608 4959 gilii,
645 4897 842 4940 versus
866 4896 1183 4938 enarrarem
1209 4881 1231 4934 ?
1253 4878 1388 4935 Cum
1424 4879 1607 4949 plures
1637 4878 1927 4936 haereticos
1967 4895 2068 4934 no-

473 4982 788 5046 minassem,
817 4976 1000 5042 addidi
1029 4996 1042 5033 :
1076 4987 1097 5015 ο
1133 4968 1200 5030 Et
1224 4992 1352 5047 quos
1375 4975 1519 5042 [antu
1547 4976 1781 5029 recondit
1828 4974 2069 5029 obscura.

472 5076 541 5133 Et
572 5075 715 5130 unde
745 5085 799 5128 tu
829 5073 932 5128 hoc
959 5072 1028 5128 de
1070 5071 1286 5142 Virgilii
1336 5086 1500 5126 versu
1538 5079 1768 5124 tractum
1803 5079 1996 5139 putas,
2030 5070 2076 5124 si

476 5169 763 5241 Virgilium
815 5167 1039 5223 omnino
1089 5182 1196 5219 non
1244 5164 1520 5220 noveras?
1553 5159 1716 5235 Atqui
1761 5178 1925 5235 nego,
1965 5180 2071 5219 non

471 5279 539 5322 ex
572 5263 764 5320 ordine
789 5276 1008 5317 versum
1046 5261 1221 5330 posui.
1261 5258 1380 5314 Dixi
1409 5259 1554 5315 enim
1583 5277 1596 5313 :
1634 5259 1778 5328 Quos
1811 5259 1953 5328 fama
1991 5275 2074 5315 re-

549 5433 575 5461 δ
621 5423 936 5494 Syndreum.
989 5421 1261 5494 ἔιιὶιίιι-οιή⁸
1293 5415 1732 5494 hic___legend_um
1778 5416 2060 5494 ᾳνγέδριον.

477 5497 572 5551 Est
600 5488 783 5548 autem
814 5493 1120 5548 convicium
1155 5507 1182 5545 a
1224 5491 1457 5545 Concilii
1497 5489 1724 5544 nomine
1771 5488 2065 5546 deductum

476 5568 531 5624 in
566 5566 826 5622 invidiam
856 5565 1130 5636 Cypriani.
1164 5563 1370 5617 TtLtus.

549 5639 573 5676 ι)
607 5641 664 5693 Si
690 5637 878 5691 initum
905 5632 1159 5697 sanctum,
1190 5645 1236 5688 ct
1279 5634 1469 5704 farina.
1502 5633 1662 5687 Rom.
1696 5649 1772 5699 XI,
1814 5632 1904 5686 16:
1935 5637 1990 5687 Ei
2017 5633 2069 5689 δὲ

477 5712 760 5788 ᾐάιταρχὴ
791 5709 936 5780 ἁγία,
982 5712 1068 5762 καὶ
1118 5710 1176 5762 τὸ
1207 5705 1438 5780 φύραμα.
1467 5705 1651 5776 Vulg.,
1688 5705 1838 5770 Quod
1869 5704 1911 5756 si
1942 5705 2071 5760 deli-

478 5782 616 5835 batio
646 5782 842 5844 Sancta,
877 5789 924 5833 rt
955 5795 1146 5834 massa.

552 5865 572 5889 θ
610 5853 673 5905 lt‘t
719 5869 842 5922 quos
877 5854 1037 5922 fama
1061 5851 1293 5922 recondit
1328 5851 1575 5922 obscura.
1612 5846 2079 5922 llxc‘scripserat

481 5932 668 5981 auctor
715 5917 887 5994 epistl
935 5927 981 5988 ι,
1017 5918 1045 5994 §
1081 5923 1155 5992 ,1.
1212 5918 1334 5977 Mos
1382 5919 1520 5975 forte
1564 5917 1857 5990 legendum
1888 5917 2079 5990 Atquin

2183 4805 2308 4851 cuta
2339 4794 2508 4851 sunt?
2545 4793 2690 4865 Ergo
2719 4807 2750 4848 e
2778 4791 3056 4848 contrario
3095 4787 3245 4844 vobis
3271 4787 3452 4843 debuit
3492 4784 3708 4855 imputari

2175 4887 2393 4958 quoties
2439 4901 2628 4957 regum
2676 4894 2698 4921 ε
2742 4894 2794 4939 ct
2821 4882 3250 4953 persecutionem
3277 4877 3525 4936 Catholici
3554 4888 3708 4946 penu.

2177 4981 2363 5036 lerunt
2411 4995 2424 5032 :
2460 4987 2623 5048 atque
2658 4985 2872 5032 nostros
2905 4976 3092 5047 pagani
3141 4973 3425 5045 principes,
3476 4968 3705 5043 persecuti

2176 5079 2324 5127 sunt.
2385 5070 2495 5126 Vos
2550 5068 2986 5126 Christianorum
3049 5067 3173 5123 odia
3231 5063 3572 5137 pertulistis?
3618 5059 3704 5116 Sed

2177 5162 2356 5220 nostri
2381 5162 2551 5232 magis
2581 5162 2762 5234 questi
2791 5171 2937 5217 sunt.
2969 5159 3179 5216 Viderit
3205 5159 3293 5231 qui
3324 5158 3422 5213 hoc
3447 5155 3565 5212 fecit
3586 5194 3599 5222 ,
3623 5168 3704 5222 qua

2175 5265 2384 5324 mente,
2427 5271 2538 5326 quo
2569 5255 2802 5328 spiritu;
2834 5267 3095 5326 pacemne
3122 5267 3190 5309 an
3240 5247 3504 5307 discordia
3548 5258 3705 5317 procu-

2174 5432 2287 5524 θρίξ.
2307 5485 2526 5542 Centum
2552 5492 2600 5539 et
2626 5484 2805 5559 uiginti
2835 5483 3059 5559 tinguas.
3095 5481 3294 5559 Eadem
3313 5477 3467 5559 paulo
3500 5485 3612 5559 ante
3640 5476 3700 5528 in-

2177 5559 2359 5614 sinuat
2386 5567 2595 5612 auctor.
2619 5549 2930 5611 Cdtelerius
2951 5563 3129 5608 tamen
3161 5553 3223 5607 ad
3259 5551 3506 5620 Recogm't.
3536 5549 3618 5602 lib.
3653 5561 3697 5603 ιι.

2179 5646 2301 5700 cap.
2338 5629 2426 5697 i2,
2455 5629 2681 5698 conjicit
2726 5627 3013 5695 scripsisse
3051 5625 3332 5680 Paciauum
3364 5639 3455 5678 cxx
3493 5622 3698 5689 linguas:

2183 5701 2327 5757 unde
2355 5701 2465 5756 levi
2491 5700 2791 5755 mutatione
2817 5707 2969 5751 ortus
2999 5711 3249 5751 numerus
3279 5711 3397 5750 cxx.

2261 5779 2284 5807 ε’
2328 5773 2521 5842 Regum
2542 5780 2587 5825 et
2610 5785 2745 5842 pers.
2777 5766 2948 5842 Tilius
2977 5766 3189 5842 supplet
3215 5767 3570 5842 impietatem-et
3597 5775 3700 5842 peis.

2261 5791 2283 5807 τ
2328 5791 2399 5828 tte
2438 5791 2521 5826 um
2542 5791 2587 5825 ει
2610 5791 2745 5842 ρεη.
2789 5791 2948 5822 ιιιιυιυ
2977 5791 3189 5837 supplet.
3215 5791 3510 5837 tﬂlpwwu'm
3529 5791 3568 5814 cs
3597 5791 3698 5828 pen.

2194 5845 2256 5901 Et
2296 5791 2455 5916 paulo
2499 5853 2618 5915 post
2642 5855 2743 5913 pro
2772 5839 2938 5910 questi
2963 5849 3105 5906 sunt,
3135 5836 3420 5911 legitqaeri
3443 5833 3698 5888 debuerunt.
