3854 6428
152 443 268 502 1061

1555 437 1884 497 EPISTULA
1933 441 1998 495 ll.

3255 445 3400 502 1082

149 559 292 612 rarit.
353 555 540 610 Verum
590 563 635 608 et
673 553 716 606 si
779 551 992 622 quidam
1031 565 1208 605 eorum
1246 550 1607 620 deliquerunt,
1638 548 1716 602 in-
1746 554 1792 607 A
1823 549 1926 604 bus
1979 552 2222 619 paginam
2284 565 2654 607 conseramus.
2722 553 2800 608 De
2845 554 3117 610 similibus
3185 557 3404 626 quidem

150 650 280 719 quit,
331 645 582 720 numquid
633 646 789 715 ﬁdem
834 642 931 698 Dei
987 646 1253 698 destruunt
1307 642 1485 714 (Rom.
1515 640 1724 708 iu,3)?

149 741 253 799 Nec
276 755 450 800 tanien
485 752 540 797 tu
575 740 852 810 querelam
888 754 1040 809 putes
1069 741 1239 793 fuisse
1271 734 1723 792 nostrmum.Sed

150 853 263 894 eum
314 853 404 907 per
453 847 697 892 nostram
749 833 909 888 tidem
952 832 1252 887 Christiani
1310 831 1583 900 principes
1605 841 1727 881 esse

151 941 480 1006 coepissent;
533 931 635 1001 ipsi
684 932 956 1001 principes
999 927 1296 984 Catholica:
1323 967 1335 990 ,
1381 928 1483 978 hoc
1514 935 1594 976 est
1617 936 1726 974 sua:

154 1029 284 1097 parti
340 1015 577 1080 faventes
632 1025 852 1093 proprio
897 1023 1084 1076 oolore
1128 1018 1387 1074 commoti
1432 1025 1587 1076 sunt;
1622 1013 1727 1067 uisi

153 1121 291 1175 forte
332 1115 544 1170 Danieli
587 1116 943 1185 imputabitur
976 1117 1117 1182 quod
1152 1131 1178 1162 a
1230 1108 1389 1162 Darii)
1430 1106 1728 1158 vindicatus

154 1223 274 1286 est;
319 1220 412 1263 aut
453 1203 665 1262 llesteri
699 1206 1066 1261 sanctissima:
1107 1204 1340 1262 femina,
1385 1213 1505 1251 cum
1538 1209 1636 1263 pro
1666 1207 1729 1248 ea

155 1303 264 1357 dux
295 1301 436 1370 regis
468 1300 772 1364 occiditur;
815 1307 909 1351 aut
950 1299 1122 1350 tribus
1158 1292 1361 1362 pueris,
1393 1289 1532 1360 quod
1570 1301 1732 1357 prep-

155 1404 238 1450 ter
281 1409 374 1448 eos
421 1403 541 1463 post
593 1394 962 1463 experimenta
1017 1388 1383 1450 ﬂammarum,
1417 1382 1655 1453 profanis
1677 1389 1733 1435 et

160 1487 446 1542 incredulis
491 1502 589 1540 rex
643 1484 966 1554 Babylonius
1017 1479 1398 1536 comminatur.
1434 1475 1620 1530 Nonne
1646 1471 1734 1528 Si-

152 1593 365 1634 monem
424 1579 636 1643 l‘etrus,
689 1589 716 1614 ει
769 1577 950 1646 judice
1008 1573 1357 1643 astipulante,
1409 1568 1733 1624 confundit?

152 1670 268 1725 Non
298 1669 528 1733 llelima,
562 1670 777 1723 favente
802 1667 1017 1735 Sergio,
1040 1665 1242 1718 Paulus
1272 1661 1543 1716 excaecat?
1565 1657 1592 1696 δ
1611 1658 1736 1713 Vin-

155 1763 366 1818 dicatus
414 1773 563 1818 esset
587 1771 644 1818 et
675 1760 1088 1830 Hierosolymis,
1138 1757 1181 1811 si
1215 1755 1345 1825 quid
1386 1753 1509 1808 tidei
1538 1753 1734 1822 ligatus

150 1857 445 1912 habuisset.
497 1855 685 1910 Nescis
713 1854 922 1910 servire
977 1853 1121 1919 ipsas
1164 1846 1546 1903 innocentibus
1587 1855 1735 1912 pote-

1827 645 2147 712 Apostolus,
2201 661 2324 714 quos
2372 656 2565 713 oportet
2593 657 2615 685 ε
2642 648 2894 700 indentari
2915 646 3044 716 (Tit.
3071 663 3107 715 ι,
3163 647 3270 717 ll).
3296 649 3406 704 Sed

1827 739 2068 793 attende.
2099 738 2211 793 Nos
2243 752 2418 793 tecum
2447 741 2599 809 quasi
2629 740 3030 806 columbze,ore
3051 741 3228 810 potius
3245 757 3408 809 quam

1827 832 2014 895 dente,
2047 833 2406 903 etinﬂiginius.
2445 832 2657 889 Utinam
2685 849 2868 889 verum
2897 836 3200 905 essetquod
3226 834 3411 890 doceri

1829 927 1971 980 velle
2003 938 2053 980 te
2081 926 2396 995 dicisljam
2444 926 2558 995 ipse
2613 927 2709 982 tibi
2760 929 3014 982 manibus
3059 933 3195 982 meis
3236 927 3412 983 sancti

1829 1019 2062 1087 Spiritus
2089 1033 2357 1091 unguenta
2389 1036 2761 1090 suggererem,
2781 1022 2947 1076 Amas
2977 1021 3106 1076 mel
3129 1021 3244 1076 Non
3274 1023 3413 1087 1ωεὶ,

1831 1116 1968 1168 scio.
2003 1113 2110 1168 Sed
2141 1124 2271 1169 tunc
2295 1114 2514 1170 demum
2543 1129 2776 1180 amares,
2800 1116 2844 1168 si
2879 1129 2986 1169 non
3009 1114 3220 1170 diversa
3244 1117 3416 1168 senti-

1833 1220 1943 1268 res,
1979 1215 2140 1273 atque
2168 1209 2321 1275 operi
2353 1223 2476 1262 meo
2516 1207 2743 1261 blandus
2790 1207 3101 1262 accederes.
3154 1205 3414 1278 Cypriani

1833 1297 2098 1365 epistolas
2129 1299 2255 1350 mihi
2290 1298 2506 1367 placere
2549 1299 2807 1352 miraris?
2853 1299 3050 1365 Quidni
3085 1299 3224 1354 beati
3270 1315 3416 1353 mar-

1836 1390 1970 1461 tyris
1992 1399 2046 1444 et
2075 1389 2325 1444 catholici
2352 1390 2691 1446 sacerdotis?
2721 1392 3076 1445 Novatinnnm
3102 1393 3229 1446 tiiilii
3260 1393 3411 1460 inge-

1830 1481 1949 1537 -ris?
1979 1480 2369 1550 ΡΙιὶιοεομΙιιιιιι
2402 1485 2583 1538 sa-culi
2616 1483 2777 1539 fuisse
2802 1486 2962 1538 audio
2988 1503 3002 1548 ;
3028 1500 3126 1540 nec
3152 1487 3283 1539 satis
3313 1487 3412 1539 ini-

1837 1591 1930 1630 ror
1979 1575 2050 1629 ab
2101 1575 2343 1630 Ecclesia
2391 1575 2483 1630 Dei
2537 1576 2641 1629 vivi
2697 1577 3078 1646 degenerasse.
3109 1575 3412 1648 Cognosro,

1837 1667 2076 1722 radicem
2124 1669 2257 1738 legis
2287 1669 2544 1738 antiquae,
2599 1666 2801 1723 fontem
2857 1670 3053 1724 veteris
3086 1671 3261 1739 p0puti
3290 1671 3417 1724 reli-

1837 1760 2042 1828 quisse,
2069 1760 2320 1815 Cornelio
2353 1761 2706 1824 invidentem,
2727 1759 2916 1815 Novati
2939 1763 3164 1816 insania:
3177 1777 3414 1818 conmm-

1839 1852 2043 1911 datum.
2097 1853 2218 1906 sine
2268 1852 2682 1907 consccratioue
2718 1853 2957 1921 legitima
3004 1856 3312 1925 episcOpnm
3346 1856 3419 1909 fu-

149 1962 316 2005 States
347 1991 360 2012 ,
405 1962 459 2004 et
511 1951 563 2002 in
617 1949 821 2003 bonum
869 1949 1072 2001 sanctis
1107 1945 1347 2014 patribus
1378 1936 1732 1995 ministrare?
1763 1940 1808 2000 Β
1837 1952 2004 2005 ctum,
2031 1940 2264 2012 ideoque
2295 1956 2394 1997 nec
2419 1943 2619 1996 factum
2656 1954 2752 2011 per
2789 1944 3076 2012 epistolam
3108 1959 3299 2000 eorum
3332 1949 3422 2014 qui

151 2045 300 2101 Sicut
339 2043 636 2113 Aposwlus
673 2042 806 2095 dicit
867 2059 878 2093 :
937 2038 1210 2106 Principes
1265 2052 1364 2088 non
1409 2043 1524 2087 sunt
1559 2031 1730 2084 timori

148 2138 278 2191 bono
292 2139 452 2207 operi,
476 2135 566 2189 sed
591 2136 750 2187 malo.
775 2132 866 2186 Vis
879 2143 1050 2184 autem
1072 2144 1173 2182 non
1195 2129 1371 2182 tintere
1397 2123 1731 2194 potestatem?

149 2227 353 2283 Bonum
384 2229 465 2298 [ac
493 2268 507 2292 ,
559 2237 606 2280 et
629 2225 838 2278 habebis
869 2224 1076 2278 laudem
1105 2239 1168 2275 ea:
1205 2238 1265 2275 ea
1296 2236 1382 2289 per
1407 2218 1686 2272 Dominum
1711 2232 1730 2268 .°

152 2319 388 2374 Minister
410 2319 546 2373 enim
574 2317 762 2372 esttibi
791 2317 844 2368 in
869 2316 1056 2368 bonum
1088 2313 1265 2382 (Rom.
1294 2327 1410 2376 xiit,
1451 2311 1506 2368 ὅ.
1554 2310 1636 2376 ι).
1670 2307 1737 2362 Et

150 2421 328 2467 tamen
351 2425 452 2481 ego
475 2411 544 2464 de
567 2410 717 2463 nullo
738 2420 964 2478 questus
988 2421 1130 2470 sum,
1151 2405 1220 2458 de
1245 2403 1464 2458 netnine
1493 2400 1736 2454 vindica-

151 2512 259 2558 tus.
291 2501 399 2558 Nec
450 2502 717 2571 impedire
778 2500 907 2553 mihi
952 2497 1284 2551 Novatianos
1320 2503 1472 2560 puto,
1507 2505 1738 2561 quorum

154 2593 420 2664 parvitate
462 2594 507 2646 si
548 2592 746 2647 vellem
778 2601 940 2658 atque
969 2587 1187 2644 defectu
1221 2592 1464 2656 poteram
1496 2582 1737 2653 gloriari.

152 2686 295 2740 Ecce
345 2683 558 2753 plebem
603 2691 746 2736 tuam
805 2683 1121 2749 imperatori
1174 2677 1356 2731 nullus
1403 2682 1646 2738 accusat,
1688 2683 1745 2726 et

153 2777 306 2832 solus
329 2790 409 2830 es.
444 2774 655 2846 Oportet
688 2790 779 2826 nos
807 2782 977 2826 tamen
1008 2786 1183 2825 omnes
1209 2775 1347 2822 stare
1372 2777 1490 2819 ante
1519 2763 1743 2818 tribunal

158 2869 259 2924 Dei
281 2868 456 2942 (Rom.
485 2883 600 2934 xiv,
627 2868 732 2933 10;
769 2866 812 2921 ll
836 2864 956 2920 Cor.
987 2881 1039 2931 v,
1073 2863 1184 2933 19).
1218 2861 1374 2929 Quod
1408 2875 1572 2915 unum
1602 2859 1744 2924 scio,

153 2970 516 3030 quererentur
555 2957 863 3024 Novatiani,
918 2957 961 3011 si
1008 2969 1172 3011 causa
1205 2948 1394 3009 eoium
1435 2962 1582 3007 esset
1621 2950 1748 3006 ullis

154 3062 306 3122 grata
347 3051 710 3121 principibus.

231 3144 316 3198 Vl.
360 3144 552 3200 Utilius
577 3155 745 3207 esset,
778 3144 882 3206 ais,
913 3144 1132 3196 vincere
1185 3155 1345 3209 quam
1399 3139 1628 3209 placere.
1679 3136 1750 3189 At

155 3239 249 3308 qui
272 3236 517 3292 vincendi
541 3236 736 3290 ardore
761 3234 1052 3298 ducuntur,
1069 3232 1418 3286 contentione.
1441 3228 1748 3300 proficiunt.

1832 2048 1893 2089 se
1934 2031 2296 2088 Confessores
2325 2049 2448 2089 esse
2479 2034 2820 2097 simularent,
2878 2036 2967 2105 qui
3020 2036 3207 2091 matris
3261 2038 3419 2092 unius

1835 2127 2082 2181 membra
2137 2127 2482 2183 divellerent.
2539 2129 2665 2183 Ilzcc
2685 2144 2788 2199 ego
2821 2130 2944 2196 tibi,
2979 2131 3174 2197 frater,
3205 2131 3420 2187 confes-

1835 2222 1988 2277 sione
2020 2232 2342 2288 vestrornm,
2401 2223 2598 2278 litteris
2645 2221 2976 2292 approbabo.
3035 2225 3110 2280 Ita
3160 2229 3416 2281 tuusiste

1837 2315 2214 2383 philosophus,
2243 2315 2545 2385 sapientiam
2561 2332 2707 2369 suam
2734 2333 2964 2386 qurerens
2991 2326 3235 2381 statuere,
3275 2322 3418 2374 sicut

1839 2408 2140 2476 Apostolus
2160 2408 2236 2462 ait
2264 2407 2442 2478 (Rom.
2471 2425 2526 2472 x,
2558 2408 2639 2480 5),
2664 2411 2927 2476 sapientia
2955 2409 3051 2462 Dei
3075 2428 3175 2464 non
3206 2423 3278 2464 cst
3303 2413 3420 2465 sub-

1831 2503 2039 2572 jectus;
2069 2501 2322 2570 quoniam
2350 2516 2444 2570 per
2465 2501 2785 2571 sapientiam
2836 2518 2988 2558 suam
3038 2506 3269 2560 mundus
3316 2523 3420 2560 non

1841 2595 2159 2663 recognovit
2187 2594 2507 2662 sapientiam
2538 2595 2650 2649 liei.
2684 2596 2813 2649 Nam
2846 2597 3013 2666 quod,
3045 2608 3169 2653 ante
3200 2614 3418 2668 passum

1842 2684 2196 2742 Novatianum
2230 2694 2406 2754 putas,
2438 2696 2493 2741 et
2519 2685 2845 2757 Cyprianum
2879 2689 3080 2745 dixisse
3100 2692 3417 2761 sulijungis;

1845 2777 2115 2832 Pra'cessit
2133 2793 2213 2831 nte
2240 2779 2564 2832 adversarius
2587 2795 2760 2844 meus;
2794 2781 2915 2834 vide
2941 2798 3101 2850 quam
3135 2783 3422 2840 manifeste

1847 2870 2225 2940 respondeam.
2257 2868 2590 2925 Novatianus
2617 2872 2934 2954 martyrium
2968 2889 3258 2944 numquam
3281 2877 3422 2940 tulit,

1847 2976 1948 3016 nec
1975 2977 2045 3018 ex
2081 2962 2266 3016 verbis
2287 2961 2583 3017 beatissimi
2615 2963 2868 3032 Cypriani
2889 2965 3132 3020 auditum
3163 2967 3306 3021 istud
3333 2977 3427 3022 atit

1849 3053 2045 3107 lectum
2068 3061 2173 3108 est.
2205 3053 2381 3108 llabes
2410 3054 2528 3121 eius
2561 3054 2820 3123 epistolas
2867 3056 3064 3125 quibus
3111 3058 3426 3114 Cornelium

1849 3145 2008 3202 Urbis
2061 3147 2399 3216 episcopum,
2452 3146 2538 3200 cui
2590 3154 2716 3202 tunc
2760 3146 3092 3204 Novatianus
3123 3149 3423 3213 inviderat,

1852 3238 2083 3293 inimicis
2139 3238 2477 3307 principibus
2507 3239 2869 3305 resistentem,
2899 3254 3044 3310 saepe
3093 3240 3428 3305 confessum,

156 3328 450 3400 Apostolus
483 3343 611 3383 vero
636 3329 710 3381 ait
742 3345 754 3378 :
791 3327 852 3381 Si
881 3328 996 3396 quis
1026 3335 1198 3379 autem
1222 3325 1429 3377 videtur
1461 3322 1749 3375 contentio-
1775 3313 1820 3376 C
1852 3343 1994 3398 δίοιδε
2024 3337 2272 3382 vexatum
2298 3321 2493 3393 refert;
2530 3327 2770 3396 plurimis
2795 3329 3226 3398 Confessoribus,
3261 3332 3429 3402 ριυι-ί-

156 3439 248 3476 sus
275 3438 400 3487 esse,
451 3437 542 3474 nos
585 3421 738 3474 talem
789 3420 1208 3474 consuetudinem
1237 3434 1338 3473 non
1364 3418 1631 3480 habemus,
1663 3433 1754 3469 nec

158 3515 393 3571 Ecclesia
416 3515 510 3570 Dei
534 3515 578 3588 (l
600 3514 724 3570 Cor.
747 3531 821 3581 ιι,
853 3515 964 3584 16).
990 3514 1192 3568 Contra
1221 3513 1289 3567 de
1318 3511 1496 3566 studio
1539 3511 1754 3580 placen-

155 3609 215 3664 di
242 3626 253 3660 :
290 3608 556 3674 Omnibus,
588 3608 782 3678 inquit,
820 3625 908 3672 per
935 3608 1108 3660 omnia
1140 3607 1341 3677 placeo,
1371 3623 1472 3658 non
1520 3621 1752 3672 quwrens

155 3701 296 3768 quod
320 3699 584 3752 ntiltiutile
599 3701 686 3762 sit,
713 3698 951 3767 sedquod
965 3698 1160 3760 multis,
1186 3706 1243 3749 ut
1273 3697 1536 3750 solventur
1565 3697 1607 3762 (l
1632 3695 1752 3749 Cor.

159 3805 217 3856 κ,
247 3788 480 3857 53).Vos
503 3799 680 3842 autem
713 3789 839 3842 dum
871 3799 1047 3842 vestra
1080 3802 1188 3840 non
1214 3786 1440 3839 fratrum
1467 3783 1753 3838 commoda

155 3883 429 3952 cogitatis,
459 3881 725 3935 vincendo
759 3881 1010 3933 mavultis
1043 3879 1273 3943 elidere,
1301 3893 1460 3947 quam
1494 3876 1757 3946 placenda

156 3986 435 4029 recreare.
468 3970 659 4024 Malum
688 3970 829 4025 bono
862 3970 1078 4034 vicisse,
1104 3968 1328 4022 rationis
1356 3975 1471 4032 est;
1503 3977 1756 4023 canet-um

154 4067 213 4121 in
245 4079 583 4135 quacumque
603 4078 763 4118 causa
793 4064 931 4117 velle
953 4077 1214 4132 superare
1239 4103 1252 4126 ,
1313 4060 1758 4130 praesumptionis

154 4158 368 4212 insana:
389 4165 491 4210 est.
525 4154 637 4209 Non
669 4153 737 4210 de
764 4156 1080 4224 Apostolico
1104 4155 1248 4224 jure,
1300 4155 1396 4209 sed
1429 4155 1494 4208 de
1524 4153 1714 4209 Grieco
1738 4195 1754 4219 ,

155 4249 306 4320 apud
365 4261 500 4316 quos
548 4248 811 4316 scriptum
843 4257 1082 4315 putatur,
1115 4263 1330 4302 onmem
1359 4262 1565 4302 morem
1596 4247 1762 4302 Laec-

157 4340 564 4397 da~monioruui
595 4341 988 4394 inflammatum
1013 4355 1135 4395 esse
1159 4339 1458 4409 cupiditate
1488 4339 1757 4393 vincendi.

156 4432 273 4488 Sus
329 4446 550 4501 quoque
593 4431 685 4485 ille
738 4431 1064 4495 lutulentus,
1112 4441 1167 4486 et
1207 4431 1393 4485 insana
1429 4431 1601 4500 tigris,
1631 4431 1760 4500 quid

156 4523 316 4578 aliud
347 4523 515 4578 velint
542 4523 642 4576 nisi
673 4524 890 4577 vincere
922 4538 1079 4588 quam
1111 4523 1370 4593 placere?
1407 4524 1606 4577 Vacare
1663 4523 1761 4577 tibi

155 4618 366 4673 scribis
392 4634 405 4681 ;
439 4625 494 4672 et
520 4615 642 4671 ideo
671 4625 722 4670 te
750 4617 1093 4670 contentiosa
1137 4615 1428 4670 delectant.
1475 4614 1603 4668 Mihi
1632 4630 1760 4669 vero

1855 3423 1956 3476 mis
1975 3436 2192 3491 quoque
2215 3420 2534 3492 Martyribus
2559 3420 2752 3478 ducem
2781 3421 3005 3491 factum,
3037 3432 3092 3480 et
3118 3440 3237 3481 cum
3262 3425 3430 3495 pluri-

1857 3516 1956 3570 mis
1977 3515 2375 3585 gloriosissime
2397 3524 2715 3569 coronatum
2742 3513 2959 3572 vivente
2987 3525 3114 3572 tunc
3129 3517 3430 3575 Novatiano

1854 3609 2126 3677 etiamque
2155 3621 2368 3661 securo.
2397 3603 2528 3660 Nam
2571 3614 2629 3662 et
2675 3605 2797 3661 ideo
2832 3607 2900 3662 ab
2939 3608 3170 3663 ecclesia
3220 3606 3427 3666 Christi

1857 3707 2178 3760 recesserat,
2204 3712 2270 3752 ne
2303 3697 2452 3750 illum
2483 3696 2638 3751 labor
2661 3697 3019 3754 confessionis
3056 3708 3296 3769 urgeret.
3323 3701 3428 3768 Qui

1856 3788 2088 3857 primum
2113 3789 2424 3843 stimulatus
2442 3786 2661 3853 invidia,
2675 3789 3043 3859 episcopatum
3065 3787 3301 3844 Cornelii
3321 3805 3429 3846 non

1855 3879 2098 3944 ferebat;
2131 3879 2256 3934 inde
2278 3895 2336 3934 se
2364 3878 2588 3945 Novato,
2623 3893 2914 3948 paucorum
2939 3881 3187 3950 epistolis
3213 3881 3428 3940 derisus

1859 3971 2162 4027 addixerat.
2190 3968 2317 4026 ﬂare
2340 3978 2390 4026 te
2412 3971 2589 4025 omnia
2614 3971 2683 4026 de
2707 3969 3001 4027 Novatiauo
3027 3972 3283 4044 Cypriani
3334 3973 3421 4028 lit-

1863 4073 1990 4118 tera:
2015 4062 2411 4133 perdocebnnt.
2441 4061 2609 4117 Porro
2634 4062 2798 4118 etiam
2830 4062 2874 4117 si
2905 4076 3096 4132 passus
3121 4071 3206 4118 est
3229 4063 3432 4134 aliquid

1862 4155 2214 4218 Novatianus,
2248 4170 2352 4208 non
2387 4164 2561 4210 tamen
2594 4147 2760 4209 etiam
2786 4153 2998 4210 occisus
3029 4171 3044 4208 :
3076 4153 3236 4210 etiam
3265 4154 3311 4208 si
3341 4169 3436 4210 oc-

1862 4249 2027 4311 cisus,
2055 4261 2159 4300 non
2213 4254 2391 4300 tamen
2433 4255 2749 4300 coronatus.
2799 4242 3032 4313 Quidni?
3058 4244 3220 4300 Extra
3250 4245 3435 4301 Eccle-

1862 4341 1956 4393 sia:
1993 4353 2204 4408 pacem,
2235 4348 2390 4393 extra
2422 4335 2790 4404 concordiam,
2846 4345 3001 4394 extra
3043 4354 3161 4394 eam
3207 4348 3436 4396 matrem

1861 4432 2016 4501 cujus
2047 4432 2220 4500 portio
2245 4430 2406 4486 debet
2437 4445 2559 4486 esse
2583 4429 2670 4501 qui
2693 4441 2895 4502 martyr
2913 4439 3013 4486 est.
3039 4432 3180 4486 Audi
3203 4429 3440 4502 Aposto-

1865 4523 2008 4576 lum:
2035 4519 2158 4575 Etsi
2179 4519 2405 4575 habuero
2429 4539 2623 4576 omnem
2647 4521 2818 4591 ﬁdem,
2848 4523 2920 4576 ita
2952 4531 3006 4577 ut
3034 4533 3227 4579 montes
3267 4534 3438 4580 trans-

1865 4618 2021 4684 feram
2046 4632 2064 4681 ;
2113 4615 2414 4668 cltaritatem
2434 4624 2602 4668 autem
2629 4631 2732 4669 non
2759 4614 2996 4681 habeant,
3027 4608 3156 4670 nihil
3178 4633 3314 4672 sum.
3367 4605 3436 4672 Et

155 4707 455 4765 catholicis
481 4707 708 4778 negotiis
735 4719 1018 4777 occupato,
1055 4717 1176 4777 post
1208 4709 1424 4778 triginta
1449 4702 1620 4762 ferme
1641 4691 1835 4762 diesD
1861 4711 1905 4764 si
1960 4711 2011 4762 in
2070 4708 2205 4764 cibos
2251 4726 2533 4781 pauperum
2583 4707 2799 4764 divisero
2844 4725 3039 4763 omnem
3101 4709 3435 4765 substantiam

156 4803 370 4857 littera:
401 4809 504 4856 tute
539 4801 749 4856 tradita:
781 4813 929 4868 sunt,
962 4814 1080 4872 post
1123 4802 1261 4858 alios
1291 4799 1646 4871 quadraginta
1677 4815 1761 4855 re-

154 4893 378 4964 petitm.

236 4985 357 5040 VII.
391 4984 555 5040 Irasci
573 5000 656 5040 me
682 4987 792 5049 ais;
826 4986 986 5040 absit.
1020 4985 1297 5042 Stimulari
1327 4997 1384 5042 ut
1405 4985 1766 5057 apem,credo

153 5093 291 5152 qua:
319 5077 594 5133 interdum
621 5079 808 5134 aculeo
855 5077 1014 5133 mella
1062 5080 1325 5135 defendit.
1365 5084 1557 5135 Verum
1593 5081 1769 5135 recole

154 5171 449 5242 utrimque
481 5171 733 5236 litteras;
781 5172 892 5240 jam
926 5170 1135 5226 videbis
1167 5174 1462 5242 Spiculisnc
1490 5191 1554 5227 an
1605 5172 1770 5227 ﬂori-

238 5365 267 5393 α
301 5353 494 5407 Iudice
537 5353 867 5420 astipulante.
923 5354 1192 5410 Observat
1237 5353 1308 5408 cl.
1361 5353 1668 5409 Mazochius
1709 5357 1760 5409 in

153 5427 464 5483 Comment.
515 5424 582 5475 ad
631 5441 874 5480 marmor.
929 5425 1153 5494 Neapol.
1207 5423 1430 5477 Kalend.
1495 5427 1601 5479 vol.
1658 5424 1713 5480 III
1748 5466 1761 5489 ,

155 5513 298 5566 pag.
327 5496 458 5561 872,
495 5495 579 5546 hic
603 5498 747 5563 tangi
795 5513 822 5549 a
866 5497 1101 5551 Paciano
1133 5497 1436 5550 llomnnnm
1465 5496 1608 5550 Petri
1641 5513 1763 5550 eum

153 5569 406 5624 Simone
445 5566 773 5638 conllictu‘ni.
824 5569 1016 5629 Porro,
1043 5568 1246 5631 subdit,
1284 5566 1411 5620 illud
1437 5569 1619 5638 judice
1646 5569 1766 5621 avii-

150 5641 392 5708 pulantc
450 5642 632 5708 posset
690 5636 755 5688 :«d
810 5653 1056 5706 qttettivts
1091 5640 1324 5707 judicent
1364 5636 1451 5706 qui
1481 5639 1768 5692 certamini

147 5705 515 5780 brmfuiaset,
549 5705 737 5780 referri
778 5727 785 5756 :
821 5705 922 5762 nisi
948 5705 1102 5779 apud
1124 5705 1583 5780 Neronemircgrnt
1613 5710 1776 5764 fuisse

145 5776 553 5850 aepugnzttunt
585 5776 912 5850 Pliilastritts
935 5776 1278 5850 sdripsissot,
1309 5779 1398 5833 ubi
1441 5776 1509 5850 tle
1538 5779 1779 5835 Simonis

148 5847 380 5908 haeresi
432 5849 701 5917 edisserit.
747 5847 866 5900 Mox
900 5862 1019 5917 post
1050 5847 1320 5906 Latinium
1362 5857 1416 5904 et
1446 5849 1780 5906 Mazochium

145 5923 200 5980 ι.
239 5937 331 5982 c..
364 5917 480 5975 Non
516 5916 792 5981 lletintain,
822 5916 942 5975 sive
983 5917 1224 5992 Elymum
1255 5918 1657 5992 rescripsimus,
1693 5921 1784 5978 ubi

1864 4819 2049 4870 meam,
2074 4813 2120 4856 et
2143 4802 2185 4858 si
2212 4803 2470 4857 tradidero
2499 4819 2680 4874 corpus
2708 4816 2875 4855 nteant
2909 4801 2979 4855 ad
3015 4798 3435 4868 comburendum,

1869 4897 2165 4950 charitatem
2217 4906 2384 4950 autem
2431 4913 2530 4950 non
2578 4888 2811 4959 habeam,
2865 4881 2996 4949 nihil
3042 4895 3171 4948 mihi
3229 4894 3436 4964 prodest

1872 4986 2062 5058 (lCor.
2107 5000 2219 5054 xm,
2273 4987 2326 5052 2,
2383 4988 2460 5058 ὅ).
2508 4987 2808 5058 Cyprianus
2863 4997 3038 5042 autem
3071 4983 3122 5041 in
3149 4985 3438 5042 concordia

1872 5081 2135 5145 omnium,
2166 5082 2217 5134 in
2247 5095 2378 5151 pace
2397 5078 2690 5146 communi,
2745 5078 2797 5134 in
2839 5076 3222 5135 Confessorum
3275 5094 3441 5150 grege

1871 5185 2060 5241 passus
2089 5179 2191 5236 est,
2225 5181 2278 5227 et
2300 5186 2445 5242 smpe
2464 5170 2748 5228 confessus
2788 5168 3001 5227 iteratis
3044 5169 3442 5242 persecutioni-

1868 5352 1999 5410 editi
2031 5351 2230 5407 habent
2266 5350 2428 5408 Num.

1937 5423 1966 5463 ι)
2011 5423 2308 5478 Vindicatus
2327 5433 2454 5477 esset
2479 5433 2583 5480 etc.
2608 5427 2778 5478 Locus
2810 5422 2895 5479 hic
2925 5421 3224 5478 ohscurlor.
3256 5422 3361 5476 Til.

1946 5506 1965 5532 ο
2009 5495 2289 5549 Indentari.
2320 5494 2371 5548 Id
2397 5505 2499 5556 est,
2530 5494 2793 5563 redargui.
2856 5494 3050 5549 Eodem
3079 5495 3245 5549 verbo
3273 5495 3439 5547 utitur

1876 5566 2086 5622 Lucifer
2114 5567 2446 5621 Caralitanus
2477 5567 2487 5619 Ι
2516 5568 2568 5621 b.
2595 5578 2629 5620 ll
2677 5582 2769 5634 pro
2797 5565 2858 5620 8.
2891 5566 3171 5620 Athanasio
3196 5577 3314 5632 Cap.
3348 5565 3441 5634 40,

1880 5650 1937 5691 ut
1965 5639 2028 5691 ad
2061 5656 2179 5692 euut
2213 5638 2382 5690 locum
2415 5631 2915 5701 anidmavériiuitts,
2941 5638 3023 5690 ubi
3057 5648 3108 5690 et
3137 5631 3293 5688 istum
3346 5631 3441 5686 I’a-

1881 5711 2019 5763 ciani
2048 5708 2386 5764 adduximus.
2414 5707 2484 5762 lla
2509 5707 2792 5762 Paulinum
2811 5711 3018 5763 textum
3043 5704 3265 5760 reddidit
3293 5715 3443 5760 vetus

1883 5781 2170 5906 (tggrprels.
2212 5777 2422 5834 Vidcsis
2468 5788 2601 5836 tom.
2635 5778 2699 5834 Vl
2741 5789 2937 5835 nostrae
2977 5778 3122 5835 Bibl.
3164 5774 3270 5836 PP.
3319 5791 3441 5846 pag.

1995 5891 2008 5906 .
2043 5867 2112 5906 no
2139 5891 2152 5905 .
2182 5866 2218 5906 t.

1995 5891 2008 5919 ,
2043 5861 2152 5908 not.
2182 5866 2218 5906 t.
