4200 6386
563 426 704 484 1065

1933 406 2201 464 SANCTI.
2222 403 2494 461 PACIANI

3755 377 3895 439 1064

562 543 689 606 btts,
721 549 775 594 et
798 538 964 592 multa
999 533 1333 592 laceratione
1377 537 1632 594 vexatus,
1665 535 1720 580 et
1751 523 2048 579 novissime
2079 537 2164 575 sa-
2191 521 2242 582 Α
2271 519 2360 588 qui
2391 529 2686 586 numquam
2718 511 3018 568 Ecclesiam
3039 508 3364 571 deseruerit,
3390 504 3485 576 qui
3517 502 3596 557 ab
3619 499 3901 569 episcopis

562 635 729 692 tutari
751 635 926 689 calice
960 632 1282 701 pr0pinatus
1311 637 1415 681 est.
1438 624 1551 678 Hoc
1576 622 1672 675 lttit
1700 615 2164 682 cornnari.Qnare

558 730 666 784 sibi
689 729 890 784 habeat
911 719 1534 791 Novatiauusepistnlas
1563 732 1710 781 suas;
1741 713 1841 768 sibi
1871 723 2163 771 tumorem,

560 825 666 879 sibi
700 821 1038 890 superbiam,
1094 832 1200 888 qua
1251 816 1376 868 dum
1410 817 1461 866 itt
1495 812 1661 864 altum
1716 809 1944 870 levatur,
2000 803 2167 858 elisus

561 929 686 980 est;
732 917 860 968 dum
919 910 1124 967 nemini
1172 909 1368 980 parcit,
1425 904 1649 959 emtsus.
1707 901 1786 955 En
1849 897 1940 967 qui
1972 893 2167 949 salutis

570 1011 714 1065 viam
747 1006 1011 1063 fratribus
1050 999 1375 1058 inexorabili
1407 997 1666 1066 religione
1693 991 1994 1064 przeclndat
2024 989 2037 1041 l
2089 988 2165 1042 En

569 1104 660 1173 qui
693 1118 754 1158 se
785 1111 809 1138 ⁸
840 1100 1020 1170 palam
1049 1097 1220 1162 ferre,
1247 1104 1303 1150 et
1333 1107 1518 1146 aream
1551 1087 1761 1144 Domini
1792 1095 2167 1155 purgarccon-

568 1197 734 1252 ﬁdat!

643 1289 780 1345 \‘Ill.
822 1287 1082 1342 Miserere
1133 1283 1233 1348 tui,
1289 1277 1691 1352 Symproniane
1739 1271 1928 1334 frater,
1987 1274 2172 1322 necte

569 1385 907 1440 Not/altanus
935 1380 1036 1435 sub
1069 1377 1172 1433 hac
1229 1376 1407 1430 fronte
1440 1370 1710 1439 decipiat;
1741 1375 1796 1421 et
1825 1363 1946 1417 ideo
1975 1359 2173 1430 justior

573 1491 822 1552 putetur,
880 1476 1006 1546 quia
1066 1472 1309 1542 reliquus
1342 1467 1422 1522 sui
1451 1464 1864 1532 comparatione
1901 1453 2171 1523 despexit.

573 1576 730 1644 Saepe
757 1572 1006 1626 fiduciam
1041 1567 1302 1622 mentitur
1347 1560 1608 1622 audacia;
1642 1567 1698 1611 et
1725 1550 2027 1621 desperatis
2058 1546 2178 1616 qni-

573 1671 782 1738 bUStllle
805 1661 1208 1738 peccatoribus,
1239 1658 1371 1713 falsa
1404 1654 1563 1711 bonae
1619 1644 1971 1705 conscientiae
2002 1642 2177 1707 imago

577 1763 876 1821 blanditur.
903 1760 1110 1815 Contra
1161 1770 1289 1809 vero
1338 1750 1514 1806 omnis
1545 1743 1824 1800 humilitas
1869 1733 2178 1792 innocentia

576 1861 874 1928 cst,etiam
898 1858 989 1911 illa
1018 1851 1275 1914 debitrix,
1310 1847 1474 1903 etiam
1529 1842 1617 1896 illa
1671 1834 1967 1908 peccatrix,
2014 1829 2176 1883 etiam

579 1959 674 2015 illa
700 1971 822 2027 quae
855 1952 1090 2006 animam
1146 1959 1298 1998 suam
1355 1955 1475 1995 cum
1533 1943 1821 2006 peccatore
1875 1922 2173 1981 blanditur.
2205 1921 2253 1982 B

582 2014 733 2105 Dele.
763 2063 864 2113 me,
919 2041 1091 2112 inquit
1146 2037 1360 2107 Moyses
1390 2028 1588 2103 (Exod.
1645 2039 1777 2088 xxtt,
1811 2019 1928 2113 52),
1961 2017 2023 2068 de
2052 2014 2180 2076 libro

581 2158 734 2214 quem
765 2135 1050 2208 scripsisti;
1083 2146 1149 2186 ne
1176 2137 1494 2199 peccatores
1525 2118 1785 2191 perirent.
1845 2111 2177 2179 Optaveram,

581 2205 769 2308 inquit
821 2205 1136 2302 Apostolus,
1188 2223 1460 2278 anathema
1501 2233 1608 2272 esse
1644 2215 1752 2282 ipse
1781 2226 1872 2281 ego
1898 2211 1951 2262 in
1980 2205 2184 2260 Christo

587 2347 681 2398 pro
711 2326 963 2399 fratribus
993 2321 1140 2386 meis,
1176 2315 1403 2388 cognatis
1446 2308 1722 2365 secundum
1773 2317 1976 2358 carnem
2002 2297 2181 2365 (Rom.

584 2395 661 2486 ix,
697 2395 775 2489 3).
806 2415 1004 2486 Utique
1033 2410 1196 2466 ambo
1228 2423 1325 2478 pro
1361 2399 1734 2474 peccatoribus
1779 2395 2183 2462 deprecantur;

587 2525 642 2568 ct
674 2521 902 2582 propter
925 2507 1049 2568 hoc,
1083 2503 1254 2557 Deum
1287 2511 1388 2553 nec
1417 2494 1630 2564 Moyses
1661 2503 1764 2544 nec
1787 2484 1992 2540 Paulus
2020 2479 2189 2535 offen-

587 2572 689 2662 dit:
719 2572 1055 2659 Novatianus
1097 2595 1183 2649 his
1238 2587 1467 2646 melior?
1521 2581 1851 2639 limendator
1894 2572 2189 2643 Propheta-

589 2699 752 2758 rum?
782 2698 975 2752 doctor
1008 2681 1439 2762 Apostolorum?
1467 2680 1584 2735 Jam
1615 2691 1738 2730 cum
1769 2670 1990 2726 Christo
2030 2665 2187 2719 vide-

591 2803 680 2849 tur
713 2799 769 2845 ut
802 2789 942 2844 idem
973 2780 1223 2855 Moyses?
1246 2779 1365 2833 Jatn
1406 2783 1464 2827 ut
1505 2770 1703 2825 Paulus
1733 2766 1787 2821 itt
1817 2764 2032 2818 tertium
2079 2771 2190 2812 ete—

593 2884 707 2940 lum
739 2879 991 2936 sublimis
1014 2869 1300 2929 evehitur?
1320 2866 1437 2922 Jam
1461 2861 1719 2932 neglectis
1761 2853 2014 2911 omnibus
2044 2848 2191 2904 solus

591 2972 848 3031 auditur?
872 2971 998 3026 Haec
1029 2966 1096 3021 ad
1128 2965 1340 3019 litteras
1366 2970 1483 3012 tuas
1514 2950 1865 3022 respondisse
1891 2941 2188 2999 sutlecerit.

593 3071 700 3128 Sed
727 3069 850 3138 quia
880 3065 949 3121 de
982 3059 1298 3133 jtwnitetttia
1322 3069 1429 3109 non
1459 3048 1690 3120 agenda,
1725 3043 1812 3098 vel
1840 3049 1965 3095 ante
1989 3037 2192 3107 baptis-

594 3129 756 3220 mum.
793 3129 1001 3231 agenda
1026 3154 1186 3209 latius
1227 3147 1552 3219 disputasti;
1613 3138 1907 3206 multisque
1938 3129 2195 3202 capitulis

593 3255 1009 3324 exemplorum,
1063 3252 1327 3300 tractatus
1380 3238 1552 3309 ipsius
1601 3233 1849 3302 paginam
1895 3221 2190 3285 refet'sisti,

595 3345 948 3420 respondebo
978 3341 1043 3398 ad
1072 3336 1281 3408 singula
1310 3349 1374 3388 ex
1407 3331 1550 3385 abun

594 3410 708 3501 ιὶοιἰ
733 3441 953 3505 habeat,
985 3450 1092 3490 non
1127 3430 1336 3486 tacebo.
1367 3424 1468 3487 Tn,
1502 3433 1560 3476 ut
1592 3418 1795 3474 attdttui
1853 3419 2042 3468 nostro
2092 3410 2193 3461 Iar-

597 3539 738 3610 giter
760 3534 1034 3604 imperare
1053 3526 1309 3596 dignatus
1353 3533 1435 3584 es,
1471 3514 1757 3582 benignam
1784 3521 1973 3562 rursus
2021 3502 2192 3556 vicem

597 3598 856 3703 przebeto-
892 3621 1166 3679 tractatui.
1211 3610 1497 3670 Praestabit
1545 3607 1772 3661 fortasse
1803 3598 2085 3660 Dominus,
2135 3598 2199 3646 ut

604 3690 698 3797 qui
755 3736 855 3776 nos
911 3717 1008 3773 tibi
1039 3713 1310 3786 patienter
1347 3701 1669 3766 obtulimus,
1696 3698 1928 3751 fructum
1959 3690 2195 3759 aliquem

600 3779 671 3874 de.
730 3824 819 3870 tua
876 3779 1055 3867 etiam‘
1075 3801 1335 3876 patientia
1378 3803 1735 3866 reportamus.
1767 3785 2030 3840 Dominus
2059 3792 2112 3835 te
2141 3779 2196 3833 in

610 3921 876 3969 aeternum
928 3873 1206 3960 casto—dire
1233 3905 1286 3952 et
1307 3902 1596 3965 protegere
1648 3883 1918 3954 dignetur,
1962 3886 2014 3931 et
2042 3873 2200 3928 Chri-

609 4007 847 4062 stianum
880 4010 1044 4068 atque
1072 3990 1412 4051 Catholicam
1444 3983 1633 4038 vivere
1679 3974 1862 4041 faciat,
1894 3979 1948 4028 et
1970 3981 2198 4026 concor-

608 4103 740 4160 dare
769 4097 1074 4156 nobiscutn.
1109 4091 1308 4145 Amen.

1155 4173 1490 4241 EPISTOLA
1541 4171 1624 4227 lll.

959 4279 1147 4335 Contra
1167 4279 1412 4327 tractatus
1464 4263 1894 4319 Noratianorum.

675 4375 944 4435 Pacianus
965 4371 1254 4438 episcopus
1280 4358 1689 4432 Sytnproniano
1713 4350 1868 4406 fratri
1891 4347 2145 4402 salutem.

674 4471 714 4526 I.
757 4469 1045 4523 TraCIatus
1099 4457 1278 4515 omnis
1323 4451 1751 4509 Novatianorum
1806 4457 1966 4512 quem
2011 4438 2078 4492 ad
2119 4449 2204 4489 me

598 4563 866 4622 confertis
895 4556 1137 4624 undique
1189 4540 1659 4620 propositionibus
1706 4531 2016 4594 destinasti,
2048 4528 2208 4598 Sym-

599 4658 863 4732 proniane
884 4623 1071 4708 frater,
1101 4645 1205 4699 hoc
1233 4637 1479 4695 continet
1506 4651 1518 4687 :
1547 4629 1704 4700 Quod
1735 4637 1853 4698 post
1877 4623 2203 4693 baptismum

604 4713 873 4826 pmnitere
906 4759 1015 4798 non
1050 4738 1251 4800 liceat;
1285 4730 1427 4803 quod
1459 4723 1692 4782 mortale
1713 4725 1992 4790 peccatum
2017 4713 2206 4768 Eccle-

603 4805 685 4904 sia
715 4845 921 4898 donare
952 4849 1056 4890 non
1087 4827 1285 4902 possit,
1319 4825 1487 4879 immo
1510 4816 1652 4888 quod
1694 4815 1809 4885 ipsa
1853 4816 2042 4880 pereat
2070 4805 2209 4861 reci-

607 4936 809 5012 piendo
842 4933 1156 5003 peccantes.
1183 4919 1491 4976 Praeclarus
1537 4912 1735 4972 honos,
1789 4901 2084 4973 singularis
2113 4912 2208 4952 au-

610 5001 858 5094 ctoritas,
886 5035 1080 5093 magna
1108 5013 1448 5074 constantia;
1478 5007 1706 5076 rejicere
1729 5007 2014 5061 nocentes,
2066 5001 2207 5046 atta—

610 5139 732 5185 ctus
801 5115 1142 5194 PeCCantittm
1225 5108 1456 5178 fugere,
1511 5095 1834 5154 innocentia:
1910 5104 2024 5146 suae
2069 5085 2208 5142 male

611 5184 907 5278 conlidere.
955 5209 1088 5276 Quis
1139 5204 1244 5260 hoc
1293 5195 1570 5261 vindicat,
1617 5188 1807 5251 frater,
1858 5184 2092 5255 Moyses,
2141 5194 2207 5232 an

613 5274 837 5373 Paulus,
889 5319 957 5357 an
980 5274 1295 5354 Christus?
1340 5291 1410 5346 At
1457 5285 1669 5355 Moyses
1692 5276 1864 5333 deleri
1894 5291 1924 5330 e
1947 5274 2084 5328 libro
2112 5285 2212 5341 pro

616 5365 1152 5472 blaspltematnribus
1176 5394 1326 5455 optat
1356 5380 1554 5454 (Exod.
1583 5389 1756 5436 xxx",
1775 5370 1867 5440 3‘2)
1901 5385 1912 5422 :
1940 5379 1991 5421 et
2014 5365 2213 5419 Paulus

619 5458 893 5554 anathema
916 5501 1024 5542 esse
1051 5498 1144 5556 pro
1170 5475 1415 5550 fratribus
1440 5471 1618 5544 (Rom.
1651 5483 1727 5531 ix,
1751 5467 1830 5533 5);
1859 5471 1914 5518 et
1948 5462 2060 5530 ipse
2110 5458 2215 5512 Do-

619 5590 800 5646 minus
831 5597 926 5653 pro
955 5573 1172 5646 injustis
1198 5569 1305 5639 pati
1331 5565 1550 5620 mavult.
1611 5558 1800 5614 Nullus
1858 5555 2074 5614 Itorum,
2134 5550 2217 5604 in-

619 5684 796 5756 quies.
823 5645 956 5744 Quis
985 5645 1115 5740 ergo
1143 5666 1166 5719 ?
1216 5662 1549 5719 Novatianus
1578 5655 1681 5707 hoc
1711 5647 1987 5720 praecepit.
2024 5645 2216 5699 Imma-

618 5738 1136 5836 (iulatuswaliquis—et
1159 5770 1349 5831 purus,
1381 5751 1474 5823 qui
1497 5748 1763 5804 Novatum
1796 5758 1901 5798 non
1953 5738 2210 5793 audierit.

691 5905 713 5932 α
761 5891 948 5945 palam
980 5883 1131 5951 ferre.
1165 5876 1272 5942 AL,
1305 5869 1508 5943 paleam
1531 5867 1736 5935 auferre
1769 5879 1781 5917 :
1815 5860 1995 5917 minus
2041 5868 2209 5923 recte,

618 5965 827 6027 Latinio
853 5957 1054 6030 judice.

2268 613 2559 681 episcOpus
2589 609 2760 664 factus
2785 608 2874 670 sit,
2900 607 2990 675 qui
3019 604 3141 673 jure
3167 600 3443 657 ordinario
3502 602 3898 655 consecratus,

2269 705 2359 774 qui
2415 711 2700 758 vacantem
2757 698 3070 754 cathedram
3104 697 3154 750 in
3207 694 3450 749 Ecclesia
3507 685 3903 745 consecutus?

2271 796 2411 862 Qttid
2442 796 2508 850 ad
2543 795 2630 851 te?
2661 793 2874 862 inquies
2900 807 2914 855 ;
2956 789 3289 845 Novatianus
3318 785 3422 840 hoc
3464 779 3690 838 docuit.
3719 781 3791 834 At
3818 775 3903 831 vel

2273 889 2515 958 quando,
2545 888 2733 954 frater,
2776 886 3041 954 quibusve
3079 877 3460 951 temporibus?
3519 874 3736 931 Statim
3785 877 3904 941 post

2277 983 2488 1038 Domini
2521 980 2870 1051 passionem?
2922 989 3044 1046 post
3075 974 3221 1030 Decii
3253 971 3664 1042 principatum,
3715 965 3768 1020 id
3797 973 3900 1026 est,

2272 1088 2397 1145 post
2439 1083 2714 1129 trecentos
2769 1086 2934 1140 prone
2983 1083 3154 1123 annus
3204 1063 3501 1120 dominica:
3566 1057 3892 1131 passionis.

2274 1167 2416 1235 Quid
2451 1183 2581 1237 ergo
2607 1164 2768 1221 tunc?
2797 1162 3095 1232 PrOphetas
3141 1170 3359 1214 secutus
3381 1163 3468 1210 est
3498 1164 3564 1209 ut
3595 1150 3906 1221 Cataphry-

2276 1277 2388 1333 ges,
2415 1277 2482 1316 an
2506 1260 2533 1300 ι)
2565 1261 2936 1316 Pliilomenem
2968 1257 3226 1326 aliquam,
3261 1265 3318 1308 ut
3366 1251 3644 1320 Apelles;
3681 1263 3753 1302 an
3793 1247 3905 1316 ipse

2279 1366 2486 1410 tantum
2538 1353 2886 1408 auctoritatis
2937 1346 3437 1419 accepit?Linguis
3496 1345 3736 1398 locutus
3783 1341 3904 1394 est?

2278 1444 2966 1519 Propltetavit?Suscitare
2998 1450 3237 1495 mortuos
3266 1437 3479 1509 potuit?
3514 1435 3739 1491 Horum
3764 1432 3904 1488 enim

2279 1542 2486 1602 aliquid
2539 1542 2739 1596 habere
2778 1539 3063 1602 debuerat,
3114 1545 3171 1589 ut
3202 1532 3560 1600 evangelium
3619 1527 3907 1597 novijuris

2281 1637 2583 1692 induceret.
2616 1635 2682 1688 Et
2706 1635 2748 1688 si
2772 1642 2964 1686 contra
2997 1616 3558 1697 clametApostolus;
3614 1621 3764 1676 Licet
3794 1636 3904 1684 nos,

2281 1740 2371 1782 aut
2399 1729 2612 1799 angelus
2643 1727 2706 1779 de
2737 1726 2862 1779 caelo
2890 1720 3310 1793 erangelizarerit
3345 1727 3721 1788 praeterquam
3775 1711 3907 1781 quod

2285 1821 2739 1892 euangelizarim-us
2773 1818 2929 1881 vobis,
2957 1814 3231 1868 anathema
3253 1813 3316 1866 sit
3344 1808 3500 1882 (Gal.
3528 1825 3570 1874 ι,
3594 1807 3680 1879 8).
3733 1805 3909 1862 Nova-

2284 1918 2466 1970 tianus
2483 1916 2558 1968 sic
2583 1911 2873 1974 intellexit,
2898 1910 3142 1978 inquies:
3171 1905 3265 1960 sed
3284 1904 3549 1960 Christus
3567 1901 3678 1956 hoc
3702 1899 3907 1955 docuit.

2286 2008 2430 2076 Ergo
2459 2020 2490 2059 a
2519 2004 2722 2060 Christi
2749 2015 2769 2042 ε
2801 2016 2976 2071 usque
3006 1998 3160 2055 Decii
3185 1998 3558 2068 principatum
3597 1994 3792 2048 nullus
3832 1992 3912 2046 itt-

2287 2099 2533 2169 telligens
2555 2097 2578 2150 ?
2603 2097 2732 2151 Post
2756 2095 2977 2149 Decium
3008 2093 3242 2161 denique
3269 2089 3452 2145 omnis
3480 2089 3793 2159 episcopus
3819 2088 3913 2141 im-

2289 2194 2537 2264 patiens;
2562 2205 2750 2244 omnes
2783 2188 2872 2242 alii
2899 2186 3145 2241 dissoluti
3173 2184 3263 2253 qui
3291 2197 3349 2238 sc
3373 2181 3625 2236 miscere
3685 2177 3914 2249 perditis

2291 2288 2535 2354 mallent,
2567 2287 2658 2355 qui
2688 2287 2866 2354 perire
2889 2298 3010 2338 cum
3045 2279 3282 2341 miseris,
3321 2277 3414 2347 qui
3451 2276 3654 2330 alieno
3689 2273 3914 2327 vulnere

2291 2382 2611 2438 vulnerari?
2656 2378 2964 2435 Novatiano
3022 2374 3259 2438 vindice,
3309 2370 3537 2438 justitia
3618 2367 3914 2426 liberatur;

2290 2484 2535 2538 auctore,
2563 2472 2857 2542 corrigitur
2886 2465 3147 2539 quidquid
3175 2462 3397 2520 erravit.

2363 2567 2426 2623 ll.
2470 2566 2606 2635 Age,
2645 2562 2880 2632 inquies,
2937 2567 3214 2614 certemus
3260 2552 3544 2622 exemplis
3598 2559 3660 2606 et
3705 2548 3916 2605 ratione

2294 2672 2615 2731 pugnemus.
2651 2655 2720 2712 At
2745 2669 2845 2724 ego
2869 2652 2971 2707 huc
2998 2663 3168 2719 usque
3191 2661 3417 2702 securus
3454 2662 3469 2697 :
3498 2645 3625 2714 ipsa
3662 2641 3919 2697 Ecclesia:

2296 2754 2453 2819 ferie,
2478 2748 2915 2820 congregationis
2945 2745 3180 2814 antiquae
3209 2755 3344 2813 pace
3372 2747 3691 2795 contentus
3726 2754 3738 2789 :
3773 2733 3918 2789 nulla

2295 2845 2585 2900 discordiae
2607 2841 2786 2897 studia
2803 2840 2994 2904 didici,
3018 2836 3163 2891 nulla
3179 2832 3557 2890 certaminum
3589 2838 3918 2900 argumenta

2297 2936 2544 3007 qucesit'i.
2576 2935 2655 2989 'l‘u
2688 2944 2970 3003 postquam
3004 2945 3032 2983 a
3063 2929 3273 2997 reliquo
3300 2939 3546 2994 corpore
3592 2931 3920 2992 segregatus

2297 3046 2356 3085 es
2379 3039 2433 3084 et
2460 3044 2486 3081 a
2516 3036 2690 3082 matre
2708 3027 2948 3087 divisus;
2981 3033 3036 3077 ut
3065 3023 3330 3077 rationem
3352 3018 3486 3073 facti
3522 3017 3608 3071 tui
3633 3017 3918 3081 redderes,

2299 3134 2441 3178 totos
2473 3122 2738 3176 librorum
2763 3131 3014 3174 recessus
3042 3114 3298 3169 assiduus
3321 3120 3617 3166 scrutator
3652 3107 3884 3179 inquiris
3909 3123 3919 3156 :

2298 3217 2504 3271 occulta
2537 3229 2763 3286 quaeque
2789 3213 3049 3268 sollicitas
3077 3227 3090 3263 :
3120 3206 3378 3279 quidquid
3420 3205 3640 3261 exinde
3666 3217 3921 3260 securum

1557 3326 1702 3380 danti
1737 3341 1749 3376 :
1780 3337 1899 3392 quae
1938 3318 2071 3372 fides
2103 3329 2194 3368 vc-
2223 3311 2266 3371 C
2300 3320 2403 3377 est,
2430 3309 2719 3378 inquietas.
2742 3305 2923 3360 Nostri
2947 3303 3081 3359 nihil
3105 3302 3248 3356 ultro
3272 3301 3638 3369 disputavere
3660 3296 3920 3366 majores:

2300 3405 2447 3460 nuda
2469 3411 2553 3458 est
2578 3400 2718 3472 apud
2750 3415 2847 3454 nos
2896 3399 3008 3467 ipsa
3039 3397 3303 3452 securitas
3333 3410 3345 3446 :
3379 3392 3513 3462 quid
3569 3391 3832 3445 attuleris
3859 3387 3925 3442 de

2302 3508 2388 3553 tua
2416 3504 2576 3565 parte
2605 3491 2906 3548 munitum?
2931 3490 3042 3560 Ego
3070 3489 3257 3543 nescio
3271 3485 3398 3555 quid
3417 3483 3780 3538 Novatianus
3802 3495 3925 3550 ege-

2301 3592 2392 3658 rit,
2424 3590 2552 3660 quid
2585 3587 2824 3642 Novatus
2850 3583 3156 3647 admiserit,
3185 3579 3311 3650 quid
3365 3578 3676 3633 Evaristus
3707 3587 3924 3630 tumue-

2301 3683 2393 3744 rit,
2427 3681 2552 3752 quid
2583 3678 2921 3734 Nicostratus
2951 3671 3284 3729 nuntiaverit
3311 3687 3323 3722 :
3348 3683 3504 3723 arma
3562 3677 3754 3723 vestra
3800 3666 3924 3720 dum

2301 3773 2565 3844 despicio,
2597 3785 2703 3825 non
2725 3769 2848 3824 novi
2873 3783 2892 3833 ;
2919 3766 3043 3822 vide
3071 3764 3116 3820 si
3146 3778 3268 3819 eum
3294 3759 3497 3816 inermi
3522 3763 3772 3816 veritate
3799 3772 3926 3813 con-

2304 3867 2467 3937 fligis.
2499 3865 2893 3934 Exspectemus
2924 3869 3105 3913 tamen
3130 3854 3257 3926 qttid
3279 3853 3541 3923 objicias,
3573 3853 3712 3923 quid
3743 3853 3926 3922 loqua-

2305 3958 2399 4013 ris.
2427 3957 2718 4011 P0teratne
2768 3954 2851 4007 vel
2875 3950 3014 4005 nuda
3035 3948 3257 4012 veritas,
3297 3943 3710 3999 innocentiave
3761 3943 3926 4011 impe-

2305 4051 2407 4104 rita
2426 4045 2766 4102 subsistere?
2787 4041 3072 4112 Proponis,
3092 4048 3146 4094 et
3169 4044 3317 4093 recte
3344 4035 3601 4106 quidem,
3620 4033 3924 4088 Ecclesiam

2307 4157 2429 4199 esse
2459 4139 2718 4211 p0pttlum
2751 4152 2816 4192 ex
2848 4150 2986 4205 aqua
3012 4143 3066 4189 et
3090 4130 3294 4201 Spit-itu
3332 4138 3535 4183 sancto
3570 4135 3922 4186 renovatum,

2308 4239 2426 4294 sine
2457 4235 2745 4306 negatione
2793 4230 3028 4287 nominis
3057 4227 3280 4291 Christi,
3315 4224 3595 4294 templum
3622 4233 3682 4279 et
3709 4225 3923 4278 domum

2312 4332 2427 4397 Dei,
2476 4329 2765 4384 columnam
2796 4336 2841 4379 et
2868 4323 3272 4379 stabilimentunt
3319 4318 3559 4371 veritatis
3597 4317 3645 4387 (l
3674 4313 3816 4370 Tim.
3846 4328 3921 4376 ttt,

2311 4427 2423 4496 15),
2454 4423 2720 4495 virginem
2743 4430 2987 4476 sanctam
3013 4414 3336 4472 castissimis
3356 4413 3651 4477 sensibus,
3676 4421 3923 4480 Sponsam

2308 4517 2511 4574 Christi
2541 4533 2602 4571 ea:
2634 4515 2832 4571 ossibus
2881 4517 2994 4586 ejus
3023 4519 3069 4566 et
3101 4525 3253 4564 carne
3281 4505 3516 4577 (Ep/tes.
3571 4521 3630 4571 γ,
3663 4505 3782 4573 30),
3833 4517 3922 4554 non

2312 4613 2576 4666 habentem
2606 4609 2862 4665 maculam
2893 4620 3055 4676 neque
3108 4616 3291 4671 rugam
3325 4595 3374 4667 (1
3385 4595 3529 4661 bid.,
3552 4596 3678 4666 ‘27),
3728 4596 3922 4664 integra

2234 4702 2288 4762 D
2314 4703 2720 4774 evangeliorum
2743 4701 2863 4772 jura
2894 4703 3229 4755 servantem.
3261 4689 3396 4758 Quis
3419 4688 3530 4744 hoc
3558 4699 3813 4744 nostrum
3841 4701 3926 4740 ne-

2310 4802 2441 4872 gat?
2469 4799 2610 4867 Quin
2641 4797 2804 4850 etiam
2851 4791 3126 4853 addimus,
3183 4785 3496 4843 Ecclesiam
3529 4799 3664 4840 esse
3693 4783 3924 4852 reginam

2312 4895 2364 4947 in
2418 4903 2553 4947 veste
2599 4897 2783 4943 aurata
2809 4895 2858 4940 et
2888 4884 3147 4953 variegata
3178 4875 3355 4951 (Psul.
3408 4892 3572 4942 xuv,
3610 4877 3726 4947 10),
3764 4879 3924 4946 ferun-

2312 4988 2430 5040 dam
2455 4988 2605 5038 vitem
2633 4983 2686 5035 in
2717 4978 2956 5034 lateribus
2986 4978 3164 5029 domus
3187 4969 3601 5040 Dommi(Psal.
3631 4983 3834 5029 cxxvtt,
3853 4967 3922 5035 3);

2313 5080 2538 5134 Matrem
2585 5071 3098 5129 adolescentularum,
3149 5078 3365 5135 quorum
3419 5079 3532 5115 non
3589 5071 3669 5115 est
3699 5071 3922 5114 nummis

2320 5173 2470 5228 Cant.
2505 5185 2581 5234 νι,
2614 5167 2711 5233 7);
2744 5164 2914 5219 Unam
2939 5159 3222 5228 speciosam
3273 5153 3573 5207 columbam
3599 5153 3780 5207 matris
3804 5162 3920 5213 sint,

2322 5275 2472 5336 atque
2518 5264 2796 5334 perfectam
2819 5255 3009 5328 (Ibid,
3062 5253 3158 5322 is):
3188 5251 3362 5319 lps:tm
3395 5249 3658 5301 omnium
3710 5255 3921 5299 matrem

2322 5335 2634 5426 wdiﬁcatam
2666 5357 2716 5409 in
2741 5348 3087 5423 fundamentis
3121 5342 3509 5414 PrOphetarum
3567 5351 3619 5394 et
3664 5335 3923 5410 Apostolo-

2321 5473 2458 5516 rum.
2484 5463 2530 5507 et
2555 5452 2668 5523 ipso
2717 5445 2955 5520 angulari
3007 5439 3180 5512 lapide
3206 5436 3337 5490 Iesu
3365 5432 3588 5488 Christo
3622 5432 3839 5505 (Ephes.
3865 5442 3920 5487 tt,

2318 5551 2414 5619 20)
2440 5565 2454 5601 ε
2481 5547 2710 5601 Domum
2735 5553 2986 5610 magnam
3020 5547 3271 5588 vasorum
3327 5531 3584 5584 omnium
3617 5524 3923 5581 diversitate

2321 5638 2730 5706 locupletatam.

2394 5733 2480 5788 Ill.
2525 5730 2633 5788 Sed
2659 5730 2777 5784 haec
2807 5734 2990 5782 nostra
3024 5720 3324 5792 posterius;
3355 5715 3587 5770 interim
3626 5725 3712 5768 tua
3743 5711 3827 5767 illa
3853 5706 3921 5760 vi-

2395 5851 2422 5889 ι’
2468 5850 2843 5904 Philontenem.
2877 5844 3006 5910 ch.
3040 5838 3424 5910 Philumenam.
3459 5832 3570 5890 Til.

2383 5923 2406 5954 °
2454 5925 2497 5978 Α
2524 5923 2737 5978 Christi.
2775 5904 3035 5980 Subaudi,
3065 5913 3307 5966 adventu.
3333 5904 3410 5960 Id.
