3854 6390
155 412 299 473 1065

1566 415 1895 473 EPISTULA
1938 418 2022 474 III.

3304 428 3439 485 1066

149 526 400 581 deamus.
438 525 669 582 Ecclesia
699 540 770 581 est
792 526 1008 599 papulas
1034 543 1095 582 ea:
1118 545 1247 598 aqua
1268 541 1317 584 et
1350 530 1553 599 Spiritu
1568 542 1749 585 sancto
1774 538 1823 595 Α
1854 549 1959 588 non
2008 543 2065 588 ut
2110 546 2212 589 vos
2240 534 2373 588 estis
2401 534 2688 591 Novatiani
2715 576 2728 601 ,
2759 536 3005 607 quredam
3048 538 3287 597 insolens
3315 558 3444 611 por-

152 629 385 675 renatus.
412 621 545 691 Age.
580 621 716 686 Quis
767 621 969 677 fontem
1000 622 1092 676 Dei
1124 623 1357 676 clausit?
1408 622 1541 690 Quis
1575 623 1750 694 Spiri—

155 719 269 763 tum
328 713 554 783 rapuit?
608 711 749 778 Quin
805 714 968 767 immo
992 713 1134 782 apud
1168 729 1265 767 nos
1291 728 1428 782 aqua
1468 717 1585 767 viva
1641 724 1747 780 est,

153 801 273 872 ipsa
299 818 421 873 qua:
450 803 576 859 salit
605 818 634 857 a
662 802 877 859 Christo
908 822 921 857 :
948 814 1028 869 tu,
1057 820 1086 857 a
1114 805 1262 859 lonte
1303 814 1563 875 perpetuo
1591 820 1751 875 sepa-

157 905 333 957 ratus,
363 894 511 949 unde
557 898 885 964 generaris?
933 897 1169 965 Spiritus
1225 914 1441 969 quoque
1483 908 1752 952 sauctusa

156 989 446 1057 principali
500 998 671 1044 tuatre
724 1004 828 1044 non
878 990 1009 1044 abiit
1042 1008 1057 1044 :
1089 991 1156 1046 ad
1184 1002 1233 1046 te
1275 994 1415 1049 unde
1470 993 1757 1063 pervenit?

165 1084 272 1138 uisi
308 1088 446 1137 torte
472 1081 872 1139 discordantem
895 1092 1114 1139 secutus
1143 1096 1246 1149 est,
1282 1094 1358 1139 tot
1380 1086 1758 1141 sacerdotibus

161 1175 445 1230 derelictis
478 1189 582 1229 non
610 1188 928 1231 consecrata
962 1176 1091 1231 sede
1137 1187 1448 1243 contentus,
1491 1178 1751 1231 detritum

161 1267 345 1322 lacum
373 1264 665 1323 adulterini
693 1267 857 1322 l‘ontis
886 1266 1179 1324 adamavit.
1211 1269 1416 1323 Vcslrre
1439 1269 1584 1338 plebi
1618 1268 1761 1323 unde

158 1357 462 1429 Spiritum;
498 1376 659 1429 quam
686 1377 793 1414 non
820 1363 1106 1429 consignat
1127 1371 1318 1415 unctus
1333 1362 1629 1415 sacerdos?
1652 1360 1763 1417 Un-

161 1449 232 1505 de
262 1466 483 1519 aquam,
514 1468 634 1521 qua:
656 1468 684 1505 a
705 1455 930 1509 matrice
956 1454 1250 1507 discessit?
1278 1453 1429 1508 Unde
1458 1455 1761 1507 innovatio-

167 1560 320 1611 uem,
345 1561 465 1615 qua:
495 1546 763 1600 cunabula
796 1549 1060 1616 pronuba:
1085 1548 1233 1615 pacis
1258 1549 1485 1601 amisit?
1538 1547 1767 1601 Ecclesia

164 1650 240 1694 est
291 1642 513 1709 populus
556 1641 667 1693 sine
708 1642 976 1711 negatione
1026 1642 1245 1693 nominis
1277 1640 1512 1695 Christi:
1542 1643 1674 1695 nulli
1701 1657 1767 1695 ne

163 1732 311 1803 apud
343 1746 441 1785 nos
468 1730 839 1793 confessores.
874 1748 1016 1802 quos
1030 1742 1261 1797 catenae,
1283 1748 1422 1801 quos
1442 1734 1767 1803 ignes,quos

164 1824 332 1895 gladii
362 1825 771 1893 probaverunt?
803 1824 1001 1889 Fuere,
1053 1824 1285 1892 inquies,
1339 1824 1433 1879 sed
1484 1833 1770 1893 negatores

1854 628 2089 681 tiuucula
2140 626 2405 696 tuberque
2440 629 2752 694 collectum,
2786 639 2839 683 ct
2861 630 3071 697 reliquo
3098 645 3328 702 corpore
3353 650 3443 690 se-

1851 730 2118 789 paratum.
2162 719 2399 773 Ecclesia
2437 731 2509 772 est
2558 721 2808 791 templum
2836 720 2930 776 Dei
2958 739 2976 776 :
3009 724 3267 793 templum
3295 734 3446 781 certe

1853 812 2200 882 ampliﬁcum,
2230 811 2413 865 domus
2436 828 2640 883 magna,
2673 812 2879 867 habens
2898 814 3115 884 quidem
3147 831 3266 868 vasa
3292 832 3449 870 aurea

1856 913 1902 957 et
1931 915 2194 974 argentea,
2224 905 2312 959 sed
2355 913 2402 957 et
2426 905 2595 974 lignea
2624 916 2669 960 et
2698 906 2914 975 ﬁctilia,
2937 912 3174 976 quantum
3213 908 3265 961 in
3284 908 3447 962 hono-

1857 1008 1982 1060 rem,
2008 994 2178 1059 multa
2208 1009 2337 1050 vero
2388 995 2673 1065 magniﬁca
2709 997 2763 1051 in
2809 996 3137 1065 multiplices
3183 1013 3308 1053 usus
3338 1014 3453 1069 ‘va-

1860 1089 2062 1143 riorum
2085 1103 2307 1157 operum
2328 1088 2600 1144 destinata
2622 1090 2689 1159 (ll
2722 1089 2858 1145 Tim.
2884 1106 2945 1156 ιι,
2968 1090 3085 1161 20).
3116 1091 3349 1147 Ecclesia
3369 1102 3447 1147 est

1861 1180 2000 1249 virgo
2026 1188 2225 1245 sancta,
2256 1181 2559 1235 castissimis
2580 1182 2837 1248 sensibus,
2866 1199 3061 1251 sponsa
3086 1185 3296 1239 Christi.
3328 1184 3454 1240 Viro

1863 1288 1961 1341 go;
1984 1287 2167 1327 verum
2199 1282 2281 1328 est
2324 1292 2337 1327 :
2386 1274 2481 1330 sed
2514 1284 2568 1330 et
2599 1284 2792 1331 mater.
2838 1275 3081 1343 Sponsa;
3107 1279 3448 1333 manifestum

1864 1373 1979 1416 cst:
2014 1364 2106 1417 sed
2138 1374 2191 1419 et
2212 1380 2351 1419 uxor
2376 1377 2432 1421 et
2458 1367 2652 1436 conjux
2680 1368 2742 1420 de
2765 1369 2873 1420 viro
2905 1385 2996 1421 suo
3022 1379 3226 1437 sumpta
3258 1387 3273 1423 :
3298 1370 3445 1423 ideo-

1865 1471 1968 1525 que
1999 1473 2054 1509 os
2082 1458 2145 1509 de
2169 1459 2361 1510 ossibus
2393 1460 2529 1527 ejus,
2551 1469 2600 1513 et
2626 1476 2745 1513 caro
2774 1460 2840 1513 de
2882 1477 3034 1514 carnc
3056 1461 3213 1529 (Cen.
3247 1478 3302 1528 tt,
3330 1463 3447 1531 25).

1866 1548 1999 1603 Nam
2027 1549 2095 1601 de
2114 1550 2214 1603 hac
2241 1551 2408 1605 David
2428 1552 2558 1605 dixit
2595 1570 2607 1604 :
2638 1552 2781 1606 leor
2819 1564 2908 1606 tua
2936 1555 3068 1607 sicut
3098 1556 3206 1609 iitis
3232 1556 3453 1626 fecunda

1867 1642 1920 1693 in
1946 1643 2191 1695 lateribus
2213 1646 2392 1697 domus
2422 1655 2523 1697 tua:
2545 1661 2563 1697 :
2590 1646 2686 1712 ﬁlii
2709 1647 2787 1698 tui
2808 1648 2937 1700 sicut
2961 1647 3177 1701 nat-elice
3203 1650 3455 1703 olivarum

1867 1736 1921 1787 in
1948 1736 2165 1788 circuitu
2196 1748 2495 1792 menstztua:
2520 1737 2693 1808 (Paul.
2725 1755 2928 1805 cum,
2961 1742 3041 1811 '5).
3066 1742 3265 1797 Multus
3292 1746 3453 1812 igitur

1872 1827 1995 1881 huic
2046 1828 2240 1898 virgini
2271 1840 2456 1896 partus
2484 1840 2539 1885 et
2580 1832 2755 1899 proles
2808 1833 3115 1898 innumera,
3152 1850 3258 1903 qua
3312 1844 3459 1890 totus

172 1916 514 1987 recipiendo,
545 1917 847 1987 perierunt.
874 1917 1053 1971 Taceo
1082 1932 1173 1983 ne,
1207 1917 1322 1971 hmc
1362 1918 1579 1987 quidem
1608 1920 1774 1973 collc-
1801 1923 1850 1983 Β
1876 1920 2021 1974 orbis
2052 1920 2325 1989 impletur,
2356 1936 2461 1989 qua
2514 1922 2844 1978 circumﬂuis
2885 1939 3099 1993 semper
3157 1927 3459 1982 alvearibus

166 2011 293 2081 gio,
341 2010 486 2080 quod
536 2010 785 2065 libellum
816 2010 884 2065 de
910 2010 1261 2080 negatoribus
1287 2010 1372 2065 vel
1416 2011 1583 2082 lapsis
1638 2012 1775 2066 reci-

172 2100 391 2172 piendis
420 2100 751 2156 Novatiauus
801 2112 1003 2167 vester,
1047 2118 1169 2157 cum
1220 2104 1398 2159 adhuc
1449 2105 1501 2157 in
1534 2103 1779 2159 Ecclesia

174 2194 424 2262 degeret,
458 2202 512 2247 ct
540 2192 756 2262 scripsit
784 2205 839 2249 ct
885 2196 1055 2249 suasit
1084 2206 1139 2248 et
1184 2196 1346 2266 legit?
1390 2195 1635 2262 Interim,
1691 2198 1777 2251 cui

172 2287 513 2357 persuadere
537 2289 762 2355 poteris,
782 2290 924 2358 quod
952 2292 1116 2357 lapsis
1140 2290 1372 2357 receptis
1395 2292 1641 2346 Ecclesia
1664 2301 1775 2346 tota

173 2379 524 2435 conciderit?
550 2378 707 2447 Quod
730 2380 983 2434 admissis
1014 2381 1428 2450 pamitentibus,
1486 2382 1780 2438 admitten-

178 2472 317 2526 tium
346 2472 575 2541 populus
606 2482 835 2543 negator
853 2472 1082 2529 ellectus
1105 2476 1175 2529 sit
1197 2475 1219 2527 ?
1240 2474 1397 2541 Quod
1426 2475 1471 2529 si
1501 2485 1556 2530 et
1583 2477 1777 2531 remis-

173 2566 293 2619 sior
318 2565 475 2635 plebs
496 2565 675 2635 aliqua
702 2566 822 2631 luit,
858 2568 1020 2621 etiam
1054 2578 1269 2621 canem
1298 2583 1420 2637 quae
1452 2582 1558 2622 non
1586 2568 1781 2622 factum

182 2660 311 2727 cjus
342 2657 646 2725 probarint,
671 2657 768 2712 sed
799 2659 1253 2714 cOusuetudinem
1278 2668 1334 2715 et
1355 2673 1543 2729 pacem
1582 2670 1783 2715 secuta:

175 2750 311 2814 sint,
337 2748 705 2803 Christianum
735 2764 803 2804 ne
830 2765 1027 2804 nomen
1056 2752 1397 2805 amiserunt?
1424 2752 1627 2821 Accipe
1658 2753 1782 2807 Ilie-

181 2840 379 2895 rentia:
430 2855 617 2895 vocem
656 2840 769 2895 :In
819 2842 999 2895 diebus
1054 2842 1161 2897 illis
1211 2859 1314 2898 non
1372 2844 1568 2909 dicent,
1606 2842 1785 2899 Patres

182 2932 626 2987 manducarerunt
657 2950 807 2987 uvam
838 2937 1096 3001 acerbam,
1126 2945 1173 2989 et
1200 2935 1374 2990 dentes
1416 2936 1650 3004 ﬁliorum
1676 2946 1788 2991 stu-

181 3027 574 3096 puerunt:sed
632 3027 977 3095 unusquisque
1032 3028 1085 3080 in
1138 3044 1233 3082 suo
1284 3035 1495 3096 peccato
1544 3029 1788 3081 morietur

183 3118 406 3190 (Jerem.
438 3135 585 3185 xxxr,
610 3118 703 3187 29,
736 3121 849 3188 50).
894 3120 1003 3175 Nec
1044 3121 1186 3190 apud
1243 3121 1591 3177 Ezechielem
1643 3132 1789 3176 tacet

185 3210 459 3265 [Mutunus
495 3228 507 3263 :
538 3210 808 3278 Quomodo
838 3212 1013 3264 animo
1037 3214 1223 3284 patris,
1254 3214 1326 3266 ita
1355 3223 1401 3267 et
1451 3212 1626 3265 anima
1668 3214 1788 3281 ﬁlii,

1879 2015 2194 2084 populosum
2222 2016 2395 2071 fervet
2415 2030 2668 2072 examen.
2702 2016 2895 2087 Magna
2942 2019 2993 2071 in
3022 2018 3166 2073 ﬁlios
3188 2034 3313 2073 cura
3344 2034 3458 2073 ma-

1878 2106 1973 2159 tris
2000 2106 2172 2169 istius,
2196 2115 2251 2162 et
2279 2107 2462 2162 mollis
2491 2108 2716 2162 allectus
2748 2126 2761 2162 :
2798 2109 3135 2164 honorantur
3160 2110 3310 2173 boni,
3342 2126 3460 2165 eas-

1878 2200 2109 2270 tigantur
2138 2204 2380 2270 superbi,
2404 2212 2663 2257 curantur
2704 2205 2891 2273 mgroti
2925 2221 2936 2255 :
2968 2204 3149 2258 nullus
3185 2204 3342 2273 perit,
3368 2221 3462 2259 ne-

1879 2308 1968 2347 mo
1992 2294 2325 2361 despicitur:
2374 2296 2548 2348 securi
2595 2294 2733 2349 lctus
2772 2295 2877 2349 sub
2905 2295 3232 2364 indulgentia
3269 2300 3463 2351 matris

1882 2386 2195 2439 retinentur.
2235 2384 2465 2437 Ecclesia
2504 2397 2577 2438 est
2621 2400 2720 2437 non
2763 2386 2951 2437 habens
3000 2387 3256 2439 maculant
3302 2403 3461 2456 neque

1882 2496 2060 2549 rugam
2087 2478 2307 2545 (Ep/tes.
2341 2494 2391 2543 ν,
2414 2477 2508 2548 27)
2540 2495 2552 2529 :
2590 2476 2691 2531 hoc
2717 2486 2820 2540 est,
2851 2478 3085 2532 haereses
3110 2491 3213 2531 non
3234 2476 3460 2537 habens.

1883 2586 1988 2625 nou
2023 2569 2358 2633 Valentiuos,
2396 2585 2505 2621 non
2530 2568 2919 2644 Cataphrygas,
2955 2583 3061 2623 non
3106 2568 3454 2623 Novatianos.

1883 2662 1939 2716 In
1986 2662 2068 2716 his
2094 2671 2217 2716 sunt
2248 2660 2389 2716 enim
2436 2660 2657 2731 quidam
2696 2663 2846 2714 sinus
2879 2661 3140 2715 maculosi
3185 2671 3350 2730 atque
3373 2678 3465 2715 ru-

1883 2752 2023 2821 gosi,
2048 2752 2401 2819 pretiosarum
2432 2751 2662 2805 vestium
2679 2752 2962 2805 ornatibus
2996 2750 3314 2805 invidentes.
3346 2752 3463 2806 Cae-

1889 2853 2085 2906 terum,
2113 2852 2363 2910 peccator
2392 2851 2446 2897 et
2476 2842 2768 2910 paenitens,
2814 2858 2922 2895 non
2949 2853 3031 2895 est
3070 2842 3325 2896 Ecclesia!
3357 2859 3467 2895 ma-

1887 2936 2009 2990 cula
2029 2951 2043 2999 ;
2066 2935 2189 3004 quia
2218 2933 2244 2971 b
2271 2934 2524 3002 quamdiu
2552 2943 2758 3001 peccat,
2807 2942 2862 2986 et
2893 2949 3001 2986 non
3037 2933 3285 3001 pcenitet,
3319 2944 3468 2989 extra

1890 3028 2183 3083 Ecclesiam
2216 3028 2539 3080 constitutus
2564 3036 2664 3079 est.
2713 3025 2810 3079 Ubi
2853 3024 3055 3078 desinit
3082 3040 3329 3093 peccare,
3356 3026 3467 3093 jam

1889 3135 2053 3177 sanus
2080 3130 2183 3175 est.
2213 3119 2509 3173 llacreticus
2532 3133 2660 3172 vero
2685 3128 2881 3173 vestem
2916 3118 3145 3183 Domini,
3168 3119 3466 3172 Ecclesium

1892 3213 2113 3276 Chrisu,
2151 3213 2367 3274 scindit,
2399 3212 2694 3280 intercipit,
2724 3211 2897 3271 vitiat,
2928 3212 3151 3280 irrugat.
3174 3210 3301 3263 Cum
3328 3212 3470 3265 enim

187 3319 322 3357 mea:
388 3313 527 3355 sunt.
591 3301 953 3373 Unusquisque
1024 3305 1077 3357 in
1148 3321 1241 3358 suo
1294 3313 1500 3374 peccato
1548 3305 1793 3357 morietur
1822 3302 1866 3365 C
1897 3304 2190 3367 schismata,
2225 3305 2418 3374 iuquil,
2448 3314 2493 3356 et
2520 3304 2862 3357 contentiones
2889 3304 2942 3355 in
2973 3304 3111 3355 vobis
3148 3305 3271 3366 sint,
3306 3320 3472 3356 noun.-

186 3394 412 3464 (Ezech.
444 3410 598 3462 “tu,
632 3395 709 3465 4).
737 3394 869 3450 Item
898 3393 1041 3449 infra
1067 3413 1079 3448 :
1104 3394 1275 3449 Filius
1298 3414 1403 3452 non
1427 3397 1645 3466 accipiet
1666 3397 1799 3468 [aci-

187 3506 291 3545 nus
318 3489 502 3562 patris,
528 3506 690 3560 neque
732 3501 879 3559 pater
929 3490 1147 3559 accipiet
1177 3490 1379 3561 facinus
1411 3490 1509 3559 ﬁlii
1546 3489 1801 3544 :Justitia

188 3582 325 3650 iusti
342 3597 494 3651 super
520 3598 635 3635 eum
662 3581 759 3635 erit
792 3580 989 3651 (lbid.,
1017 3581 1133 3652 20).
1182 3582 1302 3651 Ipse
1352 3593 1409 3636 tu
1460 3582 1592 3637 illud
1647 3582 1803 3652 ponis

191 3673 510 3743 exemplum
541 3690 553 3727 :
586 3672 655 3727 Et
678 3673 721 3726 si
771 3675 967 3743 fuerint
1020 3686 1119 3727 tres
1152 3674 1205 3726 hi
1232 3675 1282 3727 in
1312 3674 1501 3741 medio,
1533 3673 1671 3741 Noe,
1703 3672 1802 3728 Job

192 3778 244 3821 et
303 3764 515 3833 Daniel,
561 3783 663 3820 non
708 3766 994 3820 liberabant
1024 3768 1163 3834 ﬁlios
1192 3782 1351 3836 neque
1371 3768 1508 3835 ﬁlias
1540 3784 1558 3821 :
1580 3769 1679 3838 ipsi
1703 3769 1801 3821 soli

192 3860 496 3915 salcierunt
520 3857 735 3929 (Ezech.
767 3874 880 3926 xtv,
911 3858 1025 3927 16).
1052 3859 1195 3915 Ecce
1224 3861 1359 3915 salvi
1405 3870 1532 3916 sunt
1579 3861 1681 3931 ipsi
1710 3860 1803 3931 qui

194 3954 255 4009 in
290 3950 473 4007 medio
502 3954 838 4022 peccantium
870 3954 1153 4008 constituti
1178 3962 1325 4021 sunt,
1357 3956 1451 4025 qui
1496 3956 1631 4010 alios
1672 3955 1807 4011 libe-

202 4063 338 4106 rare
363 4063 471 4103 non
502 4056 751 4118 possunt.
781 4046 866 4103 Tu
891 4056 1064 4103 totum
1098 4048 1285 4104 orbem
1337 4063 1635 4119 paucorum
1692 4049 1806 4104 vin-

198 4139 344 4197 Culis
372 4139 561 4211 alligas
591 4158 603 4194 :
636 4149 693 4195 tu
721 4149 890 4196 totam
944 4140 1245 4195 Ecclesiam
1300 4142 1511 4211 exiguae
1542 4142 1808 4211 portionis

199 4232 524 4289 inﬁrmitate
551 4232 904 4288 condemnas.
953 4232 1091 4299 Quid
1145 4231 1287 4301 apud
1316 4240 1369 4287 te
1393 4232 1565 4287 sancti
1597 4246 1804 4295 omnes,

202 4340 349 4397 quos
379 4322 618 4379 Novatus
647 4324 855 4389 erudit,
885 4338 1022 4393 quos
1051 4324 1339 4379 Evaristus
1361 4325 1696 4404 elegit,quos
1719 4322 1810 4377 Ni—

202 4426 482 4473 costratus
510 4414 718 4481 docuit,
743 4429 879 4485 quos
908 4414 1243 4471 Novatianus
1264 4415 1538 4471 instituit?
1578 4415 1661 4470 Tu
1708 4416 1812 4485 spi-

204 4526 315 4569 nas
342 4518 398 4565 et
421 4501 648 4564 tribulos
673 4508 955 4577 refugisti:
989 4518 1045 4562 tu
1069 4522 1176 4562 non
1209 4508 1379 4564 habes
1426 4510 1479 4564 in
1532 4518 1618 4563 tua
1660 4508 1811 4578 l’ruge

206 4603 419 4659 zizania
454 4620 466 4655 :
495 4601 592 4657 tibi
644 4601 754 4671 iam
809 4615 976 4671 grana
1034 4610 1258 4671 purgata
1308 4610 1477 4655 sunt:
1510 4600 1576 4655 ad
1611 4612 1662 4656 te
1690 4600 1809 4655 sine

1899 3400 2130 3453 carnales
2160 3399 2301 3463 estis,
2320 3410 2364 3451 et
2394 3398 2671 3451 secundum
2692 3397 2945 3449 hominem
2972 3396 3247 3449 antbulatis
3280 3398 3321 3464 (I
3350 3398 3469 3450 Cor.

1898 3505 1979 3556 ιιι,
2019 3490 2119 3559 5)?
2148 3490 2251 3545 Sed
2298 3497 2374 3553 et,
2401 3505 2563 3541 sermo
2611 3504 2783 3541 eorum
2811 3489 2958 3557 quasi
3011 3504 3190 3543 cancer
3220 3492 3375 3558 serpit
3404 3490 3475 3555 (II

1904 3582 2033 3637 Tim.
2066 3599 2121 3646 tt,
2168 3584 2258 3652 l7)
2299 3600 2311 3634 :
2361 3581 2473 3636 lucc
2514 3590 2596 3636 est
2640 3581 2841 3635 macula
2887 3581 3142 3644 unitatis,
3171 3581 3285 3635 luce
3316 3598 3470 3649 ruga.

1903 3674 2144 3744 Denique
2167 3674 2254 3729 ubi
2279 3690 2441 3742 super
2467 3674 2547 3727 his
2570 3673 2859 3741 Aposuilus
2888 3673 3123 3742 loquitur
3153 3692 3164 3727 :
3192 3673 3259 3727 de
3283 3689 3469 3729 arnore

1900 3766 2101 3821 Christi
2123 3775 2175 3820 et
2205 3766 2491 3821 dilectione
2520 3766 2948 3835 prOpOniLSiC-ttt
2979 3765 3233 3830 Christus,
3268 3765 3460 3833 inquit,

1903 3859 2080 3913 dilexit
2109 3857 2413 3923 Ecclesiam,
2441 3868 2487 3911 et
2516 3874 2567 3912 sc
2592 3858 2759 3925 ipsunt
2786 3857 2996 3909 tradidit
3022 3873 3115 3927 pro
3158 3874 3217 3909 ca
3247 3856 3403 3927 (ΕρΙρτ
3424 3878 3466 3911 s.

1904 3966 1960 4017 v,
1980 3952 2093 4021 25);
2126 3960 2181 4006 ut
2207 3951 2492 4007 hazreticos
2522 3958 2901 4015 summoreret,
2932 3951 3059 4019 quia
3092 3950 3317 4019 diligere
3364 3967 3468 4005 non

1906 4053 2193 4100 noverunt.
2220 4043 2507 4110 Craterum,
2529 4059 2624 4097 cur
2654 4042 2765 4096 lucc
2781 4043 2979 4096 misero
3007 4043 3324 4112 pmnitenti?
3345 4048 3469 4113 quia

1906 4146 1961 4191 et
1985 4151 2165 4190 amare
2188 4146 2335 4205 optat
2360 4145 2415 4191 et
2436 4136 2621 4189 amari.

1982 4228 2044 4282 V.
2075 4227 2303 4282 Ecclesia
2340 4239 2435 4294 est,
2468 4229 2660 4301 integra
2701 4228 3092 4298 Evangeliorum
3136 4234 3267 4302 jura
3307 4244 3474 4286 custn-

1908 4322 2075 4376 diens.
2104 4320 2313 4392 Integra
2343 4323 2526 4390 utique
2556 4321 2676 4390 quia
2711 4330 2838 4387 tota,
2863 4322 2983 4391 quia
3014 4322 3191 4391 plena.
3218 4322 3314 4379 Ubi
3340 4340 3471 4393 prte-

1910 4415 2075 4469 mium
2105 4413 2350 4470 ﬁdelibus
2372 4414 2553 4479 datur,
2587 4414 2671 4467 ubi
2704 4413 2913 4467 miseris
2957 4415 3207 4485 lacryman
3239 4432 3346 4470 non
3379 4433 3468 4473 nee

1910 4516 2128 4577 gantur,
2161 4507 2247 4561 ubi
2276 4516 2535 4561 curantur
2562 4506 2770 4575 aegroti,
2804 4505 2890 4559 tibi
2918 4504 3050 4559 nihil
3099 4506 3201 4560 sibi
3231 4508 3467 4563 vindicat

1912 4598 2148 4653 insolens
2178 4598 2377 4653 sanitas
2416 4607 2471 4652 et
2516 4596 2741 4668 superba
2766 4596 2998 4666 iustitia,
3024 4596 3115 4651 ubi
3141 4598 3372 4654 sollicita
3421 4602 3472 4655 in

207 4696 519 4753 ventilabro
542 4702 799 4765 purgator
827 4694 919 4750 ille
949 4703 1210 4749 venturus
1238 4701 1323 4749 est
1355 4692 1568 4764 (Matth.
1590 4708 1671 4762 Ill,
1700 4692 1812 4763 12):
1835 4684 1890 4746 D
1916 4690 2165 4745 omnibus
2193 4690 2425 4745 charitas
2473 4698 2797 4759 perseverat,
2829 4690 2997 4743 oninia
3050 4690 3283 4756 credens,
3308 4695 3480 4745 omnia

212 4802 272 4848 tu
307 4790 458 4844 solus
480 4803 543 4843 es
567 4788 821 4843 omnibus
848 4788 1034 4859 paleas
1058 4804 1165 4843 non
1199 4787 1462 4843 habebis?
1912 4799 2146 4855 sperans,
2179 4784 2347 4839 omnia
2395 4785 2644 4839 sustinens
2667 4784 2712 4856 (Ι
2740 4784 2853 4838 Cor.
2910 4799 3024 4849 xui,
3056 4783 3111 4852 7)
3154 4784 3305 4840 Unde
3344 4785 3473 4839 illud

290 4882 384 4937 IV.
415 4884 545 4950 Age,
570 4880 658 4937 dic
688 4881 893 4952 reliqua
946 4899 961 4935 :
995 4882 1231 4938 Ecclesia
1261 4893 1336 4937 est
1392 4900 1578 4953 corpus
1606 4881 1814 4938 Christi.
1918 4876 2161 4946 Apostoli
2195 4892 2210 4932 :
2246 4875 2371 4944 Quis
2398 4877 2627 4945 inﬁrmus
2647 4884 2739 4940 est,
2760 4884 2804 4929 et
2831 4890 2929 4927 non
2951 4890 3042 4945 ego
3080 4876 3328 4943 inﬁrmor.
3353 4876 3479 4941 Quis

212 4979 433 5049 corpus
479 4976 685 5046 utique,
718 4992 825 5030 non
874 4977 1179 5032 membrum
1228 4994 1243 5031 ς
1298 4992 1499 5048 corpus
1536 4977 1722 5033 maliis
1765 4977 1816 5031 in
1918 4968 2318 5033 scandalizatur,
2352 4978 2400 5022 et
2447 4984 2537 5039 ego
2562 4985 2659 5021 non
2684 4983 2802 5021 uror
2827 4965 2893 5038 (ΙῙ
2942 4964 3059 5020 Cor.
3089 4982 3165 5031 ιι,
3380 4968 3480 5024 Ubi

217 5086 392 5129 υηυιη
445 5068 689 5140 panibus
740 5068 1110 5139 membrisque
1166 5070 1463 5125 collectum
1493 5112 1509 5135 ,
1552 5070 1695 5125 sicut
1748 5070 1824 5124 ait
1920 5074 2089 5117 onera
2112 5076 2207 5117 sua
2238 5063 2463 5117 sustinet
2491 5069 2597 5115 tota
2626 5059 2929 5115 fraternitas
2976 5060 3339 5115 communiter
3388 5065 3484 5116 do-

219 5161 519 5235 Apostolus
548 5179 562 5216 :
588 5159 725 5215 Nam
774 5171 821 5215 et
874 5177 1065 5231 corpus
1094 5178 1195 5215 non
1223 5170 1295 5215 est
1323 5179 1485 5216 unum
1520 5162 1819 5227 membrum,
1924 5156 2062 5219 lens,
2094 5163 2269 5210 mutua
2323 5156 2518 5225 pietate
2572 5166 2781 5206 secura.
2820 5151 3009 5205 Cuncti
3042 5150 3269 5206 invicem
3324 5155 3487 5207 susti-

221 5256 319 5310 sed
339 5254 501 5308 multa
531 5252 576 5325 (I
600 5249 722 5308 Cor.
747 5268 842 5320 xu,
888 5252 1002 5323 14).
1034 5252 1178 5323 Ergo
1206 5252 1453 5307 Ecclesia
1493 5252 1712 5324 plenum
1741 5262 1824 5308 est
1928 5258 2120 5305 nentes
2152 5250 2203 5304 in
2255 5247 2561 5309 dilectione,
2607 5244 2728 5299 satis
2755 5255 2955 5314 agentes
2995 5260 3194 5298 seruare
3240 5246 3488 5300 unitatem

222 5358 449 5415 corpus,
474 5353 500 5381 ει
522 5353 576 5399 et
594 5358 792 5414 corpus
813 5353 869 5401 et
897 5343 1157 5408 solidum,
1180 5350 1238 5400 et
1258 5352 1373 5399 toto
1405 5344 1513 5415 iam
1551 5346 1683 5401 orbe
1720 5345 1825 5400 dil-
1929 5342 2156 5413 Spiritus
2181 5342 2234 5396 in
2258 5338 2605 5411 conjunctione
2631 5337 2767 5407 pacis
2794 5332 3009 5405 (Ephes.
3040 5350 3112 5402 tv,
3131 5335 3209 5406 3).
3244 5335 3359 5391 Hoc
3386 5339 3490 5391 erit

227 5438 435 5494 lusum.
459 5437 607 5494 Sicut
628 5436 838 5504 civitas,
868 5436 1112 5509 inquam,
1144 5436 1304 5508 cujus
1334 5446 1517 5509 partes
1554 5438 1607 5493 in
1634 5454 1821 5505 unum;
1931 5434 2197 5500 Ecclesia,
2225 5430 2613 5503 Symproniane
2652 5428 2847 5492 frater;
2878 5428 2979 5483 hoc
3007 5428 3113 5483 erit
3160 5430 3386 5499 ρορυιυε
3424 5446 3493 5486 ει

308 5637 335 5665 ει
378 5626 445 5699 Et
474 5642 658 5699 corpus
684 5636 732 5681 et
758 5625 1405 5682 solidum.Existimarim
1455 5625 1705 5698 equidem
1742 5634 1838 5699 aut

231 5697 529 5758 delendam
566 5697 940 5768 posteriorem
998 5700 1440 5768 coniunctionem
1462 5738 1479 5765 ,
1514 5697 1622 5753 aut
1656 5698 1837 5767 potius

234 5771 451 5899 filiabus
473 5769 749 5839 prioribus
771 5769 983 5825 voculis
1006 5771 1318 5841 expuuctis,
1346 5769 1637 5842 legendum
1670 5780 1719 5825 et
1749 5786 1838 5825 so-

266 5863 281 5899 ι
329 5856 434 5896 um.

266 5856 434 5899 idum.

316 5913 345 5954 ιι
396 5910 659 5981 Quamdiu
679 5922 849 5980 peccat
878 5913 1189 5971 constitutus
1216 5923 1315 5971 est.
1365 5912 1544 5972 Locus
1569 5910 1787 5969 videtur
1814 5927 1842 5966 a

611 6004 885 6067 Panos.
934 6005 1113 6069 XIII.
2996 5987 3072 6049 ³⁸

1938 5621 2234 5678 Novatiano
2255 5626 2550 5693 corruptus
2582 5633 2596 5670 :
2630 5613 2729 5693 nisi
2757 5612 3259 5693 l'orte_loqua_tur‘d_e
3301 5630 3493 5693 ρεςω-

1942 5694 2151 5750 toribus
2180 5695 2231 5747 in
2254 5682 2503 5762 haeresim
2532 5688 2720 5762 lapsis1
2742 5694 2797 5739 ut
2832 5682 3116 5762 adnotavit
3141 5682 3498 5743 Bellarminus

1943 5764 2039 5820 lib.
2084 5782 2142 5822 ιιι
2170 5764 2231 5817 de
2268 5759 2499 5814 Ecclesia
2525 5754 2644 5829 cap.
2694 5757 2748 5821 9,
2779 5754 2846 5810 ad
2895 5755 3184 5823 septimum
3211 5772 3496 5826 πειιωεη.

1945 5846 2082 5893 tum.
2114 5838 2359 5893 BBASICB.
