4200 6412
562 435 702 492 1067

1940 405 2191 469 SANCTI
2231 401 2513 462 PACIANI

3728 397 3845 455 1068

558 564 695 621 aqua
720 555 773 603 et
794 543 995 616 Spiritu
1018 546 1205 596 sancto
1230 542 1452 593 renatus
1473 532 1526 587 in
1549 529 1791 587 Christo.
1812 525 2030 591 Nescio,
2064 522 2163 587 ais,
2198 517 2250 580 Α
2278 518 2354 574 lio
2376 514 2641 573 contlaret
2678 511 2960 569 invidiam.
3005 510 3109 565 Dat
3146 521 3339 565 eorum
3380 504 3644 578 epistolas
3672 508 3735 563 ad
3757 508 3852 566 No-

559 616 627 698 an
657 640 857 697 remitti
911 642 1195 706 peccatum
1226 631 1295 685 ab
1330 627 1603 699 episcopis
1636 622 1829 694 possit,
1861 633 1983 675 cum
2013 616 2167 672 dixe-

562 739 631 791 rit
666 734 925 789 Dominus
950 749 968 785 :
1002 728 1107 795 Qui
1134 743 1213 781 me
1240 722 1504 795 negaverit
1526 734 1702 773 coram
1730 713 2048 778 hominibus,
2071 725 2163 764 ne-

563 831 695 902 gabo
727 844 840 882 eum
862 841 1033 881 coram
1079 822 1238 877 Patre
1259 835 1370 874 meo
1404 816 1496 887 qui
1521 817 1574 869 in
1596 810 1738 868 ralis
1767 821 1841 864 est
1867 804 2089 880 (Matth.
2112 818 2164 870 tt,

560 896 675 992 33).
702 922 812 976 Cur
845 919 1008 988 igitur
1054 914 1396 970 Novatianus
1450 918 1578 964 tuus
1603 948 1618 972 ,
1653 920 1721 960 ne
1763 901 1903 956 falso
1945 896 2165 969 quidem

558 1013 735 1069 adhuc
765 1011 1083 1082 episcOpatu
1116 1004 1399 1067 sacerdos,
1435 1001 1602 1071 longe
1624 1005 1931 1064 antequam
1956 992 2165 1046 Corne-

564 1108 671 1162 lius
702 1081 889 1160 Rontae
940 1103 1233 1172 episcopus
1266 1096 1452 1158 fleret,
1485 1100 1614 1147 ante
1644 1102 1806 1161 quam
1861 1081 2171 1172 sacerdotio

559 1199 708 1255 illius
769 1171 1063 1258 invideret,
1094 1195 1213 1246 tunc
1242 1188 1449 1245 suasit?
1479 1184 1662 1240 Habes
1701 1176 1969 1251 Cypriani
2016 1171 2171 1228 testi-

563 1292 809 1350 monium
838 1306 851 1355 ;
882 1286 1141 1359 Cypriani
1187 1298 1351 1355 quem
1384 1294 1485 1335 nec
1517 1290 1615 1331 vos
1658 1285 1914 1343 umquam
1937 1267 2168 1323 infama-

562 1402 626 1443 re
656 1383 931 1456 potuistis.
966 1380 1099 1435 Nam
1142 1376 1381 1448 quodam
1410 1373 1463 1427 itt
1502 1370 1644 1432 loco,
1689 1365 1755 1421 ad
1802 1360 2169 1419 Antoniauum

562 1453 672 1538 hoc
702 1477 865 1535 modo
887 1473 1151 1544 scripsit:
1198 1478 1224 1507 ⁸
1253 1468 1503 1524 Additum
1545 1473 1619 1519 est
1671 1461 1825 1515 etiam
1877 1453 2173 1509 Noratiano

563 1586 684 1629 tunc
726 1571 1007 1634 scribente;
1040 1578 1085 1621 et
1108 1565 1245 1637 quod
1290 1562 1592 1631 scripserat,
1617 1572 1710 1609 sua
1736 1566 1858 1607 toce
1903 1549 2173 1609 recitante;

560 1678 607 1724 et
654 1665 860 1736 Moyse,
891 1662 1013 1715 tunc
1040 1662 1335 1730 confessoris
1356 1669 1494 1708 nunc
1522 1652 1639 1722 jam
1662 1657 1893 1718 martyre
1950 1639 2174 1698 subscri-

563 1734 825 1825 bente;—ut
865 1756 1030 1827 lapsis
1052 1752 1275 1823 inﬁrmis
1293 1759 1341 1805 et
1372 1750 1425 1803 in
1458 1748 1600 1801 exitu
1631 1740 1921 1798 constitutis
1945 1753 2047 1807 paa:
2075 1734 2172 1787 da-

561 1865 706 1911 retur
733 1870 749 1907 :
776 1866 892 1923 qua
912 1850 1101 1903 littera:
1126 1863 1217 1918 per
1238 1855 1400 1901 totum
1426 1839 1678 1894 mundum
1699 1837 1870 1889 missa
1890 1841 2026 1895 sunt,
2053 1836 2099 1884 et
2120 1827 2174 1880 in

2272 611 2569 665 vatianum.
2600 606 2698 662 Ille
2748 621 2815 661 ex
2866 603 3194 660 auctoritate
3222 600 3603 672 epistolarum,
3647 600 3852 657 sedente

2268 704 2380 774 jam
2410 704 2598 759 Romae
2618 700 3210 772 episc0p0,adversum
3245 695 3326 751 fas
3354 693 3646 751 sacerdotii
3683 696 3860 764 singu-

2273 796 2423 863 laris,
2457 796 2683 852 alterius
2712 792 2960 862 episc0pi
2993 790 3096 847 sibi
3125 803 3330 843 nomen
3361 786 3589 843 assumit
3620 805 3632 841 :
3662 784 3859 843 Corne-

2270 888 2403 943 lium
2428 888 2597 959 lapsis
2622 883 3063 942 communicasse
3089 882 3265 951 arguit
3301 900 3312 934 :
3356 894 3418 936 se
3456 878 3695 935 vindicat
3718 880 3870 935 inno-

2272 990 2507 1038 centem.
2531 980 2735 1036 Contra
2756 976 3053 1032 ltuncmilti
3079 972 3357 1030 reddenda
3380 972 3520 1029 ratio
3549 980 3651 1039 est,
3681 980 3867 1028 contra

2276 1078 2421 1133 hunc
2442 1073 2770 1133 asserendus
2793 1072 2991 1143 pudor,
3028 1080 3217 1125 contra
3245 1067 3393 1122 hunc
3422 1069 3529 1123 vlta
3578 1065 3872 1139 purganda.

2349 1170 2461 1227 VII.
2511 1171 2619 1227 Sed
2644 1179 2700 1224 et
2741 1182 2859 1233 vos,
2920 1166 3157 1236 inquies,
3183 1162 3430 1233 episcopi
3459 1163 3584 1219 talia
3628 1178 3731 1218 cur
3759 1176 3877 1233 pro—

2274 1264 2455 1321 batis?
2504 1264 2664 1318 Dicat
2706 1260 2808 1315 ltoc
2860 1261 3048 1315 alius:
3100 1261 3158 1313 tu
3215 1255 3571 1312 Novatlanum
3624 1256 3879 1312 defende.

2276 1355 2669 1412 Inettcnsabilis
2691 1352 2943 1407 videatur
2992 1351 3109 1406 tunc
3139 1347 3356 1405 cteteris
3384 1356 3571 1415 causa,
3615 1348 3716 1403 tibi
3760 1349 3885 1403 licet

2275 1459 2425 1522 grata
2457 1452 2547 1505 sit.
2580 1447 2700 1502 Tibi
2733 1448 3000 1501 innocens
3029 1445 3122 1509 sit,
3176 1442 3425 1514 quisquis
3455 1449 3541 1497 est
3573 1456 3673 1513 pro
3709 1452 3763 1498 te
3793 1457 3887 1496 no:

2275 1558 2425 1599 cens.
2454 1541 2533 1597 Ne
2572 1540 2923 1595 accusaveris
2954 1538 3118 1593 alium
3147 1552 3214 1590 eo
3247 1535 3500 1602 crimine,
3531 1548 3639 1606 quo
3689 1544 3748 1589 ttt
3782 1548 3884 1588 non

2280 1645 2434 1706 potes
2461 1635 2708 1690 liberari.
2732 1634 2871 1704 Age,
2900 1624 3219 1703 j‘am'totum
3247 1628 3511 1700 pudorem
3546 1642 3645 1684 nos
3675 1628 3890 1699 episco-

2278 1730 2330 1798 pi
2358 1727 2677 1792 debeamus,
2733 1724 2859 1795 quia
2912 1732 2967 1779 et
3019 1721 3395 1793 apostolorum
3430 1735 3627 1776 nomen
3676 1719 3890 1790 accepi-

2280 1836 2425 1886 mus,
2458 1820 2584 1891 quia
2640 1817 2847 1875 Christi
2903 1813 3274 1885 appellatiOtte
3320 1812 3621 1885 signantur.
3674 1810 3891 1882 Negan-

563 1904 805 2003 notitianl
831 1944 1062 2000 ecclesiis
1088 1940 1325 1995 omnibus
1348 1937 1563 2007 perlata:
1586 1941 1723 1989 sunt.
1748 1926 1885 1998 Quid
1906 1929 2008 1985 als.
2025 1924 2182 1996 Sym-

2293 1926 2427 1981 tem,
2485 1915 2687 1984 inquis,
2739 1910 3004 1966 Dominus
3062 1918 3267 1979 negat:
3301 1916 3384 1973 tu,
3429 1914 3725 1977 negantem
3767 1904 3891 1959 nolo

562 2042 833 2114 proniane
857 2036 1024 2093 frater
1050 2036 1073 2089 ?
1104 2033 1439 2089 Novatianus
1467 2028 1585 2083 haec
1624 2024 1865 2095 scripsit,
1890 2031 1947 2075 et
1986 2027 2044 2072 ιιι
2078 2016 2173 2072 ob-

564 2109 820 2205 sequium
851 2144 1015 2185 mera:
1046 2124 1340 2181 voluntatis
1388 2121 1729 2191 adjungeret,
1759 2114 1925 2169 etiam
1968 2109 2172 2178 scripta

562 2202 839 2283 recitavit.
872 2222 1052 2277 Testis
1074 2228 1160 2276 est
1188 2219 1309 2287 ejus
1338 2215 1588 2276 dextera,
1615 2207 1770 2265 testis
1790 2221 1911 2279 quze
1935 2202 2172 2273 scripsit,

563 2332 780 2377 manus:
806 2316 963 2371 testis
1010 2315 1217 2383 lingua,
1247 2324 1369 2380 quae
1422 2307 1575 2377 legit.
1614 2304 1808 2359 Adhuc
1857 2297 2173 2361 Cornelius,

564 2426 670 2483 pro
692 2424 803 2481 quo
834 2406 1016 2462 omnis
1045 2405 1163 2459 haec
1185 2412 1365 2457 vestra
1399 2398 1583 2468 erupit
1614 2394 1815 2450 invidia
1843 2435 1857 2458 ,
1886 2392 2177 2461 episcopus

569 2518 678 2560 non
731 2511 867 2557 erat.
914 2499 1099 2569 Longe
1131 2494 1405 2567 posterius
1432 2506 1554 2547 cunt
1598 2487 1845 2558 plurimis
1893 2483 2179 2551 coepisco-

571 2598 679 2667 pis,
714 2610 836 2650 cum
872 2591 1127 2661 plurimis
1174 2585 1604 2645 confessoribus,
1637 2581 1928 2648 statimque
1969 2584 2179 2644 marty-

564 2693 741 2757 ribus,
775 2704 834 2743 ut
862 2686 1007 2741 idem
1064 2683 1373 2754 Cyprianus
1415 2677 1628 2743 scribit,
1660 2683 1918 2727 assensus
1947 2678 2032 2724 est
2089 2682 2178 2722 se-

568 2800 699 2841 num
724 2779 987 2841 consilio,
1015 2778 1185 2831 licere
1212 2774 1342 2829 dare
1387 2784 1596 2842 pacem.
1632 2766 1687 2823 Si
1716 2763 2057 2835 pauiu-mite
2085 2774 2177 2815 ne-

570 2875 781 2948 gandus
814 2883 899 2928 est
955 2870 1159 2934 aditus,
1212 2865 1542 2921 Novatiantts
1589 2863 1641 2915 iu
1688 2859 1922 2913 crimine
1961 2852 2182 2922 cst,qui

570 2971 693 3026 hmc
738 2967 983 3039 scripsit,
1012 2965 1190 3021 suasit
1223 2972 1278 3017 et
1304 2960 1451 3030 legit.
1481 2957 1584 3013 Ubi
1632 2964 1762 3010 tunc
1792 2952 2082 3021 impatiens
2112 2948 2183 3001 ri—

570 3066 715 3138 gor?
762 3064 850 3117 tibi
900 3061 1051 3127 ferox
1085 3059 1174 3113 illa
1198 3053 1469 3111 censura?
1519 3051 1574 3107 Si
1606 3064 1767 3104 nemo
1791 3046 1945 3100 vobis
1976 3040 2181 3099 Corne-

566 3162 700 3215 lium
724 3156 1076 3228 praetulisset,
1108 3160 1356 3206 maneret
1406 3147 1499 3201 illa
1544 3143 1838 3199 set-ihentis
1862 3139 2178 3195 auctoritas.

573 3254 732 3311 Nunc
784 3250 1043 3319 displicet
1076 3259 1185 3302 tota
1218 3242 1513 3304 sententia,
1543 3256 1687 3295 nunc
1743 3238 1794 3292 itt
1826 3254 1926 3292 nos
1967 3237 2073 3291 tela
2104 3234 2184 3305 ja-

2277 2008 2526 2065 fatearis.
2553 2005 2689 2074 Quis
2713 2018 2837 2061 eum
2863 2012 3154 2072 negantetn
3185 1998 3526 2055 conﬁtetur?
3556 1996 3649 2069 qui
3682 1996 3750 2052 ad
3778 2009 3890 2068 pte-

2278 2102 2563 2166 niteptiam
2611 2098 2775 2170 cogit,
2812 2096 3087 2168 objurgat,
3142 2094 3356 2151 crimen
3393 2090 3658 2158 ostendit,
3695 2092 3885 2147 vulne-

2276 2210 2336 2251 ra
2389 2195 2582 2264 aperit,
2646 2190 2914 2263 supplicia
2964 2198 3166 2244 mtcrna
3217 2196 3635 2252 commemorat,
3670 2186 3885 2241 interitu

2277 2293 2462 2344 carnis
2483 2284 2786 2343 emendat?
2815 2284 2929 2339 lloe
2954 2284 3224 2353 castigare
3280 2290 3387 2345 est,
3433 2294 3539 2335 non
3583 2278 3766 2334 fateri.
3800 2278 3885 2332 Ait

2283 2380 2441 2437 nobis
2488 2379 2754 2434 Dominus
2788 2394 2801 2430 :
2852 2375 2960 2430 Vos
2988 2376 3107 2431 estis
3134 2374 3213 2428 sal
3244 2384 3396 2428 terra:
3429 2371 3647 2443 (Matth.
3684 2386 3736 2433 ν.
3776 2368 3877 2439 13).

2282 2475 2454 2531 Recte
2506 2488 2638 2543 ergo
2672 2482 2694 2510 ο
2718 2470 2948 2527 salintus
3001 2469 3103 2521 ista
3133 2462 3388 2531 dicendo,
3418 2473 3523 2519 nec
3550 2462 3617 2518 ad
3661 2461 3879 2517 nihilum

2283 2565 2489 2621 valebit
2512 2560 2758 2633 quisquis
2788 2558 3046 2614 audierit.
3080 2557 3247 2613 Vides
3272 2571 3380 2611 non
3405 2555 3712 2627 proculcari
3735 2570 3763 2607 a
3792 2568 3880 2609 no-

2282 2660 2370 2715 bis
2402 2657 2732 2713 sententiam
2776 2652 3019 2718 Domini,
3042 2649 3139 2707 sed
3176 2650 3396 2721 probari
3424 2665 3438 2715 ;
3471 2662 3582 2704 non
3615 2649 3769 2718 abjici
3802 2662 3877 2702 se-

2284 2751 2591 2809 veritatem.
2617 2746 2714 2802 sed
2738 2745 3077 2800 voluntatem
3095 2743 3217 2813 ejus
3240 2741 3463 2812 aperiri.
3488 2740 3596 2797 Sed
3629 2740 3877 2811 paeniten-

2285 2843 2347 2911 ti,
2379 2844 2616 2913 inquies,
2640 2848 2866 2910 peccata
2895 2836 3125 2893 dimittis
3156 2850 3319 2903 ;cunt
3366 2846 3580 2890 tantum
3604 2836 3658 2888 in
3690 2834 3873 2902 baptis-

2286 2946 2431 2989 mate
2461 2934 2555 2988 tibi
2586 2934 2747 2986 liccat
2778 2932 3026 2987 relaxare
3058 2934 3365 2998 peccatum.
3394 2926 3514 2980 Non
3548 2924 3679 2980 mihi
3704 2925 3870 2996 plane,

2285 3028 2378 3083 sed
2406 3028 2519 3081 Deo
2543 3026 2668 3092 soli,
2696 3024 2785 3093 qui
2810 3032 2864 3077 et
2886 3023 2938 3076 in
2963 3021 3290 3090 baptismate
3310 3018 3478 3073 donat
3497 3016 3807 3081 admissum,
3825 3025 3872 3069 et

2287 3120 2671 3192 ptenitentium
2706 3116 2979 3187 lacrymas
3024 3128 3131 3168 non
3162 3112 3405 3182 repellit.
3433 3109 3701 3168 Cmterum
3747 3107 3871 3181 quod

2287 3228 2390 3283 ego
2414 3214 2576 3277 facio,
2606 3210 2658 3265 id
2692 3224 2802 3263 nott
2837 3221 2960 3262 meo
2983 3206 3129 3277 jure,
3160 3206 3255 3260 sed
3288 3204 3509 3259 Domini
3544 3221 3557 3257 :
3592 3202 3687 3258 Dei
3714 3217 3871 3258 sumus

573 3297 732 3311 ..νην
786 3297 1043 3319 ...-,...---
1080 3297 1185 3302 ---_
1220 3297 1225 3299 .
1356 3297 1367 3299 ἡ
1502 3297 1512 3304 ,
2104 3297 2118 3305 _

571 3348 796 3405 ciuntnr
816 3385 830 3409 ,
868 3342 950 3396 Itis
980 3342 1115 3409 ipsis
1141 3332 1689 3393 suhtnittistratttibus
1718 3344 1948 3400 quorum
1995 3332 2181 3381 aucto-

2290 3313 2578 3381 adjutores,
2609 3306 2811 3375 inquit,
2850 3303 2941 3356 Dei
2970 3302 3249 3371 a'diﬁcatio
3274 3310 3348 3356 est
3372 3298 3413 3373 (I
3454 3298 3578 3356 Cor.
3610 3316 3685 3366 III,
3712 3300 3787 3369 9).
3816 3297 3872 3353 Et

573 3441 741 3496 ritate
763 3435 1041 3490 convaluit
1081 3444 1244 3484 causa
1279 3428 1533 3481 telorum.

654 3529 741 3584 VI.
774 3528 845 3583 At
878 3528 929 3580 itt
984 3525 1122 3577 hanc
1173 3525 1345 3589 ipsam
1376 3515 1650 3579 hieresim,
1692 3510 1975 3567 Novatiani
2006 3522 2181 3580 quau-

575 3624 647 3680 do
671 3621 700 3660 b
733 3616 1061 3689 ceperunt?
1120 3614 1337 3674 Audite,
1368 3623 1583 3677 quaeso.
1636 3618 1690 3661 et
1739 3616 1907 3660 totum
1938 3604 2183 3657 ordinem

576 3716 745 3772 vestri
802 3711 1010 3768 erroris
1053 3708 1346 3762 advertite.
1398 3701 1690 3756 Cornelius
1715 3700 1822 3770 jam
1857 3698 2043 3752 Roma:
2074 3696 2189 3765 epi-

578 3824 779 3881 scopus
819 3824 846 3861 a
880 3804 1117 3860 sedecim
1157 3798 1430 3871 episcopis
1478 3797 1670 3860 factus,
1709 3794 1883 3849 locum
1911 3791 2187 3847 cathedrae

581 3901 832 3957 vacantis
861 3904 1169 3963 acceperat,
1205 3894 1336 3947 etin
1397 3891 1487 3943 illa
1521 3903 1623 3958 qua
1679 3888 1779 3940 l‘uit
1804 3886 2067 3956 prm'dittts
2097 3897 2187 3939 c.1-

588 3992 848 4048 stimonia
880 3988 1153 4059 virginali,
1185 3984 1410 4040 crebras
1440 3980 1851 4052 persecutiones
1886 3981 2003 4032 irati
2038 3978 2192 4048 prin—

587 4088 727 4158 cipis
758 4083 1090 4141 sustinebat.
1143 4078 1281 4135 Tum
1316 4077 1461 4131 forte
1492 4074 1713 4147 quidam
1768 4073 2053 4144 presbyter
2090 4071 2198 4127 Ne-

586 4188 747 4234 vatus
773 4193 837 4233 ex
871 4174 1077 4238 Africa,
1112 4170 1375 4226 fraudatis
1428 4170 1479 4223 in
1536 4164 1973 4236 Carthaginiensi
2020 4165 2195 4219 eccle-

591 4278 671 4331 sia
704 4272 901 4334 viduis,
934 4268 1182 4339 spoliatis
1208 4265 1449 4336 pupillis,
1476 4263 1703 4333 pecunia
1752 4262 1998 4317 ecclesiae
2032 4260 2197 4316 dene-

590 4376 739 4437 gata,
786 4366 1031 4434 projeCto
1060 4369 1221 4416 extra
1254 4359 1472 4413 domum
1523 4364 1702 4426 patre,
1739 4366 1793 4411 et
1821 4356 2011 4412 eodem
2054 4355 2197 4410 fame

596 4470 815 4516 mortuo
842 4473 940 4513 nec
963 4457 1201 4525 sepulto,
1222 4454 1415 4508 uxoris
1444 4451 1685 4521 gravidae
1712 4460 1868 4505 utero
1902 4450 2051 4505 calce
2080 4466 2202 4519 per-

594 4566 757 4609 cusso
810 4560 1075 4621 partuque
1102 4548 1222 4619 ejus
1246 4544 1446 4610 effuso,
1480 4543 1706 4598 Romam
1738 4544 1905 4597 venit.
1970 4543 2038 4597 Et
2077 4556 2198 4597 cum

594 4647 737 4718 apud
768 4645 1176 4714 Carthaginem,
1206 4640 1525 4712 urgentibus
1559 4639 1612 4693 in
1645 4639 1880 4694 ecclesia
1910 4636 2195 4703 fratribus,

2286 3406 2485 3459 iterum
2514 3414 2532 3454 ':
2565 3401 2673 3472 Ego
2707 3398 2938 3467 pluntavi
2962 3438 2975 3463 ,
3016 3396 3201 3467 Apollo
3242 3396 3498 3467 irrigat'it,
3528 3395 3616 3450 sed
3646 3393 3779 3449 Deus
3804 3395 3871 3448 in-

2287 3513 2601 3559 crementum
2629 3500 2767 3554 dedit
2798 3515 2817 3553 .·
2861 3498 3002 3569 Ergo
3036 3513 3196 3567 neque
3224 3498 3312 3567 qui
3341 3497 3539 3566 plantat
3566 3503 3635 3551 est
3670 3491 3866 3563 aliquid,

2290 3615 2451 3669 neque
2480 3599 2567 3667 qui
2588 3598 2720 3667 rigat
2741 3615 2757 3661 ;
2782 3596 2871 3650 sed
2896 3596 2985 3666 qui
3010 3595 3384 3648 incrementum
3411 3593 3522 3659 dat,
3568 3589 3702 3646 Deus
3725 3586 3872 3659 (lbid.

2291 3691 2346 3758 6,
2382 3694 2457 3762 7).
2492 3692 2672 3759 Quare
2696 3691 2811 3744 sive
2855 3690 3224 3760 baptizamus,
3266 3696 3381 3741 Sive
3410 3684 3475 3739 ad
3524 3682 3871 3755 ptenitentiam

2292 3786 2580 3854 cogimus,
2640 3798 2737 3840 seu
2810 3784 3029 3837 veniam
3099 3780 3500 3852 ptettitentibus
3554 3778 3869 3836 relaxantus;

2293 3883 2515 3940 Christo
2540 3884 2591 3940 id
2616 3892 2842 3939 auctore
2876 3892 3198 3938 tractamus.
3227 3879 3348 3935 Tibi
3384 3874 3674 3935 videndum
3702 3886 3798 3939 est,
3819 3889 3873 3926 an

2296 3977 2550 4033 Christus
2578 3977 2685 4032 hoc
2712 3976 2907 4046 possit,
2942 3990 3009 4030 an
3035 3973 3291 4030 Christus
3314 3973 3418 4028 hoc
3450 3972 3659 4027 fecerit.

2373 4071 2507 4127 Vlll.
2542 4068 2599 4128 Si
2649 4070 3049 4143 paenitentibus
3092 4061 3347 4125 remissio
3390 4079 3735 4139 peccatorum
3776 4060 3875 4117 dati

2304 4169 2504 4238 potuit,
2532 4169 2633 4232 ais,
2667 4168 2937 4236 baptisma
2968 4183 3075 4220 ttott
3104 4165 3202 4220 fuit
3231 4164 3630 4220 necessarium.
3652 4155 3877 4216 Insulsis-

2302 4262 2439 4317 sima
2490 4256 2834 4334 comparatio
2884 4264 2897 4317 l
2936 4261 3250 4332 Baptis‘mus
3281 4261 3431 4316 enim
3458 4302 3472 4326 ,
3503 4264 3877 4316 sacramentum

2302 4365 2384 4410 est
2414 4355 2705 4410 dominica:
2732 4353 3008 4425 passionis
3040 4370 3052 4406 :
3086 4353 3474 4425 ptenitentium
3531 4352 3706 4417 venia,
3740 4346 3879 4402 meri.

2306 4457 2417 4501 tttm
2458 4447 2794 4503 conﬁtentis.
2827 4444 2963 4502 Illud
3015 4462 3208 4503 omnes
3236 4446 3470 4518 adipisci
3501 4452 3745 4518 possunt,
3772 4439 3878 4511 quia

2304 4541 2493 4611 gratim
2523 4541 2614 4595 Dei
2644 4540 2847 4595 donum
2880 4549 2999 4606 est;
3029 4539 3079 4594 id
3113 4550 3216 4605 est,
3245 4540 3478 4609 gratuita
3531 4537 3783 4598 donatio;
3813 4532 3879 4587 la-

2308 4637 2408 4691 bor
2439 4650 2566 4689 vero
2594 4635 2718 4695 iste,
2747 4648 3043 4703 paucorum
3086 4642 3170 4688 est
3196 4630 3291 4703 qui
3326 4641 3447 4699 post
3490 4645 3674 4686 casum
3722 4641 3879 4683 resur-

594 4696 737 4718 _,--_
974 4696 1022 4714 σί
1163 4696 1175 4707 ,
1275 4696 1303 4712 υ
2183 4696 2193 4703 ,
2748 4696 2760 4703 ,
3215 4696 3227 4703 ,
3326 4696 3337 4699 -

591 4740 709 4797 dies
754 4738 1083 4809 cognitionis
1134 4737 1304 4807 ipsius
1362 4734 1672 4788 immineret
1700 4775 1714 4799 ,
1748 4740 1801 4788 et
1822 4732 1911 4786 hic
1944 4732 2194 4786 latitavit.
2228 4696 2279 4756 D
2305 4737 2456 4799 gttnt,
2494 4728 2583 4797 qui
2618 4736 2740 4795 post
2766 4726 2990 4781 vulnera
3014 4724 3432 4789 convalescunt,
3463 4724 3554 4793 qui
3596 4717 3880 4792 lacrymosis

591 4833 704 4890 Nec
737 4832 907 4886 multo
940 4838 1083 4901 post,
1117 4827 1476 4884 Novatiattum
1518 4827 1679 4879 istum
1723 4825 2039 4895 episcopatu
2064 4822 2200 4879 Cor-

590 4928 724 4983 nelii
760 4927 979 4980 anxium
1035 4928 1186 4994 (nam
1244 4922 1346 4977 sibi
1400 4920 1743 4991 speraverat)
1773 4934 1897 4974 eum
1950 4918 2197 4988 aliquan-

592 5021 685 5083 tis,
713 5029 773 5073 ut
802 5018 855 5073 in
890 5019 980 5071 tali
1026 5032 1085 5072 re
1131 5016 1295 5080 solet,
1327 5030 1391 5069 ex
1441 5028 1534 5066 sua
1568 5022 1725 5081 parte
1758 5010 2066 5066 fautoribus
2094 5025 2196 5064 nu-

590 5121 797 5167 tantem
824 5109 1089 5178 impellit,
1120 5108 1456 5164 dubitantem
1493 5103 1672 5169 fovet;
1700 5114 1755 5157 ιιι
1811 5118 2063 5173 magnum
2103 5102 2200 5156 ali-

588 5206 717 5275 quid
750 5209 957 5273 speret,
989 5201 1260 5255 ltortatttr.
1297 5200 1504 5255 Invenit
1528 5199 1742 5269 aliquos
1775 5212 1841 5250 ex
1873 5212 2063 5251 eorum
2098 5212 2195 5250 nu-

589 5312 745 5352 utero
763 5298 850 5367 qui
879 5304 1260 5365 tempestatem
1288 5281 1688 5363 pcisecutionis
1710 5286 1853 5343 illitis
1877 5299 2195 5353 evaserunt;

584 5390 727 5463 apud
754 5405 891 5460 quos
940 5389 1080 5444 hanc
1130 5389 1308 5457 ipsa’m
1349 5386 1416 5440 de
1477 5386 1641 5454 lapsis
1674 5384 1934 5453 receptis,
1989 5379 2198 5439 Cerne-

662 5591 684 5616 “
728 5580 1083 5641 Additumest,
1111 5584 1215 5630 etc.
1249 5572 1423 5627 Locus
1448 5576 1629 5625 exstat
1655 5569 1706 5623 itt
1739 5568 1968 5641 epistola
2000 5566 2071 5621 52
2090 5567 2195 5641 Cy-

584 5653 760 5777 Br'tani
820 5654 882 5703 atl
913 5638 1296 5731 .Anto'nianutu
1352 5644 1454 5698 sub
1487 5641 1731 5709 initium,
1764 5654 1887 5711 pag.
1915 5638 2005 5695 69.
2055 5640 2188 5695 edit.

631 5724 771 5776 alttz.
804 5721 975 5775 Paris.

631 5721 1292 5859 διξηὸυἷὲἓῖοωρενυηιῖ
1321 5784 1771 5841 Subaudicudum
1806 5796 1934 5837 ῐεοτ
1960 5782 2180 5853 Ρνοίαδί’

582 5864 704 5974 Ἰιίέ.
725 5920 980 5991 Sotimus.
1013 5930 1089 5987 Ita
1119 5928 1343 5999 corrigit
1369 5926 1577 5996 Optime
1621 5923 1869 5982 Latinius
1905 5924 2181 5982 editorum

2308 4820 2533 4874 vocibus
2573 4818 2927 4887 adjuvantur,
2952 4818 3042 4887 qui
3074 4816 3257 4872 carnis
3284 4816 3513 4871 interitu
3557 4815 3879 4871 reviviscunt.

2307 4915 2533 4971 Frustra
2565 4928 2651 4967 me
2685 4914 2936 4982 posuisse
2987 4912 3193 4967 asseris
3225 4911 3357 4967 illud
3404 4911 3713 4982 exemplum
3759 4902 3881 4976 quod

2310 5008 2455 5063 Deus
2483 5005 2709 5071 dixerit;
2739 5003 2884 5059 Malo
2910 5005 3262 5074 paenitentiam
3284 5005 3570 5074 peccatoris
3592 5017 3738 5073 quam
3765 5011 3881 5051 mor-

2310 5114 2410 5157 tem
2464 5100 2680 5175 (Ezech.
2730 5115 2941 5162 χχχιιι.
2992 5099 3106 5171 Il).
3138 5098 3279 5168 Quid
3329 5100 3373 5153 si
3423 5087 3879 5168 adjecissemillud

2307 5195 2487 5251 Esaiae
2534 5211 2546 5247 :
2581 5191 2607 5231 ἀ
2634 5192 2760 5250 Cum
2790 5208 3065 5247 conversus
3100 5191 3443 5263 ingemueris,
3477 5200 3596 5245 tunc
3633 5183 3877 5244 sulvaberis

2307 5302 2354 5345 et
2381 5291 2508 5343 scies
2534 5289 2620 5344 ubi
2646 5289 2807 5360 fueris
2844 5286 2979 5358 (Isa.
3033 5303 3159 5350 xxx,
3199 5284 3285 5347 I5.
3317 5301 3423 5340 sec.
3460 5283 3661 5357 LXX)?
3689 5278 3811 5351 Quid
3840 5274 3877 5332 si

2307 5383 2360 5440 id
2393 5384 2748 5455 Apocalypsis
2782 5400 2795 5436 :
2829 5380 3088 5437 Memento
3117 5380 3254 5435 unde
3280 5380 3550 5449 cecideris,
3575 5390 3621 5436 et
3666 5394 3753 5451 age
3791 5388 3875 5445 p0:-

2305 5565 2563 5638 me‘ndAum
2586 5567 2877 5638 psallimus.

2374 5635 2399 5674 ἀ
2442 5628 2595 5691 (ἴυγγί
2618 5651 2891 5693 conversus
2941 5636 3274 5709 ingemueris,
3306 5648 3419 5695 etc.
3466 5639 3543 5695 Ita
3573 5648 3774 5708 quoque
3797 5628 3872 5709 ci-

2301 5719 2378 5764 tat
2405 5725 2470 5764 ex
2522 5720 2707 5765 vetere
2730 5696 3032 5780 interprete
3070 5708 3214 5765 hunc
3244 5696 3400 5780 I'saize
3443 5696 3618 5767 locum
3648 5696 3767 5780 xix,
3792 5696 3865 5765 I5.

2290 5782 2443 5849 juxta
2467 5780 2631 5836 LXX.
2679 5780 2736 5838 S.
2767 5778 3199 5852 Cyp'rianusilib.
3237 5781 3302 5835 de
3332 5778 3529 5852 Lapsis
3580 5780 3675 5838 sub
3698 5779 3859 5836 tinem.

2295 5862 2349 5908 et
2375 5854 2537 5923 epist.
2570 5852 2659 5921 54,
2693 5868 2815 5925 pag.
2860 5853 2962 5909 l58
2991 5864 3045 5909 et
3068 5851 3161 5908 67.
3192 5852 3328 5909 edit.
3366 5851 3548 5913 Oxon.
