3854 6400
131 427 268 486 1069

1574 416 1912 478 EPISTOLA
1949 420 2035 477 111.

3276 420 3420 483 10ῐο

128 548 419 613 nitentium,
447 556 495 601 et
518 551 601 619 {ac
628 547 804 617 priora
825 560 981 617 opera
1006 547 1025 617 (
1055 544 1213 617 Apoc.
1253 560 1315 613 ιι,
1346 544 1445 615 5)?
1471 544 1622 609 Haec,
1648 546 1728 599 in-
1755 540 1812 602 Α
1834 551 1982 597 ratus
2006 544 2211 599 viveret
2244 562 2256 599 :
2292 546 2552 602 innocens
2580 560 2863 615 coronam,
2892 548 3167 620 pmnitens
3191 547 3407 605 veniam

126 640 311 712 quies,
343 640 595 711 gentibus
644 639 789 695 dicta
842 648 973 694 sunt
1022 647 1150 693 ante
1206 638 1551 707 baptismum.
1587 636 1727 691 Audi

127 733 455 802 Apostolum
489 750 502 788 :
537 732 744 789 Scimus
773 741 964 795 autem,
993 732 1240 802 quoniam
1280 747 1606 801 quacumque
1646 728 1729 784 lex

129 824 278 893 dicit,
314 826 379 882 iis
408 825 496 895 qui
520 825 575 878 in
604 822 717 895 lege
766 833 908 887 sunt,
936 823 1059 877 dicit
1094 833 1141 877 et
1189 824 1413 892 loquitur
1444 820 1619 891 (Rom.
1645 837 1726 885 tu,

129 916 245 989 l9).
275 918 418 989 Ergo
439 930 539 973 eos
564 917 657 988 qui
685 918 805 973 sine
824 917 942 986 lege
966 916 1241 980 vixerunt,
1271 916 1565 985 paenitendi
1598 930 1732 969 con-

126 1007 269 1063 ditio
294 1022 403 1063 non
445 1008 673 1063 tenebit.
702 1008 804 1075 Qui
846 1016 903 1062 et
930 1007 977 1062 si
1026 1008 1431 1076 pmnitnissent,
1476 1006 1646 1061 libera
1677 1005 1728 1060 id

130 1101 240 1157 fide
270 1100 532 1165 fecerant,
554 1118 659 1156 non
689 1102 948 1171 imposito
972 1116 1068 1171 per
1096 1101 1270 1172 legem
1309 1100 1530 1156 vinculo
1558 1102 1731 1170 poeni-

130 1193 309 1250 tendi.
350 1192 496 1265 Ergo
524 1203 579 1250 et
629 1194 715 1249 vel
745 1192 947 1258 Judmi,
982 1192 1215 1263 inquies,
1257 1192 1351 1261 qui
1378 1201 1498 1246 ante
1530 1192 1734 1261 baptis-

130 1300 287 1341 mum
320 1286 734 1357 ptenituerunt,
770 1293 895 1355 post
935 1284 1262 1353 baptismum
1316 1286 1577 1353 [)(PJtllCl'e
1624 1300 1732 1339 non

130 1388 390 1451 possunt.
425 1378 561 1448 Quis
598 1382 699 1435 hoc
729 1391 779 1433 te
822 1379 1035 1443 docuit,
1089 1378 1261 1434 frater
1289 1379 1734 1451 Symprouiane?

130 1471 270 1541 Quis
292 1473 487 1532 suasit.
514 1482 573 1527 ut
603 1472 693 1543 qui
724 1480 852 1527 ante
892 1471 1235 1541 paenituerit,
1260 1482 1441 1538 postea
1472 1471 1736 1541 pumilere

132 1579 248 1620 non
271 1564 471 1620 debeat
494 1564 517 1616 ?
539 1565 648 1620 Sed
692 1565 967 1633 posterius
991 1563 1093 1617 hoc
1137 1564 1463 1619 videbimus.
1492 1562 1732 1625 Interim.

132 1658 183 1714 ἠ
212 1657 422 1716 Ιυάωὶι
450 1668 573 1728 post
602 1657 936 1726 baptismum
990 1658 1257 1728 prter-lusa
1279 1668 1366 1713 est
1398 1660 1734 1728 paenitentia,

132 1750 264 1821 quia
288 1750 440 1805 illam
468 1760 595 1805 ante
619 1750 1014 1820 persolverint;
1040 1749 1281 1806 concede
1294 1752 1378 1805 vel
1402 1759 1595 1821 gentes
1618 1766 1737 1819 qum

135 1842 676 1913 pmnitentiaelegcm
713 1850 842 1897 ante
898 1844 1213 1906 nescierint,
1244 1843 1513 1912 posterius
1568 1842 1734 1912 pomi-

1834 637 2045 693 suliiret
2084 656 2097 692 :
2144 639 2233 695 ille
2282 643 2587 709 prmmium,
2630 644 2733 698 iste
2765 643 3088 699 medicinam
3119 644 3408 714 acciperet.

1834 729 2081 801 Denique
2132 730 2272 787 idem
2329 734 2618 801 Apostolus
2648 734 2779 789 dicit
2810 754 2823 790 :
2868 735 3007 789 Nam
3033 738 3080 791 si
3108 752 3220 790 cum
3248 738 3423 790 adhuc

1833 831 2133 891 peccatores
2164 840 2405 889 essemus,
2436 824 2672 881 Christus
2708 843 2801 896 pro
2829 829 2971 882 nobis
3016 838 3249 883 mortuus
3294 838 3368 882 est
3398 846 3417 894 ;

1834 912 1997 965 multo
2049 916 2218 985 magis
2254 916 2538 989 justiﬁcati
2568 934 2705 972 nunc
2748 920 2802 973 in
2841 920 3093 990 sanguine
3118 924 3252 993 ejus,
3279 920 3413 975 salii

1834 1007 2026 1060 erimus
2056 1025 2147 1078 per
2174 1026 2288 1085 eum
2317 1009 2382 1063 ab
2420 1010 2501 1064 ira
2528 1009 2703 1081 (Rom.
2722 1027 2773 1079 v,
2805 1011 2978 1082 9-10).
2997 1011 3079 1067 Ab
3105 1012 3182 1068 ira
3209 1014 3413 1084 utique.

1835 1116 1957 1167 qum
2014 1104 2367 1171 peccantibus
2410 1102 2728 1161 debebatur.
2778 1104 2931 1174 Quod
2976 1106 3020 1162 si
3052 1108 3302 1177 gentilem
3331 1124 3421 1179 po-

1836 1194 2021 1265 pulum
2048 1210 2155 1250 non
2186 1212 2379 1267 passus
2405 1208 2489 1256 est
2508 1199 2669 1266 mori;
2688 1200 2858 1256 multo
2881 1201 3051 1274 magis
3080 1204 3416 1276 redemptum

1838 1303 1945 1344 non
2000 1288 2235 1356 patietur
2280 1292 2577 1362 exstingui.
2611 1291 2724 1347 Nec
2766 1292 3003 1363 abjiciet,
3049 1310 3186 1365 quos
3226 1311 3421 1366 magno

1840 1380 2077 1434 redemit
2104 1398 2119 1446 ;
2152 1398 2249 1437 nec
2274 1384 2421 1439 enim
2454 1383 2589 1439 levis
2628 1384 2709 1439 illi
2733 1392 2818 1440 est
2840 1385 3046 1455 jactura
3083 1386 3425 1445 famulorum.

1840 1470 1960 1525 Non
1991 1474 2263 1528 morietur
2301 1475 2522 1543 quidem
2552 1477 2784 1545 amplius
2811 1477 3177 1550 quiresurgit,
3213 1495 3271 1533 ut
3299 1481 3434 1534 scri-

1843 1574 1993 1632 ptum
2017 1573 2101 1619 est
2135 1563 2310 1637 (Rom.
2342 1582 2453 1632 xiv,
2477 1566 2555 1638 4).
2588 1566 2693 1623 Sed
2722 1567 2837 1638 ipsc
2858 1577 2937 1624 est
2968 1568 3260 1625 advocatus
3283 1572 3423 1640 apud

1847 1656 2105 1722 Patrem;
2147 1658 2241 1713 sed
2288 1661 2402 1728 ipse
2447 1660 2759 1730 interpellat
2796 1676 2897 1732 pro
2942 1662 3175 1732 peccatis
3204 1664 3421 1729 nostris,

1844 1748 1989 1807 haud
2037 1751 2384 1821 despicabilis
2438 1754 2759 1812 miserorum
2810 1766 3113 1827 patronus,
3165 1773 3424 1830 parumve

1845 1842 2073 1900 idoneus
2097 1844 2441 1916 deprecator.

132 1942 257 1991 tere
278 1933 503 1990 debere.
534 1933 642 1989 Sed
688 1944 744 1988 et
802 1934 869 1987 de
913 1933 1149 1999 Judmis,
1182 1934 1328 1995 uolo,
1383 1933 1608 1988 fallaris.
1654 1933 1735 1988 Illi
1768 1919 1815 1980 Β
1912 1933 1981 1988 Χ.
2038 1933 2355 2006 Responde,
2387 1937 2595 2005 frater,
2647 1956 2715 1997 an
2755 1940 2985 1997 famulos
3042 1942 3134 1998 Dei
3179 1943 3428 2001 diabolus

134 2027 289 2083 enim
324 2034 611 2096 propterea
635 2024 789 2095 prius
820 2026 1190 2094 [monuerunt
1218 2067 1231 2090 ,
1262 2025 1388 2096 quia
1425 2034 1582 2079 vetus
1609 2025 1741 2094 bap-

139 2119 304 2175 tisma
337 2129 721 2190 corruperant,
751 2128 805 2174 et
833 2120 988 2188 quasi
1045 2126 1167 2187 post
1204 2118 1362 2173 fidem
1392 2116 1496 2173 fide
1528 2118 1739 2183 prodita

139 2211 506 2282 pmnitebant.
553 2210 692 2267 Audi
751 2211 1071 2280 Apostolum
1100 2229 1111 2264 :
1142 2210 1283 2265 Nolo
1332 2213 1465 2265 enim
1501 2214 1743 2281 ignorare

140 2318 253 2368 vos,
282 2304 492 2372 fratres,
522 2304 645 2373 quia
676 2314 844 2371 patres
860 2306 1022 2357 nostri
1042 2319 1214 2357 omnes
1236 2304 1329 2358 sub
1354 2303 1485 2356 nubo
1511 2308 1740 2373 fuerunt,

140 2404 190 2449 et
213 2410 394 2449 omnes
414 2410 505 2464 per
522 2410 662 2450 mare
684 2396 1019 2460 transierunt,
1055 2406 1101 2450 et
1127 2413 1301 2451 omnes
1331 2398 1381 2449 in
1411 2395 1593 2467 Moyse
1620 2397 1745 2465 bap-

142 2487 294 2543 tizati
309 2497 431 2542 sunt
459 2489 584 2542 etin
612 2488 745 2543 nube
766 2500 813 2543 et
842 2492 894 2543 in
918 2491 1048 2543 mari
1074 2506 1092 2543 :
1137 2500 1183 2544 et
1210 2506 1383 2543 omnes
1413 2490 1645 2543 eumdem
1676 2490 1747 2540 ci—

144 2579 268 2635 bum
297 2579 591 2649 spiritalem
615 2582 848 2649 ederunt,
873 2591 921 2637 et
957 2598 1129 2636 omnes
1151 2582 1384 2636 eumdem
1413 2592 1588 2650 potum
1636 2582 1743 2649 spi-

144 2672 358 2726 ritalem
408 2672 670 2726 biberunt.
702 2673 951 2727 Bibcbant
996 2684 1164 2727 autent
1204 2674 1268 2727 de
1324 2675 1548 2742 spiritali
1602 2686 1748 2746 petra

144 2774 396 2836 sequente
424 2764 625 2820 :‘l’etra
651 2776 821 2820 autem
868 2775 976 2819 erat
1030 2766 1265 2820 Christus
1296 2765 1342 2836 (l
1368 2764 1486 2821 Cor.
1519 2784 1574 2831 χ,
1607 2767 1744 2839 1-4).

147 2859 266 2916 Hoc
290 2874 426 2931 ergo
450 2859 718 2929 baptisma
750 2862 1107 2923 violaverant.
1139 2871 1195 2916 et
1218 2861 1340 2918 ideo
1385 2863 1748 2931 pmnitehant.

222 2951 321 3011 IX.
352 2952 645 3008 Videamus
674 2952 871 3009 deinde
902 2954 1030 3023 quid
1065 2955 1211 3008 dicas
1243 2973 1254 3007 :
1289 2955 1350 3009 Si
1385 2954 1525 3010 Deus
1562 2957 1774 3028 srrpius‘

144 3047 296 3119 jubet
328 3048 591 3102 hominem
628 3050 893 3117 pomitere,
947 3050 1147 3119 inquis,
1178 3050 1367 3120 stepius
1398 3066 1606 3119 peccare
1636 3067 1753 3118 per-

150 3142 336 3195 mittit.
365 3142 508 3211 Quid
537 3142 650 3197 ais?
680 3142 825 3214 Ergo
850 3144 939 3214 qui
965 3146 1166 3215 stepius
1180 3145 1477 3201 remedium
1505 3146 1752 3201 criminis

1843 2025 2025 2094 possit
2046 2028 2381 2097 opprimere,
2405 2043 2474 2084 an
2508 2046 2614 2084 non
2646 2030 2823 2101 possit
2839 2031 3089 2089 Christus
3115 2035 3432 2092 absolvere?

1842 2116 1989 2175 Petri
2039 2120 2415 2189 paenitentiam
2485 2122 2623 2179 dicis
2675 2133 2803 2180 ante
2856 2126 3066 2182 Domini
3121 2128 3429 2197 passionem

1846 2212 2052 2269 fuisse?
2080 2213 2193 2269 lloc
2242 2214 2335 2271 tibi
2374 2230 2537 2271 nemo
2570 2218 2867 2287 proposuit.
2913 2219 2977 2273 Et
3004 2226 3182 2275 tamen
3237 2219 3429 2277 l’etrus

1840 2306 1951 2376 jam
1982 2306 2284 2375 baptizatus
2322 2317 2441 2363 erat
2482 2327 2495 2361 :
2543 2308 2669 2365 huic
2699 2311 2843 2369 enim
2876 2310 3088 2367 dixerat
3116 2310 3383 2368 Dominus
3414 2329 3429 2368 :

1850 2400 1952 2465 Qui
1982 2402 2121 2455 lotus
2153 2412 2225 2456 est
2269 2404 2447 2467 semel,
2497 2420 2599 2458 non
2638 2421 2842 2459 necesse
2868 2405 3018 2459 habet
3046 2407 3231 2461 iterum
3274 2407 3436 2461 lavari

1849 2490 2031 2563 (Joan.
2092 2508 2208 2554 xm.
2258 2494 2373 2564 10).
2405 2496 2627 2565 Accepit
2682 2505 2862 2552 tamen
2901 2506 3090 2567 postea
3134 2497 3433 2553 remedium

1848 2584 2073 2651 Christi,
2102 2586 2197 2640 sed
2221 2596 2344 2643 ante
2372 2586 2662 2657 penituit;
2703 2597 2759 2645 et
2787 2600 2914 2645 ante
2939 2601 3158 2647 sanctus
3203 2600 3290 2647 est
3339 2591 3436 2646 ha-

1848 2676 2014 2739 bitus,
2061 2694 2222 2748 quam
2269 2678 2336 2734 ad
2382 2680 2682 2735 remedium
2738 2681 3067 2749 perveniret.
3107 2681 3219 2738 Nec
3266 2683 3439 2752 pinni-

1851 2770 2015 2824 tentia
2044 2769 2165 2840 ejus
2198 2772 2251 2825 in
2284 2772 2603 2828 memoriam
2652 2772 3008 2841 scriberetur,
3038 2774 3098 2828 ui
3148 2774 3436 2844 profuisset

1852 2860 2051 2931 aliquid
2084 2863 2394 2931 pmnitcnti.
2432 2860 2624 2934 Flevit,
2658 2865 2851 2934 inquit,
2879 2867 3440 2932 amarissimeﬂlattll.

1853 2968 1999 3017 xxvi,
2031 2954 2147 3023 75).
2173 2954 2289 3010 Non
2315 2957 2395 3011 vis
2419 2954 2600 3013 facere
2623 2958 2858 3023 ﬁdelem,
2887 2959 3031 3030 quod
3058 2959 3251 3016 Petrus
3273 2961 3444 3016 fecit?

1857 3060 1961 3099 non
1990 3048 2075 3100 vis
2101 3048 2362 3116 prodesse
2412 3050 2593 3115 nobis,
2625 3050 2767 3119 quod
2802 3050 2964 3106 Petro
3014 3052 3260 3121 profuit?
3302 3054 3439 3126 Age,

1854 3138 2091 3195 Thomas
2122 3156 2276 3197 meus
2318 3157 2502 3197 nonne
2552 3152 2675 3212 post
2706 3143 2922 3198 Domini
2982 3147 3441 3202 resurrectionem

152 3235 670 3302 monstrat,crimen
688 3237 974 3292 ostendit?
1000 3237 1062 3292 Et
1089 3238 1333 3293 medicus
1356 3237 1445 3293 ille
1462 3246 1756 3293 cumcurat
1791 3298 1828 3308 _
1856 3232 1922 3289 de
1967 3236 2374 3290 resurrectione
2423 3234 2732 3291 dubitavit?
2776 3235 2967 3292 Nonne
3026 3238 3270 3308 perfidia:
3318 3254 3447 3294 reus

153 3328 382 3386 assidue
424 3329 701 3386 vulnerari
750 3331 954 3387 docet?
1013 3332 1155 3387 Deus
1202 3346 1302 3387 nec
1357 3346 1583 3402 peccare
1635 3332 1755 3389 vult
1782 3298 1829 3364 c
1860 3335 2080 3382 notatur
2126 3341 2154 3379 a
2201 3326 2460 3393 Domino,
2506 3327 2743 3385 eumvilli
2784 3328 3062 3383 clavorum
3106 3339 3281 3397 noue,
3324 3346 3446 3385 cum

156 3423 441 3480 hominem
478 3425 674 3491 semel,
721 3434 777 3480 et
828 3436 1007 3482 tamen
1059 3426 1251 3482 liberat
1290 3442 1319 3482 a
1366 3438 1614 3497 peccato.
1643 3427 1754 3483 Nec

159 3517 350 3586 utique
378 3529 503 3573 cum
548 3519 773 3586 liberat,
823 3532 1103 3591 peceatum
1136 3522 1325 3589 docet;
1360 3524 1501 3579 sicut
1538 3538 1637 3579 nec
1664 3523 1755 3592 qui

155 3607 230 3662 ab
265 3607 530 3663 incendio
572 3609 783 3676 liberat,
822 3613 1130 3668 incendium
1179 3625 1481 3677 monstrat;
1514 3628 1616 3670 nec
1666 3613 1754 3682 qui

160 3697 491 3771 naufragum
515 3701 676 3771 eripit
720 3705 981 3772 scopulis,
1028 3706 1079 3759 in
1110 3720 1237 3761 saxa
1264 3707 1562 3775 compellit.
1599 3705 1756 3761 Aliud

162 3801 248 3846 est
273 3790 345 3845 de
376 3793 625 3861 periculo
655 3794 900 3859 liberari.
928 3796 1074 3851 aliud
1105 3797 1170 3851 ad
1199 3797 1497 3866 periculum
1527 3798 1666 3869 cogi.
1695 3799 1759 3853 Et

162 3881 401 3938 [νηριδες
450 3894 665 3954 paterer
716 3887 819 3942 hoc
872 3889 1046 3954 credi,
1093 3890 1138 3944 si
1174 3891 1515 3959 pmnitentia,
1552 3890 1759 3945 delicia:

153 3972 521 4045 putarentur;
549 3978 707 4048 cujus
731 3979 885 4035 labor
913 3990 1093 4036 tantus
1121 3982 1435 4052 imponitur,
1466 3983 1548 4037 cui
1586 3983 1761 4037 carnis

164 4068 429 4125 interitus
467 4070 789 4140 imperatur,
814 4075 901 4129 cui
926 4073 1085 4145 jugcs
1118 4076 1387 4146 lacrymte,
1420 4076 1504 4130 cui
1531 4076 1763 4146 gemitus

164 4161 518 4231 sempiterni.
547 4162 707 4218 Volet
733 4178 863 4235 ergo
893 4166 980 4219 ille
1006 4176 1225 4221 sanatus
1254 4167 1447 4223 iterum
1481 4182 1538 4221 se
1564 4167 1762 4233 secari,

168 4266 367 4307 rursus
394 4254 584 4308 exuri?
612 4254 771 4310 Volet
791 4270 1016 4325 peccare
1046 4259 1261 4324 iterum,
1286 4268 1341 4313 et
1358 4258 1559 4314 itermn
1592 4261 1766 4329 pteni-

171 4351 310 4408 tere,
345 4357 468 4398 cum
504 4346 767 4415 scriptum
809 4346 878 4402 sit
910 4366 923 4401 :
972 4347 1099 4404 Noli
1135 4351 1361 4422 adjicere
1390 4362 1671 4420 peccatum,
1706 4368 1769 4407 ne

168 4435 297 4503 quid
332 4436 428 4490 tibi
456 4436 681 4494 deterius
708 4443 968 4514 contingat
1000 4441 1180 4512 (Joan.
1204 4460 1258 4511 v,
1286 4444 1420 4514 id)?
1452 4446 1513 4499 Et
1544 4446 1721 4501 adhuc
1752 4465 1766 4501 :

171 4526 403 4583 Assidue
423 4532 654 4599 peccanti
670 4548 771 4587 non
800 4534 1045 4589 misereor
1065 4534 1255 4609 (Eccli.
1284 4553 1385 4604 xu,
1410 4536 1488 4609 5).
1517 4538 1670 4606 Quod
1697 4539 1766 4604 si,

175 4634 239 4679 ut
279 4623 385 4691 ais,
422 4623 489 4679 ad
520 4638 800 4695 peccatum
847 4631 1079 4700 cogitur,
1110 4630 1197 4685 cui
1235 4631 1566 4700 pmnitemim
1596 4633 1770 4688 medi-

174 4716 302 4771 cina
345 4726 708 4782 monstratur;
740 4720 869 4791 quid
904 4721 1121 4779 tandem
1166 4722 1256 4779 ille
1284 4721 1525 4779 facturus
1554 4732 1653 4787 est,
1682 4723 1768 4778 cui

173 4807 505 4878 penitentia
531 4809 649 4877 ipsa
671 4812 1053 4880 praecluditur;
1077 4814 1161 4869 cui
1188 4814 1481 4885 desperato
1503 4816 1768 4882 remedio,

181 4906 362 4953 totum
411 4899 607 4957 vulnus
635 4910 662 4939 ι
694 4904 976 4974 operitur;
1024 4906 1111 4960 cui
1156 4921 1386 4975 prorsus
1428 4923 1494 4962 ex
1541 4908 1770 4978 integro,

175 4991 311 5047 vita
330 4991 511 5048 aditus
538 4992 883 5064 denegatur?
923 4996 979 5051 In
1019 4997 1308 5067 baptismo,
1342 4998 1571 5067 inquies,
1605 4998 1777 5054 semel

180 5086 472 5153 morimur,
506 5086 647 5142 sicut
672 5088 747 5141 ait
772 5086 1116 5159 Apostolus:
1160 5089 1241 5144 An
1289 5091 1492 5146 nescitis
1536 5093 1778 5162 quoniam

177 5179 492 5249 quicumque
535 5180 781 5252 baptizati
820 5182 941 5236 estis
978 5183 1032 5235 in
1061 5181 1262 5237 Christo
1319 5180 1466 5249 Jesu,
1508 5184 1562 5236 in
1614 5192 1776 5237 morte

181 5272 299 5339 eius
328 5272 577 5342 baptizari
607 5276 728 5329 estis
748 5275 774 5328 .9
822 5273 1123 5343 Consepulti
1170 5293 1290 5347 ergo
1315 5278 1434 5332 estis
1457 5278 1505 5333 ei
1536 5295 1625 5346 per
1652 5279 1789 5347 bap-.

184 5365 399 5421 tisntunt
438 5366 499 5419 in
541 5377 788 5434 mortem,
843 5379 900 5423 ut
943 5370 1074 5423 sicut
1120 5366 1355 5425 Christus
1399 5372 1677 5427 resurrexit
1714 5388 1779 5426 ea:

186 5458 428 5523 ntartuis,
476 5461 551 5513 sic
591 5470 636 5515 et
662 5478 753 5516 vos
794 5462 846 5516 in
888 5462 1111 5517 novitate
1140 5464 1257 5518 vitm
1291 5464 1561 5521 antbuletis
1596 5466 1773 5537 (Rom.

187 5568 265 5620 vs,
327 5552 467 5626 3-4).
517 5554 656 5622 Quid
718 5557 961 5611 mirum?
1012 5557 1249 5613 Docebat
1300 5559 1595 5629 Apostolus
1631 5561 1778 5631 quod

188 5659 443 5703 essemus
468 5648 625 5714 novi;
658 5658 717 5703 ut
741 5663 902 5704 nemo
928 5660 1174 5721 peccaret
1206 5668 1218 5703 :
1246 5654 1573 5723 sequebatur
1595 5663 1778 5711 tamen

195 5748 253 5794 ut
276 5740 366 5810 qui
394 5750 713 5812 peccaverat
737 5783 751 5808 ,
782 5742 1093 5812 paeniteret.
1136 5743 1234 5799 llic
1273 5743 1506 5816 integer,
1548 5744 1642 5803 ille
1685 5763 1779 5803 cu-

1860 3421 2123 3494 perfosste
2151 3437 2367 3486 manus,
2398 3438 2520 3476 cum
2553 3423 2737 3477 lateris
2753 3423 2952 3478 vulnus
2978 3424 3304 3488 ostenditur,
3326 3439 3449 3479 cum

1859 3515 1938 3569 sic
1969 3514 2034 3568 ad
2061 3528 2185 3569 eum
2218 3514 2294 3567 ait
2338 3513 2601 3568 Dominus
2638 3530 2651 3566 :
2686 3512 2811 3567 Noli
2842 3531 2953 3568 esse
2997 3514 3319 3582 incredulus,
3361 3516 3454 3572 sed

1862 3606 2033 3674 ﬁdelis
2069 3603 2248 3676 (Joan.
2268 3620 2358 3670 xx,
2387 3603 2677 3675 27)?Quid
2709 3606 2876 3675 ergo?
2906 3606 3124 3660 erubuit
3152 3607 3456 3676 paenitere?

1862 3714 2044 3754 nonne
2101 3698 2415 3751 humiliatus
2456 3696 2580 3751 est?
2632 3712 2812 3752 nonne
2861 3697 3031 3753 Demn
3065 3707 3121 3754 et
3166 3699 3451 3753 hominum

1864 3806 2018 3846 suum
2071 3790 2220 3845 illico
2248 3788 2572 3844 confitetur?
2602 3789 2858 3856 numquid
2902 3806 3011 3845 non
3041 3790 3192 3846 illum
3220 3806 3455 3847 exonio-

1865 3885 2066 3955 logesis
2103 3876 2215 3939 ista
2263 3882 2648 3939 commendat?

1938 3978 2027 4033 XI.
2060 3977 2176 4035 lam
2210 3994 2369 4050 quam
2410 3988 2597 4050 argute
2629 3988 2791 4049 caput
2826 3979 2957 4033 illud
3008 3980 3275 4046 absolvis,
3310 3981 3455 4052 quod

1868 4084 1968 4141 ego
1994 4071 2182 4140 posui;
2226 4072 2409 4126 datam
2458 4071 2733 4141 episcopis
2762 4078 3121 4140 potestatem,
3155 4081 3217 4126 ut
3245 4086 3366 4142 quae
3393 4072 3458 4126 li-

1868 4172 2087 4234 gasscnt
2139 4163 2193 4217 in
2245 4172 2426 4227 terra,
2460 4163 2625 4233 ligata
2679 4174 2861 4218 essent
2892 4170 2948 4217 et
2979 4163 3031 4217 in
3078 4163 3252 4219 caelis.
3293 4163 3457 4226 Dicis,

1872 4256 1975 4311 hoc
1999 4255 2193 4310 nonad
2229 4254 2443 4321 lideles,
2476 4255 2568 4310 sed
2600 4255 2666 4308 ad
2700 4253 3127 4309 catechumenos
3157 4255 3459 4323 pertinere;

1873 4357 1932 4402 ut
1972 4345 2306 4417 baptizandis
2347 4345 2521 4401 adhuc
2551 4345 2761 4399 scilicet
2798 4344 3047 4416 p0pulis,
3104 4344 3242 4399 Solvi
3275 4344 3468 4400 liceret

1874 4440 2125 4505 crimina,
2157 4439 2242 4494 vel
2286 4439 2477 4494 teneri.
2528 4438 2765 4493 Duorum
2804 4436 3036 4505 denique
3090 4437 3464 4507 Evangelista-

1876 4551 1993 4589 rum
2026 4532 2263 4603 capitula
2291 4531 2593 4603 conjungis,
2625 4543 2683 4586 ut
2705 4546 2870 4586 unum
2912 4544 3036 4585 esse
3064 4529 3380 4593 videantur;
3410 4541 3465 4584 et

1876 4627 2084 4696 adjicis,
2101 4622 2241 4695 quod
2267 4623 2554 4679 Matthmus
2582 4625 2760 4678 minus
2786 4623 2993 4693 integre
3022 4631 3344 4689 prosccutus
3369 4621 3463 4687 sit,

1875 4716 2180 4785 complesse
2220 4712 2483 4771 Joannem
2523 4733 2534 4768 :
2570 4725 2627 4769 ut
2655 4716 2782 4784 quia
2810 4712 2950 4783 apud
2984 4702 3293 4768 Maltlitcum
3322 4712 3470 4767 dixe-

1876 4818 1962 4863 rat
1985 4808 2282 4873 Dominus;
2313 4804 2395 4861 Ite
2436 4816 2486 4864 et
2525 4805 2702 4861 docete
2728 4822 2900 4860 omnes
2929 4814 3124 4876 gentes,
3154 4805 3465 4874 baptizantcs

1875 4918 1963 4957 eas
2003 4902 2057 4955 in
2104 4902 2306 4955 nomine
2363 4898 2560 4967 Patris,
2608 4910 2657 4955 et
2706 4897 2871 4969 Filii,
2929 4908 2975 4954 et
3024 4899 3255 4969 Spiritus
3303 4900 3469 4953 sancti

1878 4992 2095 5066 (Matth.
2141 5007 2333 5059 xxvut,
2380 4991 2504 5063 i9);
2536 4990 2679 5062 apud
2729 4991 2992 5046 Joannem
3036 4991 3338 5060 impleverit
3383 4990 3466 5045 di-

1879 5100 2013 5141 cens
2036 5104 2048 5139 :
2076 5086 2137 5141 Si
2156 5088 2303 5157 cujus
2334 5085 2631 5139 dimiseritis
2658 5093 2888 5156 peccata,
2912 5083 3351 5149 dimittenturilli;
3379 5100 3469 5135 cu-

1874 5180 1967 5250 jus
1994 5178 2337 5242 ‘retinueritis,
2370 5186 2417 5230 et
2445 5178 2746 5229 tenebuntur
2774 5175 2952 5245 (Joan.
2986 5192 3082 5237 xx,
3112 5174 3203 5245 23)
3240 5192 3252 5226 :
3288 5183 3345 5228 ut
3369 5174 3471 5227 hoc

1883 5269 2159 5325 dimittere
2181 5270 2262 5323 vel
2289 5268 2458 5340 ligare
2485 5266 2550 5322 ad
2579 5276 2771 5338 gentes
2793 5284 2911 5337 qua:
2935 5265 3270 5335 baptizandis
3293 5276 3467 5332 erant,

1884 5366 2212 5436 pertinuisse
2243 5363 2518 5428 videatur,
2550 5362 2673 5432 quia
2698 5362 2847 5431 prior
2874 5362 3219 5433 Evangelista
3251 5362 3316 5416 de
3337 5376 3469 5431 gen-

1888 5461 2036 5516 tibus
2068 5458 2389 5529 przelocutus
2422 5458 2523 5522 sit;
2573 5456 2637 5511 de
2673 5456 2939 5513 solvendo
2963 5466 3139 5513 autem
3173 5467 3225 5512 et
3255 5456 3473 5528 ligando

1887 5555 2160 5627 posterior
2200 5553 2528 5623 impleverit.
2562 5551 2699 5619 Quid
2727 5553 2842 5608 ais?
2876 5555 3234 5625 Evangelista:
3263 5554 3371 5610 duo
3395 5553 3478 5608 di-

1887 5651 2139 5707 midiatos
2182 5648 2413 5704 invicem
2468 5660 2684 5714 sensus,
2738 5656 2789 5703 et
2828 5649 2967 5703 semi
2999 5648 3241 5720 integros
3274 5649 3474 5704 retule-

1887 5747 2048 5803 runt?
2079 5744 2251 5817 Verba
2281 5742 2367 5798 bis
2398 5742 2650 5810 invicem,
2695 5742 2904 5798 ratiove
2938 5741 3215 5809 defuerat;
3247 5754 3339 5797 aut
3370 5757 3478 5798 non

268 5950 295 5979 ι
336 5938 600 5999 aperitur.
661 5940 737 5996 Ex
787 5938 987 5997 Latinii
1014 5940 1331 6010 conjectura
1371 5939 1453 5998 sic
1481 5941 1891 6012 rescripsimus,
1919 5941 2012 5997 tibi
2056 5938 2189 5996 editi
2238 5938 2498 5996 exhibent
2535 5939 2795 6010 aperitur,
2826 5951 3163 6013 repugnante
3202 5953 3483 6002 contextu.
