3854 6412
441 395 575 455 407i

1820 373 2074 444 SANCTI
2117 384 2392 445 PACIANI

3589 387 3718 445 1072

432 513 486 567 in
507 507 762 567 omnibus
792 512 966 564 totum
1006 505 1242 578 Spiritus
1270 512 1492 562 sanctus
1523 504 1806 574 implebat,
1849 517 2049 574 propo-
2076 504 2131 564 A
2153 502 2378 559 sicutad
2397 500 2747 570 Samuelipse
2766 501 3034 572 signiﬁcat
3057 502 3208 557 :Non
3225 508 3271 558 te
3284 503 3472 560 nullius
3486 509 3720 561 momenti

433 605 567 659 sitos
623 602 900 674 perferens
950 617 1179 669 sensus,
1240 613 1294 658 et
1334 601 1401 656 ad
1459 601 1678 670 plenum
1721 600 1862 655 dicta
1909 599 2042 655 deﬁ-

436 700 636 753 niens?
706 697 953 752 Hominis
1004 697 1387 752 conﬁrmatum
1448 704 1833 751 testamentum
1883 711 2043 749 nemo

434 790 817 858 supernrdinat
850 809 861 843 :
900 790 996 845 Dei
1028 790 1292 857 tabulam,
1313 791 1498 845 tabula
1530 791 1748 845 diversa
1780 788 2043 844 mutabit?

436 884 696 950 Quzenam
729 886 780 937 in
822 884 977 938 vobis
1024 884 1141 938 hmc
1193 883 1445 940 vincendi
1492 884 1692 953 cupido
1719 894 1823 947 est,
1848 894 1906 937 ut
1936 881 2043 936 tale

431 977 637 1045 aliquid
664 976 952 1031 audeatis?
979 977 1119 1042 Quid
1168 976 1313 1046 quod
1340 976 1479 1046 apud
1509 978 1827 1031 Matthzeum
1862 975 2042 1045 ipsum

431 1077 555 1121 ante
587 1069 894 1135 paSsionem
921 1083 1076 1123 suam
1099 1068 1320 1123 dixerat
1351 1069 1615 1122 Dominus
1643 1086 1655 1121 :
1695 1068 2044 1137 Quazcumque

432 1163 713 1234 ligareritis
761 1164 814 1216 in
839 1174 997 1227 terra,
1037 1172 1185 1216 erum
1217 1163 1374 1231 ligata
1400 1172 1450 1216 et
1478 1163 1531 1216 in
1561 1162 1687 1216 cazlo
1703 1170 1752 1214 et
1788 1176 2045 1230 qmecunt-

435 1274 533 1326 que
574 1256 829 1309 solreritis
870 1258 923 1309 in
955 1268 1114 1319 terra,
1144 1266 1291 1310 erunt
1321 1258 1491 1311 soluta
1514 1267 1560 1311 et
1583 1257 1636 1308 in
1674 1256 1798 1309 cwlo
1825 1254 2038 1323 (Matth.

431 1363 544 1409 xvi,
583 1348 711 1415 19)?
738 1350 897 1417 Apud
927 1350 1241 1401 Mattha-um
1270 1349 1373 1403 hnc
1406 1347 1731 1416 pra'dixerat
1757 1346 2042 1412 Dominus,

431 1447 488 1493 et
516 1439 718 1492 nullam
746 1439 819 1492 ibi
846 1440 1089 1509 gentium
1126 1441 1336 1493 fecerat
1366 1441 1702 1494 mentionem
1742 1457 1755 1493 ε
1790 1454 1889 1493 cur
1916 1454 2046 1508 ergo

433 1531 509 1585 illi
536 1532 831 1600 capitulum
870 1534 1100 1588 Joannis
1125 1532 1405 1602 adjuugis,
1441 1532 1531 1587 ubi
1571 1532 1959 1601 suum-posuit,
1989 1540 2044 1583 et

434 1626 507 1679 ita
540 1624 719 1691 posuit
748 1636 857 1677 uta
888 1625 1140 1695 gentibus
1164 1624 1491 1692 separaret"
1520 1626 1660 1695 quod
1697 1624 1878 1692 utique
1903 1623 1946 1675 si
1978 1623 2044 1678 ad

431 1730 628 1787 gentes
660 1720 934 1785 pertinere
987 1717 1288 1779 viiluisset,
1335 1719 1507 1786 potuit
1550 1720 1662 1781 ipse
1711 1716 2047 1785 conjungere

431 1812 574 1880 quod
603 1812 718 1880 ipse
746 1812 1000 1878 ponebat.
1038 1811 1237 1865 Totum
1292 1827 1419 1880 ergo
1456 1810 1599 1877 quod
1640 1811 1868 1878 qua-ris,
1904 1808 2042 1878 apud

2148 599 2396 666 fecerunt,
2427 598 2616 649 sednte
2640 594 2691 665 (l
2721 592 2853 665 Reg.
2884 611 3002 662 vnt,
3036 595 3116 665 7).
3139 596 3464 654 Conceditur
3488 614 3615 669 ergo
3642 600 3717 653 rel

2144 692 2314 749 semel
2342 691 2625 758 Ecclesiae,
2656 691 2802 761 quod
2834 692 2990 747 nobis
3020 692 3148 760 ipsis
3194 694 3388 748 totiens
3410 693 3717 763 imperatur.

2218 782 2354 838 XIII.
2390 783 2541 839 Nunc
2570 783 2635 837 ad
2666 785 2951 839 erraticum
3000 799 3177 848 ovem,
3209 785 3513 841 drachmam
3543 787 3717 851 illam,

2145 887 2201 933 et
2253 876 2739 933 adolescentiorem
2791 877 2960 933 ﬁlium
3013 887 3348 934 revertamur
3390 898 3401 932 :
3441 895 3558 949 qua:
3616 895 3715 949 ego

2146 969 2394 1039 exempla
2414 985 2537 1025 cum
2585 968 2814 1024 strictim
2864 972 3065 1040 scripto
3095 972 3275 1039 priore
3320 973 3634 1043 tetigissem.
3668 982 3717 1025 tu

2147 1063 2304 1132 plena
2335 1062 2580 1132 repetisti
2603 1103 2617 1128 ,
2647 1060 2883 1117 edocens
2930 1068 2987 1119 et
3024 1062 3315 1118 ostendens
3340 1065 3643 1119 drachmam
3670 1074 3719 1117 et

2146 1172 2309 1212 ovem
2342 1167 2394 1212 et
2426 1157 2594 1211 ﬁlium
2652 1157 2919 1213 minorem
2953 1158 3019 1212 ad
3065 1159 3374 1227 publicanos
3399 1170 3452 1216 et
3482 1171 3720 1231 peccato-

2147 1264 2264 1315 res;
2294 1250 2397 1304 hoc
2428 1258 2531 1311 est,
2567 1248 2825 1303 humilem
2852 1252 3129 1320 populum,
3172 1266 3273 1305 non
3315 1252 3378 1306 ad
3405 1250 3718 1308 Christianae

2147 1341 2326 1410 plebis
2358 1341 2677 1412 imaginem,
2711 1357 2810 1396 nec
2835 1342 2900 1396 ad
2935 1342 3160 1397 formam
3185 1342 3411 1399 ﬁdelium
3436 1347 3714 1415 pertinere.

2149 1433 2410 1489 Gratulor
2436 1450 2520 1488 me
2542 1433 2761 1498 doceri;
2797 1434 3128 1490 intellectum
3158 1451 3287 1491 vero
3317 1454 3417 1492 non
3444 1453 3577 1501 esse,
3613 1454 3721 1493 mo—

2151 1530 2289 1585 leste
2318 1532 2453 1584 fero.
2499 1528 2632 1583 Nant
2686 1529 2814 1599 qttid
2859 1530 3138 1586 asseram?
3170 1529 3248 1584 Ea
3291 1548 3607 1603 qna’cumqur
3643 1533 3718 1583 lex

2151 1623 2324 1686 dicat,
2367 1622 2447 1675 his
2479 1621 2567 1691 qui
2602 1620 2695 1674 sub
2740 1622 2850 1695 lege
2892 1634 3031 1688 sunt,
3082 1623 3247 1676 dicere
3284 1623 3463 1694 (Rom.
3501 1640 3572 1689 ιιι,
3609 1623 3713 1691 19);

2150 1716 2333 1783 utique
2367 1724 2421 1769 et
2466 1714 2569 1768 hoc
2624 1715 3000 1783 principaliter
3030 1714 3095 1768 ad
3127 1716 3332 1781 priores
3359 1713 3553 1769 dictum
3602 1729 3714 1769 esse

2150 1808 2462 1872 censentio,
2516 1807 2610 1862 sed
2640 1807 2691 1860 in
2747 1805 2915 1861 forma
2966 1806 3230 1870 ﬁdelium,
3280 1806 3373 1861 sed
3407 1807 3456 1860 iu
3498 1807 3715 1875 imagine

432 1903 745 1959 Matthaaunt
779 1904 973 1958 bibes.
1008 1903 1117 1957 Cur
1150 1919 1256 1957 non
1292 1905 1544 1956 universa
1580 1903 1779 1971 legisti,
1812 1902 1899 1970 qui
1931 1903 2048 1969 cpi-
2078 1898 2125 1957 B
2154 1902 2478 1963 futurorum,
2512 1904 2650 1956 sicut
2677 1901 2969 1969 Apostolus
2989 1899 3118 1953 dicit
3144 1917 3158 1951 :
3186 1898 3310 1953 "(ec
3331 1909 3493 1953 autent
3515 1902 3565 1952 in
3585 1901 3715 1970 ﬁgu-

429 2010 657 2064 scopum
692 1996 894 2050 doces?
944 1996 1180 2049 I'rimum
1235 1994 1497 2063 prthCepli
1550 1995 1703 2047 istius
1751 2005 1911 2061 caput
1959 2008 2045 2047 re-

429 2097 575 2155 pete.
608 2087 729 2155 Ipso
765 2085 1036 2141 referente
1074 2086 1346 2144 \Iattha-o.
1378 2086 1538 2155 paulo
1568 2087 1821 2153 superius
1846 2084 1911 2139 ad
1944 2084 2046 2139 Pe-

428 2189 570 2234 trum
603 2178 818 2233 locutus
861 2181 945 2233 est
979 2179 1275 2242 Dominus;
1311 2179 1374 2231 ad
1410 2195 1598 2243 unum,
1637 2179 1846 2231 ideout
1872 2178 2047 2231 unita-

428 2281 540 2328 tem
600 2274 852 2327 lundaret
884 2288 948 2325 ex
987 2289 1124 2339 uno;
1179 2288 1305 2325 mox
1354 2271 1402 2323 itl
1438 2274 1611 2339 ipsum
1666 2273 1718 2325 iu
1755 2285 2047 2325 commune

424 2366 773 2435 praecipiens,
808 2376 831 2401 α
864 2364 1101 2430 qualiter
1128 2374 1308 2418 tamen
1341 2365 1404 2416 ad
1441 2366 1660 2418 Petrum
1707 2364 1723 2417 i
1769 2366 1902 2432 cipit
1933 2381 1946 2417 :
1978 2361 2047 2415 Et

430 2476 523 2532 ego
544 2461 635 2513 tibi
678 2461 817 2522 dico,
847 2460 1039 2528 inquit,
1071 2461 1195 2528 quia
1227 2469 1279 2511 ιιι
1304 2476 1355 2511 es
1384 2458 1594 2518 Petrus,
1637 2468 1682 2510 et
1713 2474 1866 2527 srpcr
1892 2460 2045 2509 istam

431 2564 627 2621 petram
652 2553 924 2621 mli/ivnbo
945 2551 1227 2605 Ecclesium
1252 2568 1438 2611 meant,
1467 2563 1513 2603 ct
1540 2563 1702 2618 porta?
1725 2554 2048 2620 infernarum

430 2665 532 2701 non
558 2647 1171 2699 convalescentmlcersns
1196 2662 1328 2697 cant.
1355 2644 1417 2697 Ιῐι
1446 2646 1534 2697 tibi
1556 2645 1872 2697 daborlm-cs
1903 2644 2047 2713 regni

432 2740 679 2792 cazloruut
712 2754 727 2791 :
760 2748 806 2789 ct
834 2753 1167 2808 qurerumqne
1192 2738 1431 2805 ligarcris
1460 2754 1616 2805 super
1648 2747 1861 2798 terram,
1891 2738 2051 2805 ligata

434 2841 581 2884 erunt
602 2841 647 2883 ct
674 2832 728 2883 in
758 2830 933 2892 cwlis;
966 2840 1010 2881 et
1037 2845 1371 2899 qtut'cnnrque
1400 2830 1610 2881 solveris
1651 2845 1807 2893 super
1836 2838 2049 2891 terram,

435 2934 584 2977 erunt
636 2924 805 2975 soluta
864 2934 907 2974 et
956 2924 1004 2974 in
1035 2922 1173 2975 cretis
1230 2921 1394 2993 (Ibid.
1438 2922 1673 2990 18,19).
1724 2922 1816 2975 Dic
1847 2922 2047 2985 frater;

435 3017 502 3071 de
527 3017 658 3068 sulis
690 3015 947 3085 gentibus
974 3014 1076 3067 hoc
1110 3016 1323 3066 locutus
1345 3023 1459 3067 est:
1496 3014 1669 3081 Super
1689 3013 1824 3065 hanc
1849 3024 2051 3083 petram

435 3108 726 3179 mdiﬁcabo,
759 3109 954 3176 inquit,
996 3105 1277 3159 Ecclesium
1321 3108 1527 3159 meam?
1562 3107 1895 3173 Ecclesium,
1943 3122 2049 3161 non

433 3202 735 3271 baptiz-itas
763 3208 953 3270 gentes
983 3198 1182 3252 vocat?
1210 3198 1374 3253 homo
1398 3199 1629 3252 necdum
1659 3208 1900 3262 renatus,
1931 3214 2053 3253 cor-

2150 2012 2210 2049 ra
2236 1995 2593 2065 contingebant
2627 1995 2767 2047 illis:
2797 1994 2991 2061 scripta
3023 2001 3141 2046 sunt
3167 2000 3334 2045 autem
3359 1992 3424 2045 ad
3452 1993 3717 2059 correptio.

2150 2105 2265 2142 nem
2314 2098 2572 2146 nostram,
2617 2087 2668 2138 in
2696 2102 2843 2154 quos,
2890 2086 3017 2150 ﬁnes
3062 2085 3363 2138 su'cnlornnt
3407 2086 3711 2138 (terruerunt.

2155 2181 2210 2250 (I
2243 2180 2362 2234 Cor.
2399 2195 2451 2239 κ,
2488 2181 2600 2248 II).
2649 2179 2713 2232 Et
2761 2179 2953 2232 iterum
2990 2195 3001 2231 :
3042 2177 3168 2242 Qua:
3196 2178 3361 2230 omnia
3400 2177 3501 2230 illis
3539 2176 3717 2228 umbris

2149 2284 2293 2329 erant
2348 2274 2640 2342 futurorum
2682 2273 2926 2326 bonorum
2968 2271 3153 2335 (Hebr.
3206 2287 3258 2333 κ,
3298 2273 3370 2339 1).
3410 2270 3562 2325 Certe
3611 2272 3716 2339 ipse

2150 2370 2365 2431 adnuis,
2404 2368 2468 2422 ad
2494 2369 2811 2438 publicanos
2841 2379 2896 2423 et
2919 2377 3254 2437 peccaturos,
3280 2366 3377 2418 hoc
3403 2374 3481 2419 est
3504 2407 3517 2427 ,
3554 2363 3715 2417 humi-

2151 2462 2255 2517 lem
2284 2462 2568 2531 populum,
2602 2469 2659 2513 et
2690 2460 2808 2514 ideo
2836 2460 3128 2529 juniorctn,
3163 2459 3251 2511 illa
3273 2458 3485 2512 dictata.
3520 2457 3609 2510 Dic
3638 2472 3717 2510 er-

2147 2568 2217 2623 go
2252 2570 2265 2605 :
2297 2567 2362 2605 an
2392 2553 2621 2622 populus
2646 2550 3121 2615 Christianusipse
3142 2561 3222 2605 est
3242 2550 3444 2619 junior?
3465 2565 3527 2602 an
3561 2550 3607 2603 in
3640 2563 3717 2602 ra-

2152 2648 2326 2701 dicem
2378 2643 2701 2700 eoliaeserit?
2751 2659 2816 2698 an
2856 2643 2884 2682 δ
2942 2644 3032 2699 illa
3085 2644 3319 2698 membra
3374 2641 3719 2710 compegerit?

2151 2742 2468 2810 aediﬁcatus,
2500 2749 2559 2793 ut
2581 2739 2845 2808 scriptum
2876 2748 2957 2792 est
2977 2779 2992 2804 ,
3066 2738 3118 2791 in
3145 2736 3481 2807 fundammtis
3521 2745 3718 2803 aposto-

2154 2834 2326 2886 lorum
2353 2842 2400 2884 ct
2444 2831 2835 2901 prophetarum,
2867 2841 2913 2883 et
2939 2832 3051 2899 ipso
3075 2830 3311 2899 angulari
3350 2828 3516 2897 lapide
3536 2826 3720 2881 Christo

2154 2924 2279 2979 Jesu
2334 2925 2553 2995 (Ep/tes.
2583 2939 2652 2989 ιι,
2683 2924 2801 2992 ‘20).
2844 2922 2922 2975 Αιι
2962 2920 3261 2975 Iudaeorum
3319 2920 3453 2975 Deus
3500 2922 3722 2972 laniant?

2156 3018 2347 3073 Nonne
2364 3006 2421 3070 (et
2441 3017 2708 3088 gentium?
2749 3017 2916 3070 Immo
2957 3025 3004 3069 et
3054 3016 3289 3085 gentium.
3314 3014 3568 3083 Siquidem
3603 3029 3723 3065 unus

2156 3112 2322 3177 Dens,
2368 3112 2457 3181 qni
2503 3111 2764 3179 jnstiﬁcat
2815 3110 3029 3180 impium
3076 3125 3139 3163 ea:
3185 3108 3307 3176 ﬁde,
3360 3118 3406 3161 et
3455 3124 3541 3178 per
3585 3108 3723 3175 ﬁdem

2159 3208 2337 3278 (Rom.
2369 3222 2448 3271 ιιι,
2480 3206 2571 3267 29.
2603 3204 2720 3272 50).
2750 3204 2909 3261 Certe
2941 3204 3031 3259 ille
3062 3202 3280 3257 humilis
3302 3200 3545 3271 populus,
3576 3215 3723 3270 quem

437 3310 541 3364 pus
571 3303 656 3349 est
686 3292 923 3346 Christi?
952 3289 1093 3358 Quid
1139 3290 1293 3345 solvo
1322 3290 1598 3359 gentibus,
1634 3290 1777 3360 quod
1811 3306 1922 3345 non
1969 3298 2054 3345 est

2166 3301 2326 3363 Deus,
2353 3299 2657 3365 draehmae,
2706 3298 2814 3353 ﬁlio
2842 3299 3037 3352 minori
3066 3308 3119 3352 et
3148 3296 3368 3353 ovicula:
3402 3294 3724 3357 conferebat,

436 3386 686 3457 ligatum?
734 3384 869 3439 Nam
900 3385 943 3438 si
998 3398 1107 3438 non
1156 3393 1469 3453 reputatum
1513 3395 1617 3445 est,
1652 3399 1749 3438 nec
1800 3386 2048 3454 ligatum.

443 3479 585 3547 Quid
632 3480 825 3549 alligo,
868 3477 1009 3547 quod
1066 3477 1216 3531 nullo
1245 3478 1367 3547 jure
1419 3478 1772 3547 constringo?
1821 3478 2054 3534 Gentilis

443 3572 628 3636 homo,
658 3572 794 3627 liber
821 3580 907 3625 cst
936 3570 1092 3639 Legi.
1126 3569 1261 3625 Vide
1306 3585 1455 3625 nunc
1484 3586 1514 3625 e
1546 3572 1846 3638 contrario,
1882 3588 1949 3626 an
2000 3572 2052 3627 in

440 3665 776 3736 baptizatum
805 3671 1037 3732 utraque
1067 3662 1417 3717 conveniant.
1450 3662 1693 3718 Solvitur
1720 3663 1904 3730 venia,
1930 3664 2054 3732 quia

440 3766 665 3829 peccato
686 3756 1010 3819 tenebatur;
1041 3756 1241 3824 ligatur
1288 3756 1659 3823 anathemate,
1689 3758 1814 3827 quia
1847 3757 2056 3813 solutus

447 3850 625 3905 fuerat
650 3849 760 3903 ﬁde
782 3857 835 3902 et
861 3864 962 3917 per.
977 3849 1205 3917 gratiam
1226 3848 1511 3902 liberatus.
1536 3848 1689 3915 Quod
1712 3850 1757 3904 si
1785 3848 1851 3903 ad
1870 3861 2059 3918 gentes

448 3944 589 3999 hanc
618 3942 864 3998 solvendi
897 3943 1173 3996 licentiam
1204 3942 1293 3997 vel
1324 3942 1523 4013 ligandi
1555 3952 1836 4012 spectasse
1865 3958 2062 4000 correc-

452 4037 576 4093 dam
600 4054 616 4104 ;
651 4037 824 4092 multo
856 4035 1031 4106 magis
1061 4036 1127 4090 ad
1151 4036 1455 4107 baptizatos
1480 4039 1812 4105 pertinuisse
1838 4040 2065 4093 convin-

451 4146 593 4185 cam.
618 4128 753 4185 Nam
785 4129 831 4183 si
863 4130 908 4183 is
940 4128 1077 4183 solvi
1099 4130 1275 4197 potuit
1304 4129 1390 4184 vel
1420 4129 1602 4199 ligari,
1627 4131 1720 4200 qui
1746 4146 1851 4186 non
1878 4131 2067 4187 habuit

452 4225 500 4275 vi
512 4222 753 4286 ueulum;
772 4230 977 4291 quanto
990 4220 1162 4292 magis
1182 4221 1272 4276 ille
1287 4237 1449 4292 quem
1466 4222 1591 4279 ﬁdei
1607 4223 1723 4292 iura
1742 4225 2063 4281 tenuerunt?

536 4315 653 4371 XII.
689 4315 784 4370 Ais
811 4313 1058 4385 posuisse
1106 4313 1420 4369 Malthaeum
1454 4332 1470 4370 :
1501 4315 1563 4369 Si
1610 4318 1893 4387 peccaverit
1931 4318 1987 4370 in
2019 4327 2066 4370 te

462 4414 625 4479 frater
649 4418 787 4475 tuus,
811 4408 936 4461 vade
964 4418 1012 4460 et
1039 4408 1242 4476 corripe
1275 4423 1393 4460 eum
1417 4408 1559 4461 solus
1583 4425 1699 4461 cum
1720 4406 2065 4480 solo(Malth.

460 4518 622 4567 xvut,
652 4501 776 4572 i5);
824 4517 888 4556 ac
933 4503 1115 4556 Statim
1163 4501 1514 4571 subjunxisse
1548 4502 1873 4556 Dominum:
1909 4502 2068 4569 Qua:-

464 4609 681 4664 cnmque
702 4592 984 4646 solverisin
1016 4601 1175 4657 terra,
1207 4592 1380 4646 soluta
1410 4602 1558 4645 erunt
1582 4603 1627 4646 ct
1650 4594 1703 4647 in
1726 4594 1897 4659 curtis;
1924 4602 1980 4648 ut
2001 4594 2069 4649 ad

2159 3394 2406 3449 Ecclesia
2432 3393 2576 3447 luit:
2610 3392 2752 3446 unde
2798 3392 2977 3446 omnis
3019 3390 3172 3445 turba
3212 3389 3569 3452 credentium,
3596 3387 3728 3441 unde

2158 3487 2392 3558 populus
2421 3484 2788 3541 Christianus.
2814 3483 2946 3538 Huic
2967 3482 3179 3552 corpori
3203 3488 3381 3535 nostra
3398 3480 3553 3535 etiam
3573 3494 3729 3534 mem-

2159 3581 2256 3636 bra
2283 3580 2571 3648 conjuncta
2613 3587 2768 3641 sunt,
2801 3586 2857 3632 et
2907 3584 3032 3631 tota:
3076 3574 3407 3629 credentium
3449 3573 3729 3640 portiones,

2161 3682 2220 3727 ut
2250 3673 2304 3727 in
2353 3671 2550 3727 bonam
2587 3671 2786 3725 olivam
2833 3684 2899 3726 ex
2940 3668 3177 3724 oleasuo
3216 3669 3449 3738 gentium
3486 3666 3729 3722 conveni-

2161 3771 2315 3827 rent,
2362 3762 2502 3816 sicut
2546 3761 2839 3831 Apostolus
2878 3758 3013 3814 dicit
3046 3773 3058 3810 :
3094 3756 3379 3826 Participes
3429 3758 3732 3830 pinguedinis

2163 3857 2276 3925 ejus
2324 3852 2520 3919 effecta:
2575 3851 2756 3923 (Rom.
2787 3867 2861 3915 χι,
2902 3850 3031 3920 t7)?
3059 3858 3219 3919 atque
3261 3851 3332 3904 ita
3378 3865 3530 3902 unum
3573 3864 3731 3902 omnes

2167 3962 2391 3999 essemus
2414 3947 2467 3999 in
2490 3944 2719 4011 Christo,
2772 3944 2990 3998 Judmus
3016 3953 3064 3998 et
3093 3941 3325 4010 Grtrcus,
3352 3959 3516 3997 servus
3536 3952 3586 3997 et
3616 3942 3731 3996 liber

2169 4036 2315 4110 (Gal.
2345 4053 2426 4103 tu,
2454 4038 2572 4108 28).
2599 4039 2655 4093 Si
2684 4052 2812 4108 ergo
2832 4052 2952 4092 cum
2984 4037 3091 4091 illis
3122 4035 3410 4092 humilibus
3440 4050 3596 4090 unum
3619 4050 3731 4090 cor-

2169 4145 2267 4200 pus
2294 4145 2504 4195 sumus,
2526 4131 2669 4185 dicta
2700 4139 2829 4186 sunt
2854 4138 2911 4185 et
2936 4129 3000 4183 ad
3029 4144 3127 4184 nos
3152 4144 3269 4200 quae
3301 4138 3530 4185 veterum
3566 4128 3728 4183 humi-

2170 4224 2251 4280 les
2278 4225 2571 4279 audierunt
2595 4240 2608 4278 :
2643 4235 2808 4295 atque
2834 4226 2903 4279 ita
2928 4224 3303 4294 omnicorpori
3333 4226 3724 4283 nuntiatumest,

2170 4318 2432 4389 quidquid
2455 4318 2525 4373 de
2550 4319 2798 4389 corporis
2822 4309 2975 4388 parte
3002 4318 3347 4388 praedicatum
3371 4327 3470 4375 est.

2246 4410 2385 4466 XIV.
2426 4412 2610 4466 Dicam
2644 4411 2892 4480 planius:
2927 4411 3019 4466 ille
3067 4412 3330 4481 posterior
3369 4409 3601 4480 populus,
3642 4406 3723 4461 ille

2174 4517 2402 4573 pauper,
2427 4501 2519 4559 ille
2558 4502 2872 4569 mediocris,
2914 4492 3091 4573 imago
3139 4501 3390 4557 Ecclesire
3422 4499 3540 4563 fuit,
3566 4498 3721 4551 anima

2178 4595 2403 4650 humilis
2447 4606 2502 4651 et
2555 4596 2798 4650 modesta
2821 4638 2835 4663 ,
2868 4597 3045 4650 anima
3098 4594 3318 4649 liberata
3348 4608 3437 4663 per
3461 4592 3718 4647 Christum.

466 4685 653 4740 fratris
681 4683 945 4739 oﬂ‘ensam
982 4684 1261 4754 pertinere
1298 4684 1566 4741 videatur.
1612 4687 1749 4757 Age,
1778 4702 1889 4742 non
1921 4688 2071 4744 vides
2097 4674 2153 4735 Ῑ)
2178 4690 2328 4747 Hanc
2356 4692 2505 4746 venit
2545 4691 2805 4746 Dominus
2836 4690 3040 4743 salvam
3088 4688 3292 4752 facere,
3325 4688 3453 4741 hanc
3498 4685 3622 4756 apud
3651 4685 3719 4738 in.

470 4777 613 4848 quod
645 4792 806 4847 supra
836 4778 994 4833 dicit:
1019 4776 1079 4833 Si
1107 4778 1163 4832 in
1189 4787 1238 4831 te
1263 4780 1549 4848 peccaverit
1574 4783 1736 4851 frater
1757 4790 1873 4835 tuus
1895 4799 1914 4838 :
1954 4782 2075 4840 heic

470 4885 602 4926 vero
630 4869 812 4925 addit:
839 4870 1002 4925 Amen
1033 4870 1149 4926 dico
1168 4870 1329 4927 vobis.
1365 4872 1716 4945 Quacumque
1744 4875 1993 4929 solreritis
2023 4877 2079 4931 in

478 4973 638 5031 terra,
669 4971 774 5018 etc.
808 4963 947 5018 Illud
975 4964 1069 5018 uni
1112 4963 1307 5034 jussit,
1342 4964 1447 5021 hoc
1494 4967 1741 5036 pluribus
1779 4968 2076 5026 relaxavit:

472 5057 604 5113 illud
648 5058 770 5129 ipse
815 5059 980 5113 solvit
1012 5060 1066 5113 in
1095 5074 1256 5129 quem
1285 5059 1624 5126 admittitur;
1663 5064 1768 5119 hoc
1794 5079 1944 5131 vero,
1974 5064 2080 5121 Ec-

479 5151 643 5205 clesia
679 5167 694 5203 :
729 5148 884 5217 illud,
912 5150 1032 5206 sine
1077 5151 1382 5220 sacerdote,
1419 5153 1541 5209 sine
1568 5153 1853 5226 fratribus;
1879 5157 1983 5215 hoc
2012 5163 2081 5215 ab

481 5243 736 5298 omnibus
775 5245 1121 5313 impetratur.
1158 5243 1507 5316 Quacumque
1542 5247 1821 5317 solveritis,
1872 5251 2078 5322 iuqttit;

483 5335 707 5391 omnino
753 5336 883 5390 nihil
932 5336 1154 5406 excipit.
1189 5336 1555 5410 Quwcumque,
1599 5340 1772 5411 inquit
1806 5362 1819 5398 :
1853 5343 1938 5399 vel
1968 5360 2083 5400 ma-

479 5441 604 5497 gna,
631 5426 718 5482 vel
748 5427 979 5482 modica.
1017 5427 1251 5485 Attende
1281 5430 1425 5500 quod
1468 5431 1536 5486 ad
1569 5432 1789 5490 Petrum
1818 5434 1964 5490 dicat
1994 5437 2081 5493 in-

482 5517 654 5574 ferius
684 5520 735 5574 id
758 5518 904 5590 quod
944 5529 1196 5591 peccatur
1238 5522 1292 5577 in
1338 5521 1641 5592 hominem,
1694 5530 1999 5598 septuagies
2030 5541 2084 5587 et

482 5612 686 5680 septies
716 5612 1110 5679 relaxandum;
1168 5622 1226 5667 ut
1268 5616 1544 5682 ostendat,
1589 5608 1725 5674 alias
1774 5619 1863 5676 vel
1914 5624 2083 5679 semel

485 5704 887 5773 posse.Tamen
908 5706 996 5779 qui
1023 5706 1077 5763 in
1106 5705 1329 5762 Petrum
1362 5721 1570 5779 peccat,
1592 5710 1879 5767 Dominum
1901 5715 2079 5773 laedit:

558 5858 583 5885 ι
627 5847 1077 5930 ρααζὶιενεθεᾳιιιθ
1110 5849 1397 5930 legendum
1426 5867 1549 5907 cum
1585 5852 1822 5923 Latinio,
1855 5858 2078 5930 aequali-

485 5926 583 5988 ter,
628 5930 684 5975 et
726 5920 804 5977 sic
856 5920 1301 5993 distinguendum
1333 5938 1347 5977 :
1378 5924 1433 5979 in
1473 5940 1744 5983 commune
1776 5920 2082 5999 p'rccipicns

2178 4783 2328 4839 feros
2358 4798 2464 4837 non
2495 4782 2716 4851 reliquit
2749 4799 2761 4835 :
2792 4781 2907 4835 haec
2956 4789 3039 4836 est
3086 4780 3201 4835 ovis
3242 4779 3327 4834 illa
3371 4793 3485 4849 quae
3511 4776 3719 4832 humeris

2181 4885 2493 4947 reportatur
2531 4892 2545 4930 :
2578 4874 2631 4930 id
2674 4886 2793 4941 est,
2826 4876 2947 4930 nisu
2978 4885 3030 4931 ct
3075 4874 3255 4946 vigore
3303 4872 3576 4945 patientiae.
3616 4871 3719 4925 Iltc

2183 4980 2270 5025 est
2324 4969 2622 5034 drachma,
2667 4984 2788 5039 qua:
2832 4970 3094 5039 qureritur
3130 4987 3142 5023 :
3184 4980 3237 5023 et
3266 4967 3484 5030 vicinis,
3532 4966 3717 5019 inventa

2186 5074 2542 5120 monstratur.
2581 5063 2740 5118 Vides
2782 5062 3008 5119 formam
3046 5062 3161 5133 ejus
3214 5059 3532 5117 similitudini
3575 5054 3719 5125 peni-

2188 5159 2414 5213 tentium
2468 5157 2792 5211 convenire?
2834 5155 2999 5211 Vides
3037 5153 3448 5209 misericordiam
3481 5164 3629 5219 usque
3663 5146 3717 5201 ad

2188 5251 2294 5306 hoc
2334 5259 2547 5321 tempus
2593 5249 2848 5307 extendi?
2898 5248 3063 5304 Vides
3111 5260 3453 5318 quaecumque
3498 5241 3717 5298 Ecclesia:

2187 5343 2432 5399 nascenti
2459 5344 2598 5399 dicta
2630 5353 2777 5408 sunt,
2807 5342 2873 5396 ad
2904 5338 3289 5411 plenitudinem
3314 5336 3553 5393 Ecclesia:
3574 5332 3715 5405 perti-

2189 5438 2362 5494 nere?
2386 5437 2512 5494 lnde
2539 5438 2612 5494 ibi
2636 5438 2900 5494 Dominus
2929 5433 3127 5504 adjecit
3149 5450 3163 5487 :
3209 5433 3296 5489 Sic
3317 5432 3409 5488 erit
3433 5430 3651 5504 gaudium
3673 5427 3716 5479 in

2190 5535 2316 5588 cwlo
2363 5550 2517 5603 super
2561 5549 2721 5587 unum
2777 5538 3088 5601 peccatorem
3136 5526 3463 5599 paenitentiam
3501 5530 3712 5594 agentem.

2191 5644 2346 5696 quam
2374 5644 2525 5701 super
2554 5626 2835 5698 nonaginta
2876 5638 3050 5677 nouem
3090 5624 3292 5694 justas,
3334 5618 3503 5692 quibus
3529 5631 3618 5669 non
3641 5612 3717 5684 (sit

2192 5737 2323 5791 opus
2368 5721 2663 5793 pamitentia
2691 5716 2847 5789 (Luc.
2880 5732 2968 5782 xv,
3000 5714 3075 5788 7).
3106 5713 3237 5771 Nam
3285 5712 3329 5769 si
3371 5710 3536 5767 omnia
3561 5706 3638 5763 illa
3662 5702 3715 5759 ad

2188 5858 2472 5930 aqualiter,
2504 5868 2695 5930 tamen,
2719 5864 2826 5930 etc.
2863 5926 2875 5930 _
2931 5925 2949 5930 _
3032 5924 3042 5930 ι
3088 5923 3101 5930 _
3224 5916 3228 5920 .

2262 5930 2290 5970 δ
2332 5930 2437 5985 Illa
2459 5917 2718 5987 'membra.
2749 5926 2902 5999 Legit
2928 5923 3189 5992 Latinius,
3220 5917 3285 5977 an
3320 5936 3370 5977 tn
3397 5919 3483 5974 illa
3509 5917 3711 5973 membro.
