3854 6392
162 400 309 457 1075

1566 406 1902 466 EPISTOLA
1940 408 2027 465 Ill.

3322 420 3461 478 1074

160 518 598 572 commonendos
632 533 729 573 nos
758 520 960 587 scripta
990 529 1144 582 sunt;
1175 522 1260 575 cui
1291 521 1506 578 tandem
1527 524 1761 595 populus
1788 531 1841 591 Α
1865 542 1961 599 per
1986 538 2227 585 sanctum
2251 530 2515 601 Spiritum
2545 534 2897 605 gerebantur.
2932 535 2989 591 In
3010 537 3230 594 caeteris
3260 539 3460 608 quippe

162 610 259 664 ille
282 621 534 679 peccator
575 611 796 668 humilis
823 614 1251 684 comparabitur,
1286 615 1388 671 nisi
1419 618 1619 688 populo
1646 633 1762 688 pm-

160 703 399 757 nitenti?
424 707 500 759 Ae
527 707 571 759 si
606 707 787 776 ﬁguris
821 707 871 761 in
902 706 1147 761 ordinem
1180 711 1611 775 recurrentibus,
1660 726 1763 766 no-

160 797 384 865 naginta
420 813 613 853 novent
641 815 786 854 sana:
809 842 825 866 ,
871 801 1049 855 omnis
1084 802 1326 857 Ecclesia
1354 813 1465 869 est;
1499 821 1606 859 una
1632 821 1763 863 vero

159 892 418 957 erratica,
445 891 880 962 delinquentium
908 896 1243 962 portiuncula
1274 907 1356 951 est
1380 916 1392 947 τ
1417 914 1479 953 ac
1506 898 1761 956 drachma

156 999 285 1053 qua:
312 984 495 1054 periit,
530 987 700 1041 miser
724 987 814 1041 ille
841 998 1092 1056 peccator
1117 1000 1199 1043 est
1229 1007 1240 1041 :
1266 990 1482 1046 rediens
1506 1002 1628 1062 post
1656 1009 1764 1049 ma-

157 1082 211 1131 la
243 1091 343 1131 sua
375 1077 537 1145 ﬁlius,
587 1080 868 1149 redempto
912 1081 992 1134 illi
1036 1083 1234 1137 similis
1278 1084 1596 1140 aestimatur.
1641 1086 1759 1142 Jam

156 1178 313 1225 recte
354 1186 384 1226 a
408 1188 495 1227 me
526 1175 758 1243 positum
787 1174 962 1239 vides,
994 1190 1117 1229 cum
1154 1176 1222 1230 dc
1255 1179 1631 1246 pmnitentium
1661 1195 1759 1235 cu-

159 1265 378 1321 ratione
406 1276 732 1330 tractarem,
782 1268 984 1322 dixisse
1014 1269 1342 1323 Dominum:
1393 1270 1512 1325 Non
1535 1282 1611 1327 est
1633 1289 1763 1343 aptis

153 1356 303 1411 sanis
356 1357 575 1425 medico,
630 1360 720 1411 sed
767 1360 899 1413 male
949 1360 1248 1414 habentibus
1292 1360 1503 1429 (Matth.
1540 1363 1756 1434 ιι,12).

155 1445 328 1501 Recte
366 1456 420 1502 et
448 1448 579 1501 illud
612 1464 623 1500 :
651 1448 795 1503 Beati
831 1450 1085 1519 lugentes,
1108 1452 1351 1520 quoniam
1375 1453 1474 1524 ipsi
1518 1454 1761 1509 consola-

152 1539 353 1594 buntur
382 1540 596 1610 (Matth.
629 1556 682 1606 v,
712 1541 789 1610 5).
815 1542 1091 1611 Quidquid
1122 1543 1192 1597 de
1224 1544 1530 1612 publicanis
1549 1556 1604 1601 et
1632 1561 1756 1617 pec-

152 1633 439 1687 catoribus
466 1634 670 1688 dictum
699 1644 803 1698 est,
834 1635 900 1688 ad
944 1650 1118 1705 :rgros
1147 1652 1338 1693 omnes
1364 1649 1415 1693 et
1438 1655 1633 1695 omnes
1656 1640 1760 1695 mi—

152 1737 317 1778 seros
346 1724 663 1794 pertinebit.

234 1818 351 1872 XV.
388 1820 462 1874 De
492 1821 649 1883 solis,
679 1821 759 1873 ais
786 1822 1044 1891 scriptum
1072 1837 1192 1878 esse
1213 1825 1541 1895 martyribus
1571 1842 1583 1879 :
1612 1825 1762 1881 Beati

1868 622 2127 689 peccatis,
2174 633 2265 677 aut
2294 638 2484 680 errore
2535 627 2791 691 labimur,
2840 636 2935 683 aut
2960 639 3107 683 metu
3138 630 3458 702 frangimur,

1866 721 1954 764 aut
1985 714 2161 768 carnis
2192 714 2512 771 inﬁrmitate
2554 733 2890 787 superamur.
2949 720 3075 775 Haec
3122 724 3339 777 caecitas
3380 733 3467 779 est

1867 819 1974 858 non
2023 804 2207 860 videre
2254 806 2401 875 quod
2433 807 2642 876 videas,
2702 818 2757 863 et
2794 813 2967 865 sancti
3014 811 3246 883 Spiritus
3300 830 3467 883 Opera

1866 895 2081 950 diabolo
2108 896 2389 966 deputare,
2422 914 2651 970 eamque
2678 902 2905 971 gloriam
2955 902 3169 958 Domini
3214 920 3314 975 qua
3347 905 3463 959 dia-

1867 986 2021 1041 bolus
2071 988 2203 1067 ipse
2236 1000 2556 1058 superatur,
2604 992 2811 1047 diaboli
2856 995 3133 1063 appellare
3177 996 3456 1052 virtutem.

1868 1076 1894 1115 δ
1924 1076 2034 1132 Hoc
2069 1089 2151 1134 est
2176 1095 2309 1148 ergo
2337 1081 2480 1150 quod
2534 1098 2638 1136 non
2670 1082 3017 1140 dimittetur:
3044 1086 3251 1157 reliqua
3300 1088 3461 1144 bonis

1864 1173 2274 1241 paenitentibus,
2302 1172 2468 1230 frater
2507 1176 2927 1247 Symprouiane,
2954 1179 3243 1235 donantur.

1936 1264 2074 1321 XVI.
2104 1266 2374 1331 Posthzcc,
2425 1270 2493 1324 de
2529 1271 2818 1327 sarmentis
2842 1283 2895 1328 et
2923 1273 3033 1329 vite
3058 1274 3312 1344 proponis
3334 1275 3413 1329 sic
3442 1294 3456 1330 :

1862 1355 1953 1412 Ait
1984 1358 2243 1415 Dominus
2270 1360 2412 1430 apud
2442 1361 2704 1418 Joannem
2741 1381 2754 1418 :
2787 1364 2902 1437 Ego
2946 1382 3061 1419 sum
3106 1368 3218 1419 vitis
3243 1383 3382 1431 vera,
3411 1378 3460 1419 ct

1864 1445 2025 1502 Pater
2043 1465 2183 1505 meus
2207 1452 2486 1522 agricttttor
2508 1464 2580 1507 est
2589 1495 2602 1507 .
2624 1454 2787 1508 Omne
2807 1466 3118 1510 sarmentum
3144 1458 3197 1510 in
3225 1473 3302 1509 me
3320 1459 3460 1527 quod

1861 1554 1963 1592 non
1992 1538 2147 1606 alfert
2182 1543 2440 1612 fructum,
2483 1543 2626 1597 tollet
2644 1544 2813 1611 illud;
2839 1556 2887 1598 et
2928 1563 3076 1600 omne
3111 1549 3459 1618 fructiferum,

1860 1633 2100 1703 purgabit
2118 1632 2249 1688 illud
2278 1634 2459 1704 (Joan.
2490 1652 2584 1703 xv,
2614 1638 2692 1708 1).
2722 1638 2887 1695 Vides
2936 1641 3102 1710 igitur
3130 1641 3185 1695 in
3214 1656 3462 1697 sarmen-

1861 1721 1931 1775 tis
1953 1724 2185 1778 fructum
2212 1728 2437 1794 requiri,
2493 1726 2545 1782 id
2595 1739 2679 1783 est
2724 1729 2871 1786 bona
2899 1746 3068 1800 opera
3102 1733 3459 1799 ptenitentite,

1861 1812 2002 1868 sicut
2026 1813 2264 1872 Joannes
2291 1819 2368 1871 ait
2397 1836 2412 1873 :
2442 1817 2627 1873 Facite
2656 1836 2777 1891 ergo
2798 1824 3022 1892 fructum
3059 1824 3270 1896 dignum
3298 1826 3463 1896 poeni-

146 1914 411 1980 lugentes.
444 1911 618 1965 Nemo
660 1928 790 1981 ergo
827 1923 1025 1982 praeter
1053 1914 1197 1981 illos,
1240 1925 1463 1985 peccata
1491 1933 1583 1972 sua
1613 1919 1756 1987 plan-

1868 1906 2037 1960 tentite
2060 1906 2276 1975 (Matth.
2309 1925 2390 1977 ttt,
2421 1910 2501 1982 8).
2532 1911 2698 1969 Vides
2736 1926 3009 1970 sarmenta
3042 1920 3295 1987 purgari,
3340 1934 3461 1989 qua:

144 2002 270 2071 git?
300 2000 417 2056 Non
469 2003 632 2056 David
666 2004 902 2057 clamat:
955 2003 1160 2058 Lavabo
1199 2022 1288 2074 per
1327 2008 1558 2078 singulas
1587 2018 1760 2064 noctes

146 2097 347 2149 lectum
370 2112 537 2150 meum
576 2096 748 2167 (Psal.
781 2113 855 2163 γι,
886 2098 964 2166 7).
999 2097 1065 2152 Et
1112 2100 1308 2154 iterum
1350 2118 1364 2155 :
1400 2100 1658 2168 Quonim
1683 2104 1761 2156 ci-

142 2206 348 2256 nerem,
384 2192 517 2245 sicut
540 2207 725 2261 panem
748 2193 863 2255 edi;
894 2203 940 2244 et
974 2204 1150 2259 potum
1173 2210 1339 2246 meum
1369 2210 1485 2247 cum
1513 2196 1637 2263 ﬂetu
1662 2196 1778 2249 mis

142 2283 357 2335 scebam
387 2280 566 2351 (Psal.
593 2297 667 2345 ct,
694 2282 805 2351 10).
827 2281 942 2335 Non
961 2281 1129 2336 Jacob
1152 2281 1317 2337 dicit:
1346 2284 1479 2336 Anni
1500 2286 1619 2338 vita
1638 2300 1763 2339 mete

143 2374 421 2427 durissimi
449 2372 621 2442 (l’sul.
655 2390 817 2438 XLVII,
858 2374 936 2444 9).
992 2374 1106 2428 Non
1138 2374 1437 2443 Apostolus
1477 2374 1543 2429 ad
1572 2375 1759 2430 Timo-

142 2466 341 2519 tlteum
370 2481 383 2516 :
418 2462 726 2518 Desiderans
755 2475 802 2517 te
832 2464 1023 2529 videre,
1052 2480 1245 2517 memor
1273 2465 1618 2535 lacrymarum
1648 2477 1761 2520 tua-

139 2573 268 2610 rum
299 2554 370 2624 (ΙΙ
400 2554 537 2609 Tim.
568 2573 608 2622 t,
635 2556 727 2626 4)?
749 2556 859 2610 Nec
888 2566 1068 2610 tamen
1095 2555 1199 2611 hoc
1218 2556 1287 2611 de
1311 2568 1553 2628 martyre
1576 2558 1758 2628 loque-

142 2650 337 2704 batur.
367 2649 508 2714 Quid
538 2650 716 2702 nunc?
750 2648 929 2703 Miseri
977 2650 1304 2717 paenitentes
1340 2650 1520 2705 siccos
1560 2649 1762 2705 habent

140 2742 384 2798 oculos?
408 2740 476 2795 Et
495 2742 585 2811 qui
610 2756 868 2811 peccasse
905 2757 964 2796 se
993 2741 1209 2806 dolent,
1236 2740 1369 2796 flere
1392 2756 1500 2796 non
1530 2744 1761 2797 norunt?

142 2836 258 2902 Ipsi
300 2835 795 2899 communicantes,
830 2835 930 2903 ipsi
962 2834 1155 2890 ﬁdeles
1176 2876 1194 2897 ,
1225 2834 1494 2905 lacrymas
1525 2850 1633 2891 non
1665 2836 1762 2891 ha—

140 2928 386 2983 bemus?
414 2926 735 2996 Quempiam
763 2937 1007 2981 nostrum
1034 2970 1047 2991 ,
1079 2928 1352 2996 gaudente
1380 2929 1605 2996 mundo,
1628 2946 1759 3001 gau-

139 3022 284 3076 dere
310 3020 582 3074 delectat?
615 3020 721 3074 Vos
747 3020 1055 3083 Novatiani,
1081 3023 1187 3088 iam
1209 3021 1385 3075 satiati
1409 3023 1554 3087 estis,
1578 3023 1760 3078 divites

140 3114 277 3184 facti
298 3115 437 3177 estis,
466 3114 577 3165 sine
596 3113 738 3166 nobis
758 3130 973 3183 regnare
995 3114 1219 3184 coepistis
1243 3113 1283 3177 (Ι
1303 3113 1421 3168 Cor.
1446 3130 1520 3178 tv,
1540 3114 1619 3185 8).
1639 3114 1757 3170 Non

138 3221 284 3270 ergo
306 3216 329 3240 α
361 3207 592 3274 quisque
634 3206 955 3259 miserabilis
988 3214 1092 3269 est,
1128 3208 1200 3258 ita
1230 3206 1424 3272 incipit
1445 3220 1568 3260 esse
1595 3207 1759 3261 mise-

1857 2012 1980 2054 sunt
2006 2000 2332 2059 detrimenta
2356 2006 2568 2071 carnis,
2588 2006 2784 2061 damna
2810 2008 3032 2075 lzetitite,
3062 2010 3261 2065 damna
3286 2013 3459 2081 patri-

1858 2092 2060 2156 monii,
2094 2094 2216 2153 vita:
2243 2096 2488 2163 labores;
2518 2100 2608 2168 qui
2648 2110 2804 2154 actus
2837 2102 3053 2171 proprie
3081 2103 3461 2172 poenitentium

1857 2192 2002 2239 sunt.
2028 2185 2195 2242 Vides
2238 2191 2401 2243 etiam
2454 2191 2844 2260 agriculturam
2899 2194 3151 2261 Domini,
3196 2199 3289 2265 qui
3345 2197 3461 2265 ipsa

1859 2276 2021 2329 etiam
2068 2289 2343 2335 sarmenta
2391 2296 2497 2337 non
2532 2285 2743 2351 perdat,
2775 2285 2870 2340 sed
2914 2296 3106 2355 purget
3131 2297 3186 2341 et
3213 2289 3460 2357 colligat,

1861 2366 2037 2437 aliqua
2066 2368 2225 2436 plane
2260 2372 2313 2424 itt
2357 2372 2533 2441 ignem
2553 2415 2569 2439 ,
2601 2375 2782 2444 aliqua
2810 2377 3152 2431 novellandis
3178 2380 3461 2448 pastinan-

1860 2459 2053 2530 disque
2082 2463 2273 2517 vineis.
2301 2464 2382 2517 Eli
2412 2466 2693 2533 sacerdos,
2720 2469 2820 2531 ais,
2851 2469 3088 2539 loquitur
3109 2481 3163 2525 et
3190 2472 3322 2526 diett
3351 2489 3362 2522 :
3396 2472 3461 2527 Si

1860 2554 1937 2607 vir
1957 2555 2011 2607 in
2033 2556 2199 2608 virum
2240 2560 2556 2627 peccaverit,
2612 2560 2833 2613 orabunt
2884 2578 2977 2631 pro
3021 2579 3110 2629 eo;
3141 2564 3375 2618 siautem
3404 2566 3456 2618 in

1858 2641 2023 2698 Deum
2064 2650 2344 2717 peccaverit
2370 2651 2484 2719 quis
2530 2652 2698 2704 orabit
2747 2668 2842 2715 pro
2875 2668 2935 2705 eo
2974 2653 2993 2723 (
3012 2654 3031 2707 l
3060 2653 3186 2722 Reg.
3220 2670 3282 2719 tt,
3311 2656 3405 2725 25)
3436 2658 3458 2709 ’ἒ

1862 2738 2102 2795 Joannes
2158 2742 2342 2796 itidem
2379 2764 2394 2797 :
2429 2743 2490 2799 Si
2528 2747 2642 2815 quis
2686 2747 2781 2799 scit
2811 2763 3023 2815 peccare
3061 2752 3274 2815 frater
3309 2767 3459 2803 suum

1862 2844 2121 2903 peccatum
2148 2852 2252 2888 non
2279 2837 2454 2905 utique
2480 2838 2548 2889 ad
2578 2850 2811 2902 mortem,
2844 2839 3117 2907 postulabit
3150 2858 3244 2909 pro
3288 2858 3366 2907 eo,
3411 2853 3460 2895 et

1862 2924 2003 2979 dabit
2031 2926 2115 2980 illi
2156 2928 2311 2982 vitam
2343 2927 2501 2983 Deus.
2543 2929 2634 2984 Est
2679 2941 2849 2983 auttm
2897 2948 3160 3000 peccatum
3205 2937 3344 2998 quod
3394 2938 3462 2987 ad

1860 3028 2074 3071 mortem
2099 3019 2260 3077 ducit.
2290 3035 2391 3072 non
2412 3035 2506 3090 pro
2531 3020 2626 3072 illo
2649 3020 2762 3072 diro
2781 3032 2837 3073 ut
2862 3021 3145 3090 depreceris
3167 3022 3381 3089 (lJoan.
3404 3040 3454 3089 ν,

1864 3106 1976 3178 16).
2010 3107 2175 3163 Vides
2204 3112 2306 3164 ltnc
2336 3121 2503 3165 totum
2528 3111 2593 3163 ad
2618 3120 2831 3178 peccata
2853 3115 3129 3166 manentia
3157 3116 3457 3182 pertinere,

1862 3215 1967 3255 non
1999 3202 2064 3254 ad
2096 3216 2193 3256 eos
2230 3202 2321 3272 qui
2360 3202 2655 3272 aliquando
2689 3206 3064 3271 peccaverint,
3105 3213 3159 3258 et
3195 3208 3462 3273 tmperint

142 3297 378 3353 randus.
412 3296 538 3350 Post
582 3297 694 3350 haec
744 3296 1028 3365 proponis,
1079 3305 1135 3351 et
1170 3295 1309 3349 dicis
1345 3297 1607 3365 scriptum
1636 3312 1759 3353 esse
1787 3290 1833 3354 C
1865 3295 2156 3362 paenitere,
2187 3304 2312 3347 ante
2339 3308 2499 3363 quam
2531 3294 2814 3363 quisquam
2843 3310 2942 3365 pro
2972 3294 3083 3348 illis
3116 3310 3288 3366 roget.
3317 3296 3463 3351 Lon-

142 3405 251 3461 pcr
289 3389 573 3442 Dominum
611 3406 622 3441 :
657 3388 822 3441 Omne
854 3399 1120 3455 peccatum
1165 3397 1213 3441 et
1240 3388 1563 3455 blasphemia
1585 3390 1760 3442 remit-

139 3492 288 3535 tetur
315 3480 634 3545 ‘tominibus;
661 3481 762 3544 Qui
800 3491 973 3532 autem
1009 3480 1064 3532 in
1108 3480 1365 3547 Spiritum
1389 3492 1623 3533 sanctum
1642 3495 1761 3549 pec-

139 3573 361 3637 caverit,
415 3588 519 3625 non
549 3572 835 3624 dimittetur
875 3572 922 3625 ei
967 3588 1128 3641 neque
1164 3574 1268 3639 hic,
1318 3589 1481 3642 neque
1507 3575 1559 3626 in
1583 3576 1757 3642 futuro

140 3665 377 3737 (Matth.
408 3680 504 3729 xtl,
534 3666 625 3729 51,
646 3664 766 3732 52).
800 3666 906 3718 Aut
928 3680 1029 3733 ego
1061 3665 1236 3721 fallor.
1277 3674 1371 3718 aut
1396 3666 1535 3719 istud
1577 3680 1760 3720 exem-

142 3760 302 3829 plum
342 3768 528 3811 contra
573 3766 626 3811 te
677 3755 841 3810 valet.
891 3756 1019 3809 Nam
1080 3757 1122 3809 si
1172 3771 1333 3810 omne
1378 3765 1661 3825 peccatum
1700 3766 1758 3810 et

140 3849 490 3918 blasphemia
543 3848 891 3913 relaxabitur,
940 3848 1094 3903 vides
1122 3848 1335 3902 veniam
1367 3850 1759 3919 paenitentibus

139 3957 262 3996 non
308 3942 510 4010 negari.
542 3938 690 4010 Ergo
732 3956 893 3995 omne
916 3953 1217 4010 peccatum,
1249 3956 1384 4012 ergo
1405 3942 1521 4010 ipsa
1545 3958 1761 4012 quoque

140 4034 511 4103 blasphemia.
564 4033 744 4090 Habes
786 4032 1026 4087 additum
1069 4033 1367 4089 secundum
1399 4033 1601 4087 Lucam
1640 4051 1653 4087 :
1689 4032 1759 4087 Et

138 4128 203 4180 in
226 4127 396 4193 [ilium
415 4124 636 4178 hominis
655 4128 937 4193 peccaverit
956 4128 1239 4177 remittetur
1266 4126 1312 4177 ei
1342 4123 1495 4195 (Luc.
1516 4140 1611 4191 stt,
1642 4125 1752 4195 10).

140 4218 291 4283 Quid
322 4216 421 4270 hoc
450 4218 681 4284 amplius
706 4217 773 4270 de
821 4217 1195 4269 misericordia
1242 4217 1374 4280 Dei,
1407 4216 1475 4270 de
1516 4216 1759 4272 clemen-

142 4312 223 4366 tia
249 4308 575 4379 judieautis?
606 4312 685 4363 An
734 4325 841 4362 non
872 4308 1080 4363 invidet
1108 4309 1301 4364 oculus
1333 4318 1480 4375 tuus,
1502 4310 1634 4379 quia
1658 4309 1757 4364 ho-

139 4419 257 4462 nus
296 4412 380 4458 est
424 4402 815 4473 paterfamilias
840 4402 1060 4474 (Matth.
1094 4419 1198 4470 xx,
1224 4402 1351 4475 ιδῃ
1378 4402 1498 4459 Non
1526 4402 1654 4458 licet
1676 4403 1757 4457 illi

141 4498 357 4562 facere,
382 4496 524 4566 quod
555 4495 705 4550 vult?
736 4496 874 4562 Quin
905 4497 1073 4550 immo
1095 4537 1110 4561 ,
1149 4507 1203 4549 tu
1223 4497 1336 4566 quis
1360 4513 1413 4549 es
1439 4496 1528 4567 qui
1545 4497 1757 4568 judicas

140 4590 396 4647 servum?
423 4588 644 4644 Domino
669 4606 760 4644 suo
783 4600 903 4655 stat,
944 4600 1035 4643 aut
1056 4592 1194 4644 cadit
1217 4606 1236 4645 :
1262 4589 1455 4645 Potens
1481 4600 1555 4643 cst
1582 4601 1755 4644 autem

1859 3400 1984 3454 gum
2011 3396 2115 3451 est,
2149 3396 2206 3439 ut
2251 3387 2495 3455 exempla
2546 3388 2891 3456 repliceunts.
2926 3388 3166 3443 Attende
3202 3391 3455 3445 universa

1861 3488 2077 3546 peccata
2107 3480 2306 3546 quibus
2348 3479 2612 3533 Dominus
2656 3483 3019 3535 ctunminzttur
3049 3500 3062 3534 :
3090 3482 3202 3551 jam
3246 3483 3458 3537 videbis

1857 3584 1981 3625 esse
2012 3572 2318 3639 przesentia.
2348 3573 2499 3638 Quod
2551 3575 2596 3627 si
2637 3587 2741 3626 non
2794 3573 3033 3641 pridi-rit
3060 3575 3206 3642 justo
3236 3574 3288 3627 in
3320 3584 3457 3629 tem-

1858 3677 1987 3729 pore
2025 3661 2325 3730 iniquitatis
2377 3678 2489 3717 sua:
2544 3666 2812 3730 prietet'ita
2854 3667 3100 3734 jnstitta;
3148 3683 3251 3720 non
3280 3667 3458 3721 oberit

1858 3755 2021 3823 impio
2065 3756 2118 3809 in
2176 3765 2419 3824 tempore
2458 3755 2684 3825 iustitia:
2744 3773 2855 3811 stite
2897 3757 3151 3827 iniquitas
3196 3760 3456 3813 derelicta

1860 3847 2076 3919 (Ezech.
2102 3864 2255 3916 xvm,
2278 3848 2395 3919 24).
2421 3864 2542 3903 cum
2593 3850 2852 3918 scriptum
2905 3851 2976 3904 sit
3007 3867 3019 3903 :
3054 3850 3329 3921 Relinquat
3358 3854 3458 3904 im-

1860 3942 1975 4007 pius
2001 3942 2110 3994 vias
2139 3957 2282 4004 suas,
2316 3951 2363 3993 et
2409 3942 2487 3993 uir
2516 3942 2837 4012 [acinorosus
2867 3943 3201 4015 cogitationes
3231 3958 3384 4008 suas;
3406 3952 3457 3996 et

1858 4043 2180 4087 convertatur
2221 4033 2289 4087 ad
2344 4030 2528 4103 Deum,
2560 4044 2608 4086 et
2665 4034 3071 4087 misericordiam
3116 4046 3453 4105 consequetur

1857 4124 1993 4193 (Isa.
2027 4140 2114 4189 ιν,
2141 4123 2220 4193 7).
2266 4124 2419 4189 Quod
2449 4126 2495 4179 si
2541 4124 2684 4179 Deus
2711 4125 2872 4179 etiam
2918 4134 3135 4194 peccata
3178 4127 3453 4195 praeterita

1858 4216 2092 4285 punivit,
2126 4224 2149 4252 ε
2172 4214 2349 4284 deque
2398 4215 2685 4269 transactis
2729 4225 2781 4269 et
2823 4217 3205 4285 praetermissis
3235 4231 3449 4286 ptenam

1857 4306 2289 4378 suppliciumque
2308 4308 2622 4371 constituit;
2648 4323 2767 4374 age,
2802 4323 2908 4361 non
2958 4308 3119 4363 habet
3148 4310 3200 4362 in
3232 4325 3325 4363 sua
3354 4324 3449 4379 po-

1858 4407 2054 4453 testate
2087 4408 2297 4451 tnutare
2340 4397 2703 4451 sententiam?
2728 4396 2847 4452 Non
2873 4397 3079 4463 Rabab,
3107 4414 3214 4453 non
3259 4397 3442 4453 Nabu-

1857 4489 2203 4545 chodonosor
2230 4505 2437 4559 regem,
2474 4504 2582 4543 non
2614 4490 2967 4555 Gabaonitas,
3017 4506 3122 4545 non
3162 4490 3450 4557 Ninivitas,

1860 4600 1965 4639 nou
2016 4584 2189 4653 Segor
2236 4596 2265 4634 a
2316 4581 2572 4650 praedicto
2613 4582 2834 4636 interitu
2865 4582 3146 4637 liberavit?
3186 4581 3305 4637 Non
3350 4599 3448 4651 per

144 4683 299 4737 Deus
318 4692 540 4736 statuere
562 4682 710 4736 illum
735 4682 910 4752 (Rom.
939 4698 1051 4749 χιν,
1079 4683 1159 4753 4).
1189 4682 1294 4737 Sed
1334 4683 1422 4753 qui
1465 4682 1519 4735 in
1549 4680 1754 4749 Spiritu
1781 4669 1836 4729 D
1860 4677 2059 4744 ipsum,
2086 4672 2203 4729 Joel
2227 4682 2375 4728 vates
2404 4673 2517 4728 haec
2546 4673 2721 4727 intulit
2749 4690 2762 4727 :
2795 4674 3162 4728 Convertimini
3180 4674 3247 4727 ad
3268 4672 3452 4727 Domi-

142 4782 334 4828 sancto
348 4772 795 4842 blasphentat'erit,
816 4774 918 4840 ais,
941 4790 1043 4827 non
1068 4775 1354 4826 remittetur
1370 4774 1419 4826 ei
1431 4771 1645 4842 (Matth.
1662 4787 1757 4839 xu,

144 4872 287 4942 δὲ).
330 4870 503 4932 Soles,
537 4878 682 4923 totas
706 4884 1029 4938 percurrere
1066 4871 1369 4925 lectiones:
1397 4885 1496 4925 cur
1532 4869 1620 4924 hic
1650 4884 1757 4924 non

147 4961 370 5033 legisti,
405 4961 533 5030 quid
565 4962 636 5015 sit
665 4960 829 5027 istud,
865 4959 931 5014 In
958 4961 1163 5029 Spiritu
1183 4961 1209 5014 2’
1229 4961 1410 5016 Habes
1436 4976 1599 5031 supra
1624 4960 1760 5016 scri-

146 5066 310 5128 ptum
329 5096 345 5120 ,
372 5068 495 5108 cum
528 5053 789 5107 Dominus
816 5052 1083 5107 daemonia
1112 5054 1281 5106 verbo
1306 5054 1537 5123 fugaret,
1569 5062 1624 5108 et
1646 5053 1756 5107 vir-

147 5156 305 5202 tutes
335 5146 531 5199 multas
561 5144 783 5213 speciali
810 5145 996 5213 vigore
1023 5142 1332 5211 compleret
1350 5184 1366 5209 ,
1387 5144 1595 5200 dixisse
1620 5145 1759 5199 Pha-

146 5242 392 5297 riswos:
440 5237 542 5291 Hic
566 5254 669 5292 non
690 5235 901 5307 expellit
941 5237 1197 5291 damonia
1244 5236 1345 5289 nisi
1390 5236 1445 5289 in
1476 5234 1759 5290 Beelzebub

148 5330 395 5403 principe
415 5328 789 5383 daemoniorum
830 5326 1018 5400 (Ibid.,
1043 5325 1139 5398 Ἡ)
1173 5343 1186 5380 :
1218 5328 1321 5381 hoc
1343 5335 1449 5391 est,
1495 5327 1551 5382 in
1589 5326 1762 5399 Spiri-

152 5435 276 5479 tum
306 5430 554 5476 sanctum
603 5421 921 5491 deliquisse,
969 5420 1021 5473 in
1067 5434 1129 5474 ea
1178 5419 1588 5489 blaspltemasse
1637 5436 1759 5492 quae

230 5590 258 5619 ι
305 5579 549 5650 Quisque.
583 5576 711 5647 Leg.
736 5588 791 5631 ut
809 5578 1048 5650 quisque.

228 5652 259 5691 δ
291 5644 494 5706 Hocest
515 5644 779 5722 ειηοριιῑ.Δ
804 5644 1201 5722 ιζίιειῖιιιιειιίειξΔ
1220 5644 1384 5722 verba
1413 5645 1468 5702 S.
1498 5645 1751 5700 Paciani:

150 5724 366 5792 reliqua
395 5715 611 5791 peccat'a
640 5715 1031 5792 'dimitti‘bouis
1059 5715 1472 5787 paenitentibus,
1513 5732 1618 5792 non
1657 5732 1756 5792 au-

152 5788 691 5861 tent'blaspltetuiam
743 5791 794 5842 in
836 5789 1099 5854 Spiritum
1132 5796 1379 5861 sanctum
1414 5802 1426 5837 :
1461 5790 1583 5854 quia
1611 5788 1757 5842 ordi-

156 5866 314 5923 narie
334 5873 387 5918 ct
419 5857 476 5915 ut
500 5862 791 5932 plut-imum
815 5872 1090 5930 peccatum
1112 5857 1378 5928 (’jthtlIOdi
1408 5874 1512 5913 non
1537 5870 1755 5912 curatur

1859 4784 1983 4822 num
2016 4767 2180 4821 Deum
2235 4781 2491 4831 oestrum,
2538 4766 2789 4834 simulque
2822 4766 3050 4839 jejunio,
3104 4775 3152 4819 et
3196 4766 3346 4832 ﬂetu,
3401 4774 3450 4819 et

1859 4860 2104 4930 planctu;
2128 4857 2253 4928 quia
2280 4857 2568 4910 misericors
2614 4864 2706 4922 est,
2737 4857 2959 4925 patiens,
3000 4864 3048 4909 et
3096 4854 3444 4927 longaninms,

1858 4962 1909 5009 et
1928 4952 2101 5005 multa
2137 4948 2505 5012 miserationis,
2548 4956 2596 5000 et
2621 4948 2867 5016 pwnitens
2891 4948 2945 4999 in
2971 4946 3203 5001 malitiis.
3238 4946 3305 5000 Et
3334 4950 3449 5017 quis

1859 5051 1955 5103 scit
1980 5048 2025 5101 si
2052 5061 2280 5101 reversus
2320 5042 2660 5112 paenitebitur,
2704 5051 2749 5096 et
2780 5043 3028 5112 relinquet
3057 5051 3172 5113 post
3211 5058 3265 5095 se
3297 5042 3447 5094 bene-

1864 5141 2135 5195 dictionem
2162 5136 2322 5207 (Joel.
2354 5151 2413 5203 ιι,
2447 5133 2670 5203 12-14)“2
2695 5134 2879 5201 Quare
2895 5134 3066 5188 sicubi
3097 5134 3446 5187 constitutam

1866 5231 2215 5304 peccantibus
2229 5245 2440 5301 pinnam
2466 5228 2800 5299 probaveris,
2830 5227 2933 5281 hoc
2960 5224 3192 5291 tenebis,
3209 5235 3303 5280 aut
3323 5241 3449 5293 pec.

1867 5327 2005 5382 catis
2028 5321 2502 5395 perseverantibus
2515 5318 2889 5381 constitutam,
2908 5327 2998 5370 aut
3011 5316 3316 5371 libertatem
3332 5315 3446 5371 Deo

1870 5420 2111 5475 relictam
2129 5414 2420 5481 mutandae,
2438 5415 2482 5467 si
2508 5412 2789 5480 paeniteas,
2812 5408 2877 5463 ad
2900 5409 3120 5463 meliora
3135 5406 3443 5462 sententize.

1864 5588 1963 5644 per
1975 5584 2154 5627 veram
2175 5566 2543 5644 ptenitentiam
2567 5562 2751 5644 :gjusto
2773 5562 2993 5644 judicio,
3022 5560 3311 5644 deserente
3333 5560 3446 5644 Deo

1864 5632 1929 5699 ac
1958 5644 2010 5697 in
2041 5632 2329 5709 reprobum
2356 5649 2570 5709 sensum
2587 5634 2835 5709 tradente
2850 5646 2949 5709 eos
2980 5632 3170 5709 quiita
3188 5641 3441 5709 peccant.

1867 5714 1985 5769 Vld.
2021 5701 2401 5766 Bellarminutn
2425 5707 2516 5759 lib.
2550 5720 2589 5758 ιι
2629 5705 2691 5757 de
2714 5702 3040 5772 Paenit.cap.
3074 5703 3157 5756 l6.
3186 5701 3439 5757 BBASICI.

1940 5796 1960 5822 ε
2007 5782 2174 5853 Deque
2202 5791 2365 5853 trans.
2400 5777 2488 5853 Sic
2537 5774 2735 5853 optime
2773 5775 3011 5828 restituit
3041 5773 3278 5828 Latinius
3318 5788 3428 5841 pra-

1863 5870 1981 5909 vam
2011 5846 2274 5907 editorum
2320 5850 2623 5904 lectionem.
2656 5846 2715 5896 de
2742 5861 2839 5905 quo
2870 5854 3028 5903 trans.
