3854 6392
471 396 611 454 1075

1768 395 2026 454 SANCTI
2064 393 2145 452 ΡΑ
2157 395 2339 454 CIANI

3603 401 3621 455 1
3635 397 3719 454 076

535 511 699 568 XVII.
735 511 826 568 Ais
866 512 1044 574 adhuc
1069 552 1083 576 ,
1114 511 1416 580 scriptum:
1464 510 1618 578 Quod
1658 510 1703 562 si
1742 524 1929 562 manus
1973 518 2060 563 tua
2088 512 2136 576 Α
2164 525 2238 564 vu
2266 551 2279 574 ,
2309 509 2424 578 28).
2461 509 2552 565 Vis
2600 509 2704 565 hoc
2742 511 2921 565 scire?
2949 511 3003 565 in
3029 513 3263 567 secunda
3299 511 3719 575 CorintliiortIm.

465 606 542 658 rel
582 621 670 674 pes
709 614 828 657 tuus
870 602 1304 658 scandalizaverit
1351 611 1398 656 te
1436 644 1452 668 ,
1503 601 1672 673 abjice
1718 615 1835 654 eum
1882 600 1973 656 abs
2019 611 2066 656 te

469 695 687 766 (Matth.
716 712 768 762 ν,
797 696 911 766 29).
943 695 1081 762 Quid
1115 697 1187 750 sit
1214 696 1337 760 hoc,
1363 694 1599 765 Moyses,
1637 694 2066 749 Deuteronomio

471 788 793 842 testiﬁcante
814 829 827 853 ,
861 786 1140 858 praedixit:
1171 786 1232 841 Si
1259 795 1429 839 autem
1452 797 1688 855 precatus
1712 786 1863 855 fuerit
1893 797 1939 839 te
1959 787 2069 854 fra—

469 890 543 932 ter
584 890 703 932 tuus
744 878 826 947 (lii
871 887 998 932 sunt
1038 879 1184 934 enim
1219 878 1367 939 oculi
1414 888 1465 931 ct
1501 892 1692 931 manus
1717 875 1944 946 nostrur)
1977 885 2068 930 aut

468 971 579 1039 ﬁlia
601 979 713 1036 tua,
741 981 831 1025 aut
861 987 990 1025 uxor
1019 982 1105 1024 tua
1131 985 1247 1041 quae
1266 979 1343 1024 est
1375 971 1428 1022 in
1456 970 1573 1023 sinu
1603 979 1712 1032 tuo,
1743 979 1832 1022 aut
1855 969 2069 1038 (aqualis

470 1065 660 1118 animle
681 1074 807 1131 tute,
835 1063 1044 1118 dicens:
1074 1061 1268 1117 Eamus
1299 1071 1345 1115 et
1374 1063 1661 1117 serviamus
1690 1061 1794 1114 diis
1816 1078 1944 1131 quos
1967 1076 2069 1116 non

465 1172 679 1210 noveras
708 1154 885 1227 (Deut.
925 1171 1036 1222 xui,
1079 1154 1157 1227 6).
1197 1154 1401 1210 Deinde
1430 1154 1631 1223 adjecit
1674 1153 1937 1208 inferius:
1969 1154 2070 1208 De-

469 1252 600 1316 fcres
627 1267 739 1304 eum
768 1293 782 1315 ,
809 1260 857 1303 et
881 1267 1066 1304 manus
1098 1258 1185 1304 tua
1220 1251 1315 1304 erit
1346 1264 1502 1319 super
1529 1249 1701 1318 ipsum
1725 1247 1796 1303 ad
1827 1250 2072 1303 occiden-

468 1344 592 1398 dum
617 1361 752 1398 eum.
790 1344 955 1401 Vides
981 1360 1146 1416 ergo,
1179 1360 1286 1400 non
1318 1345 1386 1400 de
1417 1344 1808 1413 pmniteutibus
1836 1343 2067 1409 dictum,

466 1438 560 1494 sed
589 1439 658 1494 de
682 1438 765 1493 his
783 1440 872 1510 qui
892 1455 999 1494 non
1023 1440 1196 1494 solum
1230 1439 1330 1508 ipsi
1356 1439 1406 1492 in
1433 1438 1672 1493 facinore
1697 1445 2068 1508 perseverant,

472 1548 657 1587 verum
709 1534 870 1588 etiam
935 1549 1033 1588 nos
1082 1532 1456 1588 scandalizare
1504 1548 1610 1588 non
1671 1533 1945 1587 desinunt.
2007 1531 2069 1585 lli

473 1625 775 1695 quamlibet
803 1626 957 1680 chari
985 1627 1116 1692 sint,
1148 1627 1494 1696 relinquendi
1523 1645 1536 1681 :
1569 1625 1867 1696 quamlibet
1908 1625 2072 1679 utiles

474 1718 762 1774 deserendi
802 1730 947 1775 sunt.
998 1720 1265 1789 Pr0pmtis
1304 1720 1485 1775 adhuc
1516 1720 1721 1774 dixisse
1760 1721 2071 1790 apostolum

477 1814 734 1868 Paulum:
754 1813 967 1885 Auferte
996 1815 1188 1868 malum
1219 1828 1284 1869 ex
1312 1814 1451 1867 t'obis
1480 1814 1604 1885 ipsis
1636 1812 1677 1885 (l
1710 1813 1832 1866 Cor.
1857 1828 1910 1878 ν,
1944 1814 2070 1883 15);

2170 601 2316 658 hunc
2345 603 2517 672 ipsum
2567 603 2791 672 impium
2838 603 2978 659 idem
3005 602 3205 660 Paulus
3235 605 3482 660 absolvit.
3515 604 3639 660 Nam
3666 605 3723 661 de

2168 695 2287 764 ipso
2321 693 2428 748 ait:
2465 694 2675 766 Sufﬁcit
2699 695 2778 748 illi
2817 697 2905 766 qui
2932 697 3182 769 ejusmodi
3220 706 3292 752 est
3316 739 3332 764 ,
3363 696 3637 770 objurgatio
3672 713 3724 750 ea

2167 802 2283 856 qua:
2305 786 2362 853 ﬁt
2382 801 2414 838 a
2442 786 2705 854 pluribus;
2733 795 2790 839 ut
2815 791 2843 838 ε
2863 788 3120 840 contrario
3142 789 3300 858 magis
3332 789 3522 844 donetis
3547 799 3593 842 et
3620 804 3724 842 cort-

2167 878 2424 943 solcmini,
2441 894 2504 932 ne
2534 881 2666 949 forte
2690 876 2886 946 maiore
2906 879 3112 933 tristitia
3132 879 3475 946 absorbeatur,
3500 882 3584 950 qui
3603 884 3725 952 ejus-

2169 969 2310 1022 modi
2341 979 2414 1024 est
2437 987 2449 1023 :
2488 970 2705 1040 Propter
2724 971 2866 1041 quod
2887 974 3096 1027 obsecro
3119 989 3203 1028 vos
3222 1015 3236 1038 ,
3268 984 3322 1028 ut
3351 976 3654 1028 constituatis
3678 975 3722 1029 ia

2171 1080 2287 1117 eum
2316 1064 2621 1118 charitatem
2663 1065 2728 1132 (II
2760 1061 2883 1119 Cor.
2918 1081 2955 1120 tt
2981 1109 2996 1132 ,
3029 1066 3172 1136 6-8).
3203 1065 3334 1122 Item
3365 1067 3529 1122 intra:
3561 1067 3620 1123 Si
3655 1067 3724 1120 cui

2173 1168 2345 1212 autem
2374 1157 2573 1228 aliquid
2601 1157 2827 1210 donastis
2853 1198 2868 1222 ,
2900 1167 2946 1210 et
2979 1174 3098 1231 ego:
3142 1175 3259 1216 nam
3300 1167 3346 1212 et
3378 1175 3468 1231 ego
3493 1160 3623 1229 quod
3643 1159 3724 1211 do-

2173 1250 2312 1315 navi,
2339 1258 2547 1322 pmpter
2573 1264 2658 1303 vos
2678 1249 2730 1302 in
2754 1265 2972 1318 persona
2999 1249 3208 1315 Christi,
3226 1261 3278 1304 ut
3308 1267 3405 1305 non
3432 1251 3724 1320 possideatur

2173 1361 2205 1397 α
2232 1354 2416 1397 satana
2464 1341 2624 1412 (Ibid.
2673 1341 2787 1413 10).
2831 1342 2992 1399 Vides
3038 1344 3276 1412 Apostoli
3317 1343 3720 1414 indulgentiam,

2177 1437 2426 1506 preprias
2461 1435 2622 1490 etiam
2665 1437 2964 1490 sententias
3003 1435 3422 1505 temperantem?
3452 1435 3604 1490 Vides
3641 1435 3722 1489 mi-

2179 1532 2441 1587 tissimam
2476 1531 2752 1586 lenitatem
2785 1532 2940 1602 longe
2968 1547 2995 1584 a
3021 1543 3199 1588 vestro
3230 1532 3508 1604 supercilio
3529 1547 3725 1602 separa-

2178 1626 2328 1678 tam?
2356 1624 2515 1695 louge
2538 1639 2564 1677 a
2591 1623 2877 1678 Novatiani
2915 1624 3092 1681 fronte
3114 1625 3449 1690 dissimilem,
3477 1624 3724 1680 communi

2179 1734 2307 1774 vero
2333 1720 2457 1773 vita:
2485 1734 2547 1774 ac
2579 1719 2740 1774 saluti
2773 1721 3017 1774 omnium
3046 1719 3446 1774 consulentem?

2253 1813 2392 1867 XIX.
2426 1814 2492 1867 At
2529 1813 2691 1867 etiam
2733 1812 2787 1866 in
2827 1826 2926 1866 nos
2969 1827 3192 1868 severus
3232 1826 3422 1866 censor
3460 1811 3724 1866 inveneris.

477 1908 676 1960 malum
719 1908 925 1977 utique,
963 1923 1342 1976 perseverans.
1391 1908 1661 1963 Cmterum
1692 1949 1704 1971 ,
1751 1908 2072 1977 paenitentia
2106 1907 2151 1967 Β
2183 1906 2429 1973 Dicis,ex
2464 1907 2579 1976 lege
2607 1907 2814 1961 ccelesti
2839 1922 3002 1960 mmm
3031 1921 3096 1962 ex
3125 1906 3386 1960 mandatis
3416 1904 3612 1960 solvere
3631 1919 3723 1958 non

479 1999 676 2052 malum
710 2015 816 2053 non
844 2008 961 2066 cst,
992 2015 1114 2054 cum
1147 1999 1319 2055 David
1344 2000 1520 2056 dicat:
1549 1999 1753 2054 Donum
1778 2011 1848 2053 est
1869 2015 2080 2055 exomn-

478 2091 690 2160 logesim
719 2094 890 2161 facere
920 2091 1026 2145 Deo
1057 2092 1231 2164 (Psal.
1256 2107 1368 2157 cst,
1397 2091 1477 2161 2).
1513 2091 1623 2145 Nec
1647 2100 1826 2145 tamen
1861 2105 2075 2145 mecmn

479 2196 560 2240 est
583 2186 673 2238 ille
696 2201 858 2253 quem
891 2187 1140 2253 poenitet,
1159 2199 1259 2239 nec
1283 2193 1433 2254 parte
1457 2193 1794 2249 sanctorum,
1823 2199 1922 2238 nec
1947 2198 2078 2253 pace

476 2278 845 2348 conjungitur.
881 2278 988 2334 Sed
1026 2278 1160 2332 dicit
1189 2279 1521 2344 Apostolus:
1569 2277 1630 2330 Si
1661 2279 1774 2346 quis
1803 2281 1961 2349 frater
1987 2295 2081 2333 no—

477 2373 723 2436 minatur,
755 2382 802 2426 et
834 2373 899 2436 sit
927 2383 1011 2424 aut
1043 2373 1328 2443 fornicator
1351 2412 1364 2434 ,
1396 2379 1484 2424 aut
1513 2370 1809 2423 simulacris
1834 2371 2074 2436 serviens,

477 2476 565 2517 aut
592 2481 776 2517 ararus
795 2506 809 2530 ,
840 2475 928 2518 ant
957 2465 1257 2528 maledicus,
1292 2474 1379 2516 aut
1404 2463 1596 2528 ebrius,
1626 2471 1713 2516 aut
1742 2478 1926 2532 rapax,
1961 2479 2078 2515 cum

478 2556 733 2626 ejusmodi
760 2573 850 2610 nec
881 2556 1051 2609 cibum
1080 2571 1282 2610 sumere
1312 2555 1354 2625 (I
1385 2554 1508 2609 Cor.
1539 2570 1592 2619 ν,
1631 2554 1742 2621 Ii).
1779 2554 1940 2609 Vides
1969 2566 2075 2608 non

475 2650 592 2703 sine
618 2663 780 2705 causa
805 2665 929 2703 esse
960 2651 1192 2718 positum
1220 2693 1232 2715 ,
1270 2659 1316 2703 et
1339 2649 1404 2701 sit
1431 2692 1446 2714 ,
1489 2648 1538 2701 id
1564 2657 1647 2702 est
1673 2690 1685 2711 ,
1721 2649 1812 2717 qui
1845 2648 2077 2705 necdum

473 2743 731 2811 poeniteat
763 2785 776 2809 ,
819 2744 908 2813 qui
942 2746 1169 2797 necdum
1213 2744 1497 2813 improbus
1536 2759 1658 2796 esse
1703 2743 1949 2796 desierit.
2011 2743 2078 2797 Et

471 2848 620 2892 certe
652 2838 718 2892 de
768 2842 947 2893 avaris
974 2881 987 2906 ,
1041 2850 1095 2893 et
1135 2840 1369 2894 ebrinsis
1399 2880 1414 2906 ,
1456 2850 1511 2894 et
1543 2838 1826 2893 maledicis
1852 2880 1866 2903 ,
1917 2841 2080 2894 simul

475 2931 678 2986 dictum
710 2941 812 2987 est.
849 2934 1158 3002 Responde,
1182 2934 1350 2988 frater
1377 2977 1392 2999 ,
1437 2949 1505 2988 an
1553 2935 1734 2990 nullus
1765 2937 2033 3003 eiusmodi
2063 2978 2075 3000 ,

478 3033 654 3078 vestra
705 3040 835 3094 pace
876 3034 1141 3079 teneatur.
1193 3024 1334 3096 Ergo
1380 3026 1503 3080 inde
1544 3035 1626 3080 est
1659 3068 1671 3091 ,
1718 3026 1947 3095 etquod
1981 3043 2080 3096 per

481 3119 690 3172 Esaiam
724 3120 868 3174 Deus
889 3120 1114 3175 clamat:
1150 3121 1321 3174 Simul
1350 3121 1513 3191 iniqui
1546 3132 1590 3173 et
1624 3130 1912 3188 peccatorrs
1942 3122 2078 3188 peri-

476 3213 600 3265 bunt
628 3212 761 3283 (lsa.
799 3229 836 3271 ι,
866 3213 996 3280 28);
1025 3231 1128 3266 non
1157 3216 1509 3280 pmnilenles,
1546 3229 1653 3268 non
1687 3214 2078 3269 misericordia:

475 3318 637 3368 opera
695 3316 1054 3374 procurantes
1088 3347 1101 3369 ,
1151 3306 1348 3374 quibus
1394 3305 1534 3373 apud
1584 3305 1835 3359 einndem
1889 3321 2078 3361 rursus

477 3384 689 3449 Esaiam
731 3395 874 3448 Deus
917 3395 1083 3449 dicit:
1120 3394 1185 3447 Et
1231 3397 1275 3448 si
1317 3398 1510 3465 fuerint
1556 3407 1767 3464 peccata
1821 3407 1983 3450 restra
2025 3407 2079 3451 ut

475 3487 877 3556 pltaznicinm,ut
905 3489 1066 3540 nirem
1089 3486 1370 3540 dealbaba:
1391 3499 1437 3540 et
1466 3489 1511 3540 si
1545 3497 1597 3540 ut
1639 3504 1870 3552 coccum,
1904 3499 1958 3541 ut
1994 3488 2076 3541 la-

477 3593 596 3631 nam
623 3579 901 3630 candidam
931 3594 991 3631 ea
1022 3579 1250 3647 efﬁciam
1275 3577 1438 3649 (Ibid.
1469 3580 1578 3649 18).

548 3670 734 3725 XVIII.
778 3670 1033 3724 Attamen
1061 3711 1074 3734 ,
1108 3682 1164 3724 ttt
1199 3673 1279 3724 ais
1305 3710 1319 3737 ,
1369 3672 1663 3741 Apostolus
1692 3673 2078 3729 condemnavit

474 3773 768 3817 errantem.
812 3762 944 3815 Nam
988 3761 1055 3815 ad
1088 3761 1408 3816 Corinthios
1439 3765 1612 3828 prima
1647 3764 1719 3818 ita
1751 3764 1916 3818 dicit:
1952 3763 2076 3834 Ipse

474 3872 568 3925 ego
598 3855 806 3925 quidem
835 3855 1016 3908 absens
1062 3870 1276 3924 corpore
1301 3897 1316 3920 ,
1366 3873 1591 3924 prwsens
1621 3852 1807 3911 'autem
1844 3859 2029 3926 spiritu
2055 3900 2070 3927 ,

465 3951 582 4020 jam
600 3947 840 4018 judicaui
869 3962 983 4000 cum
1024 3947 1111 4015 qni
1142 3948 1242 4001 talé
1263 3949 1467 4017 facinus
1498 3947 1711 4001 admisit
1745 3965 1762 4002 :
1792 3952 1844 4003 in
1867 3952 2072 4005 nomine

474 4038 684 4092 Domini
713 4040 877 4092 nostri
898 4038 1024 4092 Jesu
1049 4038 1242 4093 Christi
1268 4081 1282 4105 ,
1317 4043 1639 4113 congregatis
1669 4043 1807 4095 vobis
1838 4043 2073 4096 onmibus

470 4132 525 4184 in
559 4132 746 4185 virtute
774 4128 872 4184 Dei
900 4171 914 4197 ,
943 4129 1146 4183 tradere
1172 4133 1428 4202 ejusmodi
1457 4143 1656 4186 satana!
1682 4174 1695 4197 ,
1728 4133 1781 4186 in
1809 4135 2072 4188 interitum

471 4226 641 4276 carnis
671 4265 685 4288 ,
715 4233 770 4276 ut
799 4224 1012 4292 spiritus
1032 4223 1204 4277 salvus
1228 4225 1296 4278 sit
1321 4226 1371 4278 in
1392 4225 1475 4279 die
1507 4223 1720 4280 Domini
1749 4227 1790 4298 (I
1827 4227 1948 4282 Cor.
1994 4245 2022 4282 ν
2052 4271 2067 4296 ,

469 4317 618 4388 5-5).
643 4317 778 4371 Nota
807 4360 820 4384 ,
854 4317 1021 4374 frater
1045 4361 1058 4384 ,
1095 4321 1326 4388 primum
1355 4363 1368 4385 ,
1401 4323 1546 4389 quod
1571 4338 1681 4377 non
1717 4323 1941 4377 damnat
1972 4338 2070 4379 eos

465 4425 589 4465 eum
631 4411 829 4482 quibus
876 4411 978 4468 iste
1021 4414 1419 4468 communicat:
1466 4415 1617 4469 solus
1670 4416 1787 4484 ipse
1830 4417 1922 4486 qui
1967 4417 2072 4472 tale

463 4505 675 4560 facinus
705 4505 1024 4572 admiserat,
1052 4515 1258 4560 satana:
1279 4507 1534 4571 traditur,
1560 4508 1711 4562 solus
1737 4506 2069 4576 excluditur,

463 4599 614 4652 salva
648 4610 782 4666 pace
803 4608 1138 4654 sanctorum.
1160 4597 1294 4666 Vos,
1327 4613 1518 4653 omnes
1547 4599 1805 4654 ecclesias
1837 4615 1936 4669 pro
1963 4615 2070 4656 uno

2182 2001 2369 2065 licere,
2399 2015 2496 2054 nec
2524 1999 2931 2055 communicare
2954 1999 3093 2070 lupis
3119 2014 3305 2071 agnos,
3334 2009 3387 2055 et
3411 1999 3546 2069 quod
3574 1998 3729 2052 omnis

2181 2105 2483 2147 causensus
2513 2093 2562 2144 in
2595 2091 2825 2146 crimine
2857 2093 2960 2157 sit;
2986 2100 3040 2146 et
3061 2092 3182 2147 ideo
3211 2091 3299 2162 qui
3328 2090 3484 2160 pit-cm
3510 2089 3728 2158 tetigerit,

2181 2184 2478 2254 inquinetur
2501 2183 2690 2250 (ltjccli.
2720 2199 2842 2250 xm,
2873 2186 2928 2253 1)
2949 2202 2966 2250 ;
2991 2200 3081 2238 nec
3103 2185 3166 2238 sit
3191 2183 3299 2237 ulla
3320 2183 3525 2236 societas
3554 2180 3648 2233 luci
3673 2182 3729 2233 ad

2181 2277 2416 2330 tenebras
2445 2317 2460 2342 ,
2509 2287 2596 2328 aut
2627 2277 2817 2345 tentplo
2853 2276 2943 2331 Dei
2975 2294 3089 2332 cum
3133 2277 3285 2330 idolis
3315 2316 3329 2339 ,
3372 2285 3456 2328 aut
3497 2274 3730 2328 conventio

2181 2365 2375 2422 Christi
2404 2369 2471 2420 ad
2490 2365 2658 2421 Belial
2687 2368 2754 2439 (II
2787 2370 2906 2422 Cor.
2937 2385 3021 2434 vt,
3059 2366 3153 2431 H,
3198 2367 3299 2436 I5).
3330 2365 3554 2434 Ideoque
3580 2363 3726 2417 David

2182 2459 2346 2513 dicit:
2383 2459 2571 2512 Furem
2596 2459 2821 2519 videbas,
2841 2468 2888 2510 ct
2908 2458 3142 2512 currebas
3170 2473 3282 2510 cum
3305 2473 3381 2524 eo,
3401 2465 3447 2509 et
3470 2471 3579 2509 cum
3596 2454 3731 2506 adul-

2181 2552 2301 2604 teris
2342 2553 2628 2622 portionem
2677 2562 2817 2604 tuam
2855 2551 3075 2620 ponebas
3112 2549 3282 2619 (Psal.
3312 2566 3426 2605 xux
3454 2591 3468 2614 ,
3511 2547 3614 2618 18).
3652 2549 3730 2603 Ais

2183 2646 2446 2711 tandem,
2497 2645 2623 2715 quia
2667 2661 2767 2699 nos
2822 2643 3034 2699 Domini
3084 2644 3328 2698 mandata
3379 2643 3728 2697 rescindimus.

2181 2739 2290 2795 Nos
2322 2748 2347 2776 ⁸
2373 2782 2387 2804 ,
2422 2755 2584 2794 unum
2614 2739 2824 2806 apicem
2873 2738 3030 2807 Legis
3072 2737 3421 2801 iullectimus;
3468 2749 3531 2787 an
3569 2735 3728 2804 potius

2183 2831 2465 2885 Novatiani
2495 2873 2509 2897 ,
2541 2831 2630 2900 qui
2661 2840 2765 2883 tota
2816 2830 3077 2885 Ecclesia:
3101 2869 3115 2892 ,
3149 2838 3256 2882 tota
3301 2825 3590 2882 concordia:
3621 2826 3726 2892 jura

2181 2925 2470 2986 violarunt,
2502 2926 2591 2992 qui
2622 2935 2742 2990 post
2773 2933 2850 2976 tot
2884 2924 3028 2989 pacis
3059 2937 3250 2984 annos,
3281 2930 3360 2976 tot
3379 2919 3572 2976 foedera
3594 2934 3732 2972 sanc-

2182 3019 2380 3083 litatis,
2406 3030 2574 3072 novas
2604 3018 2706 3071 sibi
2737 3016 2884 3087 lrges
2908 3058 2921 3079 ,
2963 3033 3095 3070 nova
3127 3016 3387 3076 instituta,
3422 3027 3581 3067 novos
3608 3013 3731 3066 ritus

2181 3119 2508 3181 pepererunt
2554 3149 2568 3172 ,
2630 3123 2883 3162 arcanum
2943 3108 3168 3177 justitia:
3216 3105 3524 3160 inexorabili
3571 3102 3730 3156 fronte

2181 3203 2546 3259 simulantes?
2576 3201 2685 3257 Nos
2715 3204 2766 3256 in
2802 3201 3099 3257 Ecclesium
3135 3203 3288 3270 lupos
3315 3201 3623 3269 recepimus,
3651 3196 3728 3266 qui

2105 3285 2149 3346 C
2187 3300 2566 3353 latereticorum
2598 3313 2689 3350 ora
2715 3298 2980 3362 vitamus;
3011 3311 3078 3350 an
3109 3297 3285 3365 potius
3312 3293 3584 3349 Novatiani
3608 3333 3622 3357 ,
3651 3289 3732 3360 qui

2185 3405 2306 3444 cum
2341 3389 2440 3458 ipsi
2471 3389 2580 3442 sint
2612 3402 2836 3457 rapaces
2865 3388 2974 3456 lupi
3001 3430 3016 3454 ,
3053 3387 3210 3456 paulo
3232 3386 3532 3441 miseriores
3557 3384 3730 3437 ovicu-

2185 3484 2264 3542 las
2296 3480 2695 3538 reformidant?
2719 3480 2824 3534 Nos
2854 3482 3223 3536 consentimus
3253 3479 3422 3542 malis,
3452 3493 3544 3532 nos
3573 3478 3727 3546 picem

2185 3576 2459 3646 tangimus
2486 3617 2500 3639 ,
2554 3588 2653 3629 nos
2696 3573 2934 3628 tenebris
2979 3575 3314 3628 cohaeremus
3339 3615 3354 3639 ,
3387 3587 3480 3626 nos
3519 3571 3654 3625 idolo
3688 3580 3734 3625 et

2181 3667 2349 3723 Belial
2392 3668 2706 3738 jungimur;
2740 3681 2808 3720 an
2842 3667 2917 3722 illi
2953 3668 3041 3736 qui
3077 3666 3373 3722 Evaristum
3399 3709 3413 3732 ,
3445 3665 3532 3736 qui
3584 3663 3732 3718 Nico-

2179 3772 2410 3816 suatum
2429 3771 3110 3831 receperunt,cmterosque
3137 3762 3205 3816 ab
3231 3759 3467 3814 Ecclesia
3494 3759 3731 3814 receden-

2182 3861 2264 3906 tes
2292 3895 2306 3918 ,
2341 3855 2521 3923 lingua
2547 3896 2561 3919 ,
2595 3868 2758 3908 manu
2782 3897 2795 3920 ,
2834 3853 3076 3907 moribus
3117 3852 3455 3923 inquinatos?
3489 3851 3592 3906 Nos
3619 3866 3728 3906 cum

2180 3943 2445 3999 adulteris
2464 3953 2518 3999 et
2541 3943 2752 3998 furibus
2768 3946 3116 3999 convenimus
3137 3960 3152 4011 ;
3170 3961 3234 3999 an
3252 3943 3329 4003 illi
3355 3944 3442 4018 qui
3461 3941 3729 4008 Novatum,

2181 4038 2305 4092 vita:
2345 4052 2462 4091 sua:
2507 4046 2561 4092 et
2602 4036 2766 4106 capiti
2812 4037 3194 4106 prtetulerunt;
3231 4047 3351 4104 post
3396 4038 3725 4105 interceptam

2181 4131 2468 4198 pecuniam
2504 4129 2831 4199 pupillorum
2864 4137 3026 4200 atque
3073 4131 3383 4195 viduarum;
3427 4130 3597 4184 miseri
3637 4144 3727 4197 pa-

2179 4225 2355 4281 rentis
2393 4234 2447 4279 et
2474 4231 2662 4294 partus
2690 4223 2877 4278 uxoris
2909 4223 3224 4294 parricidam
3256 4264 3270 4289 ,
3301 4238 3403 4277 non
3448 4224 3598 4276 modo
3628 4237 3723 4275 non

2181 4319 2570 4387 poenitentem,
2599 4332 2785 4372 verum
2814 4318 2972 4372 etiam
3003 4317 3357 4386 gloriantem?
3388 4316 3570 4370 Verum
3598 4314 3726 4368 Pau-

2178 4407 2262 4462 lus
2314 4408 2610 4477 Apostolus
2672 4408 2849 4466 dixit:
2898 4406 3084 4463 Manus
3130 4409 3226 4463 cito
3282 4408 3461 4461 nemini
3509 4408 3720 4472 imponas

2177 4499 2221 4572 (I
2251 4498 2385 4554 Tim.
2416 4516 2469 4565 v,
2501 4499 2618 4570 2|).
2643 4499 2812 4556 Docet
2839 4501 3015 4567 idem;
3044 4501 3128 4555 vel
3160 4498 3338 4566 tarde,
3371 4497 3448 4552 vel
3480 4505 3590 4565 post
3613 4507 3718 4565 pte-

2179 4594 2465 4651 nitentiam
2498 4610 2608 4650 non
2641 4593 2933 4664 negandas.

460 4700 749 4759 peccatore
798 4691 1107 4746 damnatis?
1156 4691 1363 4748 Deinde
1403 4692 1559 4748 vides
1590 4735 1604 4759 ,
1652 4693 1797 4763 quod
1829 4694 1918 4750 hic
1951 4695 2068 4765 ipse
2095 4684 2150 4744 D
2248 4687 2366 4742 XX.
2395 4687 2502 4745 Sed
2538 4687 2748 4759 perdita
2780 4689 3037 4744 Iliericbo
3062 4729 3078 4754 ,
3106 4686 3282 4743 Achar
3307 4683 3440 4739 ﬁlius
3468 4681 3493 4720 δ
3517 4679 3712 4736 Citarmi

466 4791 720 4850 peccator
746 4783 989 4838 incestus
1009 4824 1024 4841 .
1059 4795 1170 4837 non
1197 4784 1359 4838 morti
1390 4783 1660 4846 traditur.
1696 4784 1789 4839 sed
1821 4794 2028 4840 satana:
2049 4827 2063 4852 ,

459 4875 526 4930 ad
547 4876 979 4942 emendandum,
1001 4875 1068 4930 ad
1089 4876 1643 4946 colapbizandum,ad
1664 4877 2062 4947 poetiitendum.

465 4969 708 5039 Denique
739 4969 834 5033 ait,
870 4970 948 5023 Ad
975 4970 1241 5023 interitum
1265 4972 1455 5036 carnis,
1487 4984 1596 5024 non
1633 4980 1812 5024 tamen
1841 4974 2059 5037 animus,

462 5077 568 5117 non
597 5063 760 5118 etiam
793 5062 1019 5132 spiritus
1054 5079 1066 5114 :
1098 5061 1194 5116 sed
1226 5061 1294 5116 ad
1322 5061 1496 5116 solius
1525 5063 1706 5116 carnis
1735 5061 2018 5118 interitum
2049 5104 2064 5130 ,

458 5157 788 5211 teut-stiones
835 5155 1048 5210 scilicet
1080 5196 1093 5220 ,
1138 5155 1322 5210 carnis
1358 5155 1638 5227 angustias
1666 5195 1680 5220 ,
1733 5154 2060 5212 detrimenta

460 5250 832 5304 membrorum
862 5289 876 5312 ,
914 5248 1057 5302 sicut
1097 5247 1230 5301 alibi
1267 5246 1335 5302 de
1363 5247 1862 5319 intemperantibus
1888 5247 2060 5303 dicit:

461 5335 868 5393 Tribulationem
892 5347 1064 5394 autem
1095 5340 1263 5393 carnis
1294 5342 1557 5409 patientur
1587 5341 1841 5412 ejusmodi
1871 5339 1916 5413 (l
1937 5339 2058 5397 Cor.

530 5486 554 5511 ιι
595 5473 710 5529 Nos
875 5490 942 5525 aa
991 5477 1162 5545 potius
1208 5475 1510 5532 Novatiani.
1561 5478 1774 5534 Latinio
1821 5480 2052 5535 ductore

458 5547 600 5600 hunc
627 5549 805 5619 locum
840 5545 910 5619 ita
940 5547 1276 5619 restituimus
1301 5589 1314 5610 ,
1344 5565 1507 5619 quem
1541 5551 1782 5605 luxatum
1816 5552 2054 5606 mendis-

455 5633 563 5693 que
588 5617 820 5693 obsitum
865 5617 1236 5693 sic‘exltibent
1263 5617 1404 5693 editi
1432 5639 1443 5674 :
1481 5621 1594 5676 Nos
1621 5638 1822 5693 tunam
1851 5624 2051 5693 apicem

456 5687 582 5758 (igis
613 5687 962 5760 inflectimus?
993 5686 1275 5743 Novatiani
1296 5729 1311 5754 ,
1331 5696 1462 5760 quia
1485 5703 1592 5746 tota
1623 5686 1910 5760 Ecclesia,
1945 5703 2051 5748 tota

453 5758 743 5812 concordia:
767 5773 785 5822 ,°
806 5773 875 5836 a‘n
902 5761 1069 5836 potius
1087 5763 1212 5829 jura
1236 5758 1526 5836 violarunt;
1550 5765 1638 5834 qui
1669 5773 1790 5836 post
1812 5758 2050 5836 totipacis

453 5781 743 5812 cartoerum:
767 5781 784 5822 ,'
806 5781 875 5810 uu
902 5781 1069 5826 pastus
1087 5781 1212 5829 jura
1236 5781 1526 5827 maturum;
1550 5781 1638 5834 (μη
1714 5781 1790 5818 ost
1812 5781 1886 5819 tot
1907 5781 2046 5836 pacis

453 5844 612 5908 annos
641 5870 654 5890 ,
701 5839 782 5908 tot
820 5829 1340 5908 fwderauanctttatis
1364 5874 1379 5900 ,
1421 5848 1576 5887 novas
1619 5781 1710 5889 liii
1733 5834 1868 5908 leges
1895 5880 1909 5903 ,
1939 5846 2046 5893 etc.

456 5897 878 5956 Restitutionem
907 5899 1141 5958 suadent
1163 5918 1285 5973 quae
1315 5897 1638 5973 sequuntur.

2173 4791 2399 4858 prepter
2433 4781 2636 4836 furtum
2667 4782 2836 4837 vestis
2876 4782 3088 4836 occisus
3121 4786 3224 4835 est.
3263 4782 3400 4848 Age;
3429 4791 3518 4831 vos
3543 4817 3556 4838 ,
3588 4783 3712 4828 totos

2169 4875 2317 4931 fures
2353 4873 2645 4930 interﬁcite
2673 4875 3024 4944 pecuniarum
3057 4882 3358 4928 nostrarum
3387 4879 3533 4940 atque
3563 4868 3711 4921 libro-

2172 4986 2324 5036 rum;
2374 4978 2428 5024 et
2477 4969 2530 5022 in
2574 4966 2764 5023 Novati
2798 4982 2918 5023 ossa
2951 4969 3155 5023 saevite.
3179 4964 3366 5035 .lugum
3397 4960 3520 5017 illud
3549 4969 3710 5012 rursus

2170 5064 2402 5133 δεοίΡίίθ
2427 5104 2438 5122 .
2483 5062 2619 5134 quod
2646 5078 2806 5134 neque
2830 5079 2943 5129 nos,
2976 5077 3136 5133 neque
3163 5069 3326 5134 pa(res
3356 5055 3504 5110 nostri
3527 5060 3708 5121 portare

2169 5165 2445 5228 potuerunt
2475 5155 2611 5227 (Act.
2647 5170 2722 5213 xv
2750 5196 2764 5220 ,
2799 5153 2909 5226 10).
2940 5153 3078 5222 Quid
3114 5150 3336 5207 cessatis
3358 5187 3373 5211 ,
3416 5140 3669 5200 Novaliaai
3693 5182 3707 5205 ,

2173 5248 2379 5303 oculum
2411 5263 2504 5317 pro
2529 5249 2679 5302 oculo
2706 5287 2720 5312 ,
2749 5247 2950 5301 dentem
2973 5261 3064 5316 pro
3092 5244 3237 5296 dente
3283 5237 3453 5310 (Deut.
3483 5251 3561 5290 xtx
3583 5277 3595 5301 ,
3624 5232 3706 5302 2t)

2172 5340 2475 5410 deposcere
2503 5382 2516 5405 ,
2543 5340 2782 5396 animam
2833 5337 3110 5410 postulare
3140 5375 3154 5400 ,
3202 5327 3619 5387 Circumcisionis
3658 5334 3709 5378 et

2231 5478 2258 5552 lt
2285 5477 2454 5552 Achar
2487 5478 2628 5546 filius
2659 5477 2889 5533 Clmrmi.
2925 5474 3064 5552 Editi
3089 5475 3245 5552 male,
3274 5474 3437 5552 {tr/un
3465 5467 3703 5552 filiuan-

2156 5551 2280 5606 riui.
2313 5539 2513 5604 Locum
2547 5552 2883 5620 restituimus
2901 5563 2976 5620 _ex
3019 5539 3253 5620 lectione
3282 5539 3699 5620 Lucilrfigalarj:

2156 5622 2270 5683 tani
2300 5621 2392 5694 lib.
2426 5624 2488 5675 de
2505 5638 2605 5675 non
2635 5637 2778 5694 paro.
2804 5618 3052 5694 i_n_Deum
3079 5618 3268 5694 delinq.
3298 5631 3412 5694 cap.
3444 5613 3493 5694 3.
3513 5613 3698 5694 ,ἡμεῖς

2159 5681 2289 5749 tum.
2327 5693 2390 5748 Vl
2419 5681 2781 5762 nostrte'Bibl.
2941 5703 3059 5761 pag.
3083 5681 3336 5762 22!,itot.
3363 5686 3414 5750 '5,
3445 5682 3525 5738 ubi
3550 5681 3700 5762 Aelius

2161 5748 2342 5820 veram
2372 5775 2495 5818 esse
2526 5759 2687 5830 hujus
2720 5748 2954 5816 nominis
2981 5748 3456 5832 p‘i'onuniiationem
3481 5796 3495 5820 ,
3520 5768 3579 5808 ex
3604 5748 3694 5805 C0~

2163 5835 2353 5892 tolerio
2379 5834 2836 5892 demonstratum.
