3854 6378
174 396 318 456 1077

1606 396 1944 455 EPISTOLA
1984 396 2070 454 Ill.

3327 395 3466 455 1078

174 515 403 575 Sabbati
432 512 810 583 redintegrare
852 512 1279 569 commercium?
1326 512 1528 569 Necate
1573 513 1723 570 fures
1751 557 1766 581 ,
1796 515 1843 576 Α
1873 516 2175 585 signatum,
2211 512 2356 567 nulla
2390 511 2628 568 heretici
2653 510 2884 581 gurgitis
2911 511 3030 567 labe
3060 510 3311 576 sordere,
3346 511 3468 566 hor—

174 609 422 681 lapidate
452 607 779 676 petulantes.
800 605 977 661 Nolite
1010 610 1061 660 in
1089 605 1391 676 Evangelio
1413 607 1602 677 legere
1628 607 1774 676 quod

177 701 489 774 pepercerit
513 699 775 754 Dominus
803 701 963 753 etiam
995 698 1253 752 adulterae
1278 696 1560 754 conﬁtenti
1592 695 1773 770 (loco.

176 811 274 850 viti
303 835 321 861 ,
357 794 470 861 ll),
508 807 669 860 quam
705 808 865 846 nemo
894 792 1211 845 damnarat:
1239 791 1383 861 quod
1416 793 1777 860 peccatricem

179 901 303 957 quae
336 886 591 956 lacrymis
639 883 804 952 pedes
834 884 951 952 ejus
978 883 1195 937 lavabat
1223 925 1237 948 ,
1268 883 1601 939 absolverit:
1632 884 1777 953 quod

178 976 375 1032 Rahab
405 974 547 1045 apud
575 976 743 1042 ipsam
775 973 1031 1029 llicricho
1061 973 1253 1029 urbem
1280 974 1600 1031 Plitenicum
1644 974 1778 1031 libe-

174 1071 317 1124 ravit
336 1086 348 1123 :
367 1067 512 1137 quod
542 1065 869 1121 Thamarem
896 1081 925 1118 a
948 1067 1215 1120 sententia
1246 1066 1571 1134 patriarchae
1598 1065 1777 1121 absol-

177 1160 349 1215 verit:
379 1157 548 1229 quod,
574 1156 829 1213 Sodomis
852 1172 1066 1225 quoque
1091 1156 1465 1225 pereuntibus,
1488 1156 1607 1210 Loti
1638 1155 1778 1212 ﬁlias

175 1266 288 1306 non
325 1250 689 1314 exstinxerit;
732 1250 1060 1303 liberaturus
1089 1257 1142 1303 et
1168 1262 1423 1318 generos,
1456 1249 1499 1301 si
1532 1246 1773 1303 futurum

174 1342 452 1399 excidium
482 1342 877 1396 credidissent.
911 1342 1055 1409 Age;
1089 1355 1199 1395 non
1230 1348 1383 1396 tenes
1413 1340 1601 1397 dicere
1631 1340 1776 1410 apud

174 1434 352 1488 David
382 1434 708 1489 Dominum:
743 1432 870 1487 Cum
899 1434 976 1486 Itis
1007 1436 1095 1503 qui
1127 1433 1347 1488 oderunt
1378 1450 1555 1503 pacem
1577 1474 1591 1497 ,
1634 1450 1775 1488 eram

171 1527 421 1597 paciﬁcus
451 1526 624 1594 (Psal.
654 1540 802 1589 cxtx,
835 1525 929 1595 7)?
961 1527 1273 1580 Salomonis
1304 1540 1519 1595 quoque
1544 1534 1771 1581 senteno

172 1618 306 1674 tiam
340 1632 447 1672 non
477 1626 680 1681 lacere;
713 1620 874 1686 frater
901 1620 1118 1686 fratrem
1148 1616 1419 1688 adjuvans,
1460 1618 1774 1671 excitabitur

172 1711 361 1783 (Prov.
416 1726 545 1768 xvntt
573 1751 587 1775 ,
632 1709 733 1778 9)?
778 1708 917 1775 Quid
964 1710 1298 1779 Apostolus?
1330 1709 1587 1774 Fratres,
1636 1721 1683 1763 et
1726 1712 1773 1763 si

170 1814 570 1876 pratoccupatus
612 1803 771 1873 fuerit
813 1802 964 1856 homo
993 1803 1045 1855 in
1075 1803 1253 1872 aliqua
1296 1802 1518 1867 delicto;
1559 1817 1646 1855 uos
1684 1803 1774 1873 qui

1882 615 2101 674 tumque
2144 604 2463 660 conclusum
2496 603 2713 673 plenum
2743 603 2981 658 oleribus
3010 603 3222 673 magnis
3266 602 3468 671 pariter

1879 708 1933 753 et
1983 697 2220 767 parvulis
2249 739 2263 763 ,
2311 696 2513 752 vilibus
2544 706 2705 765 atque
2752 696 3022 762 pretimis.
3066 695 3203 752 Octo
3250 708 3468 767 quoque

1879 788 2089 844 animas
2116 803 2180 843 ex
2212 802 2333 844 arca
2362 829 2376 850 ,
2408 787 2504 841 sed
2536 787 2677 841 inter
2718 801 2853 855 quas
2882 796 2935 841 et
2965 784 3133 842 Cliam
3178 785 3379 841 fuerit:
3413 791 3473 840 et.

1879 881 2046 935 millia
2075 881 2163 935 illa
2185 880 2469 935 volucrum
2499 888 2658 948 atque
2684 877 2921 932 ferarum
2954 878 3076 934 bina
3100 887 3261 945 atque
3290 883 3471 946 septe-

1880 986 1946 1026 na
1973 1014 1987 1037 ,
2010 972 2205 1026 munda
2232 971 2439 1041 pariter
2469 981 2522 1024 et
2554 969 2863 1024 immunda:
2897 968 3074 1024 fontes
3104 985 3237 1025 vero
3267 970 3467 1036 siccos,

1878 1073 1932 1118 et
1957 1064 2183 1119 nebulas
2208 1062 2517 1118 tttrbinibus
2546 1062 2828 1124 excitatas.
2861 1063 3244 1117 ha'reticorum
3277 1062 3469 1117 sterili-

1878 1165 2044 1211 tatem
2075 1164 2133 1211 et
2158 1156 2469 1212 insanorum
2500 1169 2690 1215 vocum
2723 1154 2959 1222 impetus
2981 1154 3329 1209 arbitramur.
3356 1153 3470 1209 Nec

1879 1248 2243 1318 promittimus
2263 1247 2596 1312 libertatem,
2623 1262 2743 1301 cum
2768 1248 2870 1316 ipsi
2900 1248 3041 1302 servi
3075 1247 3247 1301 simus
3269 1261 3465 1316 points;

1877 1340 1973 1395 sed
1993 1341 2221 1394 crimina
2253 1348 2439 1394 nostra
2464 1339 2717 1407 confessi,
2737 1339 3150 1410 reliquosetiam
3180 1350 3236 1393 nt
3258 1340 3465 1396 fatean-

1879 1440 1965 1485 tur
1995 1430 2275 1485 hortamur
2302 1472 2317 1496 ,
2350 1430 2686 1501 credantque
2733 1432 2785 1484 in
2816 1446 2937 1486 eum
2967 1434 3057 1503 qui
3079 1433 3339 1504 justiﬁcut
3368 1434 3464 1486 im—

1876 1525 2020 1595 pium
2044 1540 2107 1578 ea:
2138 1525 2241 1592 ﬁde
2269 1522 2450 1593 (Rom.
2476 1539 2531 1578 ιιι
2558 1566 2572 1588 .
2595 1523 2694 1595 26)
2718 1565 2732 1588 ,
2763 1526 2852 1592 qui
2877 1526 3101 1593 rcﬁectit
3123 1526 3425 1579 sententiam
3448 1566 3464 1592 ,

1875 1618 2113 1673 adversus
2140 1618 2393 1672 malitiam
2419 1619 2704 1691 irregatam
2736 1616 2896 1690 (Joel.
2930 1635 2986 1685 ιι,
3020 1619 3109 1685 15,
3140 1636 3242 1673 sec.
3272 1618 3464 1691 LXX).

1876 1711 2221 1775 Attendimus
2258 1726 2475 1782 quoque
2499 1726 2529 1765 a
2550 1712 2699 1767 falsis
2728 1711 3015 1782 prepbetis
3043 1720 3100 1767 et
3130 1712 3267 1781 lupis
3300 1728 3459 1783 rapa-

1874 1802 2047 1867 cibus,
2068 1817 2189 1859 cum
2211 1817 2468 1859 cavemus
2496 1818 2525 1857 a
2548 1804 2703 1859 vobis
2729 1801 2947 1873 (Matth.
2978 1819 3073 1869 vit,
3109 1803 3462 1868 15).Jannem

167 1898 471 1969 spirituales
498 1897 617 1949 estis
648 1936 662 1958 ,
691 1896 922 1948 instruite
963 1894 1264 1967 hujusmodi
1304 1896 1360 1950 in
1396 1895 1585 1965 spiritu
1622 1911 1769 1949 man-
1798 1904 1847 1964 Β
1872 1906 2002 1947 vero
2031 1900 2087 1946 et
2111 1891 2401 1957 .‘llambrem
2444 1894 2522 1947 sic
2552 1893 2817 1947 restitisse
2844 1892 3016 1964 Moysi
3046 1934 3059 1957 ,
3087 1895 3228 1948 sicut
3254 1908 3352 1948 vos
3380 1909 3470 1949 ca-

166 1990 457 2044 suetudinis
489 2030 503 2055 ,
550 1990 928 2042 considerantes
972 1990 1300 2060 vosmetipsos
1368 2006 1432 2042 ne
1484 1990 1762 2043 tentemini.

173 2081 404 2135 Invicem
432 2098 588 2137 onera
614 2093 779 2136 uestra
809 2091 1029 2152 portate,
1055 2092 1101 2135 et
1131 2084 1205 2136 sic
1233 2082 1579 2152 adimplebitis
1607 2081 1767 2153 legem

168 2175 366 2230 Christi
389 2175 531 2246 (Gal.
559 2191 647 2241 v1,
675 2179 727 2239 l,
752 2176 833 2245 2).
863 2176 925 2229 Et
961 2176 1087 2229 illud
1113 2175 1253 2245 quod
1286 2185 1410 2230 ante
1436 2176 1545 2245 jam
1571 2175 1761 2230 retuli:

169 2269 309 2339 Opto
336 2270 474 2323 enim
500 2268 773 2321 anathema
800 2286 905 2321 esse
935 2272 986 2321 in
1016 2268 1223 2322 Christo
1252 2285 1347 2338 pro
1370 2269 1615 2338 fratribus
1639 2269 1765 2321 meis

164 2362 401 2431 cognatis
437 2360 717 2415 secundum
759 2377 964 2416 cui-nent
995 2360 1172 2431 (Rom.
1203 2375 1253 2414 Ix
1280 2401 1296 2421 .
1330 2359 1406 2432 5).
1444 2360 1511 2414 Ει
1538 2361 1765 2414 iterum:

168 2452 425 2507 Omnibus
473 2454 646 2506 omnia
691 2454 861 2521 factus
904 2468 1018 2504 sum
1044 2493 1059 2516 ,
1093 2460 1149 2505 ut
1189 2466 1363 2506 omnes
1408 2450 1769 2520 lucrifacerem

166 2545 212 2618 (Ι
242 2544 366 2601 Cor.
394 2560 452 2601 ιι
478 2587 495 2613 ,
521 2544 644 2615 2i):
675 2544 779 2599 hoc
801 2554 916 2611 est,
946 2559 1069 2600 cum
1113 2544 1415 2597 vulneratis
1442 2583 1458 2609 ,
1486 2543 1765 2613 gemitus;

164 2652 294 2692 cum
327 2637 748 2709 aegrotantibus,
788 2637 1062 2699 laborem;
1092 2644 1319 2692 mortem
1348 2626 1471 2690 cum
1500 2634 1769 2690 moriente

170 2732 389 2799 partiri,
410 2746 599 2787 casum
630 2729 854 2786 fratrum
877 2745 999 2787 cum
1029 2738 1171 2785 statu
1199 2744 1299 2782 suo
1329 2743 1488 2798 posse
1517 2730 1766 2790 miscere.

162 2825 374 2896 aliquid
404 2825 473 2882 de
498 2839 593 2881 sua
626 2825 863 2881 sanitate
884 2823 1164 2888 decidere,
1188 2831 1244 2878 et
1268 2821 1651 2879 deﬁcientibus
1671 2820 1767 2876 ad-

167 2917 365 2971 hibere
394 2916 739 2974 medicinam.

240 3007 385 3063 XXI.
419 3007 558 3071 Ouid
588 3006 741 3062 vobis
773 3006 998 3076 prodest
1024 3005 1253 3075 superba
1285 3016 1337 3063 et
1360 3020 1555 3074 aspera
1590 3003 1769 3060 fronte

163 3099 379 3164 durari,
407 3099 531 3152 altis
562 3112 751 3169 regere
780 3097 1106 3164 cervicibus,
1125 3098 1306 3153 vultus
1329 3106 1588 3169 torquere
1618 3112 1648 3149 a
1670 3097 1770 3152 mi-

164 3191 335 3249 seris.
363 3190 579 3248 auditus
602 3192 896 3256 oculosque
920 3190 1292 3261 praecludere?
1314 3190 1619 3260 Numquam
1648 3189 1769 3262 (vos

1870 1984 2109 2048 tholicis,
2138 1983 2487 2038 arbitramur.
2522 1983 2650 2038 Inde
2681 1985 2759 2038 sic
2791 1984 2946 2055 ponit
2970 1984 3296 2053 Apostolus:
3327 1985 3468 2053 Quia

1866 2074 1995 2127 sicut
2005 2071 2201 2128 Jannes
2220 2083 2269 2126 et
2291 2072 2546 2129 Mambres
2560 2074 2733 2129 restite
2746 2084 2861 2127 runt
2887 2073 3058 2145 Moysi
3068 2115 3080 2137 ,
3097 2077 3169 2128 ita
3182 2086 3227 2128 et
3244 2076 3297 2129 hi
3311 2078 3466 2131 resis-

1869 2174 1978 2218 tunt
1996 2165 2194 2219 veritati
2215 2182 2233 2218 :
2264 2166 2497 2223 homines
2524 2174 2693 2223 mente
2720 2168 2953 2234 corrupti
2977 2176 3027 2221 et
3050 2184 3079 2222 o
3102 2165 3211 2223 Deo
3233 2168 3467 2234 reprobi;

1867 2257 1957 2310 sed
1978 2258 2115 2310 ultra
2134 2274 2236 2311 non
2264 2257 2563 2326 proﬁcient:
2594 2258 2890 2329 insipientia
2916 2259 3050 2314 enim
3078 2270 3256 2313 eorum
3296 2262 3465 2316 mani-

1869 2352 1998 2419 festa
2026 2350 2119 2401 erit
2149 2348 2401 2413 omnibus,
2424 2350 2558 2402 sicut
2586 2350 2793 2403 illorum
2818 2352 2917 2420 fuit
2936 2348 3003 2419 (ll
3029 2348 3168 2403 Tim.
3196 2365 3276 2417 ιιι,
3306 2349 3458 2421 8,9).

1870 2438 2023 2507 Quod
2049 2440 2105 2496 in
2127 2454 2224 2494 vos
2247 2440 2451 2500 dictum
2482 2455 2610 2495 esse
2640 2439 2987 2495 manifestum
3014 2450 3099 2496 est
3122 2483 3136 2507 ,
3164 2443 3257 2507 qui
3289 2458 3467 2512 neque

1870 2531 2138 2602 prolicere
2165 2546 2249 2587 am
2264 2532 2421 2602 plins.
2439 2547 2618 2610 neque
2644 2532 3012 2599 insipientiam
3034 2542 3266 2592 vestram
3285 2534 3466 2590 celare

1870 2626 2145 2695 potuistis.

1940 2716 2105 2771 XXII.
2141 2704 2242 2783 Qui
2263 2716 2552 2787 baptizatur
2573 2734 2604 2770 a
2631 2726 2853 2782 mortuo,
2882 2716 3015 2771 nihil
3036 2717 3241 2785 proﬁcit
3270 2716 3461 2786 (Eccli.

1870 2825 2052 2874 xxxiv,
2084 2808 2211 2879 30);
2241 2809 2429 2880 utique
2459 2809 2551 2886 qui
2576 2808 2838 2864 hteretico
2866 2808 3018 2867 fonte
3045 2809 3270 2876 dilutus,
3295 2808 3376 2863 sic
3412 2820 3468 2865 et.

1870 2902 1959 2973 qui
1993 2903 2291 2970 peccatoris
2320 2901 2443 2957 oleo
2472 2903 2714 2973 ungitur,
2746 2902 2798 2956 id
2832 2912 2939 2967 est,
2970 2902 3062 2973 qui
3084 2903 3279 2972 Spiritu
3301 2903 3469 2958 satia-

1871 3006 1956 3050 tur
1982 2995 2282 3057 immundo.
2304 2995 2447 3067 Ergo
2466 3006 2518 3049 et
2544 2994 2638 3049 lilii
2670 2996 2994 3067 sanguinum
3027 3012 3126 3057 vos
3151 2998 3322 3051 eritis.
3348 2997 3463 3053 Non

1869 3087 2016 3141 enim
2046 3101 2231 3157 pacem
2278 3087 2499 3148 fratrum
2520 3127 2536 3152 ,
2573 3086 2670 3141 sed
2701 3088 3023 3157 sanguinem
3054 3090 3463 3159 concupiscitis.

1869 3178 2032 3233 Fides
2061 3177 2193 3232 falsa
2221 3219 2237 3246 ,
2270 3187 2354 3233 est
2380 3186 2559 3233 vestra
2588 3178 2907 3233 credulitas.
2938 3178 3199 3234 Adultera
3224 3181 3419 3234 mulier
3446 3222 3461 3245 ,

164 3285 294 3355 oro)
336 3285 659 3341 cecidistis?
702 3285 857 3339 Nulla
900 3287 951 3338 in
994 3285 1190 3339 vestris
1235 3284 1507 3339 mentibus
1551 3284 1762 3339 macula
1792 3280 1846 3346 (1
1870 3271 2124 3335 h-‘Bretica
2154 3272 2501 3343 congregatio
2532 3280 2646 3330 est:
2680 3268 2959 3325 Catholica
2991 3272 3160 3338 enim.
3188 3270 3257 3325 ab
3284 3271 3464 3338 ἱιιὶιὶοο

164 3378 300 3434 est?
338 3376 493 3432 Nulla
531 3378 581 3430 in
615 3377 790 3431 oculis
819 3377 965 3450 (oro)
998 3376 1250 3431 festuca?
1283 3376 1411 3443 Quis
1457 3376 1767 3448 gloriabitur

164 3479 371 3525 castum
399 3487 454 3524 se
477 3470 666 3523 habere
693 3486 782 3524 cor
808 3512 823 3537 ,
868 3480 957 3524 aut
1001 3471 1249 3527 mundum
1275 3485 1329 3522 se
1355 3485 1462 3523 esse
1485 3486 1517 3522 a
1546 3470 1765 3538 peccatis

166 3560 359 3626 (Prov.
394 3576 490 3630 xx,
522 3562 576 3625 9,
610 3578 710 3615 sec.
745 3560 955 3627 LXX)?
984 3559 1163 3615 Credo
1197 3570 1257 3621 ἰς
1292 3576 1387 3613 vos
1414 3562 1569 3627 justi,
1604 3560 1767 3615 bene-

167 3654 309 3718 voli,
344 3663 731 3726 temperantes,
752 3655 947 3715 quibus
970 3653 1210 3709 membra
1239 3654 1421 3707 omnia
1451 3668 1582 3707 sana
1615 3661 1763 3717 sunt,

166 3745 377 3815 quibus
414 3760 575 3800 omne
602 3760 803 3813 corpus
834 3745 1089 3800 intactum
1119 3789 1133 3810 ,
1166 3746 1363 3815 quibus
1402 3745 1647 3799 medicus
1674 3760 1767 3800 ne-

166 3837 455 3893 cessarius
487 3851 598 3890 non
629 3846 731 3901 est,
766 3851 867 3890 nec
896 3837 1162 3891 medicina
1193 3836 1534 3905 languorum.
1568 3834 1772 3892 Intrate

163 3929 284 3998 jam
324 3926 556 3993 caelum;
591 3926 823 3997 paradisi
853 3926 1052 3987 aditus.
1090 3927 1361 3994 romphaea
1386 3926 1638 3991 cedente,
1670 3942 1770 3997 pe—

170 4028 387 4075 netrate
413 4036 428 4084 ;
459 4027 542 4074 tot
575 4030 889 4073 nostrorum
924 4017 1159 4089 populis,
1194 4017 1362 4072 Deum
1398 4019 1618 4073 unicum
1642 4032 1771 4073 cono

173 4112 464 4168 fitentibus
489 4156 500 4174 ,
530 4111 670 4166 dona
702 4121 877 4166 vestra
909 4110 1247 4180 praecludite.
1283 4110 1411 4176 Quae
1443 4112 1486 4163 si
1512 4124 1571 4164 se
1615 4110 1772 4180 longe

168 4207 342 4261 aliter
389 4204 592 4260 habent
641 4219 799 4273 quam
847 4203 1208 4272 implacabilis
1240 4202 1545 4255 immanitas
1572 4200 1599 4238 δ
1628 4202 1773 4271 rigor

172 4311 366 4352 rerum
394 4336 409 4359 ,
438 4305 491 4350 ct
521 4296 827 4349 immanitas
855 4305 1032 4350 vestra
1066 4295 1351 4358 mentitur;
1378 4293 1489 4358 jam
1522 4293 1774 4363 intelligi-

172 4388 257 4443 tis’
278 4387 589 4449 Novatiani,
619 4389 781 4441 Deum
814 4401 970 4463 posse
995 4388 1270 4451 misereri;
1297 4390 1406 4451 jam
1440 4385 1653 4440 miseris
1675 4383 1776 4439 fra-

1867 3363 1936 3418 de
1967 3361 2065 3417 viri
2095 3362 2179 3416 sui
2222 3360 2381 3415 thoro
2410 3370 2463 3417 et
2493 3355 2739 3418 thalamo
2767 3376 2873 3415 non
2905 3361 3133 3416 recessit
3158 3403 3173 3427 ,
3204 3374 3306 3415 nec
3335 3362 3467 3416 alie-

1869 3468 1968 3508 nos
1999 3463 2275 3507 amatores
2300 3460 2391 3505 aut
2412 3460 2703 3506 extraneos
2734 3452 3065 3529 concupivit.
3094 3451 3200 3508 Vos
3220 3452 3467 3518 exsulem

1867 3546 2095 3601 formam
2127 3559 2271 3599 novo
2300 3544 2482 3599 colore
2514 3543 2797 3615 pinxistis;
2831 3557 2927 3597 vos
2974 3544 3191 3598 thorum
3220 3555 3465 3599 vesnum

1866 3655 1895 3693 a
1924 3640 2178 3711 conjugio
2205 3636 2499 3708 separastis
2525 3637 2784 3706 antiquo;
2820 3650 2915 3690 vos
2935 3650 2963 3689 a
2993 3637 3182 3690 matris
3214 3636 3462 3703 unicubge

1866 3742 2097 3804 corpore
2127 3731 2421 3795 recessitis,
2459 3746 2598 3783 novo
2626 3729 2869 3798 placendi
2897 3744 3122 3800 genere,
3154 3729 3307 3783 novis
3335 3744 3462 3783 cor-

1868 3824 2201 3896 ruptelarnm
2222 3822 2497 3878 illecebris
2535 3821 2781 3892 expoliti.
2807 3821 2938 3876 Nam
2966 3821 3111 3892 quod
3133 3819 3463 3893 Cyprianum

1868 3916 2243 3971 beatissimum
2276 3912 2406 3967 mihi
2432 3928 2528 3982 pro
2556 3910 2833 3966 contrario
2863 3918 3000 3965 teste
3026 3911 3302 3988 proponis,
3330 3912 3462 3983 quia

1872 4010 1924 4062 in
1951 4006 2192 4075 Epistula
2222 4021 2339 4076 qua:
2360 4005 2424 4058 de
2445 4003 2627 4076 Lapsis
2658 4014 2767 4069 est,
2791 4003 3013 4073 Moysen
3044 4001 3069 4038 ἀ
3101 4013 3156 4058 et
3183 4003 3461 4072 Danielum

1871 4110 1927 4156 et
1951 4099 2053 4154 Job
2079 4111 2266 4152 orasse
2288 4110 2383 4166 pro
2398 4095 2779 4166 peccatoribus
2802 4095 2969 4159 dicat,
2987 4109 3087 4148 nec
3114 4096 3463 4165 impetrasse,

1871 4191 2086 4246 dicente
2120 4189 2375 4245 Domino:
2410 4187 2477 4241 Et
2505 4189 2549 4241 si
2588 4190 2688 4241 {res
2736 4189 2788 4241 in
2834 4188 3008 4240 medio
3055 4202 3231 4240 eorum
3278 4186 3472 4257 fuerint

1875 4282 2029 4351 Νοεξ,
2057 4280 2158 4335 Job
2183 4292 2228 4334 et
2256 4279 2442 4333 Daniel
2468 4322 2481 4344 ,
2508 4295 2611 4333 non
2637 4278 2923 4332 liberabant
2949 4278 3088 4347 ﬁlios
3116 4294 3278 4349 neque
3304 4279 3466 4345 ﬁlias,

1874 4379 1965 4430 sed
1990 4376 2092 4445 ipsi
2122 4374 2221 4428 soli
2258 4374 2389 4426 salvi
2420 4382 2571 4425 erunt
2616 4371 2833 4441 (Ezech.
2866 4386 2954 4424 xtv
2980 4412 2994 4435 ,
3039 4370 3157 4442 ‘20).
3212 4371 3427 4426 Utinam
3457 4413 3472 4438 ,

172 4479 362 4535 tribus
391 4478 459 4533 de
488 4478 767 4549 praeterito
807 4460 1194 4531 confitentibus
1224 4518 1240 4543 ,
1269 4477 1356 4531 vel
1382 4491 1560 4535 seram
1590 4486 1777 4546 patere
1877 4458 2083 4526 utinam
2107 4467 2376 4541 Cypriane
2422 4477 2560 4522 teste
2593 4466 2782 4520 nitaris
2813 4505 2828 4530 ,
2860 4466 3066 4518 utinam
3101 4472 3209 4519 tam
3238 4464 3471 4517 salubri-

175 4573 541 4637 medicinam;
563 4572 673 4641 jam
699 4572 1039 4626 vulneratum
1073 4570 1224 4625 illum
1252 4582 1281 4622 a
1311 4567 1492 4623 Levita
1520 4579 1573 4621 et
1596 4583 1778 4623 sacer—
1878 4564 1980 4620 bus
2020 4560 2301 4617 sententiis
2330 4558 2665 4630 acquiescas.
2698 4557 2793 4611 ille
2813 4556 2956 4611 enim
2988 4596 3003 4622 ,
3035 4570 3159 4610 cum
3193 4556 3375 4623 lapsos
3403 4554 3465 4609 ad

172 4666 313 4721 dote
347 4665 677 4733 praeteritum
708 4704 725 4729 ,
773 4677 868 4733 per
907 4661 1181 4716 Christum
1212 4673 1368 4729 posse
1405 4658 1621 4715 curari:
1665 4659 1774 4727 jam
1810 4664 1854 4722 Ι)
1880 4654 2251 4726 Paenitentiam
2274 4658 2499 4722 cogeret
2525 4649 2617 4721 qui
2640 4649 2904 4720 ptenitere
2927 4647 3204 4715 nolebant,
3226 4646 3474 4701 dicentes

176 4758 448 4815 Ecclesia:
472 4771 661 4825 preces
680 4757 973 4812 humilibus
999 4772 1104 4809 non
1134 4755 1435 4825 negandas;
1452 4754 1563 4822 jam
1589 4768 1779 4807 manus

179 4848 537 4904 sacerdomm
587 4847 911 4903 miserandis
963 4846 1219 4900 fratribus
1268 4844 1626 4899 exhibendas.
1676 4842 1783 4898 Nos

175 4949 367 4999 autem
400 4940 753 5011 intelligimus
787 4981 800 5003 ,
855 4949 910 4993 ut
938 4941 1272 5007 exprobras,
1307 4937 1611 4992 Ecclesiam
1640 4936 1776 5001 Dei,

180 5035 506 5092 columbam
532 5046 640 5087 non
669 5030 793 5088 felle
839 5046 1121 5096 amaram,
1156 5045 1259 5083 non
1290 5032 1547 5100 unguium
1580 5031 1783 5085 lacera-

182 5129 341 5180 tione
374 5123 667 5179 violentam
694 5164 710 5191 ,
746 5121 985 5192 parvulis
1020 5131 1041 5158 ο
1075 5135 1290 5191 quoque
1317 5121 1521 5189 plumis
1545 5122 1788 5192 exiguis-

179 5231 317 5289 qoe.
362 5215 575 5271 Scimus
615 5216 781 5271 etiam
832 5222 1050 5283 puteum
1101 5226 1256 5281 aqum
1289 5212 1424 5267 vivae
1473 5214 1786 5285 fontemque

266 5376 293 5406 ἰ
320 5364 490 5441 Credo
523 5368 971 5441 ...._languorum.
992 5364 1158 5420 Forte
1184 5364 1470 5441 legendum
1501 5366 1785 5437 interpun-

184 5439 540 5514 geitdumque
564 5454 577 5491 :
605 5437 861 5514 Cedo_....
902 5437 1254 5514 languorum?

269 5510 295 5549 ι’
336 5504 492 5577 Rigor
519 5524 713 5563 rerum.
742 5504 1103 5565 Posteriorem
1132 5521 1317 5561 vocem
1348 5504 1611 5577 expungi't
1644 5506 1786 5561 Lati-

269 5526 295 5549 ”
336 5526 395 5564 ιιι
433 5526 492 5562 ον
519 5526 713 5563 rerum.
742 5526 1103 5565 rostertorem
1132 5526 1317 5561 vocem
1348 5526 1611 5577 expungtt
1644 5526 1784 5561 hall-

189 5583 341 5637 nius.
374 5526 513 5649 (find
538 5594 723 5649 porro,
749 5580 793 5633 si
826 5588 1047 5634 uestrum
1070 5578 1322 5649 gignendi
1352 5591 1478 5631 casu
1502 5577 1784 5648 scripserit

197 5648 511 5708 Pacianus'l
540 5648 651 5705 Vox
700 5663 877 5704 autem
909 5648 1200 5703 immanitas
1244 5662 1363 5717 qua:
1408 5656 1701 5718 sequitur,
1750 5669 1781 5702 ιι

189 5722 338 5778 Titio
362 5720 609 5791 suppleta
640 5720 935 5791 reponitur.
973 5719 1046 5775 In.

276 5802 299 5830 ε
344 5789 581 5864 Par-gulis
629 5807 831 5864 quoque
871 5790 1060 5861 plumis
1105 5792 1425 5864 exiguisque.
1471 5789 1787 5864 Gaudentem

196 5862 418 5931 supplet
435 5860 627 5917 Titius.
643 5860 774 5917 'Moit
796 5875 926 5918 vero
957 5872 1077 5928 post
1112 5860 1376 5918 Latinium
1403 5861 1786 5928 rescripsimus

1881 4764 1910 4803 a
1941 4746 2351 4803 confessoribus
2373 4746 2489 4800 sive
2515 4744 2845 4814 martyribus
2869 4741 3147 4811 accepisse
3173 4755 3232 4795 se
3258 4753 3470 4809 pacem,

1882 4840 2069 4897 docuit
2094 4849 2151 4896 et
2175 4839 2433 4903 ostendit,
2468 4836 2625 4908 quod.
2647 4850 2745 4890 nec
2779 4833 3111 4904 patriarcha:
3142 4833 3212 4887 illi
3245 4846 3335 4901 pro
3365 4846 3469 4885 non

1886 4932 2269 5004 penitentibus
2300 4931 2677 5000 impetrarent.
2699 4926 2908 4980 Etenim
2941 4928 3065 4995 quis
3092 4923 3331 4978 liberare
3359 4934 3477 4991 pos-

1883 5027 1955 5080 sit
1983 5023 2241 5079 invitum?
2278 5022 2401 5090 quis
2440 5034 2537 5089 pro
2580 5017 2834 5088 superbis
2866 5014 3175 5069 humiliari?!
3206 5012 3327 5083 quis
3373 5024 3473 5081 pro

1883 5131 1991 5171 non
2024 5112 2410 5186 paenitentibus
2436 5109 2768 5181 impetrare?
2789 5106 2944 5178 Quod
2973 5107 3156 5176 utique
3186 5119 3307 5160 cum
3330 5102 3478 5157 dice-

1884 5221 1988 5277 ret,
2018 5210 2081 5265 ad
2114 5208 2446 5280 paenitentiae
2472 5206 2705 5275 cogebat
2734 5201 2997 5259 remedia.
3032 5200 3143 5254 Nec
3171 5206 3361 5253 contra
3408 5211 3466 5252 se

1888 5372 2098 5435 puteum
2126 5380 2213 5435 aq.
2236 5378 2284 5416 υ.
2320 5359 2573 5435 ubi_edi_ti
2596 5358 2800 5414 habent
2825 5365 2880 5410 ut
2908 5372 3048 5435 eum.

1960 5433 1986 5472 ἀ
2015 5427 2249 5505 Moysen.
2280 5435 2387 5505 Aut
2415 5430 2680 5505 Pacianus
2714 5428 2971 5505 mammia
3001 5427 3223 5505 la_psus_,
3256 5432 3349 5477 aut
3381 5435 3477 5503 po—

1890 5506 1995 5562 tius
2021 5493 2271 5560 librarius
2292 5502 2434 5556 aliud
2456 5515 2619 5571 agens
2637 5500 2858 5556 erravit.
2873 5493 3301 5571 Rescri‘benduin
3326 5493 3471 5571 enim

1888 5577 2102 5631 videtur
2132 5574 2245 5628 Noe
2276 5588 2372 5644 pro
2404 5563 2649 5642 Moysen,
2679 5571 2743 5623 ad
2762 5577 2976 5644 _text_nm
3011 5565 3313 5644 Ezechielis
3352 5563 3475 5644 sub-

1883 5647 2109 5715 jectum.
2157 5633 2336 5714 Neque
2381 5633 2535 5697 aliter
2581 5656 2713 5695 sane
2756 5640 2814 5715 δ.
2842 5637 3159 5715 Cyprianus
3192 5636 3257 5715 tle
3287 5633 3474 5715 Lupsis

1887 5706 2009 5788 pag.
2047 5716 2145 5771 l50
2171 5706 2299 5770 edit.
2325 5716 2498 5768 Oxon.
2523 5728 2630 5788 qun
2659 5709 2880 5788 respicit
2905 5706 2957 5762 5.
2993 5708 3169 5762 Pater.
3195 5706 3326 5788 _Qu_.'e
3351 5706 3473 5788 quis

1888 5775 2011 5842 dein
2053 5788 2360 5841 emendatio
2393 5801 2456 5840 cx
2508 5775 2575 5839 iis
2622 5775 3015 5845 conlirmalur‘,
3046 5792 3162 5849 quae
3195 5775 3467 5828 habentur

1890 5856 2025 5913 infra
2053 5870 2177 5928 cap.
2213 5856 2304 5913 24.
