3854 6390
407 382 549 440 1079

1796 382 2045 442 SANC'I‘I
2088 384 2363 441 PACIANI

3545 393 3682 451 1080

398 497 615 553 locutus
641 506 727 552 est
751 497 957 568 aliquid
988 497 1074 553 vir
1098 498 1243 553 illius
1273 498 1553 569 gravitatis
1573 508 1628 554 et
1653 498 1867 567 meriti,
1898 496 1993 553 sed
2024 498 2078 559 A
2102 498 2216 569 ipsa
2246 498 2543 557 sordescit.
2585 501 2867 570 Quaedam,
2904 517 3161 573 purpura:
3199 514 3493 578 martyrum
3536 523 3682 565 com-

398 587 705 644 fundcndas
731 606 761 646 a
787 590 1168 662 peccatoribus
1199 606 1394 660 preces
1422 591 1611 647 docuit
1641 632 1655 657 ,
1697 601 1751 646 et
1771 606 1996 645 exomn-

399 682 625 752 logesim
674 683 1029 753 diligendam.
1066 684 1183 753 Ipsa
1213 694 1397 739 tamen
1437 682 1697 756 Cypriani
1740 683 1995 754 exempla

384 784 447 827 σω
474 784 795 843 permovent
824 820 838 842 ,
882 776 1079 846 quibus
1103 786 1158 831 et
1188 777 1408 849 Moysen
1437 789 1489 831 et
1514 786 1745 833 caeteros
1772 788 1995 833 sanctos

400 885 508 925 non
542 870 863 940 impetrasse
892 882 1327 938 commemorat,
1370 873 1464 943 qui
1492 887 1589 943 pro
1620 872 1995 942 peccatoribus

394 964 762 1030 postulabant.

466 1054 657 1109 XXIII.
690 1054 830 1110 Ain?
860 1055 977 1110 Non
999 1055 1154 1111 vides
1176 1057 1396 1129 Moysen
1427 1072 1523 1127 pro
1544 1057 1741 1128 quibus
1765 1072 1872 1113 non
1899 1058 1995 1112 im-

400 1147 743 1215 petraverit?
790 1146 1070 1204 Reversus
1110 1151 1175 1203 ad
1223 1151 1531 1221 populum,
1565 1151 1697 1221 quid
1745 1152 1893 1208 audit
1940 1152 1994 1207 in

397 1240 633 1293 castris?
673 1239 847 1295 Voces
899 1240 1178 1297 ebriorum
1211 1252 1264 1298 et
1294 1253 1485 1299 cantus
1536 1244 1825 1317 idolotltyti
1868 1261 1992 1316 per-

398 1332 688 1388 sonabant.
725 1333 922 1389 Adhuc
950 1336 1341 1405 perseverabat
1371 1337 1426 1391 in
1459 1338 1699 1407 nequitia
1735 1340 1991 1409 populus,

380 1426 573 1483 'adhnc
605 1428 659 1482 in
693 1428 809 1496 ipso
841 1429 1072 1484 crimine
1100 1430 1480 1499 permanebat,
1509 1447 1568 1486 ac
1599 1433 1864 1502 ptenitere
1889 1448 1994 1487 non

391 1535 642 1577 noverat.
661 1522 910 1578 Attamen
931 1524 1052 1594 quis
1070 1524 1167 1579 tibi
1184 1536 1429 1582 nostrum
1450 1526 1606 1592 dixit,
1621 1526 1762 1596 quod
1783 1527 1995 1598 Moyses

396 1629 500 1669 non
547 1616 959 1684 impetraverit?
1001 1616 1228 1672 Dixerat
1257 1618 1475 1688 quidem
1520 1619 1593 1672 illi
1638 1619 1815 1684 Deus;
1850 1619 1998 1673 Deli-

395 1708 504 1775 qnit
532 1716 650 1760 ante
680 1723 759 1759 me
785 1751 798 1773 ,
836 1706 1017 1762 delebo
1046 1725 1162 1761 cum
1188 1708 1250 1761 de
1276 1708 1405 1761 libro
1435 1708 1635 1778 (Exod.
1667 1724 1841 1774 xxx",
1875 1709 1991 1782 55).

395 1800 615 1856 Dixerat
649 1810 827 1857 tamen
852 1803 1181 1857 auctoritate
1220 1802 1417 1870 judicis
1460 1812 1516 1857 ct
1563 1802 1779 1858 Domini
1809 1814 1992 1874 potes-

2102 603 2354 664 paratur;
2417 595 2620 665 aliqua,
2667 596 2846 653 serico
2893 596 3180 668 virginali;
3239 603 3513 671 nonnulla,
3560 604 3679 659 sinu

2101 689 2355 759 plicante,
2420 690 2731 757 subsuitur,
2782 701 2874 746 aut
2913 707 3013 748 acu
3064 694 3337 750 inserente
3380 708 3676 766 reparatur.

2097 781 2249 836 Alius
2269 782 2405 836 enim
2434 783 2527 847 sic,
2574 782 2710 838 alius
2739 795 2911 839 autem
2954 785 3028 838 sic
3072 785 3113 855 (l
3151 784 3268 841 Cor.
3302 802 3395 852 vn,
3417 788 3492 856 7);
3523 797 3574 843 et
3604 796 3680 841 ta-

2100 889 2221 928 men
2253 890 2380 942 una,
2416 875 2470 929 in
2504 875 2781 939 omnibus,
2814 878 2999 949 regina
3042 879 3408 947 componitur.
3426 879 3564 950 Ergo
3592 894 3679 934 ea-

2098 968 2223 1025 dem
2255 970 2483 1026 fecunda
2516 969 2638 1025 vitis
2665 979 2719 1026 et
2738 970 3007 1041 locuples,
3032 971 3219 1040 plures
3250 972 3455 1028 habens
3480 987 3690 1038 ramos,-

2100 1063 2273 1118 multo
2313 1063 2593 1132 palmitum
2633 1064 2787 1119 crine
2816 1063 3140 1127 distentior;
3187 1063 3318 1118 nihil
3354 1080 3419 1119 ne
3465 1080 3529 1120 ex
3566 1064 3682 1119 istis

2100 1159 2330 1216 hiberno
2366 1159 2566 1230 frigore
2611 1158 2920 1214 laboravit?
2951 1157 3085 1213 nihil
3134 1172 3354 1228 asperas
3397 1157 3680 1229 grandines

2100 1252 2356 1322 pertulit?
2394 1252 2526 1306 nihil
2569 1252 2808 1307 torridas
2846 1253 3115 1307 incusavit
3143 1251 3393 1306 aestates?
3430 1252 3682 1322 Asperior

2099 1354 2182 1399 est
2222 1346 2337 1400 lucc
2371 1360 2584 1415 gemma
2618 1344 2956 1415 palmitibus,
2989 1345 3090 1400 ista
3138 1345 3349 1412 fortior,
3386 1346 3475 1400 illa
3510 1347 3680 1401 since-

2098 1441 2242 1505 rior;
2280 1441 2395 1495 haec
2421 1456 2481 1495 se
2520 1439 2773 1495 diffundit
2815 1442 2866 1495 in
2913 1441 3137 1506 fructus,
3168 1439 3283 1495 hanc
3314 1441 3365 1495 in
3392 1441 3533 1498 solas
3554 1456 3682 1496 exu-

2101 1536 2256 1590 berat
2296 1535 2540 1590 frondes.
2586 1533 2727 1589 Vitis
2767 1545 2944 1590 tamen
2991 1534 3191 1605 ubique
3220 1534 3475 1592 formosa.
3519 1536 3683 1589 Mater

2102 1631 2218 1685 haec
2282 1631 2809 1696 adolescentulnrum,
2865 1646 3084 1700 quarum
3148 1646 3250 1683 non
3305 1641 3377 1683 est
3448 1644 3681 1682 numerus

2101 1722 2276 1792 (Cant.
2308 1737 2384 1789 vr,
2416 1722 2490 1793 7).
2522 1722 2811 1776 Calculare
2840 1722 3078 1791 denique
3120 1722 3164 1775 si
3207 1730 3359 1790 potes
3396 1720 3683 1775 catholicos

2099 1832 2313 1888 greges,
2367 1825 2422 1871 et
2461 1816 2566 1871 duc
2610 1816 2661 1869 in
2708 1816 2906 1885 digitos
2951 1824 3151 1869 nostra!
3196 1813 3369 1883 plebis
3412 1814 3676 1868 examina.

396 1905 538 1961 tate;
570 1896 663 1951 sed
691 1898 813 1951 vide
841 1913 1003 1967 quam
1040 1897 1153 1951 cito
1183 1896 1462 1952 reflexerit
1489 1899 1820 1953 sententiam
1848 1940 1861 1959 ,
1895 1899 1993 1953 ad-
2026 1897 2072 1956 Β
2100 1910 2213 1965 Nec
2244 1912 2331 1964 illa
2377 1909 2540 1965 modo
2582 1925 2701 1979 ηιηο
2740 1918 2855 1965 ιοιο
2893 1910 3027 1964 orbe
3073 1907 3264 1962 dmusa
3312 1916 3434 1962 sum
3473 1908 3681 1962 ουηριίε

394 2006 582 2047 versus
604 1992 784 2061 populi
802 1992 1064 2046 malitiam
1086 1992 1401 2061 irrogatam.
1419 1992 1702 2047 Ausculta.
1726 1992 1995 2061 Propheta

395 2086 577 2140 statim
605 2127 620 2152 ,
668 2086 867 2140 ibidem
898 2104 910 2140 :
942 2084 1010 2138 Et
1049 2096 1285 2156 precatus
1314 2096 1388 2139 cst
1413 2127 1426 2149 ,
1464 2085 1637 2155 inquit
1663 2126 1679 2151 ,
1716 2083 1917 2154 Moyses
1945 2085 1998 2137 in

395 2187 668 2247 conspectu
699 2177 906 2232 Domini
932 2177 1029 2231 Dei
1057 2179 1162 2243 sui;
1189 2178 1381 2245 Quare,
1402 2177 1638 2243 Domine,
1664 2178 1905 2232 irasceris
1926 2179 1999 2230 ita

395 2274 445 2325 in
483 2271 735 2343 papulum
765 2272 952 2325 tuum?
980 2280 1037 2327 et
1063 2271 1271 2342 reliqua
1304 2270 1468 2341 (Ibid.
1500 2270 1615 2339 21).
1658 2270 1789 2325 Item
1819 2271 1952 2325 infra
1983 2290 1994 2325 :

397 2363 464 2418 Et
505 2366 760 2435 propitius
793 2368 957 2433 [actus
991 2373 1064 2417 est
1104 2363 1361 2418 Dominus
1400 2364 1464 2416 de
1490 2364 1816 2432 malignitate
1845 2380 2000 2433 quam

397 2458 604 2512 dixerat
650 2462 819 2527 facere
862 2459 1055 2528 populo
1092 2474 1186 2511 suo
1229 2456 1394 2528 (Ibid.
1430 2457 1543 2527 14).
1577 2456 1740 2512 Vides
1774 2456 1998 2510 lcnitam

395 2565 519 2607 esse
552 2551 686 2606 iram
733 2551 871 2607 Dei?
906 2549 1069 2605 Vides
1105 2548 1369 2605 offeusam
1416 2564 1539 2605 esse
1579 2548 1891 2619 placatam?
1930 2547 2001 2602 Et

394 2661 498 2716 pro
549 2645 751 2716 populo
800 2660 911 2700 non
940 2643 1192 2715 rogavit,
1227 2652 1253 2679 ι
1288 2659 1387 2699 nec
1419 2643 1564 2714 quod
1596 2643 1799 2699 fecerat
1830 2642 1999 2712 poeni-

399 2742 555 2796 tenti.

464 2832 660 2891 XXIV.
710 2833 819 2888 Sed
857 2832 994 2897 Noe,
1028 2832 1230 2903 inquis,
1263 2841 1320 2887 et
1352 2831 1567 2897 Daniel,
1613 2841 1667 2885 et
1697 2829 1822 2895 Job,
1859 2828 2004 2883 filios

397 2942 453 2988 et
476 2931 615 2987 filias
638 2931 872 2986 liberare
900 2944 1005 2985 non
1035 2938 1352 2998 potuerunt.
1388 2926 1456 2982 Et
1502 2926 1604 2980 hoc
1648 2925 1754 2980 tale
1786 2934 1873 2979 est
1904 2942 1916 2977 :
1956 2926 2000 2979 si

394 3039 494 3095 pro
540 3039 646 3078 non
688 3023 1009 3092 rogantibus
1049 3028 1267 3091 petant;
1319 3019 1499 3088 si'pro
1529 3017 1906 3088 perseveranti
1945 3016 1998 3070 in

391 3120 627 3175 crimine
654 3118 1056 3188 deprecentur;
1081 3115 1126 3169 si
1144 3130 1257 3168 non
1273 3113 1538 3183 singulos,
1564 3112 1608 3167 si
1635 3127 1746 3165 non
1772 3125 1997 3181 paucos,

393 3214 489 3269 sed
524 3212 695 3266 millia
743 3212 909 3266 multa
938 3209 1259 3265 defendant.
1300 3206 1574 3262 Caeterum
1611 3204 1729 3261 Noe
1774 3205 1996 3260 domum

2102 2007 2262 2074 plena
2318 2004 2669 2075 regionibus;
2719 2004 2813 2059 scd
2868 2004 3006 2067 litae,
3058 2002 3226 2058 frater
3272 2002 3680 2073 Symproniane,

2102 2114 2225 2169 quae
2252 2107 2436 2152 tecum
2485 2099 2537 2151 in
2588 2096 2853 2166 proximis
2883 2095 3084 2151 finibus
3117 2105 3171 2150 et
3197 2095 3371 2150 vicina
3401 2094 3533 2150 urbe
3561 2109 3686 2148 con-

2102 2195 2321 2248 sistunt.
2368 2189 2776 2260 Contemplare,
2824 2201 2958 2261 quot
3006 2198 3221 2245 nostros
3268 2204 3406 2244 unus
3434 2188 3683 2259 aspicias,

2103 2296 2237 2357 quot
2291 2299 2538 2341 meorum
2594 2284 2811 2355 populis
2863 2285 3012 2339 solus
3066 2297 3343 2338 occurras.
3396 2282 3581 2338 Nonne
3627 2291 3689 2336 ut

2103 2378 2408 2441 stillicidia,
2454 2377 2698 2432 fontibus
2742 2377 2990 2447 magnis?
3036 2390 3236 2441 nonne,
3288 2385 3346 2429 ut
3390 2374 3457 2429 ab
3485 2388 3688 2430 oceano

2103 2471 2350 2542 quaedam
2382 2480 2556 2540 gutta,
2589 2469 2867 2523 sorberis?
2891 2468 3007 2535 Dic,
3035 2467 3123 2523 dic
3145 2482 3211 2521 an
3238 2467 3352 2521 istze
3377 2466 3690 2522 adolescen-

2105 2566 2229 2620 tulae
2257 2580 2323 2619 ex
2352 2574 2534 2620 vestra
2554 2563 2713 2634 plebe
2736 2570 3084 2634 generentur,
3117 2576 3185 2616 an
3210 2572 3267 2616 tu
3293 2560 3587 2616 solnsbbas
3606 2576 3693 2631 pa—

2105 2662 2234 2716 rias.
2278 2659 2475 2715 Nostra
2521 2666 2629 2725 est,
2674 2658 2916 2728 inquam,
2965 2656 3068 2711 ista
3117 2655 3304 2726 regina
3346 2655 3509 2709 electa
3542 2656 3690 2707 matri

2105 2769 2215 2807 sua:
2242 2763 2392 2823 atque
2421 2755 2650 2823 perfecta
2671 2748 2878 2822 '(Ibid.,
2920 2749 3005 2829 β).
3038 2748 3182 2803 Nihil
3213 2749 3408 2820 quippe
3439 2748 3686 2813 electum,

2108 2850 2209 2905 nisi
2244 2849 2439 2905 melius
2466 2858 2523 2903 et
2550 2847 2728 2917 majus
2754 2862 2822 2902 ex
2851 2846 2990 2913 alio;
3030 2843 3167 2899 nihil
3201 2844 3493 2913 perfectum
3517 2851 3691 2913 potest

2106 2956 2249 3005 esse,
2279 2940 2382 2995 nisi
2405 2940 2652 3009 plenum.

2177 3030 2367 3086 XXVI.
2400 3029 2516 3085 Jam
2548 3037 2604 3085 et
2630 3028 2763 3083 illud
2794 3026 3083 3094 attendite,
3119 3040 3184 3080 an
3210 3024 3326 3079 haec
3353 3023 3687 3094 potissimum

2106 3124 2374 3180 mdiﬁcata
2401 3122 2476 3179 sit
2505 3139 2517 3175 :
2551 3120 2619 3175 In
2660 3121 3008 3190 fundamentis
3038 3119 3401 3190 prophetarum
3421 3127 3470 3171 et
3491 3126 3690 3187 aposto-

2107 3217 2275 3269 lorum
2305 3232 2367 3269 ex
2395 3215 2507 3284 ipso
2553 3214 2795 3285 angulari
2837 3212 3009 3283 lapide
3052 3209 3179 3265 Iesu
3226 3210 3428 3264 Christo
3471 3208 3686 3280 (Epltes.

394 3321 547 3362 suam
576 3319 605 3357 a
638 3304 797 3357 ruina
822 3302 1039 3372 publica
1066 3298 1342 3362 liberavit;
1372 3307 1427 3352 et
1453 3297 1554 3351 Job
1574 3297 1783 3365 recepit
1802 3306 2000 3351 cuncta
2028 3275 2076 3340 (ἶ
2108 3327 2165 3379 η⁷
2200 3310 2318 3381 2ο),
2366 3275 2426 3366 δί’
2464 3317 2594 3364 ωηο
2617 3275 2688 3376 λθ
2714 3275 2904 3378 coepit;
2952 3308 2998 3362 si
3040 3314 3167 3360 ante
3213 3314 3267 3360 ιο
3301 3275 3553 3369 credidit"
3575 3303 3619 3358 si
3658 3317 3687 3355 ε,

390 3417 513 3474 qua:
538 3399 802 3470 perdidit;
830 3407 883 3451 et
922 3395 1115 3450 Daniel
1150 3396 1443 3448 instantem
1476 3392 1629 3445 illum
1662 3390 2003 3459 sapientibus

394 3492 715 3564 Babylonia:
741 3489 981 3561 gladium
1016 3486 1263 3541 oratione
1293 3484 1553 3539 decussit.
1585 3483 1688 3537 Lot
1723 3492 1874 3538 certe
1900 3496 2001 3552 pro

389 3590 570 3644 salute
594 3584 806 3657 oppidi,
840 3583 1046 3638 Paulus
1080 3597 1180 3651 pro
1202 3579 1517 3636 vectoribus
1544 3576 1699 3633 navis
1726 3587 1868 3632 orat.
1911 3575 2001 3632 Sic

394 3682 753 3740 absolvuntur
793 3694 823 3733 a
854 3678 1037 3746 justis,
1075 3674 1170 3745 qui
1217 3674 1487 3744 pmnitere
1531 3682 1825 3727 noverunt.
1863 3670 1993 3725 Pos-

394 3788 576 3833 tremo
597 3774 681 3829 vel
710 3771 845 3826 illud
871 3770 1081 3840 aspicio
1109 3766 1256 3837 quod
1304 3768 1565 3836 scriptum
1603 3766 1679 3820 ait
1712 3782 1724 3819 :
1760 3763 1876 3833 Ipsi
1901 3768 1999 3820 soli

392 3870 522 3926 salvi
549 3877 696 3921 erunt
720 3863 939 3934 (Ezech.
974 3878 1088 3929 xw,
1116 3860 1234 3930 20).
1269 3859 1371 3927 Qui
1402 3860 1516 3913 illi?
1551 3859 1654 3928 Ipsi
1686 3860 1873 3929 utique
1906 3859 2000 3929 qui

388 3977 490 4035 pro
520 3958 906 4032 peccatoribus
947 3958 1343 4025 deprecantur,
1390 3955 1616 4021 impune
1656 3967 1756 4021 pro
1800 3952 2003 4005 talibus

390 4056 766 4132 postulabunt.
821 4054 889 4108 Et
936 4066 1034 4107 cur
1083 4050 1387 4105 Ecclesiam
1437 4047 1703 4103 damnas?
1751 4062 1853 4103 cur
1899 4063 2000 4118 pro

388 4151 788 4226 paenitentibus
822 4144 1085 4217 prohibes
1123 4143 1445 4213 deprecari;
1493 4143 1540 4194 si
1569 4141 1734 4195 etiam
1785 4156 1882 4209 pro
1911 4140 1999 4195 bis

387 4257 583 4321 petere
624 4244 775 4306 licet,
809 4254 916 4310 quo
943 4237 1143 4309 quibus
1182 4252 1291 4291 non
1325 4236 1456 4291 licet
1488 4233 1825 4305 impetrare?
1854 4232 1997 4304 Lege

386 4342 560 4414 igitur
589 4338 909 4408 diligentius
940 4332 1272 4404 Cyprianum
1304 4344 1489 4385 meum
1523 4346 1536 4382 :
1579 4330 1698 4397 lege
1730 4336 1901 4381 totam
1932 4327 1998 4381 de

386 4437 580 4508 Lapsis
609 4432 897 4503 epistolam
928 4449 940 4484 :
976 4430 1094 4500 lege
1133 4427 1299 4482 aliam
1326 4440 1489 4495 quam
1523 4422 1590 4477 ad
1621 4422 1994 4477 Antonianum

2107 3403 2474 3459 fundamentis
2521 3401 2799 3471 prioribus
2836 3416 2939 3455 non
2976 3400 3223 3463 recessit,
3256 3397 3303 3454 si
3335 3412 3441 3452 non
3475 3396 3563 3451 illa
3592 3395 3687 3450 mi-

2103 3499 2304 3570 gravit,
2347 3498 2393 3552 si
2434 3512 2538 3552 non
2573 3512 2603 3551 a
2648 3497 2864 3567 reliquo
2901 3508 3133 3563 corpore
3160 3501 3406 3563 separata
3437 3505 3561 3546 suos
3584 3489 3683 3545 sibi

2106 3594 2399 3663 magistros
2429 3601 2484 3647 et
2521 3591 2737 3660 pr0pria
2766 3590 3125 3643 instrumenta
3152 3585 3456 3651 constituit,
3487 3585 3533 3639 si
3559 3582 3684 3653 quid

2103 3687 2383 3743 insolitum
2407 3690 2784 3751 argumentata
2802 3681 2957 3745 est,si
2988 3681 3117 3751 quid
3146 3680 3268 3734 novi
3295 3678 3434 3749 juris
3464 3678 3686 3747 invenit,

2102 3782 2149 3837 si
2177 3778 2397 3850 corpori
2428 3792 2529 3831 suo
2570 3775 2852 3846 repudium
2886 3776 3037 3846 pacis
3064 3772 3297 3827 indixit:
3329 3772 3483 3841 plane
3511 3779 3632 3824 tunc
3654 3784 3683 3823 a

2102 3876 2328 3931 Christo
2358 3871 2654 3934 recessisse
2676 3870 2952 3935 videatur,
2982 3876 3112 3922 tunc
3132 3876 3287 3922 extra
3323 3864 3607 3935 prOpItetas
3629 3872 3685 3919 et

2104 3966 2381 4037 apostolos
2408 3962 2740 4019 constitisse.
2776 3961 2904 4014 llaec
2930 3961 3090 4029 igitur
3123 3958 3228 4012 erit
3252 3957 3445 4011 domus
3470 3971 3679 4026 magna,

2102 4059 2353 4128 locuples
2379 4057 2619 4111 omnium
2644 4052 2969 4109 diversitate
2990 4067 3267 4116 vasorum,
3294 4052 3344 4105 in
3374 4066 3474 4121 qua
3493 4065 3677 4120 purum

2101 4151 2331 4220 refulget
2371 4165 2577 4215 aurum,
2612 4148 2795 4217 inqua
2824 4144 3028 4199 ductile
3057 4143 3200 4198 lucet
3241 4152 3539 4215 argentum;
3585 4158 3677 4198 ve-

2099 4262 2242 4311 rum,
2276 4260 2397 4315 quae
2423 4244 2577 4295 etiam
2604 4241 2772 4314 lignea
2796 4239 2940 4293 sicut
2961 4237 3224 4307 scriptum
3259 4245 3341 4289 est
3376 4234 3440 4304 (II
3469 4233 3594 4288 Tim.
3620 4250 3676 4299 ιι,

2097 4339 2212 4409 20),
2261 4346 2311 4393 et
2356 4336 2539 4406 ﬁctilia
2578 4348 2703 4386 vasa
2743 4331 3016 4399 dignatur.
3067 4328 3251 4397 Magna
3302 4327 3443 4381 enim
3490 4326 3676 4380 domus

2100 4435 2302 4490 multos
2327 4437 2507 4485 movet
2533 4441 2685 4494 usus,
2715 4440 2879 4497 opera
2893 4424 3105 4479 diversa
3136 4420 3413 4477 sollicitat.
3450 4418 3560 4474 Non
3588 4434 3675 4474 so-

2098 4529 2208 4583 lum
2236 4524 2434 4595 qumrit
2462 4530 2770 4593 argentum,
2805 4533 2904 4573 nec
2940 4531 3109 4571 aureo
3144 4524 3351 4569 tantum
3387 4512 3677 4568 delectatur

2097 4626 2313 4676 ornatu.
2354 4614 2601 4672 Subinde
2625 4612 2748 4683 plus
2776 4611 2937 4665 decet
2964 4622 3178 4677 magna,
3218 4614 3584 4675 contemptus;
3626 4614 3675 4660 et

2100 4717 2242 4772 inter
2267 4712 2479 4769 nobiles
2510 4708 2766 4772 ambitus,
2798 4704 2996 4774 exigua
3023 4715 3236 4773 quoque
3270 4700 3500 4770 jocunda
3531 4708 3671 4753 sunt.

2097 4811 2288 4868 Nullus
2308 4805 2505 4863 artifex
2530 4816 2694 4873 opera
2719 4815 2814 4855 sua
2852 4798 3101 4868 despicit,
3127 4810 3227 4851 nec
3264 4794 3388 4850 vilia
3409 4794 3509 4851 sibi
3532 4804 3675 4862 putat

2094 4919 2221 4962 esse
2262 4916 2383 4973 quae
2432 4898 2578 4954 fecit.
2623 4894 2691 4950 Et
2725 4893 2869 4949 unde
2906 4907 3005 4961 pro
3044 4888 3423 4960 peccatoribus
3464 4902 3670 4957 passum

2096 5007 2254 5070 putas
2280 4992 2579 5057 Christum,
2614 4989 2716 5044 nisi
2753 4985 2895 5058 quod
2940 4984 3168 5056 perdere
3213 4982 3383 5037 noluit
3420 4979 3669 5070 quidquid

2095 5069 2213 5163 ipsé
2239 5084 2539 5144 formavit?
2568 5081 2725 5139 Unde
2765 5079 2914 5134 illum
2946 5087 3100 5145 putas
3129 5074 3393 5142 hodieque
3420 5069 3667 5139 interpel-

2086 5185 2205 5240 lare
2250 5194 2349 5252 pro
2392 5176 2626 5239 miseris,
2678 5171 2780 5228 nisi
2823 5170 2971 5240 quod
3020 5166 3309 5229 modicum,
3351 5177 3579 5233 eumque
3617 5171 3669 5217 et

2086 5272 2588 5345 despectissimum,
2619 5282 2725 5323 non
2753 5263 3010 5334 repellit;
3036 5260 3329 5322 neminem,
3357 5272 3420 5311 ex
3444 5256 3522 5311 his
3539 5270 3666 5326 quos

2084 5366 2378 5437 acceperit,
2419 5360 2760 5433 perditurus;
2795 5357 2974 5425 ligneo
3018 5351 3145 5407 licet
3173 5365 3236 5405 ac
3266 5348 3416 5405 fictili
3458 5362 3666 5417 compa-

2083 5470 2298 5524 rentur,
2348 5465 2509 5528 atque
2558 5454 2631 5511 ita
2684 5453 2739 5508 in
2790 5449 2957 5505 domo
2998 5460 3095 5501 sua
3135 5444 3315 5499 omnia
3357 5456 3480 5497 vasa
3522 5455 3665 5497 eom-

2201 5550 2281 5585 In?

2083 5562 2367 5702 pOXIXVII.
2400 5642 2670 5708 Tandem,
2705 5638 2868 5694 frater
2898 5632 3319 5708 Symproniane,
3353 5644 3455 5685 non
3494 5630 3663 5701 pigeat

2080 5756 2205 5798 esse
2232 5755 2356 5794 eum
2387 5736 2601 5801 multis;
2637 5730 2853 5789 tandem
2880 5728 3048 5784 libeat
3070 5723 3322 5783 reduvias
3348 5722 3661 5779 Novatiano—

2146 5856 2174 5894 δ
2209 5854 2319 5909 Has
2353 5854 2552 5921 parias.
2590 5851 2680 5906 Sic
2724 5846 3104 5919 rescripsimus
3129 5858 3194 5900 ex
3235 5840 3531 5911 conjectura
3568 5840 3655 5893 La-

2089 5928 2227 5983 tinii.
2262 5926 2427 5994 Editi,
2455 5924 2552 5979 ltoc
2583 5922 2784 5993 parias.

386 4531 572 4596 dedit;
614 4529 702 4583 ubi
737 4524 1005 4592 exemplis
1033 4520 1289 4578 omnibus
1321 4517 1659 4573 Novatianus
1705 4525 1937 4585 urgetur
1976 4531 1990 4567 :

377 4626 497 4696 jam
529 4622 671 4677 scies
688 4618 819 4690 quid
842 4619 911 4673 de
944 4613 1325 4687 paenitentiam
1344 4612 1629 4667 curatione
1652 4609 1988 4681 pronuntiet.

382 4717 723 4791 Cyprianum
746 4713 965 4783 loquor,
993 4720 1179 4765 vestra
1206 4712 1615 4778 oppugnantem
1637 4713 1694 4759 et
1719 4704 1988 4760 catholica

378 4814 504 4885 jura
550 4810 901 4867 retinentem.
944 4802 1345 4860 Tertullianum
1388 4807 1513 4870 post
1543 4798 1794 4854 haeresim
1836 4799 1986 4868 (nam

388 4907 556 4963 multa
584 4904 710 4959 inde
732 4896 1076 4971 sumpsistis)
1112 4897 1287 4966 ipsum
1312 4894 1545 4965 epistola
1570 4907 1689 4958 sua,
1712 4902 1764 4948 et
1787 4907 1848 4948 ea
1874 4892 1986 4961 ipsa

382 5014 548 5072 quam
586 4995 895 5052 catholicus
936 4990 1134 5068 edidit,
1174 4987 1366 5044 audies
1405 4986 1785 5052 confitentem,
1827 5000 1988 5055 posse

378 5090 685 5149 Ecclesiam
717 5095 936 5157 peccata
966 5083 1269 5139 dimittere.

448 5183 620 5240 XXV.
666 5180 834 5237 Vides
861 5194 993 5251 ergo
1026 5176 1328 5233 Ecclesiam
1347 5188 1471 5231 esse
1500 5172 1746 5244 reginam
1778 5172 1831 5225 in
1856 5180 1988 5227 veste

376 5289 562 5333 aurata
588 5285 633 5329 et
660 5275 918 5344 variegata
944 5270 1118 5342 (Psal.
1151 5283 1297 5335 xuv,
1328 5267 1444 5338 10);
1472 5266 1768 5321 multorum
1799 5264 1987 5333 utique

375 5382 694 5441 corporum,
735 5366 1142 5434 multorumque
1171 5359 1499 5431 populorum
1530 5358 1797 5413 varietate
1828 5370 1981 5411 com-

379 5464 631 5534 positam.
678 5458 802 5515 Non
831 5466 921 5514 est
942 5456 1148 5514 coloris
1176 5454 1339 5510 unius
1366 5453 1472 5508 ista
1512 5451 1751 5522 pictura,
1790 5462 1891 5505 nec
1927 5450 1980 5504 in

376 5570 480 5611 uno
509 5555 697 5610 habitu
728 5551 935 5609 emicat
981 5558 1130 5605 tanta
1166 5548 1481 5604 diversitas.
1522 5545 1659 5602 Pars
1696 5543 1792 5599 illa
1820 5542 1981 5599 indu-

376 5650 537 5706 menti
572 5649 725 5720 tegit,
767 5648 869 5703 ista
901 5644 1205 5717 componit.
1239 5642 1515 5699 Nonnulla
1547 5639 1762 5713 pectori
1796 5638 1981 5696 adhae-

368 5756 474 5815 ret,
522 5746 701 5817 aliqua
752 5744 945 5798 ultimo
990 5743 1116 5798 sinu
1160 5735 1421 5810 trahitur",
1455 5749 1525 5797 et
1558 5741 1705 5796 inter
1750 5737 1978 5811 vestigia

443 5874 469 5901 “
506 5866 613 5920 Nec
641 5867 781 5935 quod
826 5862 1015 5931 fecerat
1056 5860 1337 5935 ptenitenti.
1387 5859 1700 5930 Legendum
1750 5857 1970 5931 conjicit

374 5932 662 6001 Latinius,
681 5935 779 5989 nisi
804 5936 942 6005 quod
964 5937 1153 6006 fecerat
1182 5932 1470 6003 ptrnitente.
