  <div class='ocr_page' id='page_1' title='image "/cluster/home/n/w/nwhite01/storage/ocr_20150623/12-13/uc1.31175013632818/1204.png"; bbox 0 0 3854 6382; ppageno 0'>
   <div class='ocr_carea' id='block_1_1' title="bbox 198 397 335 454">
    <p class='ocr_par' dir='ltr' id='par_1_1' title="bbox 198 397 335 454">
     <span class='ocr_line' id='line_1_1' title="bbox 198 397 335 454; baseline 0 0"><span class='ocrx_word' id='word_1_1' title='bbox 198 397 335 454; x_wconf 84' lang='grc'><strong>1081</strong></span> 
     </span>
    </p>
   </div>
   <div class='ocr_carea' id='block_1_2' title="bbox 1233 396 2345 459">
    <p class='ocr_par' dir='ltr' id='par_1_2' title="bbox 1233 396 2345 459">
     <span class='ocr_line' id='line_1_2' title="bbox 1233 396 2345 459; baseline 0.004 -6"><span class='ocrx_word' id='word_1_2' title='bbox 1233 396 1643 455; x_wconf 71' lang='grc' dir='ltr'><strong>ΡΑΒᾹΞΝΕΞΙΞ</strong></span> <span class='ocrx_word' id='word_1_3' title='bbox 1679 398 1773 454; x_wconf 81' lang='lat' dir='ltr'><strong>AD</strong></span> <span class='ocrx_word' id='word_1_4' title='bbox 1815 399 2345 459; x_wconf 79' lang='grc' dir='ltr'><strong>ΡΟΕΝΙΤΕΝΤΙΑΜ.</strong></span> 
     </span>
    </p>
   </div>
   <div class='ocr_carea' id='block_1_3' title="bbox 3328 404 3470 462">
    <p class='ocr_par' dir='ltr' id='par_1_3' title="bbox 3328 404 3470 462">
     <span class='ocr_line' id='line_1_3' title="bbox 3328 404 3470 462; baseline 0.014 -2"><span class='ocrx_word' id='word_1_5' title='bbox 3328 404 3470 462; x_wconf 72' lang='grc'><strong>1082</strong></span> 
     </span>
    </p>
   </div>
   <div class='ocr_carea' id='block_1_4' title="bbox 192 516 3473 594">
    <p class='ocr_par' dir='ltr' id='par_1_4' title="bbox 192 516 3473 594">
     <span class='ocr_line' id='line_1_4' title="bbox 192 516 3473 594; baseline 0 -21"><span class='ocrx_word' id='word_1_6' title='bbox 192 533 341 584; x_wconf 84' lang='lat' dir='ltr'><strong>rum,</strong></span> <span class='ocrx_word' id='word_1_7' title='bbox 396 526 451 574; x_wconf 92' lang='lat' dir='ltr'><strong>et</strong></span> <span class='ocrx_word' id='word_1_8' title='bbox 500 517 861 587; x_wconf 60' lang='lat' dir='ltr'><strong>praesegmina</strong></span> <span class='ocrx_word' id='word_1_9' title='bbox 906 527 1087 573; x_wconf 83' lang='lat' dir='ltr'><strong>vestra</strong></span> <span class='ocrx_word' id='word_1_10' title='bbox 1125 526 1511 583; x_wconf 91' lang='lat' dir='ltr'><strong>contemnere;</strong></span> <span class='ocrx_word' id='word_1_11' title='bbox 1564 516 1779 573; x_wconf 89' lang='lat' dir='ltr'><strong>tandem</strong></span> <span class='ocrx_word' id='word_1_12' title='bbox 1808 524 1862 582; x_wconf 82' lang='grc' dir='ltr'><strong>Α</strong></span> <span class='ocrx_word' id='word_1_13' title='bbox 1884 521 2073 577; x_wconf 84' lang='lat' dir='ltr'><strong>dextra</strong></span> <span class='ocrx_word' id='word_1_14' title='bbox 2101 521 2438 592; x_wconf 93' lang='lat' dir='ltr'><strong>sinistraque</strong></span> <span class='ocrx_word' id='word_1_15' title='bbox 2475 521 2731 594; x_wconf 83' lang='lat' dir='ltr'><strong>figentem</strong></span> <span class='ocrx_word' id='word_1_16' title='bbox 2760 538 2775 576; x_wconf 90' lang='lat'><strong>:</strong></span> <span class='ocrx_word' id='word_1_17' title='bbox 2808 522 3074 593; x_wconf 85' lang='lat' dir='ltr'><strong>intellige,</strong></span> <span class='ocrx_word' id='word_1_18' title='bbox 3100 520 3163 575; x_wconf 87' lang='lat' dir='ltr'><strong>ab</strong></span> <span class='ocrx_word' id='word_1_19' title='bbox 3192 527 3310 575; x_wconf 86' lang='lat' dir='ltr'><strong>ortu</strong></span> <span class='ocrx_word' id='word_1_20' title='bbox 3348 521 3473 575; x_wconf 78' lang='lat' dir='ltr'><strong>solis</strong></span> 
     </span>
    </p>
   </div>
   <div class='ocr_carea' id='block_1_5' title="bbox 191 611 1781 683">
    <p class='ocr_par' dir='ltr' id='par_1_5' title="bbox 191 611 1781 683">
     <span class='ocr_line' id='line_1_5' title="bbox 191 611 1781 683; baseline 0.001 -18"><span class='ocrx_word' id='word_1_21' title='bbox 191 612 493 667; x_wconf 84' lang='lat' dir='ltr'><strong>catholicos</strong></span> <span class='ocrx_word' id='word_1_22' title='bbox 519 628 711 683; x_wconf 78' lang='lat' dir='ltr'><strong>greges</strong></span> <span class='ocrx_word' id='word_1_23' title='bbox 741 621 794 666; x_wconf 94' lang='lat' dir='ltr'><strong>ct</strong></span> <span class='ocrx_word' id='word_1_24' title='bbox 836 622 943 666; x_wconf 90' lang='lat' dir='ltr'><strong>tam</strong></span> <span class='ocrx_word' id='word_1_25' title='bbox 975 612 1079 667; x_wconf 90' lang='lat' dir='ltr'><strong>late</strong></span> <span class='ocrx_word' id='word_1_26' title='bbox 1115 622 1360 681; x_wconf 84' lang='lat' dir='ltr'><strong>patentes</strong></span> <span class='ocrx_word' id='word_1_27' title='bbox 1392 611 1654 667; x_wconf 60' lang='lat' dir='ltr'><strong>Ecclesia:</strong></span> <span class='ocrx_word' id='word_1_28' title='bbox 1680 627 1781 682; x_wconf 60' lang='lat' dir='ltr'><strong>po.</strong></span> 
     </span>
    </p>
   </div>
   <div class='ocr_carea' id='block_1_6' title="bbox 191 706 1777 776">
    <p class='ocr_par' dir='ltr' id='par_1_6' title="bbox 191 706 1777 776">
     <span class='ocr_line' id='line_1_6' title="bbox 191 706 1777 776; baseline 0.001 -17"><span class='ocrx_word' id='word_1_29' title='bbox 191 706 352 776; x_wconf 90' lang='lat' dir='ltr'><strong>pulos</strong></span> <span class='ocrx_word' id='word_1_30' title='bbox 381 706 598 761; x_wconf 91' lang='lat' dir='ltr'><strong>intueri.</strong></span> <span class='ocrx_word' id='word_1_31' title='bbox 636 706 737 760; x_wconf 85' lang='lat' dir='ltr'><strong>Ubi</strong></span> <span class='ocrx_word' id='word_1_32' title='bbox 775 722 936 770; x_wconf 86' lang='lat' dir='ltr'><strong>unus,</strong></span> <span class='ocrx_word' id='word_1_33' title='bbox 981 706 1214 776; x_wconf 80' lang='lat' dir='ltr'><strong>inquies,</strong></span> <span class='ocrx_word' id='word_1_34' title='bbox 1242 707 1313 761; x_wconf 87' lang='lat' dir='ltr'><strong>ibi</strong></span> <span class='ocrx_word' id='word_1_35' title='bbox 1345 716 1401 762; x_wconf 89' lang='lat' dir='ltr'><strong>ct</strong></span> <span class='ocrx_word' id='word_1_36' title='bbox 1428 722 1559 776; x_wconf 86' lang='lat' dir='ltr'><strong>ego;</strong></span> <span class='ocrx_word' id='word_1_37' title='bbox 1595 718 1650 763; x_wconf 91' lang='lat' dir='ltr'><strong>et</strong></span> <span class='ocrx_word' id='word_1_38' title='bbox 1689 708 1777 761; x_wconf 82' lang='lat' dir='ltr'><strong>tibi</strong></span> 
     </span>
    </p>
   </div>
   <div class='ocr_carea' id='block_1_7' title="bbox 189 797 1776 865">
    <p class='ocr_par' dir='ltr' id='par_1_7' title="bbox 189 797 1776 865">
     <span class='ocr_line' id='line_1_7' title="bbox 189 797 1776 865; baseline 0.002 -13"><span class='ocrx_word' id='word_1_39' title='bbox 189 797 325 863; x_wconf 89' lang='lat' dir='ltr'><strong>duo,</strong></span> <span class='ocrx_word' id='word_1_40' title='bbox 384 798 457 851; x_wconf 92' lang='lat' dir='ltr'><strong>ibi</strong></span> <span class='ocrx_word' id='word_1_41' title='bbox 516 798 793 853; x_wconf 79' lang='lat' dir='ltr'><strong>Ecclesia:</strong></span> <span class='ocrx_word' id='word_1_42' title='bbox 836 801 925 853; x_wconf 90' lang='lat' dir='ltr'><strong>ubi</strong></span> <span class='ocrx_word' id='word_1_43' title='bbox 961 815 1099 853; x_wconf 93' lang='lat' dir='ltr'><strong>unus</strong></span> <span class='ocrx_word' id='word_1_44' title='bbox 1149 811 1326 855; x_wconf 89' lang='lat' dir='ltr'><strong>tamen</strong></span> <span class='ocrx_word' id='word_1_45' title='bbox 1372 815 1629 865; x_wconf 81' lang='lat' dir='ltr'><strong>concors;</strong></span> <span class='ocrx_word' id='word_1_46' title='bbox 1685 801 1776 855; x_wconf 90' lang='lat' dir='ltr'><strong>ubi</strong></span> 
     </span>
    </p>
   </div>
   <div class='ocr_carea' id='block_1_8' title="bbox 188 890 1779 966">
    <p class='ocr_par' dir='ltr' id='par_1_8' title="bbox 188 890 1779 966">
     <span class='ocr_line' id='line_1_8' title="bbox 188 890 1779 966; baseline 0.003 -21"><span class='ocrx_word' id='word_1_47' title='bbox 188 891 322 957; x_wconf 91' lang='lat' dir='ltr'><strong>duo,</strong></span> <span class='ocrx_word' id='word_1_48' title='bbox 352 892 579 962; x_wconf 85' lang='lat' dir='ltr'><strong>pacifici.</strong></span> <span class='ocrx_word' id='word_1_49' title='bbox 626 890 728 946; x_wconf 90' lang='lat' dir='ltr'><strong>Ubi</strong></span> <span class='ocrx_word' id='word_1_50' title='bbox 770 908 928 955; x_wconf 89' lang='lat' dir='ltr'><strong>unus,</strong></span> <span class='ocrx_word' id='word_1_51' title='bbox 973 903 1028 948; x_wconf 91' lang='lat' dir='ltr'><strong>et</strong></span> <span class='ocrx_word' id='word_1_52' title='bbox 1068 894 1346 960; x_wconf 81' lang='lat' dir='ltr'><strong>Ecclesia;</strong></span> <span class='ocrx_word' id='word_1_53' title='bbox 1374 904 1580 965; x_wconf 91' lang='lat' dir='ltr'><strong>quanto</strong></span> <span class='ocrx_word' id='word_1_54' title='bbox 1607 896 1779 966; x_wconf 85' lang='lat' dir='ltr'><strong>magis</strong></span> 
     </span>
    </p>
   </div>
   <div class='ocr_carea' id='block_1_9' title="bbox 190 982 1780 1055">
    <p class='ocr_par' dir='ltr' id='par_1_9' title="bbox 190 982 1780 1055">
     <span class='ocr_line' id='line_1_9' title="bbox 190 982 1780 1055; baseline 0.001 -17"><span class='ocrx_word' id='word_1_55' title='bbox 190 984 283 1039; x_wconf 91' lang='lat' dir='ltr'><strong>ubi</strong></span> <span class='ocrx_word' id='word_1_56' title='bbox 331 984 547 1053; x_wconf 76' lang='lat' dir='ltr'><strong>plures?</strong></span> <span class='ocrx_word' id='word_1_57' title='bbox 598 982 856 1050; x_wconf 74' lang='lat' dir='ltr'><strong>Meliora,</strong></span> <span class='ocrx_word' id='word_1_58' title='bbox 907 986 1104 1055; x_wconf 89' lang='lat' dir='ltr'><strong>inquit,</strong></span> <span class='ocrx_word' id='word_1_59' title='bbox 1158 987 1261 1038; x_wconf 89' lang='lat' dir='ltr'><strong>duo</strong></span> <span class='ocrx_word' id='word_1_60' title='bbox 1308 1002 1459 1050; x_wconf 85' lang='lat' dir='ltr'><strong>quam</strong></span> <span class='ocrx_word' id='word_1_61' title='bbox 1504 1003 1637 1040; x_wconf 76' lang='lat' dir='ltr'><strong>unus</strong></span> <span class='ocrx_word' id='word_1_62' title='bbox 1668 1004 1686 1040; x_wconf 92' lang='lat'><em>:</em></span> <span class='ocrx_word' id='word_1_63' title='bbox 1732 996 1780 1040; x_wconf 86' lang='lat' dir='ltr'><strong>et</strong></span> 
     </span>
    </p>
   </div>
   <div class='ocr_carea' id='block_1_10' title="bbox 186 1076 1777 1149">
    <p class='ocr_par' dir='ltr' id='par_1_10' title="bbox 186 1076 1777 1149">
     <span class='ocr_line' id='line_1_10' title="bbox 186 1076 1777 1149; baseline 0.004 -21"><span class='ocrx_word' id='word_1_64' title='bbox 186 1087 422 1145; x_wconf 73' lang='lat' dir='ltr'><strong>spartum</strong></span> <span class='ocrx_word' id='word_1_65' title='bbox 468 1076 662 1143; x_wconf 77' lang='lat' dir='ltr'><strong>triplex</strong></span> <span class='ocrx_word' id='word_1_66' title='bbox 690 1093 790 1130; x_wconf 85' lang='lat' dir='ltr'><strong>non</strong></span> <span class='ocrx_word' id='word_1_67' title='bbox 832 1078 1091 1146; x_wconf 80' lang='lat' dir='ltr'><strong>rumpitur</strong></span> <span class='ocrx_word' id='word_1_68' title='bbox 1122 1076 1321 1147; x_wconf 82' lang='lat' dir='ltr'><strong>(Eccle.</strong></span> <span class='ocrx_word' id='word_1_69' title='bbox 1370 1094 1445 1145; x_wconf 85' lang='lat' dir='ltr'><strong>tv,</strong></span> <span class='ocrx_word' id='word_1_70' title='bbox 1482 1079 1594 1149; x_wconf 74' lang='grc'><strong>12).</strong></span> <span class='ocrx_word' id='word_1_71' title='bbox 1637 1080 1777 1134; x_wconf 83' lang='lat' dir='ltr'><strong>Audi</strong></span> 
     </span>
    </p>
   </div>
   <div class='ocr_carea' id='block_1_11' title="bbox 188 1166 1775 1241">
    <p class='ocr_par' dir='ltr' id='par_1_11' title="bbox 188 1166 1775 1241">
     <span class='ocr_line' id='line_1_11' title="bbox 188 1166 1775 1241; baseline 0.004 -20"><span class='ocrx_word' id='word_1_72' title='bbox 188 1166 363 1221; x_wconf 84' lang='lat' dir='ltr'><strong>David</strong></span> <span class='ocrx_word' id='word_1_73' title='bbox 395 1185 407 1218; x_wconf 85' lang='lat'><strong>:</strong></span> <span class='ocrx_word' id='word_1_74' title='bbox 462 1167 691 1221; x_wconf 77' lang='lat' dir='ltr'><strong>Psallam</strong></span> <span class='ocrx_word' id='word_1_75' title='bbox 721 1170 916 1223; x_wconf 78' lang='lat' dir='ltr'><strong>nomini</strong></span> <span class='ocrx_word' id='word_1_76' title='bbox 946 1180 1033 1223; x_wconf 88' lang='lat' dir='ltr'><strong>tuo</strong></span> <span class='ocrx_word' id='word_1_77' title='bbox 1079 1171 1129 1223; x_wconf 87' lang='lat' dir='ltr'><strong>in</strong></span> <span class='ocrx_word' id='word_1_78' title='bbox 1169 1172 1380 1223; x_wconf 78' lang='lat' dir='ltr'><strong>ecclesia</strong></span> <span class='ocrx_word' id='word_1_79' title='bbox 1406 1174 1569 1226; x_wconf 87' lang='lat' dir='ltr'><strong>multa</strong></span> <span class='ocrx_word' id='word_1_80' title='bbox 1604 1171 1775 1241; x_wconf 80' lang='lat' dir='ltr'><strong>(Psal.</strong></span> 
     </span>
    </p>
   </div>
   <div class='ocr_carea' id='block_1_12' title="bbox 188 1257 1778 1333">
    <p class='ocr_par' dir='ltr' id='par_1_12' title="bbox 188 1257 1778 1333">
     <span class='ocr_line' id='line_1_12' title="bbox 188 1257 1778 1333; baseline 0.007 -24"><span class='ocrx_word' id='word_1_81' title='bbox 188 1272 379 1323; x_wconf 76' lang='lat' dir='ltr'><strong>xxxiv,</strong></span> <span class='ocrx_word' id='word_1_82' title='bbox 416 1257 526 1325; x_wconf 86' lang='grc'><strong>18).</strong></span> <span class='ocrx_word' id='word_1_83' title='bbox 577 1260 640 1313; x_wconf 85' lang='grc' dir='ltr'><strong>Ει</strong></span> <span class='ocrx_word' id='word_1_84' title='bbox 669 1260 868 1315; x_wconf 87' lang='lat' dir='ltr'><strong>iterum</strong></span> <span class='ocrx_word' id='word_1_85' title='bbox 913 1278 925 1313; x_wconf 89' lang='lat'><strong>:</strong></span> <span class='ocrx_word' id='word_1_86' title='bbox 980 1261 1045 1314; x_wconf 87' lang='lat' dir='ltr'><strong>In</strong></span> <span class='ocrx_word' id='word_1_87' title='bbox 1079 1264 1270 1328; x_wconf 89' lang='lat' dir='ltr'><strong>populo</strong></span> <span class='ocrx_word' id='word_1_88' title='bbox 1307 1266 1449 1333; x_wconf 82' lang='lat' dir='ltr'><strong>grat-i</strong></span> <span class='ocrx_word' id='word_1_89' title='bbox 1479 1264 1700 1319; x_wconf 85' lang='lat' dir='ltr'><strong>laudabo</strong></span> <span class='ocrx_word' id='word_1_90' title='bbox 1730 1275 1778 1320; x_wconf 84' lang='lat' dir='ltr'><strong>te</strong></span> 
     </span>
    </p>
   </div>
   <div class='ocr_carea' id='block_1_13' title="bbox 185 1350 1779 1421">
    <p class='ocr_par' dir='ltr' id='par_1_13' title="bbox 185 1350 1779 1421">
     <span class='ocr_line' id='line_1_13' title="bbox 185 1350 1779 1421; baseline 0.008 -19"><span class='ocrx_word' id='word_1_91' title='bbox 185 1350 403 1420; x_wconf 88' lang='lat' dir='ltr'><strong>(lbid.).</strong></span> <span class='ocrx_word' id='word_1_92' title='bbox 438 1351 503 1405; x_wconf 85' lang='lat' dir='ltr'><strong>Et</strong></span> <span class='ocrx_word' id='word_1_93' title='bbox 532 1370 543 1405; x_wconf 91' lang='lat'><strong>:</strong></span> <span class='ocrx_word' id='word_1_94' title='bbox 574 1352 713 1407; x_wconf 80' lang='lat' dir='ltr'><strong>Deus</strong></span> <span class='ocrx_word' id='word_1_95' title='bbox 747 1356 957 1407; x_wconf 81' lang='lat' dir='ltr'><strong>deorum</strong></span> <span class='ocrx_word' id='word_1_96' title='bbox 990 1356 1191 1409; x_wconf 81' lang='lat' dir='ltr'><strong>locutus</strong></span> <span class='ocrx_word' id='word_1_97' title='bbox 1244 1368 1337 1421; x_wconf 75' lang='lat' dir='ltr'><strong>est,</strong></span> <span class='ocrx_word' id='word_1_98' title='bbox 1374 1368 1419 1411; x_wconf 85' lang='lat' dir='ltr'><strong>et</strong></span> <span class='ocrx_word' id='word_1_99' title='bbox 1454 1361 1648 1411; x_wconf 74' lang='lat' dir='ltr'><strong>vocavit</strong></span> <span class='ocrx_word' id='word_1_100' title='bbox 1676 1370 1779 1414; x_wconf 82' lang='lat' dir='ltr'><strong>ter-</strong></span> 
     </span>
    </p>
   </div>
   <div class='ocr_carea' id='block_1_14' title="bbox 183 1442 1773 1521">
    <p class='ocr_par' dir='ltr' id='par_1_14' title="bbox 183 1442 1773 1521">
     <span class='ocr_line' id='line_1_14' title="bbox 183 1442 1773 1521; baseline 0.008 -28"><span class='ocrx_word' id='word_1_101' title='bbox 183 1458 300 1494; x_wconf 84' lang='lat' dir='ltr'><strong>ram</strong></span> <span class='ocrx_word' id='word_1_102' title='bbox 341 1442 405 1495; x_wconf 90' lang='lat' dir='ltr'><strong>ab</strong></span> <span class='ocrx_word' id='word_1_103' title='bbox 433 1454 548 1496; x_wconf 87' lang='lat' dir='ltr'><strong>orm</strong></span> <span class='ocrx_word' id='word_1_104' title='bbox 595 1447 716 1499; x_wconf 80' lang='lat' dir='ltr'><strong>solis</strong></span> <span class='ocrx_word' id='word_1_105' title='bbox 747 1463 905 1515; x_wconf 81' lang='lat' dir='ltr'><strong>usque</strong></span> <span class='ocrx_word' id='word_1_106' title='bbox 928 1448 996 1499; x_wconf 90' lang='lat' dir='ltr'><strong>ad</strong></span> <span class='ocrx_word' id='word_1_107' title='bbox 1044 1464 1276 1501; x_wconf 82' lang='lat' dir='ltr'><strong>occasum</strong></span> <span class='ocrx_word' id='word_1_108' title='bbox 1310 1450 1480 1519; x_wconf 86' lang='lat' dir='ltr'><strong>(Psal.</strong></span> <span class='ocrx_word' id='word_1_109' title='bbox 1516 1466 1661 1513; x_wconf 75' lang='lat' dir='ltr'><strong>XLIX,</strong></span> <span class='ocrx_word' id='word_1_110' title='bbox 1698 1451 1773 1521; x_wconf 88' lang='grc'><strong>1).</strong></span> 
     </span>
    </p>
   </div>
   <div class='ocr_carea' id='block_1_15' title="bbox 182 1535 1778 1604">
    <p class='ocr_par' dir='ltr' id='par_1_15' title="bbox 182 1535 1778 1604">
     <span class='ocr_line' id='line_1_15' title="bbox 182 1535 1778 1604; baseline 0.006 -14"><span class='ocrx_word' id='word_1_111' title='bbox 182 1535 325 1603; x_wconf 85' lang='lat' dir='ltr'><strong>Quid</strong></span> <span class='ocrx_word' id='word_1_112' title='bbox 357 1552 540 1591; x_wconf 85' lang='lat' dir='ltr'><strong>semen</strong></span> <span class='ocrx_word' id='word_1_113' title='bbox 568 1539 821 1604; x_wconf 66' lang='lat' dir='ltr'><strong>Abraltte,</strong></span> <span class='ocrx_word' id='word_1_114' title='bbox 856 1543 1155 1595; x_wconf 87' lang='lat' dir='ltr'><strong>secundum</strong></span> <span class='ocrx_word' id='word_1_115' title='bbox 1188 1544 1470 1597; x_wconf 85' lang='lat' dir='ltr'><strong>stellarum</strong></span> <span class='ocrx_word' id='word_1_116' title='bbox 1502 1544 1693 1599; x_wconf 90' lang='lat' dir='ltr'><strong>modos</strong></span> <span class='ocrx_word' id='word_1_117' title='bbox 1720 1554 1778 1599; x_wconf 87' lang='lat' dir='ltr'><strong>et</strong></span> 
     </span>
    </p>
   </div>
   <div class='ocr_carea' id='block_1_16' title="bbox 183 1642 1775 1705">
    <p class='ocr_par' dir='ltr' id='par_1_16' title="bbox 183 1642 1775 1705">
     <span class='ocr_line' id='line_1_16' title="bbox 183 1642 1775 1705; baseline 0.006 -22"><span class='ocrx_word' id='word_1_118' title='bbox 183 1645 446 1683; x_wconf 77' lang='lat' dir='ltr'><strong>IIIIDICI‘OS</strong></span> <span class='ocrx_word' id='word_1_119' title='bbox 476 1646 786 1699; x_wconf 88' lang='lat' dir='ltr'><strong>arenarum,</strong></span> <span class='ocrx_word' id='word_1_120' title='bbox 833 1644 1011 1689; x_wconf 72' lang='grc' dir='ltr'><strong>νρςιηι</strong></span> <span class='ocrx_word' id='word_1_121' title='bbox 1057 1646 1369 1705; x_wconf 88' lang='lat' dir='ltr'><strong>paupertate</strong></span> <span class='ocrx_word' id='word_1_122' title='bbox 1416 1642 1775 1693; x_wconf 69' lang='grc' dir='ltr'><strong>(ξοηιειιιυηιῖ)</strong></span> 
     </span>
    </p>
   </div>
   <div class='ocr_carea' id='block_1_17' title="bbox 183 1719 1767 1802">
    <p class='ocr_par' dir='ltr' id='par_1_17' title="bbox 183 1719 1767 1802">
     <span class='ocr_line' id='line_1_17' title="bbox 183 1719 1767 1802; baseline 0.006 -29"><span class='ocrx_word' id='word_1_123' title='bbox 183 1719 567 1777; x_wconf 77' lang='lat' dir='ltr'><strong>Benetlicentttr</strong></span> <span class='ocrx_word' id='word_1_124' title='bbox 602 1725 654 1776; x_wconf 88' lang='lat' dir='ltr'><strong>in</strong></span> <span class='ocrx_word' id='word_1_125' title='bbox 698 1734 764 1788; x_wconf 85' lang='lat' dir='ltr'><strong>te,</strong></span> <span class='ocrx_word' id='word_1_126' title='bbox 801 1727 993 1794; x_wconf 83' lang='lat' dir='ltr'><strong>inquit,</strong></span> <span class='ocrx_word' id='word_1_127' title='bbox 1027 1744 1199 1782; x_wconf 71' lang='lat' dir='ltr'><strong>omnes</strong></span> <span class='ocrx_word' id='word_1_128' title='bbox 1242 1730 1397 1781; x_wconf 78' lang='lat' dir='ltr'><strong>tribus</strong></span> <span class='ocrx_word' id='word_1_129' title='bbox 1437 1741 1584 1782; x_wconf 72' lang='lat' dir='ltr'><strong>terrm</strong></span> <span class='ocrx_word' id='word_1_130' title='bbox 1614 1731 1767 1802; x_wconf 77' lang='lat' dir='ltr'><strong>(Gen.</strong></span> 
     </span>
    </p>
   </div>
   <div class='ocr_carea' id='block_1_18' title="bbox 180 1816 1769 1891">
    <p class='ocr_par' dir='ltr' id='par_1_18' title="bbox 180 1816 1769 1891">
     <span class='ocr_line' id='line_1_18' title="bbox 180 1816 1769 1891; baseline 0.006 -22"><span class='ocrx_word' id='word_1_131' title='bbox 180 1830 318 1881; x_wconf 84' lang='lat' dir='ltr'><strong>xxn,</strong></span> <span class='ocrx_word' id='word_1_132' title='bbox 366 1816 474 1885; x_wconf 82' lang='grc'><strong>18).</strong></span> <span class='ocrx_word' id='word_1_133' title='bbox 525 1816 654 1882; x_wconf 91' lang='lat' dir='ltr'><strong>Dic;</strong></span> <span class='ocrx_word' id='word_1_134' title='bbox 701 1818 1037 1873; x_wconf 72' lang='lat' dir='ltr'><strong>Novatianus</strong></span> <span class='ocrx_word' id='word_1_135' title='bbox 1081 1820 1176 1873; x_wconf 89' lang='lat' dir='ltr'><strong>has</strong></span> <span class='ocrx_word' id='word_1_136' title='bbox 1219 1822 1472 1891; x_wconf 87' lang='lat' dir='ltr'><strong>impleat?</strong></span> <span class='ocrx_word' id='word_1_137' title='bbox 1518 1823 1632 1876; x_wconf 83' lang='lat' dir='ltr'><strong>Non</strong></span> <span class='ocrx_word' id='word_1_138' title='bbox 1666 1833 1769 1878; x_wconf 89' lang='lat' dir='ltr'><strong>tam</strong></span> 
     </span>
    </p>
   </div>
   <div class='ocr_carea' id='block_1_19' title="bbox 1884 612 3469 687">
    <p class='ocr_par' dir='ltr' id='par_1_19' title="bbox 1884 612 3469 687">
     <span class='ocr_line' id='line_1_19' title="bbox 1884 612 3469 687; baseline 0.001 -21"><span class='ocrx_word' id='word_1_139' title='bbox 1884 631 2042 687; x_wconf 80' lang='lat' dir='ltr'><strong>usque</strong></span> <span class='ocrx_word' id='word_1_140' title='bbox 2092 615 2160 668; x_wconf 87' lang='lat' dir='ltr'><strong>ad</strong></span> <span class='ocrx_word' id='word_1_141' title='bbox 2216 632 2453 670; x_wconf 79' lang='lat' dir='ltr'><strong>occasum</strong></span> <span class='ocrx_word' id='word_1_142' title='bbox 2504 614 2765 670; x_wconf 81' lang='lat' dir='ltr'><strong>laudabile</strong></span> <span class='ocrx_word' id='word_1_143' title='bbox 2814 631 2998 669; x_wconf 85' lang='lat' dir='ltr'><strong>nomen</strong></span> <span class='ocrx_word' id='word_1_144' title='bbox 3046 612 3257 667; x_wconf 83' lang='lat' dir='ltr'><strong>Domini</strong></span> <span class='ocrx_word' id='word_1_145' title='bbox 3293 612 3469 685; x_wconf 83' lang='lat' dir='ltr'><strong>(Psal.</strong></span> 
     </span>
    </p>
   </div>
   <div class='ocr_carea' id='block_1_20' title="bbox 1882 703 3465 778">
    <p class='ocr_par' dir='ltr' id='par_1_20' title="bbox 1882 703 3465 778">
     <span class='ocr_line' id='line_1_20' title="bbox 1882 703 3465 778; baseline -0.004 -14"><span class='ocrx_word' id='word_1_146' title='bbox 1882 725 2009 776; x_wconf 74' lang='lat' dir='ltr'><strong>cxu,</strong></span> <span class='ocrx_word' id='word_1_147' title='bbox 2044 710 2123 778; x_wconf 82' lang='grc'><strong>5).</strong></span> <span class='ocrx_word' id='word_1_148' title='bbox 2150 708 2457 775; x_wconf 84' lang='lat' dir='ltr'><strong>Vide,vide,</strong></span> <span class='ocrx_word' id='word_1_149' title='bbox 2487 723 2695 778; x_wconf 65' lang='lat' dir='ltr'><strong>quaeso,</strong></span> <span class='ocrx_word' id='word_1_150' title='bbox 2725 705 3035 761; x_wconf 79' lang='lat' dir='ltr'><strong>Novatianis</strong></span> <span class='ocrx_word' id='word_1_151' title='bbox 3063 706 3116 760; x_wconf 93' lang='lat' dir='ltr'><strong>in</strong></span> <span class='ocrx_word' id='word_1_152' title='bbox 3146 703 3316 760; x_wconf 77' lang='lat' dir='ltr'><strong>verba</strong></span> <span class='ocrx_word' id='word_1_153' title='bbox 3348 703 3465 759; x_wconf 88' lang='lat' dir='ltr'><strong>luc-</strong></span> 
     </span>
    </p>
   </div>
   <div class='ocr_carea' id='block_1_21' title="bbox 1883 796 3471 871">
    <p class='ocr_par' dir='ltr' id='par_1_21' title="bbox 1883 796 3471 871">
     <span class='ocr_line' id='line_1_21' title="bbox 1883 796 3471 871; baseline -0.004 -13"><span class='ocrx_word' id='word_1_154' title='bbox 1883 805 2147 869; x_wconf 86' lang='lat' dir='ltr'><strong>tantibus,</strong></span> <span class='ocrx_word' id='word_1_155' title='bbox 2196 802 2494 858; x_wconf 86' lang='lat' dir='ltr'><strong>catholicas</strong></span> <span class='ocrx_word' id='word_1_156' title='bbox 2540 801 2625 871; x_wconf 92' lang='lat' dir='ltr'><strong>agi</strong></span> <span class='ocrx_word' id='word_1_157' title='bbox 2680 809 2797 855; x_wconf 92' lang='lat' dir='ltr'><strong>toto</strong></span> <span class='ocrx_word' id='word_1_158' title='bbox 2835 798 2965 854; x_wconf 92' lang='lat' dir='ltr'><strong>orbe</strong></span> <span class='ocrx_word' id='word_1_159' title='bbox 3011 796 3250 853; x_wconf 83' lang='lat' dir='ltr'><strong>divitias.</strong></span> <span class='ocrx_word' id='word_1_160' title='bbox 3293 796 3471 865; x_wconf 87' lang='lat' dir='ltr'><strong>Super</strong></span> 
     </span>
    </p>
   </div>
   <div class='ocr_carea' id='block_1_22' title="bbox 1880 888 3471 967">
    <p class='ocr_par' dir='ltr' id='par_1_22' title="bbox 1880 888 3471 967">
     <span class='ocr_line' id='line_1_22' title="bbox 1880 888 3471 967; baseline -0.006 -15"><span class='ocrx_word' id='word_1_161' title='bbox 1880 897 2135 952; x_wconf 90' lang='lat' dir='ltr'><strong>omnibus</strong></span> <span class='ocrx_word' id='word_1_162' title='bbox 2161 899 2359 967; x_wconf 87' lang='lat' dir='ltr'><strong>quibus</strong></span> <span class='ocrx_word' id='word_1_163' title='bbox 2386 912 2416 952; x_wconf 90' lang='lat' dir='ltr'><strong>a</strong></span> <span class='ocrx_word' id='word_1_164' title='bbox 2455 906 2505 951; x_wconf 88' lang='lat' dir='ltr'><strong>te</strong></span> <span class='ocrx_word' id='word_1_165' title='bbox 2545 910 2664 950; x_wconf 86' lang='lat' dir='ltr'><strong>sum</strong></span> <span class='ocrx_word' id='word_1_166' title='bbox 2709 892 3009 957; x_wconf 87' lang='lat' dir='ltr'><strong>consultus,</strong></span> <span class='ocrx_word' id='word_1_167' title='bbox 3054 890 3306 946; x_wconf 80' lang='lat' dir='ltr'><strong>instruxi.</strong></span> <span class='ocrx_word' id='word_1_168' title='bbox 3337 888 3471 945; x_wconf 84' lang='lat' dir='ltr'><strong>Nul-</strong></span> 
     </span>
    </p>
   </div>
   <div class='ocr_carea' id='block_1_23' title="bbox 1880 978 3467 1060">
    <p class='ocr_par' dir='ltr' id='par_1_23' title="bbox 1880 978 3467 1060">
     <span class='ocr_line' id='line_1_23' title="bbox 1880 978 3467 1060; baseline -0.007 -14"><span class='ocrx_word' id='word_1_169' title='bbox 1880 993 2014 1058; x_wconf 92' lang='lat' dir='ltr'><strong>lum,</strong></span> <span class='ocrx_word' id='word_1_170' title='bbox 2048 1005 2110 1045; x_wconf 87' lang='lat' dir='ltr'><strong>ex</strong></span> <span class='ocrx_word' id='word_1_171' title='bbox 2152 989 2441 1060; x_wconf 85' lang='lat' dir='ltr'><strong>propositis</strong></span> <span class='ocrx_word' id='word_1_172' title='bbox 2467 996 2631 1057; x_wconf 91' lang='lat' dir='ltr'><strong>caput</strong></span> <span class='ocrx_word' id='word_1_173' title='bbox 2667 984 3065 1042; x_wconf 85' lang='lat' dir='ltr'><strong>sententiamve</strong></span> <span class='ocrx_word' id='word_1_174' title='bbox 3091 981 3351 1053; x_wconf 65' lang='lat' dir='ltr'><strong>praeterii.</strong></span> <span class='ocrx_word' id='word_1_175' title='bbox 3382 978 3467 1036; x_wconf 82' lang='lat' dir='ltr'><strong>Ad</strong></span> 
     </span>
    </p>
   </div>
   <div class='ocr_carea' id='block_1_24' title="bbox 1882 1072 3471 1175">
    <p class='ocr_par' dir='ltr' id='par_1_24' title="bbox 1882 1072 3471 1175">
     <span class='ocr_line' id='line_1_24' title="bbox 1882 1072 3471 1175; baseline -0.008 -38"><span class='ocrx_word' id='word_1_176' title='bbox 1882 1084 2025 1153; x_wconf 89' lang='lat' dir='ltr'><strong>ipsos</strong></span> <span class='ocrx_word' id='word_1_177' title='bbox 2051 1078 2237 1151; x_wconf 86' lang='lat' dir='ltr'><strong>apices</strong></span> <span class='ocrx_word' id='word_1_178' title='bbox 2264 1091 2318 1135; x_wconf 93' lang='lat' dir='ltr'><strong>et</strong></span> <span class='ocrx_word' id='word_1_179' title='bbox 2341 1079 2503 1135; x_wconf 86' lang='lat' dir='ltr'><strong>verba</strong></span> <span class='ocrx_word' id='word_1_180' title='bbox 2528 1077 2806 1175; x_wconf 69' lang='lat' dir='ltr'><strong>reSpondi.</strong></span> <span class='ocrx_word' id='word_1_181' title='bbox 2847 1076 2903 1132; x_wconf 91' lang='lat' dir='ltr'><strong>Si</strong></span> <span class='ocrx_word' id='word_1_182' title='bbox 2927 1073 3260 1131; x_wconf 88' lang='lat' dir='ltr'><strong>consulentis</strong></span> <span class='ocrx_word' id='word_1_183' title='bbox 3287 1072 3471 1127; x_wconf 84' lang='lat' dir='ltr'><strong>animo</strong></span> 
     </span>
    </p>
   </div>
   <div class='ocr_carea' id='block_1_25' title="bbox 1883 1165 3467 1244">
    <p class='ocr_par' dir='ltr' id='par_1_25' title="bbox 1883 1165 3467 1244">
     <span class='ocr_line' id='line_1_25' title="bbox 1883 1165 3467 1244; baseline -0.006 -16"><span class='ocrx_word' id='word_1_184' title='bbox 1883 1174 2175 1244; x_wconf 76' lang='lat' dir='ltr'><strong>requisisri,</strong></span> <span class='ocrx_word' id='word_1_185' title='bbox 2217 1182 2462 1227; x_wconf 85' lang='lat' dir='ltr'><strong>amanter</strong></span> <span class='ocrx_word' id='word_1_186' title='bbox 2511 1165 2792 1225; x_wconf 79' lang='lat' dir='ltr'><strong>ostensum</strong></span> <span class='ocrx_word' id='word_1_187' title='bbox 2842 1178 2924 1224; x_wconf 90' lang='lat' dir='ltr'><strong>est</strong></span> <span class='ocrx_word' id='word_1_188' title='bbox 2965 1186 2978 1220; x_wconf 88' lang='lat'>:</span> <span class='ocrx_word' id='word_1_189' title='bbox 3028 1168 3074 1221; x_wconf 88' lang='lat' dir='ltr'><strong>si</strong></span> <span class='ocrx_word' id='word_1_190' title='bbox 3127 1165 3467 1231; x_wconf 84' lang='lat' dir='ltr'><strong>lacessentis,</strong></span> 
     </span>
    </p>
   </div>
   <div class='ocr_carea' id='block_1_26' title="bbox 1881 1260 3467 1335">
    <p class='ocr_par' dir='ltr' id='par_1_26' title="bbox 1881 1260 3467 1335">
     <span class='ocr_line' id='line_1_26' title="bbox 1881 1260 3467 1335; baseline -0.007 -14"><span class='ocrx_word' id='word_1_191' title='bbox 1881 1266 2021 1322; x_wconf 90' lang='lat' dir='ltr'><strong>haud</strong></span> <span class='ocrx_word' id='word_1_192' title='bbox 2045 1266 2281 1335; x_wconf 81' lang='lat' dir='ltr'><strong>segniter</strong></span> <span class='ocrx_word' id='word_1_193' title='bbox 2307 1266 2663 1333; x_wconf 77' lang='lat' dir='ltr'><strong>diSputatum.</strong></span> <span class='ocrx_word' id='word_1_194' title='bbox 2697 1260 3052 1331; x_wconf 83' lang='lat' dir='ltr'><strong>Subjungam,</strong></span> <span class='ocrx_word' id='word_1_195' title='bbox 3085 1274 3208 1315; x_wconf 91' lang='lat' dir='ltr'><strong>cum</strong></span> <span class='ocrx_word' id='word_1_196' title='bbox 3237 1271 3467 1312; x_wconf 80' lang='lat' dir='ltr'><strong>vacuum</strong></span> 
     </span>
    </p>
   </div>
   <div class='ocr_carea' id='block_1_27' title="bbox 1880 1348 3470 1428">
    <p class='ocr_par' dir='ltr' id='par_1_27' title="bbox 1880 1348 3470 1428">
     <span class='ocr_line' id='line_1_27' title="bbox 1880 1348 3470 1428; baseline -0.008 -12"><span class='ocrx_word' id='word_1_197' title='bbox 1880 1363 2007 1425; x_wconf 91' lang='lat' dir='ltr'><strong>erit,</strong></span> <span class='ocrx_word' id='word_1_198' title='bbox 2041 1372 2094 1415; x_wconf 92' lang='lat' dir='ltr'><strong>et</strong></span> <span class='ocrx_word' id='word_1_199' title='bbox 2125 1360 2286 1413; x_wconf 86' lang='lat' dir='ltr'><strong>aliam</strong></span> <span class='ocrx_word' id='word_1_200' title='bbox 2330 1357 2638 1428; x_wconf 86' lang='lat' dir='ltr'><strong>epistolam,</strong></span> <span class='ocrx_word' id='word_1_201' title='bbox 2678 1357 2729 1409; x_wconf 93' lang='lat' dir='ltr'><strong>in</strong></span> <span class='ocrx_word' id='word_1_202' title='bbox 2774 1369 2877 1425; x_wconf 91' lang='lat' dir='ltr'><strong>qua</strong></span> <span class='ocrx_word' id='word_1_203' title='bbox 2912 1368 3017 1407; x_wconf 92' lang='lat' dir='ltr'><strong>non</strong></span> <span class='ocrx_word' id='word_1_204' title='bbox 3063 1361 3239 1407; x_wconf 80' lang='lat' dir='ltr'><strong>vestra</strong></span> <span class='ocrx_word' id='word_1_205' title='bbox 3281 1348 3470 1405; x_wconf 87' lang='lat' dir='ltr'><strong>redar-</strong></span> 
     </span>
    </p>
   </div>
   <div class='ocr_carea' id='block_1_28' title="bbox 1880 1445 3467 1523">
    <p class='ocr_par' dir='ltr' id='par_1_28' title="bbox 1880 1445 3467 1523">
     <span class='ocr_line' id='line_1_28' title="bbox 1880 1445 3467 1523; baseline -0.006 -18"><span class='ocrx_word' id='word_1_206' title='bbox 1880 1469 2059 1523; x_wconf 83' lang='lat' dir='ltr'><strong>guam,</strong></span> <span class='ocrx_word' id='word_1_207' title='bbox 2107 1452 2203 1507; x_wconf 90' lang='lat' dir='ltr'><strong>sed</strong></span> <span class='ocrx_word' id='word_1_208' title='bbox 2247 1464 2428 1506; x_wconf 88' lang='lat' dir='ltr'><strong>nostra</strong></span> <span class='ocrx_word' id='word_1_209' title='bbox 2457 1464 2751 1521; x_wconf 83' lang='lat' dir='ltr'><strong>preponam</strong></span> <span class='ocrx_word' id='word_1_210' title='bbox 2788 1466 2801 1501; x_wconf 92' lang='lat'><strong>:</strong></span> <span class='ocrx_word' id='word_1_211' title='bbox 2854 1461 3036 1517; x_wconf 89' lang='lat' dir='ltr'><strong>quam,</strong></span> <span class='ocrx_word' id='word_1_212' title='bbox 3071 1445 3382 1514; x_wconf 28' lang='lat' dir='ltr'><strong>si‘benigne</strong></span> <span class='ocrx_word' id='word_1_213' title='bbox 3412 1453 3467 1497; x_wconf 91' lang='lat' dir='ltr'><strong>et</strong></span> 
     </span>
    </p>
   </div>
   <div class='ocr_carea' id='block_1_29' title="bbox 1878 1535 3467 1613">
    <p class='ocr_par' dir='ltr' id='par_1_29' title="bbox 1878 1535 3467 1613">
     <span class='ocr_line' id='line_1_29' title="bbox 1878 1535 3467 1613; baseline -0.006 -16"><span class='ocrx_word' id='word_1_214' title='bbox 1878 1546 1996 1600; x_wconf 87' lang='lat' dir='ltr'><strong>sine</strong></span> <span class='ocrx_word' id='word_1_215' title='bbox 2025 1544 2242 1599; x_wconf 79' lang='lat' dir='ltr'><strong>fastidio</strong></span> <span class='ocrx_word' id='word_1_216' title='bbox 2272 1542 2488 1613; x_wconf 87' lang='lat' dir='ltr'><strong>legeris,</strong></span> <span class='ocrx_word' id='word_1_217' title='bbox 2520 1541 2750 1595; x_wconf 90' lang='lat' dir='ltr'><strong>fortasse</strong></span> <span class='ocrx_word' id='word_1_218' title='bbox 2781 1554 2888 1595; x_wconf 93' lang='lat' dir='ltr'><strong>non</strong></span> <span class='ocrx_word' id='word_1_219' title='bbox 2921 1538 3101 1593; x_wconf 74' lang='lat' dir='ltr'><strong>lzedet.</strong></span> <span class='ocrx_word' id='word_1_220' title='bbox 3135 1536 3380 1602; x_wconf 88' lang='lat' dir='ltr'><strong>Interim,</strong></span> <span class='ocrx_word' id='word_1_221' title='bbox 3413 1535 3467 1589; x_wconf 93' lang='lat' dir='ltr'><strong>in</strong></span> 
     </span>
    </p>
   </div>
   <div class='ocr_carea' id='block_1_30' title="bbox 1878 1627 3466 1704">
    <p class='ocr_par' dir='ltr' id='par_1_30' title="bbox 1878 1627 3466 1704">
     <span class='ocr_line' id='line_1_30' title="bbox 1878 1627 3466 1704; baseline -0.005 -13"><span class='ocrx_word' id='word_1_222' title='bbox 1878 1638 2002 1702; x_wconf 90' lang='lat' dir='ltr'><strong>ista,</strong></span> <span class='ocrx_word' id='word_1_223' title='bbox 2037 1646 2157 1704; x_wconf 89' lang='lat' dir='ltr'><strong>peto</strong></span> <span class='ocrx_word' id='word_1_224' title='bbox 2184 1644 2243 1689; x_wconf 93' lang='lat' dir='ltr'><strong>ut</strong></span> <span class='ocrx_word' id='word_1_225' title='bbox 2269 1636 2476 1704; x_wconf 87' lang='lat' dir='ltr'><strong>singula</strong></span> <span class='ocrx_word' id='word_1_226' title='bbox 2500 1648 2729 1703; x_wconf 70' lang='lat' dir='ltr'><strong>qumque</strong></span> <span class='ocrx_word' id='word_1_227' title='bbox 2756 1645 3098 1702; x_wconf 87' lang='lat' dir='ltr'><strong>percenseas.</strong></span> <span class='ocrx_word' id='word_1_228' title='bbox 3133 1628 3328 1684; x_wconf 82' lang='lat' dir='ltr'><strong>Omnia</strong></span> <span class='ocrx_word' id='word_1_229' title='bbox 3354 1627 3466 1683; x_wconf 90' lang='lat' dir='ltr'><strong>cito</strong></span> 
     </span>
    </p>
   </div>
   <div class='ocr_carea' id='block_1_31' title="bbox 1877 1722 3466 1798">
    <p class='ocr_par' dir='ltr' id='par_1_31' title="bbox 1877 1722 3466 1798">
     <span class='ocr_line' id='line_1_31' title="bbox 1877 1722 3466 1798; baseline -0.006 -14"><span class='ocrx_word' id='word_1_230' title='bbox 1877 1730 2016 1784; x_wconf 88' lang='lat' dir='ltr'><strong>lecta</strong></span> <span class='ocrx_word' id='word_1_231' title='bbox 2063 1738 2432 1798; x_wconf 75' lang='lat' dir='ltr'><strong>przetereunt:</strong></span> <span class='ocrx_word' id='word_1_232' title='bbox 2476 1729 2519 1781; x_wconf 93' lang='lat' dir='ltr'><strong>si</strong></span> <span class='ocrx_word' id='word_1_233' title='bbox 2552 1727 2879 1781; x_wconf 83' lang='lat' dir='ltr'><strong>charismata</strong></span> <span class='ocrx_word' id='word_1_234' title='bbox 2906 1724 3128 1779; x_wconf 85' lang='lat' dir='ltr'><strong>meliora</strong></span> <span class='ocrx_word' id='word_1_235' title='bbox 3161 1722 3466 1787; x_wconf 86' lang='lat' dir='ltr'><strong>desideras,</strong></span> 
     </span>
    </p>
   </div>
   <div class='ocr_carea' id='block_1_32' title="bbox 1875 1815 3463 1889">
    <p class='ocr_par' dir='ltr' id='par_1_32' title="bbox 1875 1815 3463 1889">
     <span class='ocr_line' id='line_1_32' title="bbox 1875 1815 3463 1889; baseline -0.007 -11"><span class='ocrx_word' id='word_1_236' title='bbox 1875 1833 1931 1879; x_wconf 92' lang='lat' dir='ltr'><strong>et</strong></span> <span class='ocrx_word' id='word_1_237' title='bbox 1975 1824 2129 1877; x_wconf 63' lang='lat' dir='ltr'><strong>bonae</strong></span> <span class='ocrx_word' id='word_1_238' title='bbox 2161 1822 2488 1877; x_wconf 88' lang='lat' dir='ltr'><strong>eruditionis</strong></span> <span class='ocrx_word' id='word_1_239' title='bbox 2528 1823 2760 1874; x_wconf 89' lang='lat' dir='ltr'><strong>animam</strong></span> <span class='ocrx_word' id='word_1_240' title='bbox 2802 1818 2969 1889; x_wconf 86' lang='lat' dir='ltr'><strong>geris,</strong></span> <span class='ocrx_word' id='word_1_241' title='bbox 3004 1833 3112 1871; x_wconf 88' lang='lat' dir='ltr'><strong>non</strong></span> <span class='ocrx_word' id='word_1_242' title='bbox 3155 1815 3317 1871; x_wconf 87' lang='lat' dir='ltr'><strong>facile</strong></span> <span class='ocrx_word' id='word_1_243' title='bbox 3356 1824 3463 1869; x_wconf 89' lang='lat' dir='ltr'><strong>tam</strong></span> 
     </span>
    </p>
   </div>
   <div class='ocr_carea' id='block_1_33' title="bbox 181 1905 3465 1985">
    <p class='ocr_par' dir='ltr' id='par_1_33' title="bbox 181 1905 3465 1985">
     <span class='ocr_line' id='line_1_33' title="bbox 181 1905 3465 1985; baseline 0.002 -25"><span class='ocrx_word' id='word_1_244' title='bbox 181 1920 398 1976; x_wconf 88' lang='lat' dir='ltr'><strong>parum,</strong></span> <span class='ocrx_word' id='word_1_245' title='bbox 427 1910 691 1977; x_wconf 90' lang='lat' dir='ltr'><strong>sanguine</strong></span> <span class='ocrx_word' id='word_1_246' title='bbox 714 1924 812 1963; x_wconf 90' lang='lat' dir='ltr'><strong>suo</strong></span> <span class='ocrx_word' id='word_1_247' title='bbox 843 1912 1076 1967; x_wconf 78' lang='lat' dir='ltr'><strong>redemit</strong></span> <span class='ocrx_word' id='word_1_248' title='bbox 1106 1914 1274 1978; x_wconf 84' lang='lat' dir='ltr'><strong>Deus,</strong></span> <span class='ocrx_word' id='word_1_249' title='bbox 1307 1930 1406 1968; x_wconf 90' lang='lat' dir='ltr'><strong>nec</strong></span> <span class='ocrx_word' id='word_1_250' title='bbox 1432 1924 1537 1969; x_wconf 89' lang='lat' dir='ltr'><strong>tam</strong></span> <span class='ocrx_word' id='word_1_251' title='bbox 1570 1932 1771 1985; x_wconf 82' lang='lat' dir='ltr'><strong>pauper</strong></span> <span class='ocrx_word' id='word_1_252' title='bbox 1800 1915 1849 1974; x_wconf 90' lang='lat' dir='ltr'><strong>B</strong></span> <span class='ocrx_word' id='word_1_253' title='bbox 1876 1932 2000 1971; x_wconf 78' lang='lat' dir='ltr'><strong>vera</strong></span> <span class='ocrx_word' id='word_1_254' title='bbox 2043 1915 2369 1970; x_wconf 84' lang='lat' dir='ltr'><strong>contemnis.</strong></span> <span class='ocrx_word' id='word_1_255' title='bbox 2400 1913 2662 1967; x_wconf 89' lang='lat' dir='ltr'><strong>Dominus</strong></span> <span class='ocrx_word' id='word_1_256' title='bbox 2694 1922 2745 1965; x_wconf 89' lang='lat' dir='ltr'><strong>te</strong></span> <span class='ocrx_word' id='word_1_257' title='bbox 2787 1913 2841 1965; x_wconf 86' lang='lat' dir='ltr'><strong>in</strong></span> <span class='ocrx_word' id='word_1_258' title='bbox 2872 1920 3140 1965; x_wconf 72' lang='lat' dir='ltr'><strong>mternum</strong></span> <span class='ocrx_word' id='word_1_259' title='bbox 3189 1905 3465 1963; x_wconf 87' lang='lat' dir='ltr'><strong>custodire</strong></span> 
     </span>
    </p>
   </div>
   <div class='ocr_carea' id='block_1_34' title="bbox 179 1998 1769 2073">
    <p class='ocr_par' dir='ltr' id='par_1_34' title="bbox 179 1998 1769 2073">
     <span class='ocr_line' id='line_1_34' title="bbox 179 1998 1769 2073; baseline 0.008 -22"><span class='ocrx_word' id='word_1_260' title='bbox 179 2007 268 2051; x_wconf 87' lang='lat' dir='ltr'><strong>est</strong></span> <span class='ocrx_word' id='word_1_261' title='bbox 302 1998 570 2053; x_wconf 85' lang='lat' dir='ltr'><strong>Christus.</strong></span> <span class='ocrx_word' id='word_1_262' title='bbox 614 2002 894 2071; x_wconf 79' lang='lat' dir='ltr'><strong>Cognosce</strong></span> <span class='ocrx_word' id='word_1_263' title='bbox 934 2006 1061 2073; x_wconf 88' lang='lat' dir='ltr'><strong>jam,</strong></span> <span class='ocrx_word' id='word_1_264' title='bbox 1097 2006 1285 2070; x_wconf 88' lang='lat' dir='ltr'><strong>frater,</strong></span> <span class='ocrx_word' id='word_1_265' title='bbox 1338 2008 1630 2061; x_wconf 74' lang='lat' dir='ltr'><strong>Ecclesiam</strong></span> <span class='ocrx_word' id='word_1_266' title='bbox 1677 2010 1769 2064; x_wconf 90' lang='lat' dir='ltr'><strong>Dei</strong></span> 
     </span>
    </p>
   </div>
   <div class='ocr_carea' id='block_1_35' title="bbox 178 2090 1774 2170">
    <p class='ocr_par' dir='ltr' id='par_1_35' title="bbox 178 2090 1774 2170">
     <span class='ocr_line' id='line_1_35' title="bbox 178 2090 1774 2170; baseline 0.006 -25"><span class='ocrx_word' id='word_1_267' title='bbox 178 2090 507 2147; x_wconf 87' lang='lat' dir='ltr'><strong>dilatantem</strong></span> <span class='ocrx_word' id='word_1_268' title='bbox 569 2094 915 2150; x_wconf 87' lang='lat' dir='ltr'><strong>tabernacula</strong></span> <span class='ocrx_word' id='word_1_269' title='bbox 982 2113 1099 2163; x_wconf 90' lang='lat' dir='ltr'><strong>sua,</strong></span> <span class='ocrx_word' id='word_1_270' title='bbox 1154 2108 1210 2153; x_wconf 91' lang='lat' dir='ltr'><strong>et</strong></span> <span class='ocrx_word' id='word_1_271' title='bbox 1268 2100 1565 2153; x_wconf 78' lang='lat' dir='ltr'><strong>aulacorum</strong></span> <span class='ocrx_word' id='word_1_272' title='bbox 1621 2101 1774 2170; x_wconf 88' lang='lat' dir='ltr'><strong>palos</strong></span> 
     </span>
    </p>
   </div>
   <div class='ocr_carea' id='block_1_36' title="bbox 181 2251 1820 2279">
    <p class='ocr_par' dir='ltr' id='par_1_36' title="bbox 181 2251 1820 2279">
     <span class='ocr_line' id='line_1_36' title="bbox 181 2251 1820 2279; baseline -0.002 -16"><span class='ocrx_word' id='word_1_273' title='bbox 181 2251 1820 2279; x_wconf 81' lang='lat'><strong>.______________________</strong></span> 
     </span>
    </p>
   </div>
   <div class='ocr_carea' id='block_1_37' title="bbox 1878 1998 3465 2079">
    <p class='ocr_par' dir='ltr' id='par_1_37' title="bbox 1878 1998 3465 2079">
     <span class='ocr_line' id='line_1_37' title="bbox 1878 1998 3465 2079; baseline -0.008 -16"><span class='ocrx_word' id='word_1_274' title='bbox 1878 2020 1931 2063; x_wconf 89' lang='lat' dir='ltr'><strong>et</strong></span> <span class='ocrx_word' id='word_1_275' title='bbox 1960 2018 2244 2079; x_wconf 80' lang='lat' dir='ltr'><strong>protegere</strong></span> <span class='ocrx_word' id='word_1_276' title='bbox 2274 2008 2548 2077; x_wconf 84' lang='lat' dir='ltr'><strong>dignetur,</strong></span> <span class='ocrx_word' id='word_1_277' title='bbox 2579 2014 2635 2059; x_wconf 88' lang='lat' dir='ltr'><strong>et</strong></span> <span class='ocrx_word' id='word_1_278' title='bbox 2672 2002 3042 2059; x_wconf 84' lang='lat' dir='ltr'><strong>Christianum</strong></span> <span class='ocrx_word' id='word_1_279' title='bbox 3082 2001 3267 2055; x_wconf 78' lang='lat' dir='ltr'><strong>vivere</strong></span> <span class='ocrx_word' id='word_1_280' title='bbox 3305 1998 3465 2053; x_wconf 84' lang='lat' dir='ltr'><strong>faciat</strong></span> 
     </span>
    </p>
   </div>
   <div class='ocr_carea' id='block_1_38' title="bbox 1876 2098 2935 2170">
    <p class='ocr_par' dir='ltr' id='par_1_38' title="bbox 1876 2098 2935 2170">
     <span class='ocr_line' id='line_1_38' title="bbox 1876 2098 2935 2170; baseline -0.006 -15"><span class='ocrx_word' id='word_1_281' title='bbox 1876 2103 1943 2155; x_wconf 88' lang='lat' dir='ltr'><strong>ad</strong></span> <span class='ocrx_word' id='word_1_282' title='bbox 1970 2101 2319 2157; x_wconf 87' lang='lat' dir='ltr'><strong>concordiam</strong></span> <span class='ocrx_word' id='word_1_283' title='bbox 2346 2098 2706 2170; x_wconf 89' lang='lat' dir='ltr'><strong>spiritualem.</strong></span> <span class='ocrx_word' id='word_1_284' title='bbox 2740 2100 2935 2153; x_wconf 81' lang='lat' dir='ltr'><strong>Amen.</strong></span> 
     </span>
    </p>
   </div>
   <div class='ocr_carea' id='block_1_39' title="bbox 2748 2263 2963 2276">
    <p class='ocr_par' dir='ltr' id='par_1_39' title="bbox 2748 2263 2963 2276">
     <span class='ocr_line' id='line_1_39' title="bbox 2748 2263 2963 2276; baseline -0.014 0"><span class='ocrx_word' id='word_1_285' title='bbox 2748 2263 2963 2276; x_wconf 43' lang='lat' dir='ltr'><strong>ﬂ</strong></span> 
     </span>
    </p>
   </div>
   <div class='ocr_carea' id='block_1_40' title="bbox 1028 2418 2559 2535">
    <p class='ocr_par' dir='ltr' id='par_1_40' title="bbox 1028 2418 2559 2535">
     <span class='ocr_line' id='line_1_40' title="bbox 1028 2418 2559 2535; baseline 0.003 -4"><span class='ocrx_word' id='word_1_286' title='bbox 1028 2418 1701 2533; x_wconf 76' lang='lat' dir='ltr'><strong>SANCTI</strong></span> <span class='ocrx_word' id='word_1_287' title='bbox 1771 2422 2559 2535; x_wconf 73' lang='lat' dir='ltr'><strong>PACIANI</strong></span> 
     </span>
    </p>
   </div>
   <div class='ocr_carea' id='block_1_41' title="bbox 1221 2629 2428 2899">
    <p class='ocr_par' dir='ltr' id='par_1_41' title="bbox 1221 2629 2428 2899">
     <span class='ocr_line' id='line_1_41' title="bbox 1221 2629 2428 2899; baseline 0.015 -126"><span class='ocrx_word' id='word_1_288' title='bbox 1221 2629 2428 2899; x_wconf 44' lang='lat' dir='ltr'><strong>PARXESEVIEESIS.</strong></span> 
     </span>
    </p>
   </div>
   <div class='ocr_carea' id='block_1_42' title="bbox 349 2987 1776 3101">
    <p class='ocr_par' dir='ltr' id='par_1_42' title="bbox 349 2990 1776 3077">
     <span class='ocr_line' id='line_1_42' title="bbox 349 2990 1776 3077; baseline 0.003 -7"><span class='ocrx_word' id='word_1_289' title='bbox 349 2990 1377 3077; x_wconf 80' lang='lat' dir='ltr'><strong>EXHORTATORIUS</strong></span> <span class='ocrx_word' id='word_1_290' title='bbox 1448 2990 1776 3075; x_wconf 87' lang='lat' dir='ltr'><strong>LIBEL</strong></span> 
     </span>
    </p>
   </div>
   <div class='ocr_carea' id='block_1_43' title="bbox 1861 2987 3256 3101">
    <p class='ocr_par' dir='ltr' id='par_1_43' title="bbox 1861 2987 3256 3101">
     <span class='ocr_line' id='line_1_43' title="bbox 1861 2987 3256 3101; baseline -0.011 -24"><span class='ocrx_word' id='word_1_291' title='bbox 1861 2994 2032 3101; x_wconf 88' lang='lat' dir='ltr'><strong>US,</strong></span> <span class='ocrx_word' id='word_1_292' title='bbox 2106 2993 2265 3074; x_wconf 89' lang='lat' dir='ltr'><strong>AD</strong></span> <span class='ocrx_word' id='word_1_293' title='bbox 2340 2987 3039 3073; x_wconf 80' lang='grc' dir='ltr'><strong>ΡΟΕΝΙΤΕΝΤΙ</strong></span> <span class='ocrx_word' id='word_1_294' title='bbox 3052 2988 3256 3069; x_wconf 86' lang='lat' dir='ltr'><strong>AM.</strong></span> 
     </span>
    </p>
   </div>
   <div class='ocr_carea' id='block_1_44' title="bbox 240 3350 3452 3436">
    <p class='ocr_par' dir='ltr' id='par_1_44' title="bbox 240 3350 3452 3436">
     <span class='ocr_line' id='line_1_44' title="bbox 240 3350 3452 3436; baseline -0.004 -16"><span class='ocrx_word' id='word_1_295' title='bbox 240 3368 279 3421; x_wconf 94' lang='grc' dir='ltr'><strong>Ι.</strong></span> <span class='ocrx_word' id='word_1_296' title='bbox 333 3366 445 3420; x_wconf 87' lang='lat' dir='ltr'><strong>Etsi</strong></span> <span class='ocrx_word' id='word_1_297' title='bbox 484 3364 794 3436; x_wconf 86' lang='lat' dir='ltr'><strong>aliquoties,</strong></span> <span class='ocrx_word' id='word_1_298' title='bbox 830 3364 1161 3417; x_wconf 87' lang='lat' dir='ltr'><strong>tumultuose</strong></span> <span class='ocrx_word' id='word_1_299' title='bbox 1198 3362 1347 3427; x_wconf 91' lang='lat' dir='ltr'><strong>licet,</strong></span> <span class='ocrx_word' id='word_1_300' title='bbox 1387 3360 1457 3415; x_wconf 89' lang='lat' dir='ltr'><strong>de</strong></span> <span class='ocrx_word' id='word_1_301' title='bbox 1492 3359 1761 3429; x_wconf 52' lang='lat' dir='ltr'><strong>poeniten-</strong></span> <span class='ocrx_word' id='word_1_302' title='bbox 1787 3356 1829 3417; x_wconf 91' lang='lat' dir='ltr'><strong>C</strong></span> <span class='ocrx_word' id='word_1_303' title='bbox 1861 3369 1971 3424; x_wconf 84' lang='lat' dir='ltr'><strong>quo</strong></span> <span class='ocrx_word' id='word_1_304' title='bbox 2012 3367 2175 3424; x_wconf 89' lang='lat' dir='ltr'><strong>posse</strong></span> <span class='ocrx_word' id='word_1_305' title='bbox 2218 3350 2567 3422; x_wconf 88' lang='lat' dir='ltr'><strong>reprehendi.</strong></span> <span class='ocrx_word' id='word_1_306' title='bbox 2615 3353 2792 3419; x_wconf 78' lang='lat' dir='ltr'><strong>Atque</strong></span> <span class='ocrx_word' id='word_1_307' title='bbox 2831 3359 2889 3403; x_wconf 93' lang='lat' dir='ltr'><strong>ut</strong></span> <span class='ocrx_word' id='word_1_308' title='bbox 2928 3364 3141 3405; x_wconf 66' lang='lat' dir='ltr'><strong>caenum</strong></span> <span class='ocrx_word' id='word_1_309' title='bbox 3172 3350 3314 3406; x_wconf 86' lang='lat' dir='ltr'><strong>solet</strong></span> <span class='ocrx_word' id='word_1_310' title='bbox 3341 3362 3452 3408; x_wconf 90' lang='lat' dir='ltr'><strong>tum</strong></span> 
     </span>
    </p>
   </div>
   <div class='ocr_carea' id='block_1_45' title="bbox 158 3451 1760 3521">
    <p class='ocr_par' dir='ltr' id='par_1_45' title="bbox 158 3451 1760 3521">
     <span class='ocr_line' id='line_1_45' title="bbox 158 3451 1760 3521; baseline -0.006 -7"><span class='ocrx_word' id='word_1_311' title='bbox 158 3460 297 3514; x_wconf 88' lang='lat' dir='ltr'><strong>tium</strong></span> <span class='ocrx_word' id='word_1_312' title='bbox 341 3460 624 3512; x_wconf 77' lang='lat' dir='ltr'><strong>curatione</strong></span> <span class='ocrx_word' id='word_1_313' title='bbox 654 3452 760 3511; x_wconf 86' lang='lat' dir='ltr'><strong>non</strong></span> <span class='ocrx_word' id='word_1_314' title='bbox 805 3456 977 3521; x_wconf 86' lang='lat' dir='ltr'><strong>tacui;</strong></span> <span class='ocrx_word' id='word_1_315' title='bbox 1023 3471 1231 3509; x_wconf 90' lang='lat' dir='ltr'><strong>memor</strong></span> <span class='ocrx_word' id='word_1_316' title='bbox 1263 3464 1443 3509; x_wconf 86' lang='lat' dir='ltr'><strong>tamen</strong></span> <span class='ocrx_word' id='word_1_317' title='bbox 1472 3451 1760 3507; x_wconf 71' lang='lat' dir='ltr'><strong>dominicte</strong></span> 
     </span>
    </p>
   </div>
   <div class='ocr_carea' id='block_1_46' title="bbox 156 3545 1757 3619">
    <p class='ocr_par' dir='ltr' id='par_1_46' title="bbox 156 3545 1757 3619">
     <span class='ocr_line' id='line_1_46' title="bbox 156 3545 1757 3619; baseline -0.005 -13"><span class='ocrx_word' id='word_1_318' title='bbox 156 3550 576 3615; x_wconf 91' lang='lat' dir='ltr'><strong>sollicitudinis,</strong></span> <span class='ocrx_word' id='word_1_319' title='bbox 620 3566 741 3619; x_wconf 71' lang='lat' dir='ltr'><strong>qua:</strong></span> <span class='ocrx_word' id='word_1_320' title='bbox 765 3558 984 3619; x_wconf 89' lang='lat' dir='ltr'><strong>propter</strong></span> <span class='ocrx_word' id='word_1_321' title='bbox 1015 3550 1175 3602; x_wconf 90' lang='lat' dir='ltr'><strong>unius</strong></span> <span class='ocrx_word' id='word_1_322' title='bbox 1205 3547 1431 3601; x_wconf 68' lang='lat' dir='ltr'><strong>oviculaz</strong></span> <span class='ocrx_word' id='word_1_323' title='bbox 1460 3545 1757 3600; x_wconf 87' lang='lat' dir='ltr'><strong>detrimen-</strong></span> 
     </span>
    </p>
   </div>
   <div class='ocr_carea' id='block_1_47' title="bbox 156 3642 1755 3709">
    <p class='ocr_par' dir='ltr' id='par_1_47' title="bbox 156 3642 1755 3709">
     <span class='ocr_line' id='line_1_47' title="bbox 156 3642 1755 3709; baseline -0.004 -9"><span class='ocrx_word' id='word_1_324' title='bbox 156 3654 273 3701; x_wconf 91' lang='lat' dir='ltr'><strong>tum</strong></span> <span class='ocrx_word' id='word_1_325' title='bbox 306 3646 618 3700; x_wconf 82' lang='lat' dir='ltr'><strong>cervicibus</strong></span> <span class='ocrx_word' id='word_1_326' title='bbox 644 3646 809 3699; x_wconf 84' lang='lat' dir='ltr'><strong>ctiam</strong></span> <span class='ocrx_word' id='word_1_327' title='bbox 840 3645 951 3698; x_wconf 88' lang='lat' dir='ltr'><strong>suis</strong></span> <span class='ocrx_word' id='word_1_328' title='bbox 1001 3652 1055 3697; x_wconf 90' lang='lat' dir='ltr'><strong>et</strong></span> <span class='ocrx_word' id='word_1_329' title='bbox 1083 3642 1324 3697; x_wconf 89' lang='lat' dir='ltr'><strong>humeris</strong></span> <span class='ocrx_word' id='word_1_330' title='bbox 1354 3656 1462 3695; x_wconf 93' lang='lat' dir='ltr'><strong>non</strong></span> <span class='ocrx_word' id='word_1_331' title='bbox 1492 3642 1755 3709; x_wconf 89' lang='lat' dir='ltr'><strong>pepercit,</strong></span> 
     </span>
    </p>
   </div>
   <div class='ocr_carea' id='block_1_48' title="bbox 154 3735 1755 3807">
    <p class='ocr_par' dir='ltr' id='par_1_48' title="bbox 154 3735 1755 3807">
     <span class='ocr_line' id='line_1_48' title="bbox 154 3735 1755 3807; baseline -0.003 -15"><span class='ocrx_word' id='word_1_332' title='bbox 154 3738 431 3807; x_wconf 87' lang='lat' dir='ltr'><strong>integrate</strong></span> <span class='ocrx_word' id='word_1_333' title='bbox 459 3738 609 3806; x_wconf 80' lang='lat' dir='ltr'><strong>gregi</strong></span> <span class='ocrx_word' id='word_1_334' title='bbox 634 3737 880 3790; x_wconf 89' lang='lat' dir='ltr'><strong>referens</strong></span> <span class='ocrx_word' id='word_1_335' title='bbox 913 3737 1271 3803; x_wconf 85' lang='lat' dir='ltr'><strong>peccatricem</strong></span> <span class='ocrx_word' id='word_1_336' title='bbox 1300 3735 1588 3788; x_wconf 84' lang='lat' dir='ltr'><strong>delicatam</strong></span> <span class='ocrx_word' id='word_1_337' title='bbox 1618 3751 1631 3785; x_wconf 92' lang='lat'>:</span> <span class='ocrx_word' id='word_1_338' title='bbox 1663 3747 1755 3787; x_wconf 92' lang='lat' dir='ltr'><strong>co-</strong></span> 
     </span>
    </p>
   </div>
   <div class='ocr_carea' id='block_1_49' title="bbox 154 3824 1753 3896">
    <p class='ocr_par' dir='ltr' id='par_1_49' title="bbox 154 3824 1753 3896">
     <span class='ocr_line' id='line_1_49' title="bbox 154 3824 1753 3896; baseline -0.001 -15"><span class='ocrx_word' id='word_1_339' title='bbox 154 3828 356 3893; x_wconf 90' lang='lat' dir='ltr'><strong>nabor,</strong></span> <span class='ocrx_word' id='word_1_340' title='bbox 402 3838 457 3881; x_wconf 91' lang='lat' dir='ltr'><strong>ut</strong></span> <span class='ocrx_word' id='word_1_341' title='bbox 504 3839 718 3896; x_wconf 90' lang='lat' dir='ltr'><strong>potero,</strong></span> <span class='ocrx_word' id='word_1_342' title='bbox 761 3838 922 3881; x_wconf 69' lang='lat' dir='ltr'><strong>tautte</strong></span> <span class='ocrx_word' id='word_1_343' title='bbox 968 3826 1183 3880; x_wconf 65' lang='lat' dir='ltr'><strong>virtutis</strong></span> <span class='ocrx_word' id='word_1_344' title='bbox 1228 3826 1539 3895; x_wconf 88' lang='lat' dir='ltr'><strong>exemplum</strong></span> <span class='ocrx_word' id='word_1_345' title='bbox 1588 3824 1753 3880; x_wconf 87' lang='lat' dir='ltr'><strong>etiam</strong></span> 
     </span>
    </p>
   </div>
   <div class='ocr_carea' id='block_1_50' title="bbox 152 3918 1748 3989">
    <p class='ocr_par' dir='ltr' id='par_1_50' title="bbox 152 3918 1748 3989">
     <span class='ocr_line' id='line_1_50' title="bbox 152 3918 1748 3989; baseline -0.001 -16"><span class='ocrx_word' id='word_1_346' title='bbox 152 3920 302 3989; x_wconf 85' lang='lat' dir='ltr'><strong>stylo</strong></span> <span class='ocrx_word' id='word_1_347' title='bbox 350 3928 395 3989; x_wconf 67' lang='grc' dir='ltr'><strong>τι,</strong></span> <span class='ocrx_word' id='word_1_348' title='bbox 432 3920 690 3986; x_wconf 88' lang='lat' dir='ltr'><strong>condere,</strong></span> <span class='ocrx_word' id='word_1_349' title='bbox 732 3935 793 3973; x_wconf 87' lang='lat' dir='ltr'><strong>ac</strong></span> <span class='ocrx_word' id='word_1_350' title='bbox 849 3920 1101 3973; x_wconf 85' lang='lat' dir='ltr'><strong>dominici</strong></span> <span class='ocrx_word' id='word_1_351' title='bbox 1157 3918 1362 3973; x_wconf 89' lang='lat' dir='ltr'><strong>laboris</strong></span> <span class='ocrx_word' id='word_1_352' title='bbox 1401 3918 1748 3986; x_wconf 85' lang='lat' dir='ltr'><strong>industriam,</strong></span> 
     </span>
    </p>
   </div>
   <div class='ocr_carea' id='block_1_51' title="bbox 150 4012 1751 4085">
    <p class='ocr_par' dir='ltr' id='par_1_51' title="bbox 150 4012 1751 4085">
     <span class='ocr_line' id='line_1_51' title="bbox 150 4012 1751 4085; baseline -0.001 -17"><span class='ocrx_word' id='word_1_353' title='bbox 150 4012 538 4069; x_wconf 86' lang='lat' dir='ltr'><strong>mediocritate</strong></span> <span class='ocrx_word' id='word_1_354' title='bbox 595 4018 721 4085; x_wconf 89' lang='lat' dir='ltr'><strong>(qua</strong></span> <span class='ocrx_word' id='word_1_355' title='bbox 777 4014 997 4082; x_wconf 84' lang='lat' dir='ltr'><strong>dignum</strong></span> <span class='ocrx_word' id='word_1_356' title='bbox 1054 4013 1159 4083; x_wconf 74' lang='grc' dir='ltr'><strong>ρει)</strong></span> <span class='ocrx_word' id='word_1_357' title='bbox 1217 4028 1409 4070; x_wconf 73' lang='lat' dir='ltr'><strong>servus</strong></span> <span class='ocrx_word' id='word_1_358' title='bbox 1472 4014 1751 4069; x_wconf 87' lang='lat' dir='ltr'><strong>imitabor.</strong></span> 
     </span>
    </p>
   </div>
   <div class='ocr_carea' id='block_1_52' title="bbox 152 4103 1751 4170">
    <p class='ocr_par' dir='ltr' id='par_1_52' title="bbox 152 4103 1751 4170">
     <span class='ocr_line' id='line_1_52' title="bbox 152 4103 1751 4170; baseline 0 -12"><span class='ocrx_word' id='word_1_359' title='bbox 152 4103 337 4158; x_wconf 85' lang='lat' dir='ltr'><strong>Unum</strong></span> <span class='ocrx_word' id='word_1_360' title='bbox 370 4104 501 4158; x_wconf 90' lang='lat' dir='ltr'><strong>illud</strong></span> <span class='ocrx_word' id='word_1_361' title='bbox 531 4121 743 4170; x_wconf 76' lang='lat' dir='ltr'><strong>vereor,</strong></span> <span class='ocrx_word' id='word_1_362' title='bbox 768 4105 1128 4170; x_wconf 88' lang='lat' dir='ltr'><strong>dilectissimi,</strong></span> <span class='ocrx_word' id='word_1_363' title='bbox 1155 4121 1223 4160; x_wconf 93' lang='lat' dir='ltr'><strong>ne</strong></span> <span class='ocrx_word' id='word_1_364' title='bbox 1252 4105 1427 4159; x_wconf 66' lang='lat' dir='ltr'><strong>solita:</strong></span> <span class='ocrx_word' id='word_1_365' title='bbox 1452 4105 1751 4159; x_wconf 59' lang='lat' dir='ltr'><strong>contrarie.</strong></span> 
     </span>
    </p>
   </div>
   <div class='ocr_carea' id='block_1_53' title="bbox 154 4194 1746 4264">
    <p class='ocr_par' dir='ltr' id='par_1_53' title="bbox 154 4194 1746 4264">
     <span class='ocr_line' id='line_1_53' title="bbox 154 4194 1746 4264; baseline -0.003 -13"><span class='ocrx_word' id='word_1_366' title='bbox 154 4197 286 4251; x_wconf 91' lang='lat' dir='ltr'><strong>tatis</strong></span> <span class='ocrx_word' id='word_1_367' title='bbox 340 4196 608 4261; x_wconf 80' lang='lat' dir='ltr'><strong>adversis,</strong></span> <span class='ocrx_word' id='word_1_368' title='bbox 670 4195 986 4250; x_wconf 89' lang='lat' dir='ltr'><strong>inculcando</strong></span> <span class='ocrx_word' id='word_1_369' title='bbox 1037 4211 1155 4264; x_wconf 71' lang='lat' dir='ltr'><strong>qua:</strong></span> <span class='ocrx_word' id='word_1_370' title='bbox 1214 4196 1369 4261; x_wconf 88' lang='lat' dir='ltr'><strong>fiunt,</strong></span> <span class='ocrx_word' id='word_1_371' title='bbox 1422 4194 1746 4248; x_wconf 85' lang='lat' dir='ltr'><strong>admoneam</strong></span> 
     </span>
    </p>
   </div>
   <div class='ocr_carea' id='block_1_54' title="bbox 150 4285 1740 4360">
    <p class='ocr_par' dir='ltr' id='par_1_54' title="bbox 150 4285 1740 4360">
     <span class='ocr_line' id='line_1_54' title="bbox 150 4285 1740 4360; baseline -0.003 -16"><span class='ocrx_word' id='word_1_372' title='bbox 150 4290 327 4358; x_wconf 87' lang='lat' dir='ltr'><strong>magis</strong></span> <span class='ocrx_word' id='word_1_373' title='bbox 368 4299 587 4359; x_wconf 86' lang='lat' dir='ltr'><strong>peccata</strong></span> <span class='ocrx_word' id='word_1_374' title='bbox 628 4304 787 4358; x_wconf 84' lang='lat' dir='ltr'><strong>quant</strong></span> <span class='ocrx_word' id='word_1_375' title='bbox 837 4290 1165 4360; x_wconf 80' lang='lat' dir='ltr'><strong>reprimam;</strong></span> <span class='ocrx_word' id='word_1_376' title='bbox 1216 4288 1518 4356; x_wconf 87' lang='lat' dir='ltr'><strong>meliusque</strong></span> <span class='ocrx_word' id='word_1_377' title='bbox 1559 4285 1740 4350; x_wconf 90' lang='lat' dir='ltr'><strong>fuerit,</strong></span> 
     </span>
    </p>
   </div>
   <div class='ocr_carea' id='block_1_55' title="bbox 148 4377 1742 4448">
    <p class='ocr_par' dir='ltr' id='par_1_55' title="bbox 148 4377 1742 4448">
     <span class='ocr_line' id='line_1_55' title="bbox 148 4377 1742 4448; baseline -0.003 -13"><span class='ocrx_word' id='word_1_378' title='bbox 148 4380 317 4435; x_wconf 81' lang='lat' dir='ltr'><strong>Attici</strong></span> <span class='ocrx_word' id='word_1_379' title='bbox 344 4380 565 4436; x_wconf 87' lang='lat' dir='ltr'><strong>Solonis</strong></span> <span class='ocrx_word' id='word_1_380' title='bbox 581 4379 853 4448; x_wconf 78' lang='lat' dir='ltr'><strong>exemplo,</strong></span> <span class='ocrx_word' id='word_1_381' title='bbox 885 4390 1065 4433; x_wconf 88' lang='lat' dir='ltr'><strong>tacere</strong></span> <span class='ocrx_word' id='word_1_382' title='bbox 1094 4379 1161 4433; x_wconf 93' lang='lat' dir='ltr'><strong>de</strong></span> <span class='ocrx_word' id='word_1_383' title='bbox 1192 4382 1399 4448; x_wconf 84' lang='lat' dir='ltr'><strong>magnis</strong></span> <span class='ocrx_word' id='word_1_384' title='bbox 1422 4377 1742 4443; x_wconf 89' lang='lat' dir='ltr'><strong>sceleribus,</strong></span> 
     </span>
    </p>
   </div>
   <div class='ocr_carea' id='block_1_56' title="bbox 145 4470 1745 4543">
    <p class='ocr_par' dir='ltr' id='par_1_56' title="bbox 145 4470 1745 4543">
     <span class='ocr_line' id='line_1_56' title="bbox 145 4470 1745 4543; baseline -0.001 -17"><span class='ocrx_word' id='word_1_385' title='bbox 145 4487 313 4543; x_wconf 90' lang='lat' dir='ltr'><strong>quam</strong></span> <span class='ocrx_word' id='word_1_386' title='bbox 345 4486 569 4537; x_wconf 76' lang='lat' dir='ltr'><strong>cavere;</strong></span> <span class='ocrx_word' id='word_1_387' title='bbox 598 4487 664 4527; x_wconf 91' lang='lat' dir='ltr'><strong>eo</strong></span> <span class='ocrx_word' id='word_1_388' title='bbox 690 4488 856 4541; x_wconf 90' lang='lat' dir='ltr'><strong>usque</strong></span> <span class='ocrx_word' id='word_1_389' title='bbox 890 4473 1193 4541; x_wconf 86' lang='lat' dir='ltr'><strong>progressis</strong></span> <span class='ocrx_word' id='word_1_390' title='bbox 1223 4471 1548 4526; x_wconf 83' lang='lat' dir='ltr'><strong>nostratium</strong></span> <span class='ocrx_word' id='word_1_391' title='bbox 1579 4470 1745 4525; x_wconf 90' lang='lat' dir='ltr'><strong>mori-</strong></span> 
     </span>
    </p>
   </div>
   <div class='ocr_carea' id='block_1_57' title="bbox 146 4563 1744 4629">
    <p class='ocr_par' dir='ltr' id='par_1_57' title="bbox 146 4563 1744 4629">
     <span class='ocr_line' id='line_1_57' title="bbox 146 4563 1744 4629; baseline -0.002 -10"><span class='ocrx_word' id='word_1_392' title='bbox 146 4563 274 4629; x_wconf 89' lang='lat' dir='ltr'><strong>bus,</strong></span> <span class='ocrx_word' id='word_1_393' title='bbox 295 4572 357 4619; x_wconf 92' lang='lat' dir='ltr'><strong>ut</strong></span> <span class='ocrx_word' id='word_1_394' title='bbox 395 4564 704 4620; x_wconf 90' lang='lat' dir='ltr'><strong>admonitos</strong></span> <span class='ocrx_word' id='word_1_395' title='bbox 734 4580 794 4619; x_wconf 90' lang='lat' dir='ltr'><strong>se</strong></span> <span class='ocrx_word' id='word_1_396' title='bbox 833 4566 1153 4619; x_wconf 83' lang='lat' dir='ltr'><strong>existiment</strong></span> <span class='ocrx_word' id='word_1_397' title='bbox 1176 4580 1299 4618; x_wconf 89' lang='lat' dir='ltr'><strong>cum</strong></span> <span class='ocrx_word' id='word_1_398' title='bbox 1328 4572 1596 4618; x_wconf 83' lang='lat' dir='ltr'><strong>vetantur.</strong></span> <span class='ocrx_word' id='word_1_399' title='bbox 1632 4564 1744 4617; x_wconf 89' lang='lat' dir='ltr'><strong>lloc</strong></span> 
     </span>
    </p>
   </div>
   <div class='ocr_carea' id='block_1_58' title="bbox 146 4654 1742 4725">
    <p class='ocr_par' dir='ltr' id='par_1_58' title="bbox 146 4654 1742 4725">
     <span class='ocr_line' id='line_1_58' title="bbox 146 4654 1742 4725; baseline 0.001 -17"><span class='ocrx_word' id='word_1_400' title='bbox 146 4654 319 4723; x_wconf 82' lang='lat' dir='ltr'><strong>enim,</strong></span> <span class='ocrx_word' id='word_1_401' title='bbox 350 4665 501 4724; x_wconf 90' lang='lat' dir='ltr'><strong>puto,</strong></span> <span class='ocrx_word' id='word_1_402' title='bbox 544 4657 789 4725; x_wconf 79' lang='lat' dir='ltr'><strong>proxime</strong></span> <span class='ocrx_word' id='word_1_403' title='bbox 812 4654 838 4693; x_wconf 69' lang='grc' dir='ltr'><strong>ιι</strong></span> <span class='ocrx_word' id='word_1_404' title='bbox 870 4656 1137 4710; x_wconf 84' lang='lat' dir='ltr'><strong>Cervulus</strong></span> <span class='ocrx_word' id='word_1_405' title='bbox 1167 4656 1258 4711; x_wconf 88' lang='lat' dir='ltr'><strong>ille</strong></span> <span class='ocrx_word' id='word_1_406' title='bbox 1292 4654 1547 4724; x_wconf 84' lang='lat' dir='ltr'><strong>profecit,</strong></span> <span class='ocrx_word' id='word_1_407' title='bbox 1576 4663 1635 4709; x_wconf 92' lang='lat' dir='ltr'><strong>ut</strong></span> <span class='ocrx_word' id='word_1_408' title='bbox 1675 4668 1742 4709; x_wconf 91' lang='lat' dir='ltr'><strong>eo</strong></span> 
     </span>
    </p>
   </div>
   <div class='ocr_carea' id='block_1_59' title="bbox 1860 3441 3451 3505">
    <p class='ocr_par' dir='ltr' id='par_1_59' title="bbox 1860 3441 3451 3505">
     <span class='ocr_line' id='line_1_59' title="bbox 1860 3441 3451 3505; baseline -0.001 -5"><span class='ocrx_word' id='word_1_409' title='bbox 1860 3448 2095 3500; x_wconf 81' lang='lat' dir='ltr'><strong>maxime</strong></span> <span class='ocrx_word' id='word_1_410' title='bbox 2144 3444 2340 3499; x_wconf 76' lang='lat' dir='ltr'><strong>ftetere</strong></span> <span class='ocrx_word' id='word_1_411' title='bbox 2389 3458 2511 3498; x_wconf 91' lang='lat' dir='ltr'><strong>cum</strong></span> <span class='ocrx_word' id='word_1_412' title='bbox 2556 3457 2811 3505; x_wconf 76' lang='lat' dir='ltr'><strong>moveas;</strong></span> <span class='ocrx_word' id='word_1_413' title='bbox 2864 3450 2919 3496; x_wconf 88' lang='lat' dir='ltr'><strong>ct</strong></span> <span class='ocrx_word' id='word_1_414' title='bbox 2972 3441 3283 3497; x_wconf 89' lang='lat' dir='ltr'><strong>incendium</strong></span> <span class='ocrx_word' id='word_1_415' title='bbox 3339 3452 3451 3499; x_wconf 89' lang='lat' dir='ltr'><strong>tum</strong></span> 
     </span>
    </p>
   </div>
   <div class='ocr_carea' id='block_1_60' title="bbox 1858 3536 3455 3611">
    <p class='ocr_par' dir='ltr' id='par_1_60' title="bbox 1858 3536 3455 3611">
     <span class='ocr_line' id='line_1_60' title="bbox 1858 3536 3455 3611; baseline -0.002 -15"><span class='ocrx_word' id='word_1_416' title='bbox 1858 3540 2030 3611; x_wconf 89' lang='lat' dir='ltr'><strong>magis</strong></span> <span class='ocrx_word' id='word_1_417' title='bbox 2051 3538 2264 3605; x_wconf 88' lang='lat' dir='ltr'><strong>ardere,</strong></span> <span class='ocrx_word' id='word_1_418' title='bbox 2308 3538 2352 3593; x_wconf 90' lang='lat' dir='ltr'><strong>si</strong></span> <span class='ocrx_word' id='word_1_419' title='bbox 2394 3548 2601 3602; x_wconf 80' lang='lat' dir='ltr'><strong>vertas;</strong></span> <span class='ocrx_word' id='word_1_420' title='bbox 2636 3548 2688 3590; x_wconf 92' lang='lat' dir='ltr'><strong>et</strong></span> <span class='ocrx_word' id='word_1_421' title='bbox 2718 3536 2896 3590; x_wconf 84' lang='lat' dir='ltr'><strong>rabies</strong></span> <span class='ocrx_word' id='word_1_422' title='bbox 2922 3545 3033 3589; x_wconf 89' lang='lat' dir='ltr'><strong>tum</strong></span> <span class='ocrx_word' id='word_1_423' title='bbox 3078 3536 3455 3593; x_wconf 85' lang='lat' dir='ltr'><strong>vehementius</strong></span> 
     </span>
    </p>
   </div>
   <div class='ocr_carea' id='block_1_61' title="bbox 1855 3628 3449 3701">
    <p class='ocr_par' dir='ltr' id='par_1_61' title="bbox 1855 3628 3449 3701">
     <span class='ocr_line' id='line_1_61' title="bbox 1855 3628 3449 3701; baseline -0.004 -13"><span class='ocrx_word' id='word_1_424' title='bbox 1855 3633 2070 3697; x_wconf 68' lang='lat' dir='ltr'><strong>smvire,</strong></span> <span class='ocrx_word' id='word_1_425' title='bbox 2101 3632 2145 3687; x_wconf 89' lang='lat' dir='ltr'><strong>si</strong></span> <span class='ocrx_word' id='word_1_426' title='bbox 2174 3644 2436 3701; x_wconf 86' lang='lat' dir='ltr'><strong>provoces</strong></span> <span class='ocrx_word' id='word_1_427' title='bbox 2464 3645 2477 3681; x_wconf 88' lang='lat'><strong>:</strong></span> <span class='ocrx_word' id='word_1_428' title='bbox 2506 3629 2578 3682; x_wconf 88' lang='lat' dir='ltr'><strong>ita</strong></span> <span class='ocrx_word' id='word_1_429' title='bbox 2603 3628 2678 3682; x_wconf 92' lang='lat' dir='ltr'><strong>illi</strong></span> <span class='ocrx_word' id='word_1_430' title='bbox 2704 3628 3102 3697; x_wconf 81' lang='lat' dir='ltr'><strong>objurgationis</strong></span> <span class='ocrx_word' id='word_1_431' title='bbox 3126 3630 3449 3683; x_wconf 71' lang='lat' dir='ltr'><strong>necessaria:</strong></span> 
     </span>
    </p>
   </div>
   <div class='ocr_carea' id='block_1_62' title="bbox 1853 3719 3449 3788">
    <p class='ocr_par' dir='ltr' id='par_1_62' title="bbox 1853 3719 3449 3788">
     <span class='ocr_line' id='line_1_62' title="bbox 1853 3719 3449 3788; baseline -0.003 -10"><span class='ocrx_word' id='word_1_432' title='bbox 1853 3724 2105 3779; x_wconf 89' lang='lat' dir='ltr'><strong>stimulos</strong></span> <span class='ocrx_word' id='word_1_433' title='bbox 2152 3720 2426 3776; x_wconf 90' lang='lat' dir='ltr'><strong>contrario</strong></span> <span class='ocrx_word' id='word_1_434' title='bbox 2474 3719 2624 3775; x_wconf 90' lang='lat' dir='ltr'><strong>calce</strong></span> <span class='ocrx_word' id='word_1_435' title='bbox 2677 3719 2983 3788; x_wconf 87' lang='lat' dir='ltr'><strong>fregerunt,</strong></span> <span class='ocrx_word' id='word_1_436' title='bbox 3027 3735 3135 3775; x_wconf 93' lang='lat' dir='ltr'><strong>non</strong></span> <span class='ocrx_word' id='word_1_437' title='bbox 3186 3719 3305 3775; x_wconf 85' lang='lat' dir='ltr'><strong>sine</strong></span> <span class='ocrx_word' id='word_1_438' title='bbox 3348 3735 3449 3775; x_wconf 91' lang='lat' dir='ltr'><strong>suo</strong></span> 
     </span>
    </p>
   </div>
   <div class='ocr_carea' id='block_1_63' title="bbox 1853 3815 2999 3891">
    <p class='ocr_par' dir='ltr' id='par_1_63' title="bbox 1853 3815 2999 3891">
     <span class='ocr_line' id='line_1_63' title="bbox 1853 3815 2999 3891; baseline -0.005 -17"><span class='ocrx_word' id='word_1_439' title='bbox 1853 3819 2066 3891; x_wconf 90' lang='lat' dir='ltr'><strong>quidem</strong></span> <span class='ocrx_word' id='word_1_440' title='bbox 2098 3817 2242 3872; x_wconf 90' lang='lat' dir='ltr'><strong>malo</strong></span> <span class='ocrx_word' id='word_1_441' title='bbox 2270 3825 2324 3871; x_wconf 91' lang='lat' dir='ltr'><strong>et</strong></span> <span class='ocrx_word' id='word_1_442' title='bbox 2350 3815 2576 3870; x_wconf 77' lang='lat' dir='ltr'><strong>vulnere</strong></span> <span class='ocrx_word' id='word_1_443' title='bbox 2611 3823 2999 3883; x_wconf 77' lang='lat' dir='ltr'><strong>repugnantes.</strong></span> 
     </span>
    </p>
   </div>
   <div class='ocr_carea' id='block_1_64' title="bbox 1924 3906 3449 3973">
    <p class='ocr_par' dir='ltr' id='par_1_64' title="bbox 1924 3906 3449 3973">
     <span class='ocr_line' id='line_1_64' title="bbox 1924 3906 3449 3973; baseline -0.002 -8"><span class='ocrx_word' id='word_1_444' title='bbox 1924 3911 1989 3966; x_wconf 90' lang='lat' dir='ltr'><strong>ll.</strong></span> <span class='ocrx_word' id='word_1_445' title='bbox 2017 3909 2128 3964; x_wconf 75' lang='lat' dir='ltr'><strong>Vos</strong></span> <span class='ocrx_word' id='word_1_446' title='bbox 2151 3918 2355 3973; x_wconf 91' lang='lat' dir='ltr'><strong>tamen,</strong></span> <span class='ocrx_word' id='word_1_447' title='bbox 2385 3907 2745 3971; x_wconf 86' lang='lat' dir='ltr'><strong>dilectissimi,</strong></span> <span class='ocrx_word' id='word_1_448' title='bbox 2775 3921 2805 3959; x_wconf 90' lang='lat' dir='ltr'><strong>a</strong></span> <span class='ocrx_word' id='word_1_449' title='bbox 2851 3906 3080 3962; x_wconf 88' lang='lat' dir='ltr'><strong>Domino</strong></span> <span class='ocrx_word' id='word_1_450' title='bbox 3116 3916 3449 3962; x_wconf 89' lang='lat' dir='ltr'><strong>mementote</strong></span> 
     </span>
    </p>
   </div>
   <div class='ocr_carea' id='block_1_65' title="bbox 1854 4002 3449 4075">
    <p class='ocr_par' dir='ltr' id='par_1_65' title="bbox 1854 4002 3449 4075">
     <span class='ocr_line' id='line_1_65' title="bbox 1854 4002 3449 4075; baseline -0.004 -14"><span class='ocrx_word' id='word_1_451' title='bbox 1854 4005 2091 4075; x_wconf 86' lang='lat' dir='ltr'><strong>positum</strong></span> <span class='ocrx_word' id='word_1_452' title='bbox 2125 4022 2137 4058; x_wconf 94' lang='lat'>:</span> <span class='ocrx_word' id='word_1_453' title='bbox 2168 4005 2338 4074; x_wconf 80' lang='lat' dir='ltr'><strong>Argue</strong></span> <span class='ocrx_word' id='word_1_454' title='bbox 2364 4004 2667 4073; x_wconf 75' lang='lat' dir='ltr'><strong>sapientem,</strong></span> <span class='ocrx_word' id='word_1_455' title='bbox 2709 4010 2755 4054; x_wconf 82' lang='lat' dir='ltr'><strong>el</strong></span> <span class='ocrx_word' id='word_1_456' title='bbox 2799 4002 2987 4055; x_wconf 84' lang='lat' dir='ltr'><strong>amabit</strong></span> <span class='ocrx_word' id='word_1_457' title='bbox 3014 4012 3061 4054; x_wconf 87' lang='lat' dir='ltr'><strong>te</strong></span> <span class='ocrx_word' id='word_1_458' title='bbox 3086 4017 3105 4055; x_wconf 89' lang='lat'><strong><em>:</em></strong></span> <span class='ocrx_word' id='word_1_459' title='bbox 3134 4011 3284 4070; x_wconf 83' lang='lat' dir='ltr'><strong>atque</strong></span> <span class='ocrx_word' id='word_1_460' title='bbox 3318 4002 3449 4055; x_wconf 80' lang='lat' dir='ltr'><strong>stul-</strong></span> 
     </span>
    </p>
   </div>
   <div class='ocr_carea' id='block_1_66' title="bbox 1854 4092 3441 4164">
    <p class='ocr_par' dir='ltr' id='par_1_66' title="bbox 1854 4092 3441 4164">
     <span class='ocr_line' id='line_1_66' title="bbox 1854 4092 3441 4164; baseline -0.004 -11"><span class='ocrx_word' id='word_1_461' title='bbox 1854 4110 1982 4163; x_wconf 85' lang='lat' dir='ltr'><strong>tum,</strong></span> <span class='ocrx_word' id='word_1_462' title='bbox 2013 4110 2060 4153; x_wconf 83' lang='lat' dir='ltr'><strong>et</strong></span> <span class='ocrx_word' id='word_1_463' title='bbox 2086 4098 2204 4151; x_wconf 90' lang='lat' dir='ltr'><strong>odio</strong></span> <span class='ocrx_word' id='word_1_464' title='bbox 2233 4108 2279 4151; x_wconf 86' lang='lat' dir='ltr'><strong>te</strong></span> <span class='ocrx_word' id='word_1_465' title='bbox 2306 4097 2505 4151; x_wconf 84' lang='lat' dir='ltr'><strong>habebit</strong></span> <span class='ocrx_word' id='word_1_466' title='bbox 2527 4094 2710 4163; x_wconf 88' lang='lat' dir='ltr'><strong>(Prov.</strong></span> <span class='ocrx_word' id='word_1_467' title='bbox 2736 4110 2813 4160; x_wconf 85' lang='lat' dir='ltr'><strong>Ix,</strong></span> <span class='ocrx_word' id='word_1_468' title='bbox 2840 4096 2916 4162; x_wconf 84' lang='lat'><strong>8).</strong></span> <span class='ocrx_word' id='word_1_469' title='bbox 2944 4095 3004 4148; x_wconf 85' lang='lat' dir='ltr'><strong>Et</strong></span> <span class='ocrx_word' id='word_1_470' title='bbox 3035 4095 3232 4149; x_wconf 89' lang='lat' dir='ltr'><strong>iterum</strong></span> <span class='ocrx_word' id='word_1_471' title='bbox 3259 4109 3272 4145; x_wconf 94' lang='lat'>:</span> <span class='ocrx_word' id='word_1_472' title='bbox 3305 4092 3441 4164; x_wconf 86' lang='lat' dir='ltr'><strong>Ego,</strong></span> 
     </span>
    </p>
   </div>
   <div class='ocr_carea' id='block_1_67' title="bbox 1849 4184 3442 4260">
    <p class='ocr_par' dir='ltr' id='par_1_67' title="bbox 1849 4184 3442 4260">
     <span class='ocr_line' id='line_1_67' title="bbox 1849 4184 3442 4260; baseline -0.003 -18"><span class='ocrx_word' id='word_1_473' title='bbox 1849 4207 1976 4260; x_wconf 84' lang='lat' dir='ltr'><strong>quos</strong></span> <span class='ocrx_word' id='word_1_474' title='bbox 2004 4191 2183 4260; x_wconf 81' lang='lat' dir='ltr'><strong>diligo,</strong></span> <span class='ocrx_word' id='word_1_475' title='bbox 2208 4190 2464 4257; x_wconf 85' lang='lat' dir='ltr'><strong>redarguo</strong></span> <span class='ocrx_word' id='word_1_476' title='bbox 2490 4198 2534 4241; x_wconf 82' lang='lat' dir='ltr'><strong>et</strong></span> <span class='ocrx_word' id='word_1_477' title='bbox 2559 4188 2753 4257; x_wconf 80' lang='lat' dir='ltr'><strong>castigo</strong></span> <span class='ocrx_word' id='word_1_478' title='bbox 2784 4186 2973 4256; x_wconf 79' lang='lat' dir='ltr'><strong>(Apoc.</strong></span> <span class='ocrx_word' id='word_1_479' title='bbox 3008 4202 3087 4246; x_wconf 87' lang='lat' dir='ltr'><strong>Ill.</strong></span> <span class='ocrx_word' id='word_1_480' title='bbox 3122 4186 3234 4254; x_wconf 85' lang='grc'><strong>19).</strong></span> <span class='ocrx_word' id='word_1_481' title='bbox 3264 4184 3442 4255; x_wconf 84' lang='lat' dir='ltr'><strong>Atque</strong></span> 
     </span>
    </p>
   </div>
   <div class='ocr_carea' id='block_1_68' title="bbox 1849 4276 3443 4348">
    <p class='ocr_par' dir='ltr' id='par_1_68' title="bbox 1849 4276 3443 4348">
     <span class='ocr_line' id='line_1_68' title="bbox 1849 4276 3443 4348; baseline -0.002 -14"><span class='ocrx_word' id='word_1_482' title='bbox 1849 4282 1973 4335; x_wconf 90' lang='lat' dir='ltr'><strong>ideo</strong></span> <span class='ocrx_word' id='word_1_483' title='bbox 1999 4280 2248 4335; x_wconf 83' lang='lat' dir='ltr'><strong>blandam</strong></span> <span class='ocrx_word' id='word_1_484' title='bbox 2282 4278 2564 4348; x_wconf 91' lang='lat' dir='ltr'><strong>hujusmei</strong></span> <span class='ocrx_word' id='word_1_485' title='bbox 2596 4279 2777 4347; x_wconf 86' lang='lat' dir='ltr'><strong>operis</strong></span> <span class='ocrx_word' id='word_1_486' title='bbox 2804 4291 2868 4330; x_wconf 90' lang='lat' dir='ltr'><strong>ac</strong></span> <span class='ocrx_word' id='word_1_487' title='bbox 2896 4277 3184 4332; x_wconf 86' lang='lat' dir='ltr'><strong>sollicitam</strong></span> <span class='ocrx_word' id='word_1_488' title='bbox 3214 4276 3443 4347; x_wconf 89' lang='lat' dir='ltr'><strong>diligen-</strong></span> 
     </span>
    </p>
   </div>
   <div class='ocr_carea' id='block_1_69' title="bbox 1848 4369 3441 4440">
    <p class='ocr_par' dir='ltr' id='par_1_69' title="bbox 1848 4369 3441 4440">
     <span class='ocr_line' id='line_1_69' title="bbox 1848 4369 3441 4440; baseline -0.004 -12"><span class='ocrx_word' id='word_1_489' title='bbox 1848 4376 2003 4440; x_wconf 86' lang='lat' dir='ltr'><strong>tiam,</strong></span> <span class='ocrx_word' id='word_1_490' title='bbox 2052 4382 2108 4428; x_wconf 91' lang='lat' dir='ltr'><strong>et</strong></span> <span class='ocrx_word' id='word_1_491' title='bbox 2149 4372 2451 4427; x_wconf 89' lang='lat' dir='ltr'><strong>secundum</strong></span> <span class='ocrx_word' id='word_1_492' title='bbox 2480 4371 2693 4425; x_wconf 91' lang='lat' dir='ltr'><strong>Domini</strong></span> <span class='ocrx_word' id='word_1_493' title='bbox 2747 4370 3082 4423; x_wconf 82' lang='lat' dir='ltr'><strong>voluntatem</strong></span> <span class='ocrx_word' id='word_1_494' title='bbox 3113 4384 3143 4422; x_wconf 89' lang='lat' dir='ltr'><strong>a</strong></span> <span class='ocrx_word' id='word_1_495' title='bbox 3185 4384 3273 4424; x_wconf 90' lang='lat' dir='ltr'><strong>me</strong></span> <span class='ocrx_word' id='word_1_496' title='bbox 3320 4369 3441 4439; x_wconf 90' lang='lat' dir='ltr'><strong>ipso</strong></span> 
     </span>
    </p>
   </div>
   <div class='ocr_carea' id='block_1_70' title="bbox 1847 4462 3440 4532">
    <p class='ocr_par' dir='ltr' id='par_1_70' title="bbox 1847 4462 3440 4532">
     <span class='ocr_line' id='line_1_70' title="bbox 1847 4462 3440 4532; baseline -0.004 -11"><span class='ocrx_word' id='word_1_497' title='bbox 1847 4468 2012 4523; x_wconf 88' lang='lat' dir='ltr'><strong>fratre</strong></span> <span class='ocrx_word' id='word_1_498' title='bbox 2033 4476 2218 4521; x_wconf 85' lang='lat' dir='ltr'><strong>vestro</strong></span> <span class='ocrx_word' id='word_1_499' title='bbox 2240 4481 2304 4520; x_wconf 87' lang='lat' dir='ltr'><strong>ac</strong></span> <span class='ocrx_word' id='word_1_500' title='bbox 2332 4466 2616 4520; x_wconf 89' lang='lat' dir='ltr'><strong>sacerdote</strong></span> <span class='ocrx_word' id='word_1_501' title='bbox 2640 4472 2972 4532; x_wconf 87' lang='lat' dir='ltr'><strong>susceptam,</strong></span> <span class='ocrx_word' id='word_1_502' title='bbox 2996 4476 3235 4515; x_wconf 89' lang='lat' dir='ltr'><strong>amorem</strong></span> <span class='ocrx_word' id='word_1_503' title='bbox 3261 4462 3440 4529; x_wconf 90' lang='lat' dir='ltr'><strong>potius</strong></span> 
     </span>
    </p>
   </div>
   <div class='ocr_carea' id='block_1_71' title="bbox 1845 4554 3435 4629">
    <p class='ocr_par' dir='ltr' id='par_1_71' title="bbox 1845 4554 3435 4629">
     <span class='ocr_line' id='line_1_71' title="bbox 1845 4554 3435 4629; baseline -0.005 -13"><span class='ocrx_word' id='word_1_504' title='bbox 1845 4560 2049 4616; x_wconf 90' lang='lat' dir='ltr'><strong>credite</strong></span> <span class='ocrx_word' id='word_1_505' title='bbox 2096 4574 2255 4629; x_wconf 90' lang='lat' dir='ltr'><strong>quam</strong></span> <span class='ocrx_word' id='word_1_506' title='bbox 2310 4559 2569 4628; x_wconf 82' lang='lat' dir='ltr'><strong>rigorem,</strong></span> <span class='ocrx_word' id='word_1_507' title='bbox 2624 4555 2902 4626; x_wconf 65' lang='lat' dir='ltr'><strong>sequi-udo</strong></span> <span class='ocrx_word' id='word_1_508' title='bbox 2947 4554 3281 4619; x_wconf 85' lang='lat' dir='ltr'><strong>amabiliter,</strong></span> <span class='ocrx_word' id='word_1_509' title='bbox 3328 4568 3435 4608; x_wconf 90' lang='lat' dir='ltr'><strong>non</strong></span> 
     </span>
    </p>
   </div>
   <div class='ocr_carea' id='block_1_72' title="bbox 1847 4651 3441 4728">
    <p class='ocr_par' dir='ltr' id='par_1_72' title="bbox 1847 4651 3441 4728">
     <span class='ocr_line' id='line_1_72' title="bbox 1847 4651 3441 4728; baseline -0.007 -13"><span class='ocrx_word' id='word_1_510' title='bbox 1847 4659 2199 4728; x_wconf 89' lang='lat' dir='ltr'><strong>pertinaciter</strong></span> <span class='ocrx_word' id='word_1_511' title='bbox 2230 4656 2603 4728; x_wconf 86' lang='lat' dir='ltr'><strong>repugnando.</strong></span> <span class='ocrx_word' id='word_1_512' title='bbox 2640 4654 2909 4709; x_wconf 56' lang='lat' dir='ltr'><strong>Praeterea</strong></span> <span class='ocrx_word' id='word_1_513' title='bbox 2952 4652 3134 4707; x_wconf 88' lang='lat' dir='ltr'><strong>nullus</strong></span> <span class='ocrx_word' id='word_1_514' title='bbox 3161 4651 3441 4706; x_wconf 86' lang='lat' dir='ltr'><strong>existimet</strong></span> 
     </span>
    </p>
   </div>
   <div class='ocr_carea' id='block_1_73' title="bbox 143 4739 3431 4819">
    <p class='ocr_par' dir='ltr' id='par_1_73' title="bbox 143 4739 3431 4819">
     <span class='ocr_line' id='line_1_73' title="bbox 143 4739 3431 4819; baseline -0.001 -19"><span class='ocrx_word' id='word_1_515' title='bbox 143 4746 461 4815; x_wconf 86' lang='lat' dir='ltr'><strong>diligentior</strong></span> <span class='ocrx_word' id='word_1_516' title='bbox 500 4750 673 4811; x_wconf 89' lang='lat' dir='ltr'><strong>tieret,</strong></span> <span class='ocrx_word' id='word_1_517' title='bbox 703 4764 811 4817; x_wconf 91' lang='lat' dir='ltr'><strong>quo</strong></span> <span class='ocrx_word' id='word_1_518' title='bbox 840 4748 1159 4817; x_wconf 89' lang='lat' dir='ltr'><strong>impressius</strong></span> <span class='ocrx_word' id='word_1_519' title='bbox 1188 4748 1501 4803; x_wconf 88' lang='lat' dir='ltr'><strong>notabatur.</strong></span> <span class='ocrx_word' id='word_1_520' title='bbox 1537 4748 1603 4802; x_wconf 87' lang='lat' dir='ltr'><strong>Et</strong></span> <span class='ocrx_word' id='word_1_521' title='bbox 1630 4756 1737 4801; x_wconf 84' lang='lat' dir='ltr'><strong>tota</strong></span> <span class='ocrx_word' id='word_1_522' title='bbox 1766 4739 1820 4797; x_wconf 87' lang='lat' dir='ltr'><strong>D</strong></span> <span class='ocrx_word' id='word_1_523' title='bbox 1847 4750 1991 4805; x_wconf 88' lang='lat' dir='ltr'><strong>hunc</strong></span> <span class='ocrx_word' id='word_1_524' title='bbox 2023 4751 2197 4819; x_wconf 87' lang='lat' dir='ltr'><strong>ipsum</strong></span> <span class='ocrx_word' id='word_1_525' title='bbox 2242 4750 2309 4805; x_wconf 87' lang='lat' dir='ltr'><strong>de</strong></span> <span class='ocrx_word' id='word_1_526' title='bbox 2352 4749 2691 4805; x_wconf 69' lang='lat' dir='ltr'><strong>Ptnnitentia:</strong></span> <span class='ocrx_word' id='word_1_527' title='bbox 2742 4747 3081 4801; x_wconf 88' lang='lat' dir='ltr'><strong>institutione</strong></span> <span class='ocrx_word' id='word_1_528' title='bbox 3123 4758 3431 4799; x_wconf 90' lang='lat' dir='ltr'><strong>sermonem</strong></span> 
     </span>
    </p>
   </div>
   <div class='ocr_carea' id='block_1_74' title="bbox 142 4837 1741 4910">
    <p class='ocr_par' dir='ltr' id='par_1_74' title="bbox 142 4837 1741 4910">
     <span class='ocr_line' id='line_1_74' title="bbox 142 4837 1741 4910; baseline 0.001 -18"><span class='ocrx_word' id='word_1_529' title='bbox 142 4837 236 4892; x_wconf 87' lang='lat' dir='ltr'><strong>illa</strong></span> <span class='ocrx_word' id='word_1_530' title='bbox 270 4837 628 4904; x_wconf 89' lang='lat' dir='ltr'><strong>reprehensio</strong></span> <span class='ocrx_word' id='word_1_531' title='bbox 656 4840 943 4895; x_wconf 90' lang='lat' dir='ltr'><strong>dedecoris</strong></span> <span class='ocrx_word' id='word_1_532' title='bbox 967 4843 1212 4910; x_wconf 87' lang='lat' dir='ltr'><strong>expressi</strong></span> <span class='ocrx_word' id='word_1_533' title='bbox 1241 4856 1305 4896; x_wconf 85' lang='lat' dir='ltr'><strong>ac</strong></span> <span class='ocrx_word' id='word_1_534' title='bbox 1330 4856 1476 4910; x_wconf 66' lang='lat' dir='ltr'><strong>same</strong></span> <span class='ocrx_word' id='word_1_535' title='bbox 1499 4840 1741 4910; x_wconf 89' lang='lat' dir='ltr'><strong>repetiti,</strong></span> 
     </span>
    </p>
   </div>
   <div class='ocr_carea' id='block_1_75' title="bbox 152 4930 1735 5004">
    <p class='ocr_par' dir='ltr' id='par_1_75' title="bbox 152 4930 1735 5004">
     <span class='ocr_line' id='line_1_75' title="bbox 152 4930 1735 5004; baseline 0.001 -22"><span class='ocrx_word' id='word_1_536' title='bbox 152 4943 254 4983; x_wconf 87' lang='lat' dir='ltr'><strong>non</strong></span> <span class='ocrx_word' id='word_1_537' title='bbox 283 4930 672 4998; x_wconf 84' lang='lat' dir='ltr'><strong>compressisse</strong></span> <span class='ocrx_word' id='word_1_538' title='bbox 718 4930 981 4995; x_wconf 84' lang='lat' dir='ltr'><strong>videatur,</strong></span> <span class='ocrx_word' id='word_1_539' title='bbox 1022 4932 1117 4986; x_wconf 92' lang='lat' dir='ltr'><strong>sed</strong></span> <span class='ocrx_word' id='word_1_540' title='bbox 1163 4933 1408 4988; x_wconf 77' lang='lat' dir='ltr'><strong>erudisse</strong></span> <span class='ocrx_word' id='word_1_541' title='bbox 1443 4933 1735 5004; x_wconf 72' lang='lat' dir='ltr'><strong>luxuriam.</strong></span> 
     </span>
    </p>
   </div>
   <div class='ocr_carea' id='block_1_76' title="bbox 143 5025 1739 5096">
    <p class='ocr_par' dir='ltr' id='par_1_76' title="bbox 143 5025 1739 5096">
     <span class='ocr_line' id='line_1_76' title="bbox 143 5025 1739 5096; baseline 0.001 -16"><span class='ocrx_word' id='word_1_542' title='bbox 143 5025 231 5081; x_wconf 77' lang='lat' dir='ltr'><strong>Me</strong></span> <span class='ocrx_word' id='word_1_543' title='bbox 258 5025 546 5079; x_wconf 82' lang='lat' dir='ltr'><strong>miserum!</strong></span> <span class='ocrx_word' id='word_1_544' title='bbox 572 5026 711 5092; x_wconf 87' lang='lat' dir='ltr'><strong>Quid</strong></span> <span class='ocrx_word' id='word_1_545' title='bbox 756 5041 856 5096; x_wconf 81' lang='lat' dir='ltr'><strong>ego</strong></span> <span class='ocrx_word' id='word_1_546' title='bbox 883 5026 1135 5081; x_wconf 87' lang='lat' dir='ltr'><strong>facinoris</strong></span> <span class='ocrx_word' id='word_1_547' title='bbox 1166 5026 1397 5081; x_wconf 82' lang='lat' dir='ltr'><strong>admisi?</strong></span> <span class='ocrx_word' id='word_1_548' title='bbox 1428 5027 1585 5093; x_wconf 82' lang='lat' dir='ltr'><strong>Puto,</strong></span> <span class='ocrx_word' id='word_1_549' title='bbox 1614 5042 1739 5081; x_wconf 89' lang='lat' dir='ltr'><strong>nes-</strong></span> 
     </span>
    </p>
   </div>
   <div class='ocr_carea' id='block_1_77' title="bbox 140 5116 1738 5189">
    <p class='ocr_par' dir='ltr' id='par_1_77' title="bbox 140 5116 1738 5189">
     <span class='ocr_line' id='line_1_77' title="bbox 140 5116 1738 5189; baseline 0.003 -18"><span class='ocrx_word' id='word_1_550' title='bbox 140 5116 355 5171; x_wconf 88' lang='lat' dir='ltr'><strong>cierant</strong></span> <span class='ocrx_word' id='word_1_551' title='bbox 404 5117 698 5172; x_wconf 84' lang='lat' dir='ltr'><strong>Cervulum</strong></span> <span class='ocrx_word' id='word_1_552' title='bbox 753 5120 949 5184; x_wconf 85' lang='lat' dir='ltr'><strong>facere,</strong></span> <span class='ocrx_word' id='word_1_553' title='bbox 992 5119 1094 5172; x_wconf 90' lang='lat' dir='ltr'><strong>nisi</strong></span> <span class='ocrx_word' id='word_1_554' title='bbox 1133 5119 1239 5174; x_wconf 91' lang='lat' dir='ltr'><strong>illis</strong></span> <span class='ocrx_word' id='word_1_555' title='bbox 1287 5119 1738 5189; x_wconf 89' lang='lat' dir='ltr'><strong>reprehendendo</strong></span> 
     </span>
    </p>
   </div>
   <div class='ocr_carea' id='block_1_78' title="bbox 140 5212 1735 5283">
    <p class='ocr_par' dir='ltr' id='par_1_78' title="bbox 140 5212 1735 5283">
     <span class='ocr_line' id='line_1_78' title="bbox 140 5212 1735 5283; baseline 0.003 -18"><span class='ocrx_word' id='word_1_556' title='bbox 140 5218 561 5265; x_wconf 83' lang='lat' dir='ltr'><strong>monstrassem.</strong></span> <span class='ocrx_word' id='word_1_557' title='bbox 591 5212 788 5266; x_wconf 83' lang='lat' dir='ltr'><strong>Verum</strong></span> <span class='ocrx_word' id='word_1_558' title='bbox 818 5214 887 5266; x_wconf 86' lang='lat' dir='ltr'><strong>sit</strong></span> <span class='ocrx_word' id='word_1_559' title='bbox 940 5212 1094 5267; x_wconf 90' lang='lat' dir='ltr'><strong>illud.</strong></span> <span class='ocrx_word' id='word_1_560' title='bbox 1125 5212 1218 5267; x_wconf 93' lang='lat' dir='ltr'><strong>Dei</strong></span> <span class='ocrx_word' id='word_1_561' title='bbox 1244 5213 1446 5283; x_wconf 68' lang='lat' dir='ltr'><strong>refugae</strong></span> <span class='ocrx_word' id='word_1_562' title='bbox 1470 5222 1735 5269; x_wconf 86' lang='lat' dir='ltr'><strong>autextra</strong></span> 
     </span>
    </p>
   </div>
   <div class='ocr_carea' id='block_1_79' title="bbox 148 5300 1737 5376">
    <p class='ocr_par' dir='ltr' id='par_1_79' title="bbox 148 5300 1737 5376">
     <span class='ocr_line' id='line_1_79' title="bbox 148 5300 1737 5376; baseline 0.003 -20"><span class='ocrx_word' id='word_1_563' title='bbox 148 5300 445 5356; x_wconf 85' lang='lat' dir='ltr'><strong>Ecclesiam</strong></span> <span class='ocrx_word' id='word_1_564' title='bbox 476 5306 781 5370; x_wconf 91' lang='lat' dir='ltr'><strong>constituti,</strong></span> <span class='ocrx_word' id='word_1_565' title='bbox 825 5304 986 5359; x_wconf 89' lang='lat' dir='ltr'><strong>etiam</strong></span> <span class='ocrx_word' id='word_1_566' title='bbox 1019 5306 1325 5374; x_wconf 87' lang='lat' dir='ltr'><strong>exasperati</strong></span> <span class='ocrx_word' id='word_1_567' title='bbox 1352 5313 1478 5360; x_wconf 79' lang='lat' dir='ltr'><strong>sunt</strong></span> <span class='ocrx_word' id='word_1_568' title='bbox 1506 5307 1737 5376; x_wconf 86' lang='lat' dir='ltr'><strong>castiga-</strong></span> 
     </span>
    </p>
   </div>
   <div class='ocr_carea' id='block_1_80' title="bbox 138 5394 1731 5468">
    <p class='ocr_par' dir='ltr' id='par_1_80' title="bbox 138 5394 1731 5468">
     <span class='ocr_line' id='line_1_80' title="bbox 138 5394 1731 5468; baseline 0.003 -18"><span class='ocrx_word' id='word_1_569' title='bbox 138 5394 307 5450; x_wconf 89' lang='lat' dir='ltr'><strong>tionis</strong></span> <span class='ocrx_word' id='word_1_570' title='bbox 336 5394 566 5464; x_wconf 86' lang='lat' dir='ltr'><strong>injuria;</strong></span> <span class='ocrx_word' id='word_1_571' title='bbox 600 5396 863 5468; x_wconf 88' lang='lat' dir='ltr'><strong>indignati</strong></span> <span class='ocrx_word' id='word_1_572' title='bbox 893 5397 1128 5463; x_wconf 87' lang='lat' dir='ltr'><strong>scilicet,</strong></span> <span class='ocrx_word' id='word_1_573' title='bbox 1173 5412 1353 5453; x_wconf 86' lang='lat' dir='ltr'><strong>tnores</strong></span> <span class='ocrx_word' id='word_1_574' title='bbox 1380 5413 1511 5453; x_wconf 90' lang='lat' dir='ltr'><strong>suos</strong></span> <span class='ocrx_word' id='word_1_575' title='bbox 1537 5398 1606 5454; x_wconf 90' lang='lat' dir='ltr'><strong>ab</strong></span> <span class='ocrx_word' id='word_1_576' title='bbox 1627 5399 1731 5454; x_wconf 86' lang='lat' dir='ltr'><strong>ali-</strong></span> 
     </span>
    </p>
   </div>
   <div class='ocr_carea' id='block_1_81' title="bbox 215 5575 928 5633">
    <p class='ocr_par' dir='ltr' id='par_1_81' title="bbox 215 5575 928 5633">
     <span class='ocr_line' id='line_1_81' title="bbox 215 5575 928 5633; baseline 0.004 -4"><span class='ocrx_word' id='word_1_577' title='bbox 215 5585 239 5611; x_wconf 71' lang='lat'><strong><em>&quot;</em></strong></span> <span class='ocrx_word' id='word_1_578' title='bbox 275 5575 525 5633; x_wconf 84' lang='lat' dir='ltr'><strong>Condere.</strong></span> <span class='ocrx_word' id='word_1_579' title='bbox 560 5578 639 5632; x_wconf 78' lang='lat' dir='ltr'><strong>An</strong></span> <span class='ocrx_word' id='word_1_580' title='bbox 670 5577 928 5632; x_wconf 84' lang='lat' dir='ltr'><strong>condire?</strong></span> 
     </span>
    </p>
   </div>
   <div class='ocr_carea' id='block_1_82' title="bbox 208 5634 1729 5723">
    <p class='ocr_par' dir='ltr' id='par_1_82' title="bbox 208 5634 1729 5723">
     <span class='ocr_line' id='line_1_82' title="bbox 208 5634 1729 5723; baseline 0.003 -24"><span class='ocrx_word' id='word_1_581' title='bbox 208 5634 238 5684; x_wconf 70' lang='grc' dir='ltr'><strong>ί)</strong></span> <span class='ocrx_word' id='word_1_582' title='bbox 270 5644 515 5723; x_wconf 68' lang='lat' dir='ltr'><strong>cernulus</strong></span> <span class='ocrx_word' id='word_1_583' title='bbox 555 5651 731 5723; x_wconf 55' lang='grc' dir='ltr'><strong>ἔμβη..</strong></span> <span class='ocrx_word' id='word_1_584' title='bbox 764 5646 1039 5723; x_wconf 72' lang='lat' dir='ltr'><strong>Cervulunt</strong></span> <span class='ocrx_word' id='word_1_585' title='bbox 1059 5651 1224 5723; x_wconf 66' lang='lat' dir='ltr'><strong>[uete</strong></span> <span class='ocrx_word' id='word_1_586' title='bbox 1257 5648 1317 5705; x_wconf 91' lang='lat' dir='ltr'><strong>S.</strong></span> <span class='ocrx_word' id='word_1_587' title='bbox 1364 5648 1729 5723; x_wconf 70' lang='lat' dir='ltr'><strong>Hieronymus</strong></span> 
     </span>
    </p>
   </div>
   <div class='ocr_carea' id='block_1_83' title="bbox 143 5716 1725 5789">
    <p class='ocr_par' dir='ltr' id='par_1_83' title="bbox 143 5716 1725 5789">
     <span class='ocr_line' id='line_1_83' title="bbox 143 5716 1725 5789; baseline 0.001 -15"><span class='ocrx_word' id='word_1_588' title='bbox 143 5719 235 5775; x_wconf 89' lang='lat' dir='ltr'><strong>lib.</strong></span> <span class='ocrx_word' id='word_1_589' title='bbox 284 5717 350 5769; x_wconf 84' lang='lat' dir='ltr'><strong>de</strong></span> <span class='ocrx_word' id='word_1_590' title='bbox 408 5716 541 5773; x_wconf 75' lang='lat' dir='ltr'><strong>Viris</strong></span> <span class='ocrx_word' id='word_1_591' title='bbox 584 5721 773 5775; x_wconf 85' lang='lat' dir='ltr'><strong>illustr.</strong></span> <span class='ocrx_word' id='word_1_592' title='bbox 814 5734 932 5789; x_wconf 86' lang='lat' dir='ltr'><strong>cap.</strong></span> <span class='ocrx_word' id='word_1_593' title='bbox 983 5716 1105 5786; x_wconf 78' lang='grc'><strong>106,</strong></span> <span class='ocrx_word' id='word_1_594' title='bbox 1149 5722 1290 5777; x_wconf 86' lang='lat' dir='ltr'><strong>inter</strong></span> <span class='ocrx_word' id='word_1_595' title='bbox 1318 5721 1464 5774; x_wconf 85' lang='lat' dir='ltr'><strong>varia</strong></span> <span class='ocrx_word' id='word_1_596' title='bbox 1506 5716 1725 5776; x_wconf 78' lang='lat' dir='ltr'><strong>Paciani</strong></span> 
     </span>
    </p>
   </div>
   <div class='ocr_carea' id='block_1_84' title="bbox 140 5789 1725 5861">
    <p class='ocr_par' dir='ltr' id='par_1_84' title="bbox 140 5789 1725 5861">
     <span class='ocr_line' id='line_1_84' title="bbox 140 5789 1725 5861; baseline -0.001 -15"><span class='ocrx_word' id='word_1_597' title='bbox 140 5789 423 5861; x_wconf 85' lang='lat' dir='ltr'><strong>apuscula,</strong></span> <span class='ocrx_word' id='word_1_598' title='bbox 465 5791 599 5861; x_wconf 84' lang='lat' dir='ltr'><strong>illud</strong></span> <span class='ocrx_word' id='word_1_599' title='bbox 628 5794 799 5861; x_wconf 90' lang='lat' dir='ltr'><strong>primo</strong></span> <span class='ocrx_word' id='word_1_600' title='bbox 831 5792 951 5846; x_wconf 89' lang='lat' dir='ltr'><strong>loco</strong></span> <span class='ocrx_word' id='word_1_601' title='bbox 980 5804 1245 5857; x_wconf 85' lang='lat' dir='ltr'><strong>recenset,</strong></span> <span class='ocrx_word' id='word_1_602' title='bbox 1284 5790 1472 5861; x_wconf 77' lang='lat' dir='ltr'><strong>Cervus</strong></span> <span class='ocrx_word' id='word_1_603' title='bbox 1495 5791 1725 5858; x_wconf 89' lang='lat' dir='ltr'><strong>inscrip-</strong></span> 
     </span>
    </p>
   </div>
   <div class='ocr_carea' id='block_1_85' title="bbox 142 5859 1719 5931">
    <p class='ocr_par' dir='ltr' id='par_1_85' title="bbox 142 5859 1719 5931">
     <span class='ocr_line' id='line_1_85' title="bbox 142 5859 1719 5931; baseline 0.002 -17"><span class='ocrx_word' id='word_1_604' title='bbox 142 5859 252 5916; x_wconf 82' lang='lat' dir='ltr'><strong>tum</strong></span> <span class='ocrx_word' id='word_1_605' title='bbox 287 5876 300 5914; x_wconf 92' lang='lat'><strong>:</strong></span> <span class='ocrx_word' id='word_1_606' title='bbox 335 5860 477 5930; x_wconf 89' lang='lat' dir='ltr'><strong>quod</strong></span> <span class='ocrx_word' id='word_1_607' title='bbox 526 5859 731 5931; x_wconf 83' lang='lat' dir='ltr'><strong>jamdiu</strong></span> <span class='ocrx_word' id='word_1_608' title='bbox 774 5862 997 5918; x_wconf 86' lang='lat' dir='ltr'><strong>interiit.</strong></span> <span class='ocrx_word' id='word_1_609' title='bbox 1047 5861 1259 5919; x_wconf 85' lang='lat' dir='ltr'><strong>Ludicri</strong></span> <span class='ocrx_word' id='word_1_610' title='bbox 1297 5859 1553 5920; x_wconf 89' lang='lat' dir='ltr'><strong>nimirum</strong></span> <span class='ocrx_word' id='word_1_611' title='bbox 1598 5876 1719 5931; x_wconf 77' lang='lat' dir='ltr'><strong>spe-</strong></span> 
     </span>
    </p>
   </div>
   <div class='ocr_carea' id='block_1_86' title="bbox 1839 4840 3431 4910">
    <p class='ocr_par' dir='ltr' id='par_1_86' title="bbox 1839 4840 3431 4910">
     <span class='ocr_line' id='line_1_86' title="bbox 1839 4840 3431 4910; baseline -0.004 -12"><span class='ocrx_word' id='word_1_612' title='bbox 1839 4846 1971 4899; x_wconf 89' lang='lat' dir='ltr'><strong>solis</strong></span> <span class='ocrx_word' id='word_1_613' title='bbox 1996 4843 2374 4899; x_wconf 87' lang='lat' dir='ltr'><strong>tantummodo</strong></span> <span class='ocrx_word' id='word_1_614' title='bbox 2400 4841 2785 4910; x_wconf 70' lang='lat' dir='ltr'><strong>pmnilentibus</strong></span> <span class='ocrx_word' id='word_1_615' title='bbox 2804 4840 3111 4893; x_wconf 88' lang='lat' dir='ltr'><strong>ordinatum</strong></span> <span class='ocrx_word' id='word_1_616' title='bbox 3135 4854 3151 4903; x_wconf 93' lang='lat'><strong>;</strong></span> <span class='ocrx_word' id='word_1_617' title='bbox 3176 4853 3243 4893; x_wconf 94' lang='lat' dir='ltr'><strong>ne</strong></span> <span class='ocrx_word' id='word_1_618' title='bbox 3268 4852 3431 4907; x_wconf 85' lang='lat' dir='ltr'><strong>prop-</strong></span> 
     </span>
    </p>
   </div>
   <div class='ocr_carea' id='block_1_87' title="bbox 1838 4932 3431 5008">
    <p class='ocr_par' dir='ltr' id='par_1_87' title="bbox 1838 4932 3431 5008">
     <span class='ocr_line' id='line_1_87' title="bbox 1838 4932 3431 5008; baseline -0.004 -16"><span class='ocrx_word' id='word_1_619' title='bbox 1838 4949 1923 4994; x_wconf 91' lang='lat' dir='ltr'><strong>ter</strong></span> <span class='ocrx_word' id='word_1_620' title='bbox 1967 4939 2069 4994; x_wconf 88' lang='lat' dir='ltr'><strong>boc</strong></span> <span class='ocrx_word' id='word_1_621' title='bbox 2097 4938 2339 5008; x_wconf 89' lang='lat' dir='ltr'><strong>quisquis</strong></span> <span class='ocrx_word' id='word_1_622' title='bbox 2380 4946 2533 4990; x_wconf 88' lang='lat' dir='ltr'><strong>extra</strong></span> <span class='ocrx_word' id='word_1_623' title='bbox 2564 4936 2706 4990; x_wconf 90' lang='lat' dir='ltr'><strong>hunc</strong></span> <span class='ocrx_word' id='word_1_624' title='bbox 2731 4934 2957 5005; x_wconf 77' lang='lat' dir='ltr'><strong>gradum</strong></span> <span class='ocrx_word' id='word_1_625' title='bbox 2990 4932 3199 5003; x_wconf 90' lang='lat' dir='ltr'><strong>positus</strong></span> <span class='ocrx_word' id='word_1_626' title='bbox 3229 4941 3335 4997; x_wconf 89' lang='lat' dir='ltr'><strong>est,</strong></span> <span class='ocrx_word' id='word_1_627' title='bbox 3366 4947 3431 4986; x_wconf 86' lang='lat' dir='ltr'><strong>ea</strong></span> 
     </span>
    </p>
   </div>
   <div class='ocr_carea' id='block_1_88' title="bbox 1837 5021 3433 5098">
    <p class='ocr_par' dir='ltr' id='par_1_88' title="bbox 1837 5021 3433 5098">
     <span class='ocr_line' id='line_1_88' title="bbox 1837 5021 3433 5098; baseline -0.006 -15"><span class='ocrx_word' id='word_1_628' title='bbox 1837 5044 2193 5098; x_wconf 63' lang='lat' dir='ltr'><strong>quaecumque</strong></span> <span class='ocrx_word' id='word_1_629' title='bbox 2235 5027 2507 5091; x_wconf 90' lang='lat' dir='ltr'><strong>dicentur,</strong></span> <span class='ocrx_word' id='word_1_630' title='bbox 2539 5026 2687 5079; x_wconf 79' lang='lat' dir='ltr'><strong>velut</strong></span> <span class='ocrx_word' id='word_1_631' title='bbox 2729 5025 2780 5077; x_wconf 89' lang='lat' dir='ltr'><strong>in</strong></span> <span class='ocrx_word' id='word_1_632' title='bbox 2811 5024 2951 5078; x_wconf 91' lang='lat' dir='ltr'><strong>alios</strong></span> <span class='ocrx_word' id='word_1_633' title='bbox 2979 5022 3251 5077; x_wconf 88' lang='lat' dir='ltr'><strong>destinata</strong></span> <span class='ocrx_word' id='word_1_634' title='bbox 3279 5021 3433 5075; x_wconf 89' lang='lat' dir='ltr'><strong>fasti-</strong></span> 
     </span>
    </p>
   </div>
   <div class='ocr_carea' id='block_1_89' title="bbox 1838 5112 3430 5189">
    <p class='ocr_par' dir='ltr' id='par_1_89' title="bbox 1838 5112 3430 5189">
     <span class='ocr_line' id='line_1_89' title="bbox 1838 5112 3430 5189; baseline -0.007 -13"><span class='ocrx_word' id='word_1_635' title='bbox 1838 5122 1975 5187; x_wconf 90' lang='lat' dir='ltr'><strong>diat,</strong></span> <span class='ocrx_word' id='word_1_636' title='bbox 2022 5136 2143 5176; x_wconf 91' lang='lat' dir='ltr'><strong>cum</strong></span> <span class='ocrx_word' id='word_1_637' title='bbox 2194 5120 2245 5173; x_wconf 92' lang='lat' dir='ltr'><strong>in</strong></span> <span class='ocrx_word' id='word_1_638' title='bbox 2295 5119 2434 5175; x_wconf 87' lang='lat' dir='ltr'><strong>hanc</strong></span> <span class='ocrx_word' id='word_1_639' title='bbox 2481 5119 2635 5189; x_wconf 86' lang='lat' dir='ltr'><strong>quasi</strong></span> <span class='ocrx_word' id='word_1_640' title='bbox 2690 5116 2905 5172; x_wconf 85' lang='lat' dir='ltr'><strong>fibulam</strong></span> <span class='ocrx_word' id='word_1_641' title='bbox 2952 5116 3119 5169; x_wconf 92' lang='lat' dir='ltr'><strong>totius</strong></span> <span class='ocrx_word' id='word_1_642' title='bbox 3169 5112 3430 5168; x_wconf 71' lang='lat' dir='ltr'><strong>Ecclesire</strong></span> 
     </span>
    </p>
   </div>
   <div class='ocr_carea' id='block_1_90' title="bbox 1840 5203 3431 5283">
    <p class='ocr_par' dir='ltr' id='par_1_90' title="bbox 1840 5203 3431 5283">
     <span class='ocr_line' id='line_1_90' title="bbox 1840 5203 3431 5283; baseline -0.008 -14"><span class='ocrx_word' id='word_1_643' title='bbox 1840 5213 2126 5283; x_wconf 89' lang='lat' dir='ltr'><strong>disciplina</strong></span> <span class='ocrx_word' id='word_1_644' title='bbox 2161 5224 2182 5251; x_wconf 74' lang='grc' dir='ltr'>ο</span> <span class='ocrx_word' id='word_1_645' title='bbox 2232 5222 2469 5277; x_wconf 92' lang='lat' dir='ltr'><strong>notetur,</strong></span> <span class='ocrx_word' id='word_1_646' title='bbox 2500 5209 2741 5280; x_wconf 89' lang='lat' dir='ltr'><strong>quando,</strong></span> <span class='ocrx_word' id='word_1_647' title='bbox 2792 5218 2848 5262; x_wconf 92' lang='lat' dir='ltr'><strong>et</strong></span> <span class='ocrx_word' id='word_1_648' title='bbox 2888 5203 3330 5269; x_wconf 88' lang='lat' dir='ltr'><strong>Catechumenis,</strong></span> <span class='ocrx_word' id='word_1_649' title='bbox 3362 5218 3431 5258; x_wconf 89' lang='lat' dir='ltr'><strong>ne</strong></span> 
     </span>
    </p>
   </div>
   <div class='ocr_carea' id='block_1_91' title="bbox 1840 5297 3427 5371">
    <p class='ocr_par' dir='ltr' id='par_1_91' title="bbox 1840 5297 3427 5371">
     <span class='ocr_line' id='line_1_91' title="bbox 1840 5297 3427 5371; baseline -0.006 -11"><span class='ocrx_word' id='word_1_650' title='bbox 1840 5307 1896 5360; x_wconf 91' lang='lat' dir='ltr'><strong>in</strong></span> <span class='ocrx_word' id='word_1_651' title='bbox 1938 5306 2042 5361; x_wconf 90' lang='lat' dir='ltr'><strong>hoc</strong></span> <span class='ocrx_word' id='word_1_652' title='bbox 2072 5316 2382 5371; x_wconf 86' lang='lat' dir='ltr'><strong>transeant;</strong></span> <span class='ocrx_word' id='word_1_653' title='bbox 2424 5317 2479 5359; x_wconf 92' lang='lat' dir='ltr'><strong>et</strong></span> <span class='ocrx_word' id='word_1_654' title='bbox 2518 5303 2789 5367; x_wconf 83' lang='lat' dir='ltr'><strong>ﬁdelibus,</strong></span> <span class='ocrx_word' id='word_1_655' title='bbox 2832 5314 2899 5354; x_wconf 89' lang='lat' dir='ltr'><strong>ne</strong></span> <span class='ocrx_word' id='word_1_656' title='bbox 2935 5299 2988 5353; x_wconf 93' lang='lat' dir='ltr'><strong>in</strong></span> <span class='ocrx_word' id='word_1_657' title='bbox 3035 5298 3141 5353; x_wconf 90' lang='lat' dir='ltr'><strong>hoc</strong></span> <span class='ocrx_word' id='word_1_658' title='bbox 3176 5297 3427 5362; x_wconf 88' lang='lat' dir='ltr'><strong>redeant,</strong></span> 
     </span>
    </p>
   </div>
   <div class='ocr_carea' id='block_1_92' title="bbox 1843 5388 3427 5471">
    <p class='ocr_par' dir='ltr' id='par_1_92' title="bbox 1843 5388 3427 5471">
     <span class='ocr_line' id='line_1_92' title="bbox 1843 5388 3427 5471; baseline -0.007 -17"><span class='ocrx_word' id='word_1_659' title='bbox 1843 5398 2230 5471; x_wconf 88' lang='lat' dir='ltr'><strong>providendum</strong></span> <span class='ocrx_word' id='word_1_660' title='bbox 2276 5398 2382 5464; x_wconf 86' lang='lat' dir='ltr'><strong>sit;</strong></span> <span class='ocrx_word' id='word_1_661' title='bbox 2417 5398 2547 5465; x_wconf 84' lang='lat' dir='ltr'><strong>ipsis</strong></span> <span class='ocrx_word' id='word_1_662' title='bbox 2588 5410 2718 5450; x_wconf 83' lang='lat' dir='ltr'><strong>vero</strong></span> <span class='ocrx_word' id='word_1_663' title='bbox 2748 5392 3158 5465; x_wconf 58' lang='lat' dir='ltr'><strong>paenitentibus,</strong></span> <span class='ocrx_word' id='word_1_664' title='bbox 3186 5398 3247 5445; x_wconf 93' lang='lat' dir='ltr'><strong>ut</strong></span> <span class='ocrx_word' id='word_1_665' title='bbox 3284 5388 3427 5444; x_wconf 90' lang='lat' dir='ltr'><strong>cele-</strong></span> 
     </span>
    </p>
   </div>
   <div class='ocr_carea' id='block_1_93' title="bbox 1830 5570 3420 5647">
    <p class='ocr_par' dir='ltr' id='par_1_93' title="bbox 1830 5570 3420 5647">
     <span class='ocr_line' id='line_1_93' title="bbox 1830 5570 3420 5647; baseline -0.007 -14"><span class='ocrx_word' id='word_1_666' title='bbox 1830 5576 1971 5633; x_wconf 91' lang='lat' dir='ltr'><strong>ciem</strong></span> <span class='ocrx_word' id='word_1_667' title='bbox 2010 5576 2321 5647; x_wconf 87' lang='lat' dir='ltr'><strong>exagitabat</strong></span> <span class='ocrx_word' id='word_1_668' title='bbox 2358 5575 2519 5647; x_wconf 74' lang='lat' dir='ltr'><strong>eoin</strong></span> <span class='ocrx_word' id='word_1_669' title='bbox 2546 5589 2711 5647; x_wconf 85' lang='lat' dir='ltr'><strong>opere</strong></span> <span class='ocrx_word' id='word_1_670' title='bbox 2739 5574 2797 5629; x_wconf 93' lang='lat' dir='ltr'><strong>S.</strong></span> <span class='ocrx_word' id='word_1_671' title='bbox 2836 5571 3110 5647; x_wconf 80' lang='lat' dir='ltr'><strong>Pater._de</strong></span> <span class='ocrx_word' id='word_1_672' title='bbox 3135 5577 3245 5647; x_wconf 75' lang='lat' dir='ltr'><strong>quo</strong></span> <span class='ocrx_word' id='word_1_673' title='bbox 3269 5570 3420 5640; x_wconf 84' lang='lat' dir='ltr'><strong>plura</strong></span> 
     </span>
    </p>
   </div>
   <div class='ocr_carea' id='block_1_94' title="bbox 1832 5641 3426 5711">
    <p class='ocr_par' dir='ltr' id='par_1_94' title="bbox 1832 5641 3426 5711">
     <span class='ocr_line' id='line_1_94' title="bbox 1832 5641 3426 5711; baseline -0.006 -8"><span class='ocrx_word' id='word_1_674' title='bbox 1832 5646 2081 5703; x_wconf 89' lang='lat' dir='ltr'><strong>homines</strong></span> <span class='ocrx_word' id='word_1_675' title='bbox 2108 5641 2324 5702; x_wconf 77' lang='lat' dir='ltr'><strong>eruditi.</strong></span> <span class='ocrx_word' id='word_1_676' title='bbox 2358 5644 2496 5699; x_wconf 81' lang='lat' dir='ltr'><strong>Vide</strong></span> <span class='ocrx_word' id='word_1_677' title='bbox 2519 5641 2599 5699; x_wconf 80' lang='lat' dir='ltr'><strong>sis</strong></span> <span class='ocrx_word' id='word_1_678' title='bbox 2630 5661 2742 5711; x_wconf 61' lang='lat' dir='ltr'><strong>pra!</strong></span> <span class='ocrx_word' id='word_1_679' title='bbox 2763 5644 2975 5699; x_wconf 49' lang='lat' dir='ltr'><strong>ca‘teris</strong></span> <span class='ocrx_word' id='word_1_680' title='bbox 3001 5641 3191 5711; x_wconf 76' lang='lat' dir='ltr'><strong>Cangii</strong></span> <span class='ocrx_word' id='word_1_681' title='bbox 3219 5652 3426 5697; x_wconf 89' lang='lat' dir='ltr'><strong>utrum-</strong></span> 
     </span>
    </p>
   </div>
   <div class='ocr_carea' id='block_1_95' title="bbox 1827 5712 3179 5794">
    <p class='ocr_par' dir='ltr' id='par_1_95' title="bbox 1827 5712 3179 5794">
     <span class='ocr_line' id='line_1_95' title="bbox 1827 5712 3179 5794; baseline -0.005 -21"><span class='ocrx_word' id='word_1_682' title='bbox 1827 5734 1934 5790; x_wconf 92' lang='lat' dir='ltr'><strong>que</strong></span> <span class='ocrx_word' id='word_1_683' title='bbox 1962 5719 2296 5794; x_wconf 80' lang='lat' dir='ltr'><strong>G_lossarium</strong></span> <span class='ocrx_word' id='word_1_684' title='bbox 2326 5718 2481 5794; x_wconf 77' lang='lat' dir='ltr'><strong>verb.</strong></span> <span class='ocrx_word' id='word_1_685' title='bbox 2506 5718 2831 5794; x_wconf 62' lang='grc' dir='ltr'><strong>κίριῗούκοὶος</strong></span> <span class='ocrx_word' id='word_1_686' title='bbox 2862 5724 2917 5770; x_wconf 91' lang='lat' dir='ltr'><strong>ct</strong></span> <span class='ocrx_word' id='word_1_687' title='bbox 2939 5712 3179 5768; x_wconf 75' lang='lat' dir='ltr'><strong>(Iervula.</strong></span> 
     </span>
    </p>
   </div>
   <div class='ocr_carea' id='block_1_96' title="bbox 1901 5787 2495 5845">
    <p class='ocr_par' dir='ltr' id='par_1_96' title="bbox 1901 5787 2495 5845">
     <span class='ocr_line' id='line_1_96' title="bbox 1901 5787 2495 5845; baseline -0.003 -1"><span class='ocrx_word' id='word_1_688' title='bbox 1901 5801 1923 5827; x_wconf 73' lang='grc' dir='ltr'><strong>ο</strong></span> <span class='ocrx_word' id='word_1_689' title='bbox 1958 5790 2039 5844; x_wconf 75' lang='grc' dir='ltr'><strong>ΑΙ.</strong></span> <span class='ocrx_word' id='word_1_690' title='bbox 2073 5798 2388 5845; x_wconf 86' lang='lat' dir='ltr'><strong>coarctetur.</strong></span> <span class='ocrx_word' id='word_1_691' title='bbox 2420 5787 2495 5843; x_wconf 82' lang='lat' dir='ltr'><strong>In.</strong></span> 
     </span>
    </p>
   </div>
  </div>
