3854 6388
390 413 394 419 _
436 357 574 412 1083

1763 362 2010 422 SANCTI
2057 362 2327 426 PACIANI

3569 388 3702 448 1084

422 476 554 530 riter
597 475 664 536 ad
717 475 872 547 huius
911 478 1094 550 operis
1132 478 1364 534 fructum
1395 480 1744 549 perveniant,
1772 481 2025 537 lahoran-
2051 483 2106 543 Α
2129 483 2431 542 conclusio.
2467 486 2763 554 Despectus
2783 489 2840 548 in
2864 490 3046 547 multis
3069 492 3300 558 Spiritus
3326 509 3560 557 sanctus,
3590 500 3703 556 hac

419 571 567 622 dum.
594 568 920 626 Sertnonum
946 581 1125 628 tamen
1149 588 1394 631 meorum
1427 574 1514 627 hic
1535 574 1670 628 ordo
1692 576 2023 631 servabitur.

423 663 664 718 Primum
711 673 769 719 ut
798 665 866 719 de
899 665 1066 723 modo.
1092 667 1379 721 criminum
1432 669 1759 734 edisseram,
1793 685 1854 723 nr
1906 670 2027 738 quis

420 755 700 810 existimet
748 756 1007 812 omnibus
1057 758 1279 813 omnino
1320 761 1554 828 peccatis
1601 775 1873 815 summum
1917 760 2030 815 dis-

421 856 626 910 crimen
675 856 1005 928 itupositum.
1043 858 1180 914 Tum
1222 858 1290 914 de
1321 860 1403 916 his
1435 859 1693 917 fidelibus
1717 861 1893 918 dicant
1940 863 2028 928 qui

421 950 721 1004 remedium
769 965 927 1006 suum
959 952 1348 1009 erubescentes
1381 955 1522 1011 male
1556 958 1853 1012 verecundi
1898 959 2029 1023 sint,

419 1052 470 1096 et
492 1042 776 1112 inquiuato
797 1058 1031 1114 corpore
1059 1059 1123 1100 ac
1147 1046 1348 1118 polluta
1377 1056 1559 1103 mente
1581 1049 1991 1104 communicant
2016 1068 2028 1104 :

424 1131 478 1186 in
510 1145 807 1203 conspectu
840 1135 1123 1192 hominum
1175 1139 1536 1206 timidissimi;
1583 1147 1713 1198 ante
1742 1142 2032 1198 Dominum

428 1240 560 1280 vero
618 1228 1098 1298 impudentissimi,
1135 1232 1376 1303 profanis
1423 1233 1679 1293 manibus
1727 1246 1783 1292 et
1826 1239 2034 1306 polluto

425 1334 520 1372 ore
563 1324 959 1388 contaminant,
990 1326 1198 1379 sanctis
1243 1341 1458 1396 quoque
1489 1336 1550 1382 et
1591 1328 1818 1400 Angelis
1865 1330 2034 1388 altare

431 1413 800 1468 metuendum.
833 1414 1044 1483 Tertio,
1078 1416 1146 1471 de
1171 1417 1258 1474 his
1288 1421 1394 1474 erit
1423 1435 1628 1487 sermo,
1654 1425 1746 1492 qui
1769 1422 2034 1478 confessis

431 1507 570 1562 bene
593 1510 910 1583 apertisque
938 1511 1258 1568 criminibus
1293 1513 1529 1569 remedia
1563 1516 1915 1584 ptenitentite,
1947 1531 2036 1571 ac-

430 1608 625 1671 tusque
657 1604 804 1672 ipsos
832 1602 1232 1675 exomologesis
1271 1607 1734 1674 administranda),
1785 1621 1878 1664 aut
1907 1625 2032 1666 nes-

429 1693 578 1749 ciunt
629 1704 723 1748 aut
776 1710 1051 1752 recusant.
1110 1699 1393 1756 Postremo
1447 1703 1574 1756 illud
1627 1703 2036 1772 apertissimum

434 1790 704 1844 enitemur
723 1791 1036 1857 ostendere,
1067 1809 1184 1864 qua-
1215 1808 1373 1859 paena
1397 1796 1469 1850 sit
1496 1807 1586 1850 aut
1611 1814 1718 1850 non
1749 1798 2035 1867 agentibus

2133 575 2295 631 nobis
2332 577 2581 646 capitalis
2610 580 2836 644 periculi
2887 575 3198 642 conditione
3239 589 3448 659 legavit.
3481 591 3696 662 Reliqua

2135 682 2352 742 peccata
2383 674 2664 729 meliorum
2697 691 2924 747 operum
2951 682 3386 750 compensatione
3410 695 3656 740 curantur
3685 703 3701 739 :

2134 764 2252 819 haec
2278 779 2408 821 vero
2449 769 2548 822 tria
2577 768 2825 836 crimina,
2861 781 2918 825 ut
2960 771 3194 829 basilisci
3227 775 3449 844 alicujus
3477 777 3700 846 afflatus,

2136 865 2192 910 ut
2220 858 2412 912 veneni
2443 858 2604 920 calix.
2637 870 2693 914 ut
2716 861 2932 918 lethalis
2960 865 3194 932 arundo,
3239 868 3513 924 metuenda
3543 881 3700 925 sunt:

2135 962 2241 1002 non
2275 951 2420 1004 enim
2443 951 2636 1006 vitiare
2666 955 2922 1020 animam,
2955 954 3048 1009 sed
3076 957 3395 1027 intercipere
3425 970 3698 1015 noverunt.

2135 1041 2312 1109 Quare
2363 1044 2620 1103 tenacitas
2669 1044 3002 1105 humanitate
3047 1049 3368 1116 redimetur;
3410 1054 3700 1108 convicium

2135 1134 2502 1190 satisfaCtione
2534 1138 2881 1204 pensabitur;
2914 1142 3134 1196 tristitia
3158 1143 3520 1212 jucuuditate;
3555 1161 3704 1216 aspe-

2138 1227 2271 1282 ritas
2314 1228 2566 1294 lenitate;
2616 1232 2880 1300 gravitate
2910 1233 3132 1300 levitas;
3181 1235 3457 1291 honestate
3498 1255 3704 1306 perver-

2136 1320 2300 1386 sitas;
2331 1329 2384 1375 et
2403 1336 2758 1391 quaecumque
2782 1327 3075 1384 contrariis
3103 1327 3384 1383 emendata
3410 1329 3702 1398 proﬁciunt.

2137 1414 2277 1482 Quid
2311 1431 2436 1470 vero
2467 1415 2624 1471 faciet
2656 1426 3001 1489 contemptor
3034 1419 3162 1475 Dei?
3187 1420 3322 1489 Quid
3356 1433 3474 1492 aget
3503 1424 3705 1494 sangui-

2141 1507 2361 1562 uarius?
2390 1506 2542 1574 Quod
2571 1509 2870 1565 remedium
2893 1513 3072 1581 capiet
3103 1513 3425 1569 fornicator?
3447 1514 3698 1585 Numquid

2140 1609 2231 1654 aut
2283 1602 2498 1670 placare
2543 1601 2826 1659 Dominum
2876 1604 3125 1662 desertor
3170 1608 3335 1677 ipsius
3371 1611 3587 1677 poterit;
3619 1622 3707 1664 aut

2139 1707 2470 1749 conservare
2499 1697 2818 1765 sanguinem
2850 1712 3031 1762 suum,
3069 1699 3160 1767 qui
3189 1698 3597 1766 fuditalicuum;
3622 1711 3709 1756 aut

2141 1785 2510 1856 redintegrare
2540 1787 2634 1841 Dei
2681 1788 2960 1857 templum,
2995 1791 3082 1858 qui
3112 1790 3238 1846 illud
3269 1792 3576 1848 fornicando
3601 1795 3709 1850 vio-

435 1882 835 1950 poeuitentiam,
868 1895 960 1938 aut
990 1888 1150 1944 etiam
1186 1889 1607 1958 negligentibus,
1639 1900 1804 1948 alque
1835 1890 1958 1945 ideo
1983 1892 2034 1945 ίιι
2067 1881 2115 1940 Β
2145 1880 2307 1934 lavit?
2357 1884 2460 1935 Ista
2512 1893 2637 1936 sunt
2683 1883 2957 1952 capitalia,
3021 1882 3249 1950 fratres;
3303 1885 3400 1941 ista
3450 1887 3708 1942 mortalia.

432 1983 659 2044 vulnere
681 1997 783 2038 suo
813 1999 876 2039 ac
908 1995 1120 2040 tumore
1147 1987 1509 2041 morientibus
1543 2006 1555 2041 :
1601 2003 1720 2054 qua:
1748 2003 1938 2046 rursus
1968 1989 2037 2042 sit

433 2089 658 2140 corona,
700 2077 841 2145 quod
875 2080 1177 2144 prmtnium,
1207 2079 1560 2134 conscientia:
1608 2081 1846 2136 maculas
1887 2093 2035 2136 recta

434 2180 489 2224 et
516 2171 793 2224 ordinaria
825 2173 1173 2226 confessione
1203 2174 1586 2243 purgantibus.

510 2260 597 2316 Ill.
634 2259 871 2316 Primum
902 2264 1086 2332 igitur,
1122 2275 1177 2318 ut
1205 2264 1466 2330 diximus,
1507 2265 1575 2320 de
1606 2266 1768 2320 modo
1801 2281 2035 2336 peccan-

435 2353 570 2408 tium
601 2363 976 2422 retractemus,
1011 2357 1200 2411 sedulo
1232 2361 1577 2428 requirentes
1602 2375 1721 2430 qua:
1754 2363 1864 2414 sint
1910 2376 2035 2429 pec-

434 2459 577 2513 cata,
604 2463 727 2515 ηιιω
749 2449 980 2503 crimina
1017 2467 1028 2501 :
1064 2465 1130 2505 ne
1153 2451 1276 2521 quis
1299 2451 1603 2518 existimet,
1637 2462 1862 2522 pr0pter
1883 2452 2042 2526 innu-

437 2557 586 2596 mera
627 2543 824 2597 delicta
853 2536 1088 2613 quorum
1124 2545 1406 2601 fraudibus
1437 2547 1620 2601 nullus
1646 2549 1903 2602 immunis
1932 2557 2038 2614 est,

437 2650 523 2690 me
546 2650 706 2690 omne
731 2636 1011 2690 hominum
1051 2650 1222 2706 genus
1264 2640 1557 2695 indiscreta
1595 2641 1888 2710 pmuitendi
1920 2641 2043 2711 lege

436 2731 839 2799 constringere.
857 2730 1014 2800 Apud
1041 2731 1227 2787 Mosen
1251 2744 1303 2787 et
1327 2747 1567 2796 veteres.
1595 2737 1801 2790 minimi
1824 2751 2044 2806 quoque

438 2822 670 2890 peccati,
700 2831 756 2876 et
799 2823 1114 2892 quadrantis
1145 2825 1303 2880 unius
1331 2827 1419 2898 (ut
1446 2827 1519 2882 ita
1552 2827 1811 2898 dixerim)
1851 2828 1955 2895 rei,
1991 2829 2049 2894 in

439 2913 634 2967 eodem
679 2913 1015 2970 infelicitatis
1057 2920 1313 2972 aestuario
1359 2919 1586 2973 volutati
1633 2930 1784 2974 sunt.
1836 2919 1907 2974 Et
1951 2921 2044 2990 qui

441 3005 664 3059 sabbata
722 3007 1080 3072 violaverant,
1127 3019 1181 3063 et
1230 3008 1320 3079 qui
1350 3010 1633 3065 immunda
1673 3010 2045 3081 contigerant,

441 3108 494 3152 et
519 3101 610 3169 qui
644 3114 892 3155 escarum
925 3104 1088 3157 vetita
1107 3115 1594 3174 praesumpserant,
1621 3115 1679 3158 et
1700 3105 2046 3174 quimurmu—

442 3193 658 3259 rabaut,
703 3202 754 3247 et
792 3196 882 3262 qui
920 3196 1124 3262 pariete
1152 3208 1432 3265 corrupto,
1463 3208 1518 3252 et
1545 3200 1635 3266 qui
1670 3209 1820 3253 veste
1863 3212 2048 3253 macu-

2140 1973 2292 2029 Nunc
2319 1973 2501 2030 audite
2531 1975 2824 2043 Joannem,
2870 1988 2924 2032 et
2954 1977 3230 2044 confidite,
3263 1979 3307 2034 si
3356 1982 3612 2050 potestis:
3655 1980 3714 2036 Si

2139 2070 2252 2137 quis
2279 2069 2392 2132 scil,
2426 2068 2618 2138 inquit,
2666 2068 2880 2138 fratrem
2907 2086 3057 2123 suum
3097 2086 3304 2140 peccare
3329 2083 3584 2139 peccatum
3618 2088 3715 2126 non

2141 2177 2301 2230 usque
2346 2160 2415 2212 ad
2462 2173 2694 2227 mortem,
2742 2171 2882 2231 petat
2927 2179 3020 2232 pro
3063 2179 3145 2229 eo,
3178 2172 3225 2218 et
3267 2164 3401 2218 dabit
3441 2165 3516 2218 illi
3567 2166 3716 2217 ritum

2142 2251 2416 2317 Dominus,
2459 2253 2502 2306 si
2532 2254 2645 2322 quis
2691 2254 2904 2319 deliquit
2955 2263 3218 2323 peccatum
3250 2272 3349 2308 non
3378 2256 3444 2308 ad
3490 2267 3714 2309 mortem.

2145 2342 2236 2397 Est
2265 2355 2435 2399 autent
2481 2357 2746 2414 peccatum
2777 2347 2914 2414 quod
2941 2347 3009 2400 ad
3038 2358 3247 2403 mortem
3279 2348 3420 2402 ducit
3446 2366 3463 2403 .·
3497 2367 3592 2401 non
3631 2364 3719 2418 pro

2143 2453 2200 2489 eo
2227 2437 2366 2502 dico,
2398 2447 2451 2489 ut
2481 2438 2770 2507 depreceris
2796 2438 2839 2509 (l
2862 2437 3019 2492 Joan.
3057 2456 3108 2502 v,
3146 2439 3253 2510 16).

2143 2592 2146 2595 η
2219 2527 2278 2582 ν.
2306 2528 2412 2584 Sed
2445 2529 2489 2583 si
2522 2529 2700 2598 placet
2725 2571 2740 2591 ,
2785 2531 2950 2584 etiam
2989 2530 3279 2599 separatim
3306 2530 3486 2587 audite
3510 2532 3574 2587 de
3603 2532 3715 2586 siu—

2142 2620 2304 2690 gulis.
2344 2620 2530 2676 Mosen
2575 2637 2677 2689 pro
2713 2621 3153 2690 blasphematore
3195 2624 3391 2692 populo
3426 2624 3720 2693 deprecan-

2147 2723 2276 2778 tem,
2322 2713 2405 2770 sic
2439 2715 2680 2783 appellat
2722 2715 2907 2769 Deus:
2956 2715 3178 2785 Siquis,
3221 2717 3424 2785 inquit,
3457 2717 3721 2784 deliquerit

2147 2818 2387 2870 anteme,
2421 2806 2598 2860 delebo
2623 2807 2770 2860 illum
2805 2807 2868 2860 de
2897 2807 3024 2861 libro
3054 2825 3164 2862 meo
3185 2807 3375 2876 (Exod.
3407 2826 3576 2876 xxxu,
3609 2810 3720 2882 53).

2150 2902 2214 2954 Et
2242 2903 2308 2955 de
2340 2902 2604 2955 lromicida
2626 2943 2639 2966 ,
2673 2902 2929 2955 Dominus
2961 2902 3062 2956 hoc
3089 2902 3300 2971 judicat
3333 2922 3345 2957 :
3387 2903 3446 2958 Si
3482 2906 3614 2974 quis,
3648 2906 3724 2958 in—

2146 2997 2283 3063 quit,
2312 2994 2485 3065 gladio
2504 2995 2772 3058 occiderit,
2797 2995 2971 3064 gladio
2995 2995 3236 3047 morietur
3262 2992 3454 3063 (Exod.
3479 3011 3584 3058 nt,
3610 2995 3723 3066 12).

2149 3091 2217 3144 Ει
2256 3089 2326 3144 de
2358 3089 2688 3143 fornicatore
2729 3090 3026 3158 Apostolus
3066 3089 3192 3143 dicit
3225 3107 3236 3142 :
3281 3088 3361 3143 Ne
3388 3090 3723 3157 uiolareritis,

2149 3182 2344 3251 inquit,
2382 3182 2629 3249 templum
2669 3179 2768 3233 Dei
2794 3180 2932 3250 quod
2958 3180 3075 3234 estis
3115 3195 3242 3233 vos:
3278 3180 3377 3248 Qui
3411 3191 3576 3235 autent
3603 3191 3726 3235 tent-

447 3289 551 3341 lata
605 3290 656 3341 in
699 3290 960 3360 templum
1009 3293 1202 3344 summi
1244 3290 1406 3361 Regis
1443 3293 1799 3356 intraverant,
1850 3303 1905 3347 et
1951 3292 2044 3360 qui

2154 3276 2297 3343 plum
2323 3273 2418 3327 Dei
2449 3274 2739 3338 violaverit,
2765 3273 3022 3342 disperdet
3053 3274 3202 3326 illum
3237 3271 3374 3327 Deus
3399 3272 3453 3346 (1
3488 3272 3604 3328 Cor.
3635 3290 3724 3340 tu,

445 3377 630 3432 altaria
680 3378 764 3433 his
799 3381 1016 3434 obnoxii
1049 3396 1210 3435 manu
1250 3393 1722 3437 contrectaverant
1753 3394 1845 3438 aut
1896 3392 2049 3437 veste

441 3473 800 3542 contigerant,
835 3481 892 3527 ut
923 3473 974 3526 in
1007 3474 1203 3529 cazlum
1236 3474 1536 3530 ascendere
1560 3476 1718 3529 citius
1745 3473 1925 3537 fuerit,
1957 3483 2051 3529 aut

445 3569 614 3621 emori
645 3569 815 3621 satius
855 3583 1014 3637 quam
1050 3570 1164 3622 haec
1192 3568 1444 3622 universa
1472 3583 1712 3623 servare.
1749 3568 1842 3622 His
1886 3569 2052 3640 igitur

449 3674 549 3715 nos
584 3661 834 3714 omnibus
875 3660 1164 3730 multisque
1208 3671 1465 3730 praeterea
1515 3660 1830 3716 carnalibus
1877 3660 2046 3727 vitiis,

449 3763 500 3804 ιιι
533 3751 695 3805 citius
720 3751 787 3805 ad
812 3751 1079 3806 des'inata
1108 3753 1334 3822 quisque
1363 3753 1662 3820 perveniat,
1694 3754 1913 3822 sanguis
1949 3753 2053 3808 Do-

449 3843 580 3897 mini
607 3843 878 3908 liberavit,
906 3844 1263 3912 redemptosa
1279 3845 1542 3899 servitute
1569 3846 1707 3915 legis
1727 3854 1782 3899 et
1804 3846 2055 3902 libertate

452 3933 577 3989 fidei
622 3934 1018 4003 emancipatos.
1056 3934 1295 4003 Ideoque
1339 3935 1618 4004 apostolus
1651 3934 1894 3989 Paulus:
1950 3933 2054 3988 Vos

451 4037 642 4094 autem,
680 4027 874 4097 inquit,
908 4027 961 4081 in
1009 4027 1295 4082 libertatem
1322 4028 1492 4081 uocati
1519 4029 1638 4082 estis
1671 4025 1812 4102 (Gal.
1841 4043 1895 4092 v,
1942 4025 2054 4098 15).

455 4120 584 4175 llaec
624 4121 716 4174 illa
766 4121 1023 4187 libertas;
1067 4122 1212 4191 quod
1256 4137 1361 4174 non
1404 4120 1657 4175 omnibus
1705 4119 2059 4190 astringimur

452 4214 651 4283 quibus
680 4221 894 4268 veteres
923 4214 1272 4281 tenebantur;
1305 4214 1399 4268 scd
1429 4215 1626 4269 donata
1659 4215 1742 4284 (ut
1785 4215 1853 4267 ita
1898 4214 2056 4268 dixe-

457 4306 588 4378 riin)
630 4306 761 4361 silva
817 4306 1162 4375 delictorum,
1209 4319 1264 4364 et
1319 4308 1680 4365 remediorum
1726 4307 2058 4378 indulgentia

457 4397 754 4465 destinata,
799 4399 851 4452 in
889 4413 1051 4469 pauca
1095 4399 1339 4455 conclusi
1386 4415 1576 4455 sumus
1619 4411 1675 4456 et
1718 4402 2057 4464 necessaria;

458 4506 578 4563 quae
625 4501 681 4547 et
717 4507 941 4547 servare
994 4493 1312 4550 facillimum
1362 4504 1509 4550 esset
1566 4494 1952 4560 credentibus,
2005 4503 2062 4550 et

459 4590 652 4640 cavere
685 4604 697 4640 :
738 4594 797 4640 ut
827 4584 1176 4642 meritissimo
1209 4596 1465 4642 tartarum
1498 4601 1609 4642 non
1657 4597 1940 4642 recusaret
1967 4586 2058 4656 qui

2155 3367 2279 3438 i7).
2320 3367 2533 3436 Scripta
2575 3377 2702 3421 sunt
2734 3366 2880 3432 haec,
2915 3367 3096 3422 dilecti
3128 3369 3346 3426 fratres.
3379 3377 3428 3422 et
3461 3368 3729 3436 perpetuis

2153 3475 2292 3516 caesa
2326 3461 2736 3527 monumentis;
2781 3461 2978 3530 scripta
3018 3471 3072 3514 ct
3103 3461 3267 3515 incisa
3298 3477 3400 3514 nou
3445 3463 3564 3516 dico
3591 3463 3729 3516 ceris

2152 3562 2209 3609 et
2255 3554 2442 3609 charta
2490 3564 2545 3608 et
2592 3569 2701 3609 tere
2746 3553 2829 3609 vel
2866 3554 3098 3615 calamo,
3150 3554 3240 3608 sed
3287 3553 3424 3607 libro
3468 3555 3556 3608 Dei
3599 3555 3727 3609 vivi.

2155 3644 2351 3703 Caelum
2394 3656 2443 3701 et
2490 3656 2630 3699 terra
2671 3646 2986 3710 transibunt,
3037 3647 3139 3700 iota
3182 3662 3357 3711 unum,
3403 3647 3598 3716 inquit,
3642 3654 3730 3700 aut

2155 3755 2286 3808 apex
2339 3754 2440 3792 non
2490 3748 2728 3805 poterunt
2778 3739 2995 3792 transire
3048 3742 3344 3809 priusquam
3389 3739 3556 3792 omnia
3597 3755 3729 3792 cont-

2158 3833 2394 3899 pleantur
2416 3829 2629 3903 (Matth.
2665 3847 2720 3897 v,
2759 3830 2870 3900 18):
2903 3831 3040 3899 Quid
3067 3831 3236 3900 ergo?
3259 3832 3588 3886 moriendum
3609 3830 3728 3886 est?

2160 3922 2310 3977 Multi
2350 3924 2512 3977 etiant
2539 3925 2725 3977 animo
2751 3925 2802 3977 in
2838 3925 2955 3978 lucc
2989 3933 3208 3992 peccata
3233 3923 3554 3978 ceciderunt.
3583 3923 3725 3978 Multi

2161 4017 2440 4087 sanguinis
2463 4019 2563 4085 rei,
2595 4018 2749 4072 multi
2778 4017 2935 4073 idolis
2964 4019 3276 4086 mancipati,
3309 4017 3460 4072 multi
3482 4016 3722 4072 adulteri.

2163 4108 2319 4164 Addo
2351 4109 2514 4163 etiam
2543 4122 2648 4163 non
2673 4109 2821 4164 solas
2843 4122 3033 4163 manus
3061 4109 3111 4162 in
3138 4109 3422 4164 homicidio
3443 4110 3618 4180 plecti,
3637 4109 3720 4163 sed

2161 4212 2216 4259 et
2243 4218 2404 4258 onme
2435 4203 2724 4258 consilium
2757 4204 2896 4273 quod
2921 4203 3149 4258 alterius
3180 4204 3410 4259 animam
3441 4205 3649 4275 impegit
3678 4206 3722 4257 iu

2163 4306 2395 4353 mortem
2421 4315 2435 4351 :
2467 4312 2569 4353 nec
2585 4312 2682 4354 eos
2711 4307 2916 4352 tantum
2945 4300 3033 4368 qui
3068 4298 3220 4352 thura
3242 4300 3440 4354 mensis
3458 4298 3728 4354 adolevere

2165 4392 2437 4462 profanis,
2477 4392 2575 4448 sed
2606 4406 2826 4449 omnem
2861 4409 3091 4463 prorsus
3116 4393 3386 4448 libidinem
3419 4401 3564 4447 extra
3591 4407 3728 4446 uso-

2165 4487 2308 4542 rium.
2335 4486 2551 4541 tltorum
2583 4496 2641 4544 et
2667 4487 2980 4557 complexus
3011 4487 3184 4542 Iicitos
3213 4495 3520 4555 evagautcni
3543 4526 3556 4549 ,
3589 4493 3724 4538 reatu

2167 4579 2362 4633 mortis
2388 4579 2635 4651 astringi.
2672 4579 2795 4635 Haec
2824 4580 3152 4650 quicumque
3189 4589 3311 4648 post
3349 4578 3499 4632 fidem
3532 4577 3727 4641 fecerit,

461 4688 625 4734 tanta!
681 4680 961 4735 donationi
1011 4681 1278 4752 ingratus,
1327 4697 1397 4735 ne
1443 4683 1557 4736 haec
1610 4681 1833 4752 quidem
1889 4679 2060 4750 pauca
2095 4659 2138 4715 ο
2169 4659 2259 4728 Dei
2295 4671 2484 4728 faciem
2527 4688 2634 4728 non
2678 4673 2898 4729 videbit.
2945 4673 3308 4741 Desperavere
3339 4680 3595 4725 tantorum
3627 4670 3725 4723 cri-

458 4781 755 4827 servasset.
791 4773 920 4839 Qua:
953 4775 1061 4828 sint
1083 4782 1265 4829 autem
1297 4775 1400 4829 ista
1431 4773 1736 4830 videamus.

529 4864 616 4920 iV.
652 4865 778 4919 Post
805 4867 1013 4921 Domini
1045 4869 1356 4937 passionem
1379 4867 1653 4937 Apostoli,
1676 4869 1918 4923 tractatis
1943 4884 2063 4924 ont-

462 4958 623 5011 nibus
653 4966 815 5025 atque
845 4957 1129 5025 discussis,
1159 4960 1452 5029 epistolam
1483 4959 1844 5024 tradiderunt,
1875 4960 2062 5030 bisqui

458 5065 522 5105 ex
559 5050 812 5120 gentibus
842 5050 1216 5116 crediderant,
1252 5050 1655 5118 perferendam.
1707 5051 1876 5119 Cujus
1919 5054 2065 5122 epis-

462 5143 586 5197 tolzt:
618 5145 887 5198 sententia
922 5145 1037 5201 haec
1066 5145 1168 5201 fuit
1198 5164 1210 5200 :
1260 5145 1498 5215 Apostoli
1541 5159 1586 5200 et
1625 5147 1907 5218 presbyteri
1951 5149 2066 5218 fra-

462 5247 582 5306 tres,
616 5237 698 5292 liis
725 5240 812 5309 qui
849 5249 968 5293 sunt
1011 5241 1301 5296 Antiochiae
1325 5251 1373 5295 et
1401 5241 1590 5311 Syrias,
1633 5251 1677 5295 et
1722 5238 1920 5295 Ciliciae
1960 5245 2072 5312 {ra-

465 5332 628 5384 tribus
654 5333 739 5401 qui
764 5341 884 5386 sunt
909 5347 972 5386 ex
1003 5332 1260 5404 gentibus,
1302 5333 1546 5387 salutem.
1580 5332 1839 5399 Quoniam
1868 5334 2072 5388 audiui-

466 5437 578 5476 mus
598 5422 848 5492 quosdam
867 5438 930 5476 ea:
949 5422 1098 5477 nobis
1127 5424 1331 5489 exiisse,
1363 5433 1410 5478 et
1433 5424 1768 5479 conturbaue
1793 5441 1879 5478 uos
1907 5427 2072 5480 verbis

463 5513 600 5584 (Act.
622 5530 712 5579 xv,
734 5513 955 5586 24,25).
975 5518 1101 5571 item
1125 5515 1267 5572 infra
1289 5535 1300 5570 :
1321 5515 1490 5570 Visum
1514 5527 1587 5572 est
1607 5519 1744 5571 enim
1758 5527 1933 5571 sancta
1958 5517 2078 5589 Spi-

458 5607 582 5658 ritui
597 5607 1031 5674 etnobis,nullum
1049 5613 1275 5680 amplius
1291 5611 1492 5681 imponi
1503 5611 1646 5666 vobis
1661 5612 1865 5681 pondus
1887 5628 2074 5681 praeter

465 5714 646 5768 quant:
665 5699 879 5756 Necesse
897 5715 969 5757 est
985 5713 1040 5756 ut
1057 5701 1355 5760 abstinentia
1370 5721 1458 5759 vos
1481 5704 1544 5759 ab
1565 5705 1866 5774 idolothytis
1889 5713 1935 5759 et
1954 5722 2078 5760 san-

464 5796 639 5865 guine,
666 5809 714 5850 et
736 5801 1074 5870 fornicatione
1095 5819 1113 5857 :
1133 5820 1161 5854 a
1178 5801 1360 5873 quibus
1376 5804 1718 5868 obseruantes,
1748 5800 1870 5856 bene
1893 5803 2076 5873 agetis.

499 5886 672 5947 Valete
703 5891 892 5968 (Ibid,
925 5896 1017 5967 28,
1040 5895 1157 5964 29).
1192 5897 1320 5954 Haec
1339 5908 1422 5954 est
1447 5896 1570 5952 novi
1604 5895 1934 5954 Testamenti
1967 5905 2082 5955 tota

2164 4769 2374 4822 minnm
2408 4767 2507 4821 rei.
2541 4766 2682 4833 Quid
2712 4766 2865 4820 Vobis
2892 4781 2991 4835 ego
3031 4765 3131 4820 feci
3157 4765 3179 4818 ?
3210 4765 3466 4834 Numquid
3509 4778 3607 4817 nou
3637 4761 3732 4815 fuit

2169 4861 2220 4917 iu
2251 4868 2523 4924 potestate
2566 4874 2640 4913 ne.
2673 4858 2862 4913 lieret?
2901 4859 3160 4914 Nullusne
3209 4858 3516 4912 admonuit?
3576 4855 3732 4909 Nemo

2170 4952 2452 5024 prtetlixit?
2473 4952 2665 5009 Tacuit
2690 4953 2928 5008 Ecclesia
2948 4954 2970 5006 τ
2990 4951 3132 5008 Nihil
3157 4953 3440 5022 Evangelia
3462 4946 3732 5004 dixerunt?

2168 5045 2308 5100 Niliil
2346 5047 2589 5116 Apostoli
2623 5047 2940 5102 comminuti
2977 5046 3135 5101 sunt?
3165 5045 3304 5100 Nihil
3331 5043 3528 5112 rogavit
3565 5054 3734 5094 sacer-

2177 5140 2318 5196 dos?
2349 5138 2486 5208 Quid
2529 5141 2770 5209 quaeritis
2811 5155 2930 5194 sera
2960 5138 3186 5196 solatia?
3212 5138 3358 5192 'l‘unc
3381 5135 3587 5196 decuit,
3617 5148 3728 5188 cum

2179 5234 2392 5290 licebat.
2423 5235 2561 5289 Dura
2598 5235 2696 5291 ista
2722 5250 2824 5289 vox
2845 5245 2957 5299 est;
2987 5234 3082 5289 sed
3111 5233 3198 5300 qui
3229 5245 3321 5285 vos
3341 5230 3513 5285 lelices
3539 5227 3731 5289 dicunt,

2180 5329 2231 5383 iu
2261 5344 2502 5385 errorem
2528 5343 2624 5384 vos
2648 5330 2884 5392 mittunt,
2914 5335 2968 5382 ct
2993 5325 3213 5381 semitas
3237 5324 3424 5395 pedum
3449 5333 3732 5376 restronnu

2179 5422 2527 5477 conturbant.
2564 5420 2844 5478 Faciunt-is
2884 5419 3023 5473 viam
3072 5425 3328 5472 monstrat
3365 5410 3619 5476 innoxiis,
3650 5407 3732 5477 qui

2185 5518 2502 5574 nocentibus
2533 5525 2655 5586 post
2681 5516 2884 5569 scelera
2916 5511 3202 5566 blanditur.

2253 5610 2338 5666 Vl.
2384 5611 2526 5681 Ergo
2559 5609 2791 5682 (inquiet
2819 5605 3040 5677 aliquis)
3077 5601 3292 5675 perituri
3323 5596 3538 5656 sumnsf
3572 5605 3624 5651 et
3653 5591 3733 5647 ubi

2181 5708 2493 5763 misericors
2524 5705 2686 5768 Deus,
2716 5703 2805 5768 qui
2841 5713 3065 5756 mortem
3097 5714 3202 5753 non
3234 5693 3454 5757 invenit,
3479 5703 3573 5745 nec
3600 5688 3736 5741 la-ta-

2183 5809 2268 5854 tur
2299 5800 2349 5854 in
2382 5797 2684 5868 perditione
2716 5793 3000 5855 vivorum?
3031 5792 3382 5847 Moriemurnc
3437 5784 3488 5838 itt
3519 5779 3736 5850 peccatis

2183 5892 2424 5953 nostris?
2467 5893 2529 5948 Et
2565 5888 2696 5964 quid
2727 5887 2888 5945 facies
2919 5896 2975 5944 tu
3002 5881 3254 5943 sacerdos
3274 5879 3297 5936 t
3320 5878 3518 5950 Quibus
3540 5870 3738 5930 emolu-
