3854 6406
163 412 306 468 4085

1254 410 1500 468 ΡΑΒΕΝ
1514 409 1655 468 ESIS
1683 409 1776 468 AD
1815 409 2342 470 POENITENTIAM.

3297 409 3436 465 1086

170 532 369 589 mentis
416 536 495 583 tot
539 526 788 592 Ecclesia:
819 526 1139 585 dettimenta
1183 529 1466 597 pensabis?
1506 527 1752 597 Accipite
1779 530 1832 590 Α
1855 529 2512 596 mur.l.aetare.peccator,
2541 525 2587 581 si
2618 527 2669 580 in
2695 525 2797 579 hoc
2819 525 3021 580 szeeulo
3045 534 3138 578 aut
3164 536 3337 580 morte
3362 525 3446 580 in-

173 622 471 677 remedium
515 620 560 673 si
604 617 896 684 desperare
947 619 1234 687 cmpistis;
1282 621 1326 673 si
1383 620 1610 673 miseros
1658 635 1756 674 vos

167 714 483 784 agnoscitis,
513 713 559 768 si
592 714 815 766 timetis.
845 711 948 778 Qui
981 712 1202 766 nimium
1227 712 1473 774 conﬁdit,
1504 712 1758 781 indiguus

167 817 272 867 est.
293 804 469 872 Super
485 819 634 873 quem
651 802 846 871 (inquit
865 802 1146 873 Dominus)
1165 805 1457 871 respiciam,
1481 805 1581 857 nisi
1599 820 1758 873 supra

169 899 415 954 humilem
436 909 483 952 et
503 900 748 967 quietum,
773 907 819 950 et
841 906 1132 952 trementem
1154 897 1302 951 verba
1321 914 1431 951 mea
1454 895 1505 969 (1
1511 913 1589 951 sa.
1610 913 1755 963 uvr,

169 992 267 1060 2)?
294 991 398 1045 Vos
417 1005 548 1060 ergo
571 990 799 1058 primum
823 989 1060 1058 appello,
1088 986 1304 1052 fratres,
1327 991 1416 1057 qui
1438 988 1758 1043 criminibus

171 1085 428 1140 admissis
453 1081 831 1152 pmoitentiam
861 1081 1124 1137 recusatis
1155 1099 1166 1132 :
1196 1097 1287 1134 vos
1307 1123 1320 1142 ,
1355 1082 1604 1150 inquam,
1638 1089 1761 1150 post

172 1175 564 1244 impudentiam
594 1175 842 1238 timidos,
874 1183 991 1242 post
1021 1184 1241 1240 peccata
1273 1173 1636 1230 verecundos.
1670 1172 1758 1240 qui

175 1281 404 1335 peccare
434 1281 541 1320 non
571 1267 893 1322 erubescitis
919 1277 974 1320 et
1003 1265 1323 1319 erubescitis
1348 1266 1590 1319 confiteri
1624 1281 1636 1316 :
1671 1263 1761 1332 qui

172 1377 296 1416 cum
349 1361 488 1414 mala
539 1361 889 1425 conscientia,
949 1359 1039 1412 Dei
1097 1369 1276 1411 sancta
1325 1357 1658 1426 contingitis,
1709 1364 1765 1411 et

173 1454 346 1508 altare
379 1452 590 1505 Domini
618 1467 723 1505 non
755 1453 956 1504 timetis
987 1450 1116 1520 :qui
1138 1451 1202 1503 ad
1233 1464 1421 1503 manus
1443 1448 1760 1512 sacerdotis,

175 1545 266 1616 qui
307 1545 358 1598 in
392 1554 686 1612 conspectu
717 1544 1037 1612 angelorum
1066 1543 1167 1596 sub
1212 1541 1401 1596 fiducia
1441 1541 1764 1595 innocentize

175 1636 440 1692 acceditis
469 1654 479 1688 :
504 1639 590 1705 qui
617 1636 814 1690 divinae
842 1636 1111 1703 patientize
1139 1634 1438 1698 insultatis;
1459 1635 1548 1704 qui
1569 1634 1763 1688 tacenti

180 1732 312 1795 Deo.
343 1729 510 1786 veluti
530 1731 817 1793 nescienti,
853 1729 1115 1796 pollutam
1141 1731 1372 1783 animam
1397 1740 1451 1783 et
1481 1728 1762 1797 profanum

174 1837 378 1892 corpus
407 1825 671 1893 ingeritis.
707 1822 924 1887 Audite,
956 1823 1082 1892 quid
1112 1821 1302 1877 fecerit
1334 1822 1623 1886 Dominus;
1655 1831 1764 1876 tum

1860 621 2160 690 terciperis,
2185 629 2281 675 aut
2302 621 2564 689 languore
2586 619 2944 681 consumeris.
2968 633 3039 673 ne
3059 616 3300 689 puniaris
3324 629 3447 688 post

1856 714 2138 770 arculum.
2177 714 2419 784 Intellige
2446 722 2704 782 quantum
2735 713 2957 767 sceleris
2984 712 3233 766 admittat
3260 712 3351 781 qui
3377 712 3440 766 ad

1858 809 2032 863 altare
2061 809 2206 862 venit
2237 807 2527 877 indignus;
2563 807 2648 859 cui
2681 820 2778 874 pro
2812 804 3055 859 remedio
3081 812 3443 873 computatur,

1860 919 1979 959 cum
2002 912 2094 957 aut
2123 903 2324 957 morbis
2350 902 2585 960 laborat,
2610 911 2701 954 aut
2729 909 2907 954 morte
2930 899 3266 953 dissolvitur.

1932 995 2066 1049 VIII.
2113 995 2263 1061 Quod
2287 996 2330 1048 si
2352 1003 2536 1049 vestra
2560 994 2732 1057 vobis,
2757 992 2881 1046 vilis
2903 1001 2985 1046 est
3006 992 3214 1059 anima;
3243 991 3448 1061 parcite

1864 1088 2098 1156 populo.
2149 1084 2352 1154 parcite
2401 1085 2797 1141 sacerdotibus.
2844 1084 3056 1140 Clamat
3105 1084 3449 1164 Apostolus:

1865 1181 2126 1253 Exiqunm
2140 1185 2460 1250 fermentum,
2479 1189 2640 1233 totam
2653 1195 2872 1233 massam
2888 1182 3159 1249 fermentat
3187 1178 3203 1243 (
3225 1174 3376 1230 lCor.
3395 1190 3451 1241 v,

1863 1274 1950 1344 6).
1984 1273 2122 1340 Quid
2154 1273 2316 1327 facies
2351 1282 2404 1326 tu
2447 1282 2669 1342 propter
2702 1286 2860 1341 quem
2889 1271 3069 1324 omnis
3109 1284 3284 1324 massa
3328 1283 3452 1324 cor-

1867 1365 2168 1432 rumpitur;
2208 1376 2429 1434 propter
2459 1379 2618 1435 quem
2653 1363 2957 1418 laboratura
2988 1371 3072 1415 est
3112 1370 3222 1415 tota
3250 1360 3452 1415 frater-

1868 1458 2046 1512 nitas?
2086 1456 2245 1512 Vives
2277 1466 2356 1510 tot
2397 1457 2697 1510 animarum
2731 1453 2894 1509 reus?
2941 1453 3299 1506 Excusaberis
3327 1466 3450 1506 cum

1867 1551 1964 1604 tibi
2005 1550 2443 1604 cummuniOuem
2487 1563 2638 1601 suam
2687 1545 3070 1615 imputavrrint
3113 1546 3450 1612 innocentes,

1867 1657 1990 1698 cum
2038 1652 2088 1696 te
2131 1641 2369 1694 Ecclesia
2394 1638 2596 1694 dixerit
2631 1653 2745 1693 sua:
2781 1637 2950 1692 cladis
2973 1635 3284 1690 auctorem?
3313 1635 3454 1692 Ecce

1870 1735 2065 1788 iterum
2102 1731 2393 1801 Apostolus
2434 1730 2499 1785 ad
2541 1730 2879 1786 sacerdotem
2913 1745 2925 1780 :
2960 1726 3148 1780 Manus
3176 1728 3276 1780 cito
3319 1727 3451 1780 nulli

1868 1825 2122 1893 imponas,
2148 1840 2236 1878 nec
2255 1823 2592 1877 communices
2615 1819 2832 1888 peccatis
2854 1821 3032 1874 alienis
3051 1819 3090 1888 (Ι
3108 1817 3244 1871 Tim.
3269 1834 3318 1883 v,
3338 1818 3456 1885 22).

175 1916 395 1980 deinde,
432 1917 558 1984 quid
584 1912 806 1969 dixerit.
833 1914 970 1969 Cum
1005 1915 1230 1983 populus
1262 1914 1611 1969 llebrzeorum
1642 1914 1768 1969 llie-
1798 1919 1843 1979 Β
1870 1918 2008 1986 Quid
2056 1917 2242 1983 facies,
2290 1927 2344 1970 tu
2391 1916 2484 1983 qui
2530 1915 2738 1984 decipis
2783 1913 3160 1967 sacerdmem?
3211 1912 3310 1977 Qui
3367 1919 3460 1964 aut

178 2008 472 2077 rosolymis
523 2007 717 2062 Arcam
771 2005 985 2060 Domini
1033 2017 1357 2073 reportaret,
1405 2019 1454 2060 et
1495 2022 1558 2060 ex
1604 2007 1768 2061 domo

177 2098 482 2154 Aminadab
525 2097 812 2162 Israelitis;
860 2099 996 2153 Dsas
1043 2100 1131 2168 qui
1183 2113 1286 2153 non
1326 2101 1604 2165 explorata
1641 2113 1772 2154 con-

179 2192 434 2256 scientia,
468 2191 610 2245 latus
640 2192 793 2244 Arcre
821 2192 1092 2258 attigerat,
1127 2192 1336 2245 occisus
1363 2201 1475 2256 est;
1505 2202 1561 2247 et
1589 2200 1768 2246 tamen

180 2285 274 2339 ille
294 2325 310 2349 ,
338 2299 446 2338 non
477 2294 534 2337 ut
563 2283 764 2353 aliquid
798 2299 860 2337 es
891 2298 954 2337 ea
985 2293 1256 2347 sumeret;
1287 2284 1382 2338 sed
1415 2295 1472 2338 ut
1496 2283 1773 2338 declinan-

180 2385 289 2428 tem
314 2375 382 2429 ad
407 2375 614 2444 lapsum
639 2375 815 2441 vituli,
849 2375 1178 2437 centiueret,
1212 2385 1519 2431 accesserat
1540 2375 1616 2446 (ll
1644 2375 1769 2446 Reg.

179 2469 280 2535 vr).
312 2466 486 2520 Tanta
517 2466 670 2520 infuit
696 2481 824 2520 cura
857 2466 1052 2520 divina:
1081 2467 1420 2533 reverentiae,
1451 2477 1510 2521 ut
1541 2467 1774 2523 audaces

181 2573 398 2621 manus,
449 2574 549 2612 nec
595 2561 664 2611 ob
708 2559 967 2615 auxilium
1009 2559 1323 2614 sustineret.
1374 2557 1585 2613 Clamat
1631 2560 1773 2614 idem

187 2653 449 2704 Dominus
472 2662 526 2705 et
551 2651 716 2704 dicit:
745 2649 926 2706 Omnis
951 2652 1171 2703 mundus
1194 2650 1523 2704 ntanducabit
1544 2665 1769 2716 carnem,

181 2752 231 2795 et
261 2744 439 2796 anima
464 2757 794 2813 qumcumque
827 2743 1094 2812 contigerit
1115 2744 1177 2795 de
1199 2758 1351 2796 carne
1371 2743 1614 2808 sacriﬁcii
1635 2743 1774 2797 salu-

182 2836 336 2900 taris,
363 2844 409 2888 et
431 2837 760 2888 immunditia
781 2852 932 2902 super
953 2835 1046 2888 illa
1073 2845 1145 2887 est
1165 2851 1183 2898 ;
1205 2844 1376 2904 pereat
1401 2835 1576 2887 anima
1593 2834 1687 2888 illa
1713 2834 1775 2889 de

182 2927 381 2995 papula
411 2925 554 2995 (Lee.
587 2942 680 2990 vtt,
718 2927 830 2993 12).
865 2928 1174 2995 Antiquane
1229 2927 1328 2980 ista
1361 2934 1508 2991 sunt,
1536 2937 1588 2981 et
1614 2927 1776 2982 modo

185 3033 297 3070 nun
324 3017 493 3069 fiunt?
520 3018 657 3083 Quid
689 3018 860 3086 ergo?
893 3018 1053 3071 desiit
1086 3018 1224 3072 Deus
1247 3029 1428 3071 uOstra
1453 3034 1642 3074 curare
1667 3035 1681 3081 ;
1707 3034 1774 3072 an

185 3110 326 3162 ultra
358 3121 708 3178 conspectum
748 3109 932 3164 mundi
961 3111 1186 3163 recessit
1211 3151 1226 3174 ,
1267 3119 1323 3164 et
1352 3112 1626 3163 nemiuem
1654 3124 1777 3180 Spe-

179 3215 294 3258 ctat
320 3219 351 3259 e
379 3205 560 3260 cmlo?
595 3207 673 3257 Au
702 3204 956 3272 patientia
982 3203 1157 3268 illius,
1187 3205 1490 3274 ignorantia
1521 3204 1638 3258 est?
1671 3203 1778 3255 Ab-

1868 2011 2203 2081 ignorantem
2234 2011 2396 2078 fallis,
2429 2018 2520 2064 aut
2551 2023 2656 2064 non
2691 2008 2756 2062 ad
2789 2009 3004 2076 plenum
3040 2008 3302 2061 scientem
3335 2019 3458 2074 pro-

1868 2103 2029 2160 bandi
2057 2103 2374 2157 difficultate
2399 2101 2725 2156 confundis?
2755 2099 2908 2170 Rege
2930 2114 3059 2169 ergo
3093 2113 3209 2164 vos,
3240 2101 3453 2162 fratres,

1869 2195 2033 2248 etiam
2065 2210 2160 2264 pro
2187 2194 2435 2265 pericqu
2467 2207 2619 2255 meo,
2666 2207 2761 2261 per
2796 2192 2945 2245 illum
2988 2191 3269 2245 Dominum
3297 2202 3457 2258 quem

1871 2282 2080 2336 occulta
2109 2296 2212 2336 non
2244 2282 2457 2347 fallunt,
2485 2282 2719 2336 desinite
2746 2282 3084 2336 vulneratam
3119 2289 3299 2349 tegere
3331 2292 3463 2332 con-

1872 2373 2176 2428 scientiam.
2204 2373 2508 2433 Prudentes
2528 2377 2656 2444 aegri
2684 2374 2926 2428 medicos
2954 2387 3058 2426 non
3093 2380 3366 2434 verentur,
3395 2385 3463 2425 ne

1873 2465 1927 2520 in
1958 2464 2188 2527 occultis
2211 2464 2426 2534 quidem
2464 2479 2754 2533 corporum
2789 2464 3032 2533 partibus
3057 2465 3218 2516 etiam
3252 2468 3466 2516 secatu-

1873 2573 1985 2621 ros,
2008 2560 2169 2612 etiam
2203 2569 2544 2626 perusturos.
2572 2559 2916 2612 Meminimus
2942 2557 3225 2624 quosdam,
3257 2563 3465 2610 remota

1871 2652 2033 2706 etiam
2065 2662 2120 2706 et
2155 2651 2461 2705 verecunda
2493 2650 2858 2705 membrorum
2895 2665 3001 2704 non
3039 2650 3464 2715 erubescentes,

1875 2747 1926 2797 in
1952 2744 2098 2799 ferro
2124 2755 2181 2799 et
2203 2745 2474 2810 cauterio,
2501 2753 2554 2798 et
2575 2744 2888 2812 gravissima
2915 2744 3005 2796 illa
3034 2743 3276 2812 pulveris
3305 2754 3463 2794 mor-

1877 2839 2110 2892 dacitate
2135 2837 2382 2892 durasse.
2407 2837 2470 2890 Et
2498 2847 2754 2906 quantum
2777 2845 2861 2891 est
2887 2836 3022 2888 illud
3051 2835 3192 2904 quod
3219 2832 3464 2886 homines

1879 2930 2279 2999 prmstiterunt?
2306 2930 2564 2984 Peccutor
2592 2930 2840 2982 timebit?
2871 2930 3127 2983 l’eccator
3153 2927 3464 2989 erubescet,

1879 3031 2198 3095 perpetuam
2231 3021 2394 3074 vitam
2429 3021 2682 3089 prteseuti
2713 3020 2919 3090 pudore
2949 3021 3222 3074 mercari?
3250 3029 3298 3072 et
3330 3016 3465 3071 olfe-

1880 3115 2017 3169 rcuti
2049 3130 2240 3168 manus
2272 3114 2502 3168 Domino
2523 3155 2539 3180 ,
2568 3114 2790 3168 vulnera
2824 3115 2962 3168 male
2991 3125 3128 3167 teeta
3162 3111 3463 3168 subducet?

1882 3208 1945 3261 Et
1973 3208 2133 3262 liabet
2157 3206 2357 3275 aliquid
2381 3207 2519 3275 quod
2546 3206 2598 3260 iu
2624 3206 2719 3260 illo
2738 3206 3048 3270 erubescat,
3067 3208 3158 3275 qui
3177 3206 3465 3258 Dominum

183 3299 278 3359 sit,
313 3296 544 3365 inquies.
583 3296 738 3349 Videt
763 3311 893 3365 ergo
915 3311 1031 3365 qum
1063 3295 1310 3361 facimus,
1345 3296 1439 3350 sed
1475 3295 1657 3363 utique
1682 3310 1777 3348 ex-
1803 3287 1848 3349 C
1884 3299 2059 3352 Lusii?
2096 3298 2176 3352 An
2216 3299 2295 3351 sic
2337 3297 2412 3350 illi
2451 3297 2642 3369 melius
2683 3307 2765 3351 est
2806 3298 3006 3365 perire.
3058 3311 3125 3351 ne
3169 3306 3224 3348 tu
3263 3294 3468 3364 pudore

183 3395 400 3454 Spectat
426 3399 477 3440 et
505 3387 724 3457 patitur,
753 3397 809 3442 et
837 3388 1171 3456 paenitentia:
1202 3397 1415 3454 tempus
1439 3387 1698 3456 indulget,
1722 3396 1773 3442 et

182 3479 409 3535 Christo
435 3496 534 3533 suo
564 3490 783 3548 przestat
811 3490 869 3533 ut
897 3480 1131 3545 differat,
1166 3495 1232 3534 ne
1255 3481 1364 3533 cito
1389 3487 1610 3548 pereant
1640 3492 1776 3548 quos

187 3573 444 3628 redemit.
484 3573 648 3636 Bene,
690 3584 745 3626 tu
794 3580 1065 3640 peccator,
1116 3571 1396 3632 intellige:
1435 3571 1697 3638 spectaris
1742 3584 1773 3623 a

189 3667 452 3727 Domino,
488 3676 644 3734 potes
675 3667 820 3720 illum
851 3665 1066 3734 placare
1093 3666 1140 3720 si
1169 3665 1318 3719 velis.

263 3757 376 3812 VII.
418 3757 520 3811 Sed
553 3760 832 3825 antiquum
864 3759 938 3812 sit
965 3756 1104 3811 istud
1135 3755 1282 3825 quod
1315 3755 1380 3810 ad
1412 3771 1650 3810 mensam
1682 3755 1773 3810 Dei

182 3849 449 3904 accedere
491 3864 596 3901 non
634 3849 783 3902 licuit
813 3848 1108 3904 immundis
1140 3866 1152 3900 :
1183 3849 1417 3903 evolvite
1445 3848 1772 3917 Apostolos,

183 3951 241 3995 et
267 3939 480 3993 novella
503 3941 830 4009 cognoscite.
859 3940 912 3994 In
937 3940 1108 4008 prima
1133 3940 1556 4000 Corinthiorum,
1584 3938 1778 3993 Paulus

187 4033 308 4084 ltrec
351 4030 572 4085 intulit:
620 4030 954 4102 Quicumque,
997 4032 1190 4101 inquit,
1239 4033 1641 4095 manducauerit,
1687 4041 1778 4087 aut

185 4124 367 4177 biberit
411 4123 623 4177 calicem
667 4121 874 4178 Domini
915 4126 1145 4196 indigne,
1185 4142 1301 4178 reus
1339 4127 1434 4180 erit
1463 4124 1704 4192 Corporis
1731 4136 1780 4179 et

185 4218 474 4290 Sanguinis
497 4216 707 4272 Domini
732 4219 772 4288 (Ι
795 4217 915 4271 Cor.
940 4234 1018 4283 ιι,
1038 4219 1150 4287 27).
1175 4218 1308 4272 Item
1332 4219 1496 4271 infra:
1525 4217 1626 4281 Qui
1645 4219 1778 4270 enim

186 4310 462 4363 manducat
503 4321 546 4363 et
585 4309 706 4363 bibit
748 4311 978 4378 indigne,
1010 4309 1270 4381 judicium
1305 4308 1400 4362 sibi
1428 4309 1708 4362 utauducat
1733 4318 1779 4363 et

186 4400 332 4467 bibit,
353 4417 453 4454 non
473 4403 762 4455 discernens
783 4416 970 4467 corpus
996 4400 1232 4454 Domini:
1253 4398 1554 4468 Propterea,
1579 4399 1776 4470 inquit,

185 4496 321 4547 inter
342 4509 447 4558 vos,
471 4493 619 4547 multi
641 4493 832 4561 inﬁrmi
854 4501 901 4545 et
921 4492 1065 4562 cegri,
1087 4501 1135 4546 et
1153 4492 1410 4545 dormiunt
1429 4493 1599 4548 multi.
1628 4491 1780 4560 Quod

186 4584 231 4636 si
258 4598 352 4637 nos
372 4584 509 4652 ipsos
523 4584 876 4657 jndicaremus
892 4626 905 4648 ,
931 4599 1034 4637 non
1059 4585 1234 4654 utique
1251 4584 1640 4655 judicaremur;
1663 4599 1779 4637 cum

1879 3393 2100 3447 timidus
2121 3391 2237 3446 sine
2263 3391 2470 3459 pudore
2493 3391 2764 3456 moriaris,
2799 3406 2903 3445 non
2935 3390 3139 3444 faciens
3168 3390 3356 3459 pudori
3392 3391 3471 3443 fo-

1877 3499 2020 3546 cum.
2069 3484 2185 3551 plus
2227 3483 2295 3538 de
2334 3484 2659 3537 detrimento
2698 3484 2815 3552 ejus
2861 3485 3110 3552 acquiras
3148 3487 3233 3539 cui
3274 3499 3374 3553 pro
3417 3495 3468 3539 te

1879 3578 2068 3632 melius
2102 3588 2183 3632 est
2213 3578 2426 3648 perire?
2457 3577 2609 3644 Quod
2640 3578 2683 3632 si
2712 3579 2935 3631 fratrum
2966 3578 3155 3632 oculos
3184 3578 3465 3631 erubesci-

1878 3667 1991 3731 tis;
2051 3678 2327 3726 consortes
2385 3683 2608 3723 casuum
2662 3680 2961 3724 vestrorum
3021 3670 3212 3722 timete
3269 3670 3460 3724 nolite.

1877 3756 2093 3811 Nullum
2124 3772 2322 3826 corpus
2357 3759 2721 3814 membrorum
2755 3774 2976 3814 suorum
3000 3760 3289 3812 Vexalione
3319 3759 3468 3812 lacta-

1879 3858 2002 3912 tnr;
2047 3851 2246 3918 pariter
2290 3851 2469 3918 dolet,
2508 3862 2564 3908 et
2601 3852 2666 3905 ad
2717 3852 3009 3907 remedium
3051 3853 3372 3907 collabm-at.
3412 3853 3466 3907 In

1881 3955 1988 3996 uno
2004 3951 2058 3997 et
2076 3943 2269 4009 altero,
2293 3943 2526 4000 Ecclesia
2547 3955 2628 3999 est
2650 3962 2664 4008 ;
2692 3947 2741 3998 in
2769 3945 3009 3998 Ecclesia
3030 3960 3182 4002 vero.
3201 3947 3468 4001 Christus.

1883 4038 2056 4104 Atque
2080 4035 2205 4090 ideo
2232 4037 2322 4105 qui
2353 4036 2610 4092 fratribus
2639 4046 2858 4105 peccata
2888 4052 2980 4090 sua
3016 4053 3122 4092 non
3159 4047 3290 4092 tacet
3319 4079 3333 4100 ,
3373 4037 3471 4093 Ec-

1880 4124 2064 4179 clesiae
2100 4125 2360 4195 Iacrymis
2392 4128 2608 4196 adjutus
2637 4129 2836 4182 tilnisti
2870 4129 3118 4197 precibus
3149 4128 3466 4182 absolvitur.

1950 4215 2042 4269 IX.
2086 4215 2235 4271 Nimc
2265 4217 2330 4270 ad
2362 4232 2457 4270 eos
2485 4234 2664 4271 sermo
2693 4220 2784 4278 sit,
2819 4220 2909 4286 qui
2944 4219 3080 4272 bene
3107 4233 3168 4272 ac
3196 4218 3471 4287 sapienter

1885 4308 2107 4363 vulnera
2148 4323 2278 4375 sua,
2323 4309 2655 4378 pmnitcntire
2685 4312 2936 4376 nomine,
2980 4311 3340 4375 confitentes;
3374 4323 3474 4365 nec

1880 4401 2008 4470 quid
2031 4401 2104 4455 sit
2127 4403 2460 4470 paenitentia,
2484 4416 2585 4456 nec
2605 4416 2723 4471 quae
2750 4402 3034 4457 vulnerum
3062 4402 3348 4467 medicina,
3379 4418 3477 4456 no-

1880 4504 2102 4560 verunt;
2131 4495 2449 4566 similesque
2477 4506 2604 4550 sunt
2632 4495 2739 4550 illis
2767 4497 2859 4564 qui
2894 4495 3079 4566 plagas
3108 4494 3324 4564 quidem
3348 4509 3475 4564 ape-

1880 4589 2027 4643 riunt
2077 4603 2142 4643 ac.
2195 4598 2458 4656 tumores,
2517 4589 2847 4657 medicisque
2896 4590 3058 4642 etiam
3108 4587 3474 4642 :tssideutibus

180 4677 483 4744 judicamur
517 4686 705 4743 autem,
744 4694 775 4730 a
819 4673 1042 4734 Domino
1076 4676 1402 4746 corripiatur.
1442 4684 1497 4731 ut
1538 4691 1639 4730 non
1666 4691 1781 4729 cum
1811 4660 1859 4721 Ῐ)
1884 4681 2250 4745 confitentur;
2299 4681 2396 4736 sed
2436 4681 2721 4744 admoniti,
2774 4695 2898 4750 quae
2950 4680 3272 4748 imponenda
3325 4687 3475 4744 sunt,

189 4769 286 4820 hoc
329 4768 520 4822 mundo
563 4770 862 4824 danmeutur
903 4769 1093 4840 (Ibid.,
1135 4768 1350 4840 29-32).
1395 4768 1778 4834 Intremuistis,

187 4877 257 4916 au
293 4861 441 4916 non?
474 4860 606 4916 Reus
643 4864 761 4928 erit,
808 4864 1000 4932 inquit,
1046 4863 1276 4931 corporis
1306 4872 1351 4918 et
1380 4863 1648 4933 sanguinis
1676 4860 1782 4916 Do-

188 4957 333 5012 mini.
366 4956 624 5011 Humana:
646 4958 840 5012 animae
865 4973 990 5012 reus
1014 4973 1121 5012 non
1146 4956 1546 5025 possetabsolvi
1570 4973 1584 5022 ;
1610 4957 1782 5012 domi-

191 5052 300 5105 nici
328 5053 574 5120 corporis
601 5050 832 5106 violator
863 5049 1086 5105 evadit?
1117 5049 1219 5115 Qui
1248 5049 1551 5112 manducat,
1587 5050 1777 5118 inquit,

188 5153 238 5197 et
272 5143 392 5196 bibit
424 5144 655 5216 indigne,
691 5144 955 5216 judicium
981 5143 1076 5196 sibi
1105 5142 1380 5194 manducet
1411 5152 1457 5194 et
1478 5141 1623 5195 bibit.
1661 5142 1782 5194 Evi-

187 5235 297 5305 gila
331 5245 619 5302 peccator;
669 5237 800 5292 time
830 5235 880 5289 in
911 5233 1210 5291 visceribus
1241 5232 1344 5287 tuis
1375 5247 1616 5301 praesens
1640 5232 1784 5303 judi-

189 5327 360 5390 cium,
387 5327 433 5380 si
463 5327 593 5396 quid
619 5327 724 5382 tale
746 5328 940 5383 fecisti.
976 5327 1278 5397 PrOpterea,
1303 5325 1494 5395 inquit,
1517 5326 1650 5380 inter
1673 5341 1776 5393 eos,

190 5419 340 5473 multi
370 5419 566 5488 inﬁrmi
606 5431 650 5473 et
692 5423 836 5493 aegri,
871 5431 919 5475 et
947 5420 1205 5474 dormiunt
1237 5421 1403 5473 multi.
1433 5420 1551 5474 .Iatn
1583 5423 1626 5474 si
1663 5425 1783 5491 quis

190 5512 371 5566 futura
402 5528 508 5567 non
534 5515 744 5578 metuit,
768 5516 852 5570 vel
878 5527 1203 5584 praesentem
1234 5515 1609 5584 aegritudinem
1640 5531 1782 5586 pran-

190 5615 512 5674 sentemque
531 5605 733 5661 obitum
752 5606 1088 5663 reformidet.
1107 5607 1232 5663 Cum
1246 5608 1561 5678 judicmttur,
1585 5609 1782 5678 inquit,

190 5715 222 5751 a
254 5694 478 5751 Domino
506 5699 834 5768 corripintur,
864 5709 918 5752 ut
945 5717 1046 5754 non
1077 5717 1195 5755 cum
1233 5702 1324 5754 ftoc
1351 5701 1546 5754 mundo
1574 5703 1784 5756 damne-

267 5821 292 5848 "
335 5811 445 5894 sed
472 5816 790 5894 nolucurari
819 5821 1155 5894 stomachum.
1196 5822 1375 5878 Hoc...
1405 5821 1528 5894 quid
1551 5821 1782 5894 stultius.

194 5882 504 5956 Legendum
554 5888 769 5947 videtur
816 5906 936 5946 cum
984 5891 1193 5950 Latinio
1226 5913 1240 5949 :
1275 5894 1381 5951 Sed
1417 5882 1542 5949 'nolo
1582 5893 1777 5948 curari.

1884 4774 2189 4844 negligant;
2223 4783 2277 4828 et
2302 4789 2422 4843 qua:
2452 4774 2700 4835 bibenda,
2731 4772 3036 4826 fastidiunt.
3071 4771 3224 4840 Quod
3256 4773 3360 4824 tale
3390 4779 3475 4824 est

1880 4881 1944 4921 ac
1973 4867 2020 4920 si
2048 4867 2194 4921 dicat
2223 4867 2415 4935 aliquis
2446 4879 2462 4918 :
2497 4866 2638 4920 Ecce
2665 4881 2764 4934 ego
2802 4880 2966 4934 mger,
3000 4879 3126 4919 ecce
3156 4879 3256 4934 ego
3287 4863 3480 4918 vulne-

1882 4969 2032 5012 ratus
2062 4973 2179 5013 sum
2209 4999 2223 5023 ,
2259 4966 2284 4994 ι
2310 4957 2404 5011 sed
2437 4959 2561 5010 nolo
2588 4958 2768 5011 curari
2793 4957 3152 5010 stomachum.
3188 4955 3296 5010 Hoc
3324 4965 3471 5021 erat,

1883 5050 1979 5106 sed
2011 5052 2190 5104 videte
2220 5050 2345 5119 quid
2379 5052 2621 5106 stultius.
2670 5051 2899 5105 Additur
2939 5051 3102 5105 etiam
3146 5051 3370 5105 morbus
3406 5049 3469 5104 ad

1881 5156 2100 5196 causam
2127 5184 2140 5202 .
2185 5151 2239 5195 et
2278 5142 2473 5196 vulnus
2501 5142 2837 5212 adjungitur,
2869 5150 2923 5196 et
2947 5143 3217 5196 contraria
3247 5153 3475 5210 quaeque

1885 5234 2259 5301 imponuntur,
2286 5235 2591 5302 perniciosa
2623 5244 2898 5304 potantur.
2924 5233 3042 5300 Quo
3071 5233 3301 5287 maxime
3330 5232 3479 5286 malo

1882 5327 2193 5384 fraternitas
2223 5327 2337 5383 lizec
2371 5329 2578 5382 laborat
2608 5371 2620 5389 .
2666 5327 2881 5382 delictis
2917 5327 3194 5382 veteribus
3221 5341 3357 5380 nova
3389 5326 3477 5379 in-

1884 5436 2047 5491 super
2084 5422 2426 5493 adjungendo
2467 5433 2709 5491 peccata.
2763 5420 2902 5490 Ergo
2939 5421 3158 5490 gravius
3195 5417 3377 5487 erupit
3421 5418 3471 5472 in

1883 5516 2120 5581 vitium-,
2174 5513 2633 5585 perniciosissima
2681 5513 2792 5582 jam
2841 5513 2966 5573 tabe
3011 5513 3300 5567 cruciatur.
3335 5508 3471 5576 Quid

1887 5622 2015 5678 ergo
2056 5607 2249 5664 faciam
2292 5622 2434 5668 nunc
2478 5607 2736 5661 sacerdos
2778 5607 2870 5676 qui
2908 5618 3101 5661 curare
3139 5601 3481 5673 compellor?

1889 5701 2080 5757 Serum
2139 5711 2222 5757 est
2269 5703 2320 5754 in
2374 5700 2664 5771 ejusmodi.
2709 5699 3091 5755 Verumtamen
3142 5697 3189 5752 si
3238 5697 3358 5762 quis
3397 5702 3482 5750 est

1894 5819 2333 5877 Stomachandum
2363 5822 2457 5876 Itoc
2485 5824 2636 5879 era‘f:
2663 5821 2754 5874 sed
2781 5818 2945 5873 uidete
2964 5817 3103 5884 quod
3133 5816 3360 5876 stultius.
