3874 6408
418 380 557 438 1087

1753 381 2002 441 SANCTI
2041 381 2318 441 PACIANI

3555 386 3686 442 10δὸ

419 507 657 553 vestrum
675 497 767 570 qui
789 498 962 554 secari
990 506 1045 554 et
1067 498 1223 555 exuri
1245 501 1534 566 sustineat,
1558 500 1736 555 adhuc
1761 515 2004 571 possum.
2036 499 2091 560 Α
2113 499 2493 572 cauponando,
2533 501 2849 567 mereando,
2903 500 3199 572 rapiendo;
3255 501 3384 559 foris
3409 502 3577 568 lucra,
3606 502 3688 557 in-

418 591 557 647 Ecee
588 592 906 664 scalpellum
937 594 1317 663 prepbeticum
1346 611 1358 648 :
1393 592 1784 661 Convertimini,
1819 596 2012 666 inquit,

413 684 483 738 ad
499 684 780 740 Dominum
802 686 970 741 Deum
994 697 1240 753 vestrum,
1265 689 1522 759 simulque
1535 691 1765 762 jejunio,
1793 700 1839 746 et
1863 693 2012 760 fletu,

413 788 460 832 et
491 779 720 849 planctu,
760 789 808 834 et
840 781 1058 837 scindite
1087 781 1246 836 corda
1277 792 1438 837 vestra
1465 781 1636 854 (Joel.
1671 800 1730 850 ιι,
1762 772 1850 849 l2,
1884 784 2012 854 15).

413 871 591 928 Nolite
623 872 762 928 hanc
787 885 1065 931 secturam
1100 877 1291 931 timere
1316 921 1331 945 ,
1365 877 1697 932 dulcissimi.
1744 879 2015 933 Sustinuit

413 964 559 1020 illam
585 965 781 1034 David,
805 967 978 1038 jaeuit
1007 969 1061 1023 in
1091 969 1274 1024 cinere
1303 970 1572 1034 sordenti,
1604 986 1766 1026 sacco
1795 972 2015 1041 insuper

416 1056 678 1114 horrente
702 1059 986 1116 deformis.
1014 1060 1112 1117 llle
1135 1063 1410 1131 quondam
1433 1064 1666 1132 gemmis
1687 1073 1939 1119 assuetus
1961 1073 2015 1119 et

414 1154 693 1223 purpuris,
729 1156 862 1209 texit
895 1157 946 1209 in
972 1155 1183 1226 jejunio
1208 1158 1446 1212 animam
1479 1173 1629 1212 suam
1660 1176 1672 1212 :
1703 1160 1788 1213 cui
1819 1158 2012 1222 maria,

414 1248 497 1302 cui
529 1246 712 1314 silvar,
743 1250 830 1303 cui
856 1249 1080 1304 ﬂumina
1121 1251 1468 1318 serviebant,
1500 1253 1906 1322 promissasque
1931 1251 2014 1306 di—

413 1338 573 1394 vitias
605 1350 750 1396 terra
782 1343 1131 1411 parturiens;
1181 1345 1431 1400 madidus
1471 1345 1727 1417 lacrymis
1753 1360 2013 1401 consum-

415 1436 523 1503 psit
547 1436 733 1491 oculos
764 1436 886 1491 illos
919 1439 1117 1507 quibus
1146 1439 1375 1509 gloriam
1405 1441 1501 1496 Dei
1524 1441 1758 1507 viderat,
1792 1449 1848 1496 et
1874 1440 2015 1496 infe-

412 1527 572 1583 licem
618 1545 677 1584 se
722 1531 1090 1602 miserumque
1139 1535 1423 1590 confessus
1471 1545 1554 1590 est
1601 1544 1758 1604 pater
1807 1535 2010 1602 Mariae,

411 1620 585 1677 Judaei
615 1624 780 1678 etiam
811 1625 1123 1680 dominator
1153 1628 1386 1697 imperii.
1411 1629 1524 1683 Rex
1550 1629 1639 1682 ille
1664 1628 2012 1699 Babylonius,

412 1715 841 1786 exomologesim
855 1717 1108 1773 desertus
1129 1730 1407 1788 operatur,
1426 1730 1480 1774 et
1494 1723 1740 1789 septenni
1759 1720 2014 1790 squalore

415 1808 757 1880 decoquitur.
793 1811 1035 1866 Leonum
1079 1813 1130 1867 in
1163 1813 1255 1867 illo
1279 1814 1440 1883 jubas
1465 1856 1479 1880 ,
1514 1815 1726 1885 impexa
1754 1815 2013 1870 caesaries

2120 603 2206 647 tus
2251 595 2506 650 libidines
2545 593 2898 664 aucupando;
2943 594 3078 650 nihil
3114 595 3322 666 agendo
3358 594 3690 666 simpliciter,

2117 687 2254 742 nihil
2302 689 2630 758 pauperibus
2671 688 2951 758 largiendo
2977 727 2994 754 ,
3041 687 3173 742 nihil
3215 687 3470 744 fratribus
3512 688 3694 742 remit-

2119 779 2301 834 tendo.
2332 779 2408 834 Ne
2441 781 2556 835 haec
2579 781 2798 850 quidem
2826 795 2948 850 quae
2976 780 3146 836 videri
3175 781 3340 836 etiam
3371 797 3400 834 a
3425 780 3694 837 sacerdote

2117 883 2366 943 possunt,
2399 885 2455 930 et
2480 875 2737 944 episcopo
2769 883 2908 930 teste
2939 875 3187 942 laudari;
3228 890 3294 932 ne
3334 875 3448 931 haec
3482 875 3692 945 quidem

2117 969 2416 1036 quotidiani
2458 983 2777 1035 servamus;
2821 968 2955 1025 ﬂere
2996 969 3048 1022 in
3089 978 3381 1038 conspectu
3419 967 3692 1033 Ecclesiae,

2118 1058 2382 1128 perditam
2411 1060 2576 1114 vitam
2595 1059 2817 1115 sordida
2841 1070 2994 1116 veste
3014 1060 3217 1132 lugere,
3238 1061 3498 1131 jejunare,
3520 1073 3691 1124 orare,

2119 1152 2410 1222 provolvi:
2453 1153 2496 1207 si
2538 1154 2658 1222 quis
2689 1153 2755 1208 ad
2792 1154 3041 1210 balneum
3088 1163 3261 1221 vocet,
3313 1169 3557 1210 recusare
3599 1153 3692 1207 de-

2119 1242 2274 1297 licias
2319 1260 2332 1296 :
2382 1242 2428 1297 si
2472 1244 2591 1314 quis
2637 1244 2704 1298 ad
2751 1247 3060 1300 convivium
3120 1254 3304 1315 roget,
3348 1242 3693 1300 dicerezlsta

2117 1332 2396 1400 felicibus,
2436 1350 2538 1405 ego
2575 1335 2778 1406 deliqui
2813 1339 2864 1392 in
2898 1338 3185 1392 Dominum
3208 1379 3222 1403 ,
3263 1346 3318 1392 et
3353 1337 3618 1408 periclitor
3645 1337 3694 1390 in

2118 1437 2378 1481 aeternum
2428 1427 2606 1496 perire
2647 1445 2660 1482 :
2701 1444 2810 1498 quo
2854 1429 2982 1484 mihi
3033 1431 3239 1499 epulas,
3290 1428 3382 1500 qui
3424 1429 3692 1484 Dominum

2119 1519 2274 1575 laesi‘t
2314 1520 2525 1576 Tenere
2571 1532 2839 1593 prmterea
2892 1537 3184 1592 pauperum
3233 1535 3459 1588 manus,
3510 1519 3696 1574 viduas

2119 1615 2447 1684 obsecrare,
2481 1617 2820 1690 presbyteris
2850 1617 3061 1673 advolvi
3087 1660 3101 1683 ,
3134 1617 3487 1673 exoratricem
3516 1615 3695 1671 Eccle-

2119 1709 2254 1764 siam
2287 1709 2590 1779 deprecari,
2624 1709 2806 1764 omnia
2834 1709 2989 1777 prius
3015 1718 3224 1763 tentare
3248 1722 3404 1778 quam
3427 1721 3627 1777 pereas.

2192 1803 2284 1859 XI.
2328 1804 2452 1860 Scio
2473 1803 2737 1874 quosdam
2763 1818 2828 1858 ex
2860 1803 3112 1856 fratribus
3138 1810 3193 1857 et
3212 1800 3485 1855 sororibus
3512 1799 3698 1854 vestris

413 1908 466 1954 et
494 1901 752 1956 barbarus
777 1901 972 1957 horror
1000 1913 1331 1974 exsuperat;
1364 1915 1419 1961 et
1449 1907 1610 1977 longe
1644 1906 1890 1961 incurvis
1918 1923 2014 1961 un-
2044 1898 2093 1958 B
2119 1897 2297 1951 οίιίείο
2323 1904 2520 1966 Demus
2541 1895 2836 1961 involvere,
2862 1894 3031 1949 Cillel'i
3065 1893 3344 1958 ίιιουῦπθο
3365 1892 3559 1962 ieiunia
3583 1903 3698 1946 50m

414 1992 610 2063 guibus
667 2011 859 2050 manus
911 1995 1223 2066 horrentes,
1277 1999 1486 2068 aquilas
1515 2003 1855 2053 mentiuntur
1893 2014 2018 2053 cum

415 2087 598 2142 fenum
635 2088 690 2143 in
721 2105 929 2145 morem
960 2092 1115 2146 bovis
1142 2092 1332 2148 ederet
1359 2092 1680 2162 pallentium
1712 2093 2018 2146 ruminator

418 2181 732 2238 herbarum.
763 2185 892 2239 llaec
924 2195 1103 2241 tamen
1134 2187 1282 2240 illum
1315 2187 1427 2242 Deo
1457 2201 1614 2256 pinna
1645 2185 2016 2250 commendat,

415 2284 471 2329 et
504 2273 556 2329 in
589 2291 686 2330 sua
713 2277 989 2347 quondam
1022 2294 1189 2349 regna
1220 2281 1484 2335 restituit.
1519 2280 1690 2347 Quem
1724 2279 2022 2334 horrebant

420 2367 697 2436 homines,
722 2371 866 2426 Deus
893 2372 1216 2441 recipiebat,
1247 2374 1360 2444 ipsa
1386 2376 1474 2428 illa
1503 2375 1658 2428 mala:
1683 2374 2022 2429 tractationis

420 2461 732 2518 calamitate
757 2463 991 2519 felicem.
1025 2465 1168 2520 Ecce
1193 2467 1386 2534 sectio,
1412 2482 1573 2537 qnam
1597 2467 1865 2536 spepondi
1893 2485 1904 2521 :
1931 2469 2019 2537 qui

421 2556 663 2624 potuerit
693 2557 949 2624 tolerare,
977 2558 1278 2613 sanabitur.

497 2650 563 2704 Χ.
606 2651 927 2708 Admovebo
948 2652 1126 2708 adhuc
1156 2655 1306 2724 ignes
1328 2654 1397 2710 de
1416 2656 1658 2710 cauterio
1679 2655 1981 2724 aposmlico
2009 2674 2020 2708 :

426 2745 707 2800 videamus
731 2762 797 2800 an
832 2747 979 2802 ferre
1012 2749 1252 2818 possitis.
1287 2749 1551 2816 Judicavi,
1583 2751 1777 2819 inquit,
1807 2765 2022 2820 congre-

427 2842 559 2912 gatis
583 2841 724 2895 vobis
746 2852 791 2896 et
819 2844 1008 2912 spiritu
1039 2860 1170 2906 meo,
1195 2845 1248 2896 in
1271 2844 1455 2897 virtute
1485 2844 1693 2897 Domini
1720 2843 1847 2898 Jesu
1875 2842 2026 2895 Chri-

421 2935 529 2999 sti,
567 2936 766 2988 tradere
807 2937 1060 3007 ejusmodi
1114 2936 1369 2990 hominem
1424 2948 1619 2990 summe
1661 2938 1713 2989 in
1760 2937 2026 2991 interitum

426 3028 621 3093 carnis,
650 3037 701 3081 ut
723 3030 937 3096 spiritus
966 3030 1138 3082 salvus
1168 3031 1233 3082 sit
1260 3031 1311 3082 in
1336 3030 1469 3082 diem
1501 3030 1709 3082 Domini
1736 3028 1786 3097 (l
1816 3028 1935 3083 Cor.
1969 3046 2023 3095 v,

425 3119 562 3189 3-5).
590 3119 730 3186 Quid
759 3120 961 3182 dicitis.
992 3122 1360 3189 poenitentes?
1390 3122 1488 3177 Ubi
1519 3132 1603 3177 est
1626 3129 1822 3176 vestrze
1846 3122 2028 3175 carnis

428 3210 724 3266 interitus?
752 3215 833 3266 An
861 3213 1004 3282 quod
1031 3213 1084 3267 in
1117 3215 1231 3282 ipsa
1257 3216 1568 3282 pcenitentia
1599 3215 1860 3268 lautiores
1886 3229 2029 3268 sem-

2124 1989 2410 2056 meditari,
2445 1999 2499 2045 et
2529 2006 2636 2044 non
2669 1990 2821 2053 talia,
2855 1987 3106 2052 fortasse,
3139 1994 3446 2057 peccarunt.
3477 1984 3608 2051 Quid
3635 1983 3700 2038 de

2125 2086 2384 2139 fratribus
2407 2085 2598 2153 loquar
2616 2086 2638 2138 ?
2655 2085 2846 2154 Caprae
2871 2085 3020 2148 ferat,
3045 2091 3104 2136 ut
3124 2081 3332 2148 dicunt,
3357 2079 3584 2136 remedia
3609 2092 3698 2132 sua

2124 2188 2388 2232 noverunt
2415 2195 2427 2230 :
2450 2177 2692 2232 conlian
2714 2176 2941 2247 quippe,
2964 2174 3152 2241 audio,
3179 2174 3458 2229 venenatis
3478 2172 3694 2241 sagittis.

2123 2272 2295 2327 saltus
2327 2285 2612 2340 peragrare
2645 2270 2878 2324 Dictaeos
2903 2311 2918 2336 ,
2961 2267 3136 2338 quoad
3175 2267 3386 2322 dictami
3427 2266 3578 2320 caule
3607 2263 3701 2318 de-

2126 2374 2285 2418 tonso
2306 2407 2321 2430 ,
2359 2364 2676 2419 salutarium
2711 2363 2981 2416 virulento
3021 2361 3177 2414 latice
3204 2373 3481 2414 succorum
3509 2393 3523 2410 .
3553 2355 3702 2425 pulsa

2124 2460 2405 2514 decutiant
2437 2458 2544 2512 tela
2571 2457 2916 2526 corporibus.
2950 2454 3056 2509 Nos
3085 2455 3250 2524 ignita
3279 2451 3475 2507 diaboli
3505 2448 3703 2521 spicula

2125 2553 2275 2608 nullo
2301 2552 2632 2619 paenitentia;
2665 2565 2846 2615 succo,
2879 2549 3033 2604 nullo
3055 2545 3447 2617 exomologesis
3472 2544 3705 2615 gramine

2126 2647 2467 2716 repellimus.
2506 2645 2820 2699 Evececatos
2852 2643 3084 2699 hirundo
3116 2642 3292 2712 pullos
3323 2642 3469 2695 novit
3496 2640 3707 2693 oculare

2127 2739 2197 2794 de
2221 2754 2318 2793 sua
2345 2738 2649 2793 chelidonia
2675 2753 2689 2790 :
2723 2751 2842 2802 nos,
2875 2736 3077 2790 Iumina
3106 2734 3300 2789 mentis
3324 2734 3536 2798 amissa,
3568 2732 3705 2785 nulla

2129 2833 2286 2887 malze
2331 2830 2668 2886 tractationis
2709 2830 2893 2884 radice
2924 2826 3272 2883 curabimus?
3313 2826 3450 2881 Ecce
3490 2840 3584 2879 nec
3623 2838 3708 2878 ca-

2129 2929 2316 2996 preis,
2367 2940 2466 2980 nec
2519 2925 2790 2979 hirundini
2843 2924 3005 2977 homo
3052 2921 3272 2989 similis,
3334 2919 3556 2974 caecitati
3598 2932 3706 2972 sua:

2129 3019 2337 3073 invidet
2365 3027 2418 3072 et
2449 3017 2647 3072 dolori.
2680 3016 3038 3071 Considerate
3070 3029 3230 3077 nunc,
3263 3013 3474 3076 fratres,
3504 3010 3626 3082 quid
3655 3011 3705 3064 in

2129 3111 2235 3166 fine
2255 3109 2634 3181 promisimus:
2659 3109 2779 3178 quis
2803 3109 3027 3174 fructus,
3051 3107 3167 3160 haec
3183 3120 3377 3174 opera;
3397 3104 3480 3159 vel
3503 3112 3704 3166 contra,

2130 3207 2254 3274 quis
2296 3203 2476 3258 exitus
2524 3211 2912 3272 consequatur.
2964 3198 3340 3254 Peccatoribus
3380 3194 3622 3250 delicatis
3659 3203 3710 3248 et

429 3318 526 3374 per
555 3304 833 3371 inceditis,
865 3308 1118 3360 convivio
1150 3306 1316 3372 farti,
1357 3308 1564 3362 balneis
1591 3308 1846 3377 expoliti,
1882 3317 2026 3363 veste

2137 3297 2508 3366 paenitentiam
2541 3311 2649 3349 non
2681 3293 2985 3364 agentibus,
3010 3291 3230 3361 spiritus
3262 3289 3468 3344 Domini
3493 3286 3709 3341 comini-

427 3395 761 3464 compositi?
793 3398 932 3450 Ecce
962 3398 1195 3466 aliquem
1225 3399 1382 3452 video
1405 3400 1699 3469 aliquando
1729 3400 1899 3469 frugi,
1931 3401 2032 3453 ali-

430 3492 646 3559 quando
692 3494 1076 3560 pauperculuin
1107 3533 1121 3558 ,
1163 3493 1459 3562 aliquando
1492 3494 1586 3547 vili
1621 3494 1796 3547 tunica
1833 3495 2029 3548 surdu-

430 3582 636 3636 lentum
674 3601 687 3636 :
734 3599 876 3638 nunc
919 3584 1060 3638 bene
1100 3585 1279 3640 cultus
1312 3596 1364 3639 et
1403 3585 1666 3654 locuples,
1711 3595 1766 3640 et
1799 3586 2031 3640 decorus

425 3685 543 3740 est,
571 3676 725 3745 quasi
755 3675 983 3744 imputet
1017 3676 1130 3731 Deo
1159 3676 1305 3746 quod
1336 3677 1413 3730 illi
1446 3678 1654 3732 servire
1687 3692 1793 3731 non
1822 3679 2028 3747 potuit,

431 3779 486 3822 et
533 3769 859 3822 morientem
887 3770 1122 3822 animam
1152 3778 1366 3824 recreet
1417 3771 1693 3840 voluptate
1752 3772 2032 3825 membro-

433 3877 575 3916 rum.
609 3862 756 3915 Bene
783 3863 924 3931 quod
967 3863 1268 3917 mediocres
1298 3879 1486 3917 sumus
1524 3881 1538 3914 ε
1576 3875 1833 3918 czeterum
1862 3874 1916 3920 et
1943 3865 2032 3918 illa

433 3956 742 4013 faceremus
763 3958 906 4026 quod
939 3958 1205 4027 quosdam
1237 3967 1290 4011 et
1315 3957 1575 4028 quasdam
1598 3974 1702 4012 non
1731 3958 1894 4027 pudet
1921 3959 2035 4012 lau-

434 4047 625 4117 tior'es,
655 4053 1020 4107 marmoribus
1042 4055 1171 4121 tegi,
1197 4068 1330 4106 auro
1353 4052 1610 4121 opprimi,
1635 4052 1812 4107 serico
1842 4052 2031 4116 fluere,

430 4160 598 4200 cocco
623 4145 935 4199 rubescere.
962 4144 1019 4197 Si
1038 4143 1167 4213 quid
1195 4144 1487 4210 ferruginei
1509 4144 1747 4214 pulveris
1767 4146 1819 4197 in
1845 4159 2036 4214 snper-

435 4238 565 4291 cilio
606 4236 853 4305 fulgeret,
900 4247 987 4289 aut
1024 4235 1131 4290 ficti
1175 4235 1366 4290 nitoris
1409 4238 1460 4289 in
1492 4251 1656 4303 genas
1686 4235 1891 4301 rutilet,
1943 4245 2036 4288 aut

433 4329 608 4384 coacti
656 4328 875 4382 ruboris
917 4329 966 4382 in
1018 4328 1161 4382 labia
1204 4328 1474 4382 desudet:
1510 4329 1610 4382 ista
1655 4329 1879 4382 forsitan
1928 4343 2037 4382 non

435 4419 674 4475 habetis.
716 4420 832 4475 Non
861 4421 1063 4474 desunt
1105 4431 1286 4476 tamen
1333 4420 1492 4475 vobis
1521 4419 1799 4475 hortulani
1832 4422 2039 4474 mariti-

435 4515 580 4567 mive
607 4527 877 4578 secessus,
910 4522 964 4566 et
993 4512 1312 4581 exquisitius
1343 4514 1550 4577 vinum,
1580 4523 1634 4567 et
1655 4513 1883 4567 lautiora
1909 4528 2041 4568 con—

435 4607 598 4670 vivia,
634 4615 689 4660 et
718 4605 999 4660 def-.ecatio
1025 4607 1344 4660 senectutis.
1375 4605 1467 4661 Sic
1496 4607 1659 4675 agite,
1697 4605 1776 4660 sic
1804 4606 2032 4669 credite,

434 4697 654 4769 quando
685 4699 915 4752 vivetis?
944 4697 1061 4752 Non
1095 4701 1339 4754 sustineo
1364 4700 1498 4768 jam,
1529 4700 1742 4754 fratres.
1779 4700 2036 4755 Danielus

433 4807 557 4846 cum
600 4791 880 4846 sodalibus
919 4794 1031 4848 suis
1071 4808 1230 4848 sacco
1269 4802 1444 4848 tectus
1488 4801 1544 4846 et
1588 4793 1793 4857 cinere,
1832 4793 2040 4863 jejunio

433 4888 599 4940 etiam
629 4885 942 4957 exsanguis,
979 4887 1094 4942 haec
1125 4889 1402 4958 loquitur:
1442 4886 1799 4952 Peccavimus,
1835 4888 2040 4941 facinus

439 4978 767 5045 admisimus,
789 4981 948 5049 impie
961 4980 1231 5050 gessimus,
1255 4981 1566 5049 transgressi
1584 4996 1762 5033 sumus
1785 4992 2041 5050 prwcepta

435 5079 482 5121 et
503 5070 710 5141 judicia
734 5081 821 5124 tua
847 5071 1009 5142 (Dan.
1038 5087 1113 5136 Ix,
1141 5071 1219 5144 5).
1250 5074 1323 5127 De
1345 5073 1538 5126 Azaria
1564 5072 1748 5126 itidem
1773 5074 2038 5142 scriptura

434 5164 621 5219 divina
647 5182 660 5227 ;
688 5165 870 5228 Stans,
898 5167 1094 5236 inquit,
1119 5168 1337 5221 Azarias
1359 5177 1600 5237 precatus
1616 5177 1710 5231 est,
1736 5179 1782 5220 et
1804 5170 2040 5236 aperiens

436 5272 491 5309 Os
518 5273 668 5312 suum
699 5260 1098 5330 exomologesim
1135 5261 1352 5330 faciebat
1383 5259 1491 5313 Deo
1522 5260 1680 5313 simul
1705 5276 1823 5313 cum
1850 5261 2042 5313 sodali-

438 5348 530 5403 bus
561 5352 668 5404 suis
712 5350 874 5422 (Dan.
917 5369 997 5418 ιιι,
1030 5351 1144 5423 25).
1191 5353 1354 5407 David
1395 5355 1551 5423 ipse:
1586 5353 1809 5419 Lavabo,
1846 5355 2040 5423 inquit,

435 5459 527 5512 per
568 5445 800 5515 singulas
847 5457 1020 5501 noctes
1067 5448 1256 5501 lectum
1295 5464 1483 5513 meum,
1533 5447 1778 5517 lacrymis
1823 5457 2041 5500 stratum

439 5554 606 5593 meum
637 5540 816 5612 rigabo
852 5541 1026 5610 (Psal.
1057 5559 1130 5604 v1,
1166 5541 1240 5612 7).
1277 5541 1384 5595 Nos
1413 5557 1564 5608 vero,
1594 5541 1721 5611 quid
1753 5539 1879 5606 tale,
1911 5539 2040 5610 quid

438 5632 650 5689 simile?
674 5634 791 5690 Non
814 5635 940 5690 dico
969 5635 1060 5691 illa
1082 5653 1198 5706 qum
1225 5649 1622 5707 congregamus
1645 5633 1712 5688 ad
1736 5635 2038 5700 cumulum,

507 5782 533 5810 δ
587 5772 791 5829 Ait/ma
831 5777 1045 5830 Siculus
1097 5785 1146 5830 et
1204 5777 1320 5830 Ves.
1376 5777 1696 5832 Lectionem
1752 5775 2019 5830 editorum

436 5845 786 5909 mendosam,
822 5846 1023 5900 {Ellum
1052 5859 1098 5902 et
1141 5847 1471 5902 Lisnniculus
1513 5859 1558 5901 et
1591 5846 1713 5901 Vcs.
1763 5848 1839 5900 sic
1871 5847 2030 5901 resti-

435 5916 568 5981 tuit,
602 5929 654 5970 nt
688 5919 1085 5987 rescripsimus,
1116 5938 1180 5974 ex
1215 5920 1384 5974 veteri
1420 5921 1555 5973 libro
1587 5918 1890 5973 ('Iartliusiat
1922 5935 2035 5971 tua—-

2133 3398 2296 3444 natur
2325 3398 2382 3444 et
2425 3390 2554 3443 dicit
2585 3406 2600 3442 :
2637 3387 2894 3441 Dilectum
2930 3386 3160 3439 veritatis
3203 3399 3303 3436 non
3337 3389 3626 3450 receperunt
3661 3389 3711 3431 ut

2131 3484 2261 3537 solvi
2290 3484 2471 3552 fierent
2506 3497 2525 3534 :
2551 3498 2612 3536 ac
2647 3489 2919 3552 prapterea
2944 3481 3106 3531 mittet
3141 3477 3250 3531 illis
3288 3475 3424 3528 Deus
3463 3473 3709 3544 operatio-

2133 3594 2247 3631 nem
2274 3576 2464 3629 erroris
2494 3584 2547 3628 ut
2576 3575 2787 3627 credant
2816 3571 3107 3633 mendacio,
3144 3579 3199 3622 ut
3221 3567 3517 3642 judicentur
3545 3580 3711 3617 omnes

2133 3671 2218 3741 qui
2232 3686 2332 3723 non
2344 3668 2674 3722 crediderunt
2691 3664 2914 3728 veritati,
2930 3663 3018 3718 sed
3029 3663 3123 3716 sibi
3139 3662 3336 3732 placent
3353 3657 3707 3728 inlinjustitiam

2135 3764 2202 3837 (ll
2218 3762 2402 3816 Thess.
2422 3777 2481 3825 ιι,
2507 3759 2597 3825 10,
2615 3761 2637 3814 1
2653 3760 2725 3828 1).
2747 3758 2879 3811 Item
2895 3753 3252 3825 Apocalypsis
3264 3751 3332 3806 de
3346 3750 3620 3804 meretrice
3633 3746 3708 3800 sic

2134 3857 2375 3926 loquitur
2411 3871 2423 3906 :
2467 3851 2533 3905 In
2564 3861 2812 3920 quantum
2847 3847 3148 3914 clariﬁcavit
3185 3861 3238 3897 se
3266 3853 3312 3896 et
3337 3841 3542 3896 delicias
3571 3855 3709 3892 caver-

2138 3951 2242 4002 cuit
2269 3964 2285 4000 :
2313 3956 2510 3999 tantum
2531 3945 2648 3996 date
2670 3944 2715 3996 ei
2744 3949 3047 3994 tormentum
3076 3949 3122 3991 et
3143 3939 3332 3991 luctum
3355 3935 3534 4005 (Apoc.
3562 3947 3705 3991 ιιιιι,

2139 4044 2170 4097 7
2192 4043 2233 4113 ).
2272 4043 2333 4095 Et
2362 4040 2644 4110 apostolus
2668 4035 2869 4090 Paulus
2901 4051 2915 4088 :
2945 4033 3025 4086 An.
3051 4033 3283 4104 ignoras,
3313 4027 3545 4097 quoniam
3574 4025 3710 4076 boni-

2140 4148 2216 4191 tas
2245 4135 2343 4189 Dei
2373 4137 2425 4188 in
2455 4133 2807 4205 paz'nitentiam
2843 4139 2890 4182 te
2919 4126 3150 4197 perducit
3177 4124 3202 4177 ε)
3239 4121 3317 4176 Tu
3347 4131 3510 4174 autem
3537 4134 3708 4171 secun-

2138 4233 2261 4283 dum
2288 4227 2534 4280 duritiam
2562 4234 2702 4276 tuam
2735 4220 3049 4274 thesaurizas
3079 4216 3172 4270 tibi
3196 4215 3323 4267 iram
3351 4214 3403 4266 in
3431 4213 3508 4264 die
3532 4211 3638 4274 irit,
3667 4217 3708 4258 rt

2139 4318 2464 4376 reuelationis
2496 4316 2619 4381 iusti
2641 4313 2835 4384 judicii
2869 4308 2966 4364 Dei
2999 4308 3187 4379 (Hom.
3219 4322 3276 4373 ιι,
3302 4305 3358 4370 4,
3391 4302 3481 4374 5).
3513 4301 3708 4354 Timete

2142 4414 2331 4484 igitur,
2360 4408 2724 4474 dilectissimi,
2749 4407 2896 4476 jnsta
2924 4404 3125 4473 judicia
3157 4418 3171 4455 :
3203 4398 3430 4454 omittite
3457 4407 3707 4456 errorem,

2141 4507 2396 4561 damnate
2422 4500 2643 4556 delicias
2677 4516 2690 4552 :
2726 4505 2984 4567 properat
3009 4494 3120 4562 jam
3152 4501 3361 4559 tempus
3381 4495 3706 4542 extremum:

2143 4608 2380 4655 tartarus
2428 4606 2482 4651 et
2517 4595 2766 4666 gelienna
2817 4592 3025 4645 laxatos
3065 4584 3244 4654 impiis
3278 4584 3426 4638 sinus
3462 4577 3706 4650 pandunt.

2147 4694 2276 4750 Post
2300 4693 2604 4746 animarum
2637 4684 2956 4754 tempcStiva
2983 4677 3244 4748 supplicia
3265 4716 3279 4741 ,
3309 4672 3559 4731 redivivis
3585 4683 3708 4740 quo-

2143 4802 2250 4858 que
2281 4792 2542 4854 perpetua
2565 4776 2888 4846 corporibus
2917 4788 3074 4844 pinna
3096 4780 3362 4827 servatur.
3389 4767 3548 4858 Nemo
3572 4763 3705 4831 Tityi

2138 4857 2294 4948 jecur
2324 4873 2534 4938 credat,
2559 4880 2616 4925 et
2645 4868 2923 4923 Vulturem
2949 4874 3249 4935 poetarum.
3281 4861 3398 4929 ipse
3425 4857 3523 4912 sibi
3553 4862 3709 4908 mate-

2143 4974 2278 5028 riam
2304 4965 2729 5024 recrescentium
2752 4975 3045 5031 corporum
3070 4963 3284 5025 reparat
3313 4951 3444 5025 ignis
3464 4957 3703 5002 aeternus.

2143 5063 2452 5126 Attendite,
2495 5061 2541 5115 si
2583 5073 2690 5113 non
2731 5054 2957 5111 creditis
2998 5071 3014 5107 ι
3059 5063 3318 5122 aquarum
3363 5047 3583 5108 impetus
3621 5039 3706 5107 qui

2151 5160 2365 5232 ignibus
2396 5156 2555 5218 furit,
2592 5151 2855 5222 supplicio
2883 5146 3159 5203 nutriente
3188 5137 3535 5208 reparabitur.
3564 5132 3616 5188 Si
3636 5132 3708 5232 de

2147 5225 2391 5313 cruciatu
2420 5245 2824 5317 exomologesis
2862 5241 3101 5304 retracti,
3139 5236 3430 5307 gehennam
3471 5225 3708 5283 recorde-

2148 5349 2278 5405 mini
2317 5360 2479 5418 quam
2505 5341 2662 5396 vobis
2691 5332 3090 5403 cxomologesis
3112 5328 3431 5397 exstinguet.
3461 5321 3574 5418 Vim
3600 5317 3707 5387 ejus

2147 5452 2202 5499 et
2232 5442 2300 5496 de
2336 5413 2702 5511 praesentibus
2742 5430 3037 5490 :estimatc;
3079 5422 3232 5493 cujus
3270 5413 3543 5511 fumariola
3569 5422 3708 5511 quaa-

2148 5536 2292 5600 dam,
2341 5501 2606 5586 maximos
2652 5529 2865 5579 montes
2910 5514 3275 5573 subterraneis
3311 5507 3513 5600 ignibus
3541 5501 3707 5600 deco-

2148 5594 2340 5701 quunt.
2362 5623 2625 5681 Estuant
2641 5614 2926 5673 indefessis
2943 5612 3276 5666 flammarum
3298 5601 3464 5674 globis
3481 5598 3506 5628 ⁸
3520 5594 3707 5653 Ᾱέῑιιιη

2128 5771 2267 5840 joris
2316 5765 2572 5840 Baliizius
2603 5761 2670 5840 a_d
2701 5758 3029 5839 Cyprianum
3068 5745 3347 5840 pugna-68'
3372 5739 3704 5840 editg-Iaparis.

2141 5813 3088 5913 |Kiqbenini-legeadnrndéonjecerai
3124 5813 3576 5945 alitqi‘tAhqtégius.
