3874 6464
226 440 364 500 1089

1529 440 1756 499 SERMO
1796 442 1886 499 DE
1926 438 2288 499 BAPTISMO.

3366 439 3502 499 1090

220 560 470 627 Siculus,
514 567 570 615 et
598 558 866 615 Vesuvius
909 557 1220 629 Campanus
1254 576 1266 611 :
1299 568 1355 615 et
1392 574 1504 631 quo
1533 562 1689 615 nobis
1724 561 1809 629 ju-
1835 574 1889 636 Α
1914 560 2092 616 ﬂebile
2117 599 2131 622 ,
2165 558 2503 614 Peccavimus
2536 559 2588 612 in
2617 564 2891 629 conspectu
2924 563 3010 611 tuo
3040 556 3231 623 Pater;
3248 557 3365 629 jam
3400 575 3504 612 non

218 652 350 709 dicii
380 653 795 723 perpetuitatem
826 651 1080 722 probent,
1109 650 1404 719 dissiliunt,
1434 653 1768 708 devorantur
1795 671 1810 717 ;

216 760 322 801 nec
348 747 469 799 ullis
499 753 677 800 tamen
701 744 915 799 saeculis
943 744 1226 799 ﬁniuntur.
1252 746 1534 802 Attendite
1557 747 1609 800 in
1635 745 1813 801 Evan-

216 837 366 909 gelio
392 836 619 893 divitem
650 836 821 891 solius
846 834 1024 892 adhuc
1046 838 1241 891 anima:
1265 839 1548 907 suppliciis
1570 838 1817 893 laboran-

216 938 352 987 tem.
392 929 578 999 Qualis
608 928 823 984 tandem
857 929 947 984 illa
980 929 1237 985 redituris
1266 944 1425 999 pmna
1454 930 1816 1001 corporibus?

216 1023 344 1095 quis
374 1023 427 1078 in
456 1022 546 1077 illa
578 1020 781 1076 stridor
800 1020 1041 1075 dentium
1061 1024 1084 1075 ?
1104 1022 1225 1090 quis
1248 1020 1404 1077 ﬁctus
1432 1023 1744 1078 oculorum?

293 1115 411 1170 χιι.
453 1114 802 1180 Mementote,
838 1113 1032 1168 fratres
1058 1155 1073 1178 ,
1104 1115 1229 1184 quia
1275 1114 1416 1181 apud
1448 1115 1651 1169 inferos
1680 1127 1815 1169 exo-

214 1208 519 1277 mologesis
552 1221 660 1262 non
706 1214 824 1273 est;
857 1223 957 1263 nec
987 1206 1313 1277 pmnitentia
1357 1218 1483 1263 tunc
1517 1209 1680 1264 tribui
1721 1223 1817 1278 po-

218 1306 376 1366 terit,
408 1312 733 1371 consumpto
766 1312 1011 1373 tempore
1039 1300 1342 1373 paenitendi
1372 1300 1566 1372 (Eccle.
1601 1318 1675 1368 ix,
1706 1303 1811 1367 10;

215 1395 390 1452 Eccti.
421 1408 538 1462 xtv,
582 1395 697 1465 17).
740 1394 1017 1451 FeStiuate
1042 1435 1056 1458 ,
1094 1394 1224 1449 dum
1277 1394 1328 1448 in
1358 1393 1465 1448 vita
1491 1394 1656 1459 estis,
1685 1392 1813 1448 dum

218 1505 348 1547 cum
377 1488 693 1545 adversario
726 1490 831 1544 iter
875 1489 1074 1545 facitis.
1122 1490 1428 1545 Smculares
1478 1503 1608 1545 ecce
1662 1489 1815 1559 ignes

215 1583 621 1646 timemuscet
671 1582 985 1637 carniﬁcum
1057 1584 1283 1651 ungulas
1341 1584 1755 1651 expavescimus
1799 1599 1813 1637 :

216 1684 536 1745 comparate
553 1690 676 1729 cum
709 1675 793 1728 his
812 1684 1044 1729 aeternas
1072 1676 1439 1738 torquentium
1462 1690 1673 1739 manus,
1700 1675 1815 1743 api-

217 1780 425 1835 cesquc
454 1764 793 1820 ﬂammarum
828 1765 975 1819 nulla
1025 1773 1181 1819 actate
1238 1764 1605 1818 morientium.
1662 1764 1815 1833 Rogo

218 1874 323 1913 vos
358 1874 454 1927 per
496 1858 755 1913 Ecclesia:
781 1856 959 1921 ﬁdem,
990 1855 1192 1909 fratres
1226 1870 1241 1908 :
1273 1869 1369 1924 per
1388 1855 1813 1908 sollicitudinem

1914 669 2087 705 sumus
2119 652 2260 720 digni
2284 652 2488 705 nomine
2513 650 2743 719 ﬁliorum
2776 649 2928 719 (Luc.
2954 665 3043 713 xv,
3074 649 3171 719 9.2)
3203 666 3216 703 :
3246 654 3507 706 continuo

1914 746 1982 801 de
2000 746 2159 800 vobis
2183 754 2234 799 et
2263 759 2425 813 pecus
2455 743 2587 798 illud
2628 743 2847 799 recedet
2887 743 3246 808 immundum,
3292 753 3348 798 et
3391 744 3508 797 sili-

1912 851 2141 906 quarum
2173 851 2294 892 esca
2319 835 2604 892 deformis.
2622 835 2892 891 Continuo
2908 845 3266 900 revertentes,
3294 837 3506 893 etstola

1914 928 1943 969 δ
1972 929 2152 985 vestiti
2179 971 2194 995 ,
2225 939 2279 984 et
2304 929 2537 984 annulus
2568 927 2881 992 honorabit,
2920 936 2976 982 et
3006 935 3262 996 paternus
3307 926 3505 983 iterum

1916 1019 2238 1089 complexus
2270 1019 2525 1088 accipiet.
2561 1017 2703 1073 Ecce
2730 1018 2845 1087 ipse
2872 1016 3109 1087 loquitur
3141 1034 3153 1070 :
3189 1015 3330 1072 Nolo
3370 1034 3511 1072 mor-

1916 1122 2017 1168 tem
2040 1113 2346 1180 peccatoris,
2376 1122 2628 1182 quantum
2662 1119 2715 1164 ut
2739 1119 3017 1165 revertatur
3047 1120 3096 1164 et
3124 1110 3257 1164 vivat
3282 1109 3508 1182 (Ezeclt.

1915 1223 2079 1273 xvm,
2113 1206 2213 1270 25;
2248 1222 2413 1271 xxnt,
2448 1204 2561 1277 Η).
2596 1206 2663 1258 Ει
2712 1205 2947 1259 iterum:
3001 1203 3207 1267 Nonne,
3260 1204 3374 1271 ait,
3422 1206 3512 1275 qui

1916 1298 2176 1363 ceciderit,
2206 1308 2469 1369 resurget;
2516 1306 2565 1352 et
2591 1297 2681 1368 qui
2724 1306 2986 1351 aversatus
3029 1298 3206 1365 fuerit,
3250 1305 3512 1351 converte-

1917 1401 2002 1445 tur
2046 1390 2264 1463 (Jerem,
2297 1408 2390 1447 vnt
2412 1434 2425 1458 ,
2448 1391 2530 1463 4).
2570 1392 2633 1446 Et
2662 1391 2954 1461 Apostolus
2982 1390 3115 1446 dicit
3142 1410 3156 1447 :
3191 1390 3385 1447 Potens
3436 1399 3512 1446 est

1916 1483 2058 1539 Deus
2083 1495 2305 1539 statuere
2324 1486 2470 1539 illum
2493 1485 2671 1556 (Rom.
2698 1500 2807 1552 xtv,
2839 1484 2915 1555 ὁ).
2961 1485 3320 1557 Apocalypsis
3343 1485 3509 1541 etiam

1916 1588 2127 1649 septem
2157 1579 2435 1641 Ecclesiis,
2465 1579 2567 1633 nisi
2606 1579 2978 1648 ptenitentiam
3018 1579 3248 1650 egerint,
3284 1578 3513 1634 commi-

1916 1681 2097 1726 natur.
2131 1670 2240 1725 Nec
2262 1672 2469 1740 utique,
2504 1685 2611 1726 non
2642 1670 3029 1739 paenitentibus
3058 1671 3511 1739 comminaretur,

1918 1764 2019 1817 nisi
2052 1763 2358 1831 ignosceret
2384 1763 2794 1834 paenitentibus.
2822 1763 2997 1819 Etiam
3018 1765 3132 1833 ipse
3157 1766 3300 1820 Deus
3329 1765 3465 1821 dicit
3492 1784 3506 1821 :

1919 1855 2180 1911 Memento
2228 1873 2341 1911 ecce
2389 1857 2525 1911 unde
2577 1858 2845 1923 cecideris,
2910 1867 2957 1912 et
3012 1876 3108 1931 age
3161 1860 3511 1929 paenitentiam

218 1966 425 2015 meum,
476 1966 572 2019 per
624 1964 946 2004 communes
996 1949 1239 2004 omnium
1294 1949 1502 2002 animas
1566 1948 1814 2003 obtestor
1844 1949 2103 2030 B(Apoc.
2129 1966 2198 2017 ιι,
2231 1949 2308 2019 5).
2343 1949 2411 2004 Et
2455 1952 2696 2005 iterum:
2746 1948 2877 2006 Cum
2930 1966 3203 2007 conversus
3250 1952 3515 2024 ingemue-

217 2051 278 2098 et
307 2042 578 2112 deprecor
608 2059 621 2096 :
653 2057 721 2096 ne
743 2042 945 2112 pudeat
974 2041 1026 2095 in
1053 2042 1159 2096 hoc
1188 2056 1391 2111 opere;
1421 2055 1488 2095 ne
1510 2041 1691 2110 pigeat
1719 2054 1817 2109 op-

218 2145 459 2207 portuna
492 2150 654 2205 quam
708 2137 941 2204 primum
991 2137 1229 2192 remedia
1280 2135 1474 2191 salutis
1522 2134 1814 2199 invadere,

220 2228 465 2298 dejicere
508 2228 835 2285 maeroribus
865 2229 1136 2293 animum,
1184 2242 1345 2283 sacco
1388 2242 1592 2297 corpus
1641 2227 1816 2281 invol-

221 2338 375 2389 vere,
407 2324 592 2379 cinere
637 2322 989 2393 perfundere,
1016 2323 1280 2377 macerari
1322 2322 1553 2391 jejunio,
1581 2336 1817 2377 maerore

221 2419 527 2481 conficere,
559 2416 855 2471 multorum
892 2415 1145 2483 precibus
1174 2413 1442 2484 adjuvari.
1476 2413 1531 2467 In
1553 2422 1814 2483 quantum

222 2525 403 2580 ptena:
467 2521 665 2565 vestra:
715 2526 820 2565 non
874 2510 1228 2580 pepercistis,
1295 2509 1350 2563 in
1407 2518 1611 2563 tantum
1664 2510 1819 2564 vobis

223 2600 371 2657 Deus
410 2610 610 2669 parcet.
646 2600 741 2655 Est
772 2603 905 2655 enim
942 2602 1077 2655 mitis
1106 2610 1153 2654 et
1182 2601 1379 2669 patiens
1400 2640 1415 2664 ,
1447 2610 1495 2653 et
1521 2602 1698 2654 multa:
1721 2601 1821 2653 mi-

222 2694 523 2758 serationis,
572 2702 598 2728 οι
625 2702 672 2746 et
698 2694 783 2759 qui
832 2694 1134 2748 sententiam
1163 2693 1337 2760 ﬂectat
1377 2691 1621 2744 adversus
1659 2692 1815 2744 mali-

226 2783 327 2837 tias
352 2784 638 2852 irrogatam
667 2780 829 2854 (Joel.
859 2798 895 2835 ιι
917 2821 932 2846 ,
974 2783 1060 2845 15,
1107 2798 1209 2835 sec.
1238 2780 1387 2851 ιιι).
1430 2781 1567 2836 Ecce
1595 2783 1819 2850 promit-

223 2883 309 2941 to,
345 2876 609 2945 polliceor
634 2917 650 2941 ,
690 2876 736 2929 si
784 2874 852 2929 ad
884 2875 1097 2929 Patrem
1136 2885 1381 2930 vestrum
1411 2890 1538 2930 vera
1579 2876 1825 2930 satisfac-

227 2970 379 3024 tione
410 2969 672 3033 redeatis,
707 2969 841 3022 nihil
874 2968 1105 3021 ulterius
1130 2968 1387 3031 errando,
1419 2966 1552 3021 nihil
1584 2968 1827 3037 pristinis

228 3060 538 3132 adjicienda
566 3062 832 3131 peccatis,
860 3060 1092 3115 dicendo
1119 3062 1282 3116 etiam
1316 3059 1518 3114 humile
1546 3060 1749 3130 aliquid
1773 3069 1829 3115 et

304 3211 332 3239 ι
373 3201 441 3255 Et
465 3202 551 3270 qui
579 3202 879 3255 sententiam
904 3202 1094 3268 ﬂectat,
1127 3210 1232 3255 etc.
1268 3200 1341 3256 De
1371 3201 1474 3255 hoc
1510 3200 1677 3256 Joelis
1701 3201 1824 3256 loco

223 3274 387 3344 juxta
415 3271 557 3344 LXX
584 3273 781 3333 relato,
810 3272 1014 3328 videsis
1040 3288 1175 3344 qua:
1215 3274 1468 3342 superius
1496 3272 1827 3327 observaba-

230 3343 357 3401 tnus
392 3343 462 3399 ad
487 3344 652 3412 epist.
690 3345 743 3410 1,
773 3359 924 3399 num.
956 3344 1011 3398 5.
1039 3343 1113 3397 In.

1920 2044 2011 2111 ris,
2043 2054 2163 2097 tunc
2188 2043 2493 2110 salvaberis,
2523 2054 2572 2097 et
2606 2045 2740 2099 scies
2773 2044 2860 2099 ubi
2897 2046 3055 2115 {ueris
3080 2043 3216 2118 (Isa.
3242 2062 3370 2112 xxx,
3417 2047 3507 2115 15,

1920 2152 2021 2189 sec.
2054 2137 2204 2207 cxx).
2236 2137 2345 2192 Nec
2375 2138 2658 2207 quisquam
2698 2137 2837 2192 adeo
2868 2138 3188 2207 peccatricis
3210 2138 3403 2194 animae
3430 2140 3514 2193 vi-

1922 2229 2070 2284 litate
2107 2231 2382 2299 desperet,
2412 2241 2471 2284 ut
2494 2245 2554 2285 se
2578 2230 2690 2299 jam
2722 2244 2829 2285 non
2856 2231 3225 2286 necessarium
3255 2230 3366 2286 Deo
3394 2246 3514 2287 cre-

1920 2320 2032 2375 dat.
2065 2320 2340 2375 Neminem
2370 2330 2614 2376 nostrum
2638 2321 2815 2390 perire
2850 2322 2972 2377 vult
3008 2322 3272 2378 Dominus
3303 2340 3317 2376 :
3348 2323 3512 2378 etiam

1921 2410 2117 2465 modici
2165 2419 2221 2466 et
2262 2412 2471 2466 minimi
2502 2411 2872 2482 requiruntur.
2905 2413 2961 2469 Si
3008 2428 3116 2468 non
3158 2414 3400 2480 creditis,
3433 2415 3514 2469 in.

1921 2503 2186 2558 tuemini:
2229 2518 2357 2559 ecce
2403 2505 2455 2559 in
2484 2506 2765 2575 evangelio
2806 2504 3064 2561 drachma
3106 2508 3432 2577 requiritur,
3462 2516 3517 2563 et

1919 2596 2110 2650 vicinis
2142 2595 2355 2651 inventa
2405 2606 2756 2652 monstratur.
2796 2596 3051 2665 Ovicula,
3086 2600 3384 2669 suppositis
3422 2614 3510 2655 re-

1920 2689 2180 2759 portanda
2207 2690 2537 2754 cervicibus,
2571 2705 2677 2745 non
2708 2700 2794 2745 est
2817 2705 3051 2745 onerosa
3082 2693 3306 2758 pastori.
3338 2692 3514 2761 Super

1921 2797 2086 2836 unum
2141 2791 2478 2850 peccatorem
2539 2783 2913 2849 pmuitentiam
2966 2790 3215 2853 agentem
3258 2781 3312 2838 in
3362 2782 3517 2839 ctelis

1920 2872 2115 2944 Angeli
2136 2873 2390 2943 gaudent,
2420 2883 2474 2928 et
2498 2874 2698 2929 chorus
2727 2874 2969 2929 caelestis
3005 2874 3260 2930 exsultat.
3292 2875 3437 2930 [lens
3457 2885 3516 2931 ttt

1925 2977 2197 3038 peccator,
2220 2982 2409 3037 rogare
2438 2983 2507 3022 ne
2534 2967 2750 3023 desinas
2788 2985 2801 3022 :
2831 2967 2982 3024 vides
3005 2969 3096 3024 ubi
3124 2968 3190 3024 de
3220 2977 3313 3025 tuo
3340 2970 3517 3026 reditu

1929 3060 2243 3129 gaudeatur.
2318 3060 2512 3116 Amen.

2035 3200 2235 3276 b§tota
2282 3203 2467 3257 vestiti.
2523 3203 2602 3276 Ex
2653 3213 2908 3276 contextu
2970 3204 3255 3276 legendum
3304 3204 3518 3261 videtur

1934 3287 2055 3327 cum
2081 3273 2244 3341 Tilio,
2268 3275 2400 3327 stola
2430 3275 2626 3329 vestiet.
2679 3275 2754 3331 lo.

1122 3674 1792 3792 SANC'I'I
1866 3680 2649 3795 PACIANI

798 3883 1489 4033 SERMO
1568 3888 1840 4028 DE
1900 3888 2968 4045 BAPTISMO.

316 4316 361 4372 l.
386 4314 616 4387 Aperire
657 4313 910 4370 desidero
959 4312 1196 4383 qualiter
1248 4313 1301 4366 in
1340 4312 1612 4382 baptismo
1652 4325 1843 4366 nasca-

240 4426 391 4477 mur,
433 4418 490 4466 et
513 4409 750 4481 qualiter
780 4410 1121 4463 innovemur.
1152 4404 1351 4460 Verbis
1396 4419 1527 4460 sane
1558 4404 1726 4474 ipsius
1759 4404 1841 4459 lo.

243 4518 408 4575 quar,
439 4503 655 4569 fratres,
688 4517 756 4558 ne
785 4500 927 4557 forte
948 4515 1034 4555 me
1064 4500 1134 4554 ob
1158 4501 1393 4555 nitorem
1418 4500 1842 4564 sententiarum,

244 4600 399 4671 stylo
424 4598 730 4653 exsultasse
757 4596 1015 4661 credatis;
1035 4603 1160 4650 etut
1189 4608 1305 4648 rem
1330 4592 1617 4664 mysticam
1643 4591 1845 4646 intelli-

241 4706 382 4761 gere
408 4690 637 4761 possitis
666 4707 680 4744 :
714 4699 880 4760 atque
916 4689 1122 4743 utinam
1159 4687 1432 4743 inculcare
1464 4685 1693 4756 possim,
1719 4683 1839 4755 glo-

245 4784 392 4839 riam
430 4797 540 4838 non
568 4782 817 4853 requiro;
863 4782 961 4837 Dei
987 4781 1132 4837 enim
1160 4780 1330 4835 solius
1363 4778 1533 4851 gloria
1573 4787 1677 4834 est.
1709 4775 1842 4831 Ves-

248 4880 323 4935 tri
377 4892 465 4934 me
497 4885 704 4933 tantum
752 4892 882 4932 cura
912 4876 1207 4943 sollicitat,
1263 4883 1318 4931 et
1365 4875 1558 4930 borum
1610 4872 1845 4928 maxime

247 4968 708 5039 competentium,
739 4968 784 5022 si
816 4983 924 5038 quo
960 4967 1121 5022 modo
1150 4969 1351 5036 possim
1398 4966 1702 5036 intelligere
1731 4974 1848 5019 tan-

248 5072 328 5119 ta:
370 5060 655 5118 felicitatis
695 5075 944 5117 examen.
991 5058 1250 5129 Aperiam
1295 5058 1462 5129 igitur
1510 5058 1642 5129 quid
1691 5054 1855 5112 fuerit

249 5161 387 5209 ante
427 5152 727 5224 gentilitas,
759 5150 893 5223 quid
939 5149 1073 5206 ﬁdes
1104 5158 1347 5219 prrstet,
1378 5148 1507 5219 quid
1551 5147 1854 5219 baptismus

246 5244 560 5315 indulgeat.
591 5245 744 5313 Quod
778 5246 824 5301 si
854 5245 948 5310 ita,
984 5254 1043 5299 ut
1088 5258 1191 5313 ego
1217 5241 1415 5308 sentio,
1456 5250 1635 5296 vestra
1682 5240 1846 5296 corda

253 5339 653 5411 penetraverit,
677 5338 1020 5410 judicabitis,
1052 5336 1270 5402 fratres,
1303 5334 1505 5391 nullam
1552 5334 1713 5390 nobis
1749 5334 1847 5390 ad-

256 5433 371 5488 huc
394 5431 835 5503 praedicationem
870 5432 1101 5503 amplius
1131 5428 1472 5501 praestitisse.
1500 5428 1747 5499 Accipite
1768 5443 1855 5483 cr-

255 5540 355 5599 go,
387 5524 715 5591 dulcissimi,
745 5525 907 5581 homo
929 5536 1056 5581 ante
1082 5523 1410 5593 baptismum
1451 5522 1505 5577 in
1545 5536 1650 5592 qua
1678 5527 1855 5575 morte

256 5618 339 5674 sit
367 5616 600 5686 positus.
627 5617 791 5673 Scitis
818 5626 969 5672 certe
1012 5616 1143 5671 illud
1170 5615 1477 5684 antiquunm,
1508 5612 1651 5683 quod
1681 5611 1852 5667 Adam

262 5722 507 5768 terrenze
534 5711 729 5782 origini
762 5720 788 5747 ⁸
822 5712 1157 5780 praestitutus
1186 5710 1294 5765 sit:
1328 5723 1449 5779 qua:
1474 5707 1659 5777 utique
1699 5705 1857 5761 dam-

264 5804 440 5872 natio,
468 5806 643 5876 legem
684 5805 764 5860 illi
791 5812 1010 5860 aeterna:
1042 5804 1236 5860 mortis
1270 5801 1554 5873 imposuit;
1585 5808 1642 5856 et
1676 5798 1858 5857 omni-

343 5933 372 5963 ³
411 5921 766 5979 Prazstitutus.
802 5920 1087 5976 Restitutus
1110 5921 1242 5992 legit
1263 5920 1530 5977 Latinius.

1943 4311 2044 4368 bus
2071 4312 2139 4368 ab
2160 4328 2226 4369 eo
2254 4315 2489 4384 posteris
2512 4331 2648 4387 quos
2673 4316 2762 4374 lex
2782 4335 2888 4375 una
2919 4322 3212 4391 retinebat,
3243 4323 3360 4380 haec
3384 4339 3535 4382 mors

1944 4403 2000 4458 in
2044 4418 2216 4475 genus
2246 4420 2407 4462 omne
2449 4407 2730 4464 dominata
2780 4421 2884 4477 est,
2934 4412 2998 4467 ab
3045 4413 3213 4468 Adam
3258 4432 3420 4487 usque
3468 4417 3537 4471 ad

1945 4497 2162 4567 Moysen
2188 4500 2366 4569 (Rom.
2399 4516 2453 4567 v,
2497 4502 2610 4575 M).
2644 4502 2748 4559 Per
2795 4503 3014 4577 Moysen
3051 4520 3207 4573 vero,
3248 4523 3389 4563 unus
3418 4518 3537 4563 tan-

1945 4598 2057 4644 tum
2088 4592 2321 4662 populus
2360 4594 2569 4650 electus
2597 4605 2703 4661 est,
2733 4613 2921 4655 semen
2958 4599 3166 4656 scilicet
3191 4600 3457 4668 Abrahtc,
3489 4604 3539 4658 si

1946 4683 2197 4738 mandata
2215 4685 2445 4754 justitia:
2471 4703 2694 4745 servare
2727 4691 3015 4760 potuisset.
3050 4692 3267 4750 Interea
3296 4708 3395 4750 nos
3420 4710 3538 4750 om-

1944 4790 2043 4831 nes
2069 4778 2170 4832 sub
2198 4790 2417 4847 peccato
2439 4784 2785 4853 tenebamur,
2811 4795 2867 4840 ut
2896 4785 3105 4843 fructus
3124 4803 3369 4845 essemus
3397 4804 3543 4846 mor-

1947 4869 2017 4924 tis
2044 4886 2056 4923 :
2082 4871 2401 4942 siliquarnm
2432 4875 2573 4929 escis
2593 4883 2649 4930 et
2676 4890 2935 4945 pecorum
2964 4878 3229 4935 custodias
3257 4880 3535 4949 destinati,

1944 4962 2001 5017 id
2028 4973 2131 5030 est,
2168 4965 2427 5036 operibus
2452 4966 2769 5036 immundis,
2800 4984 2905 5041 per
2931 4970 3107 5027 malos
3129 4972 3385 5043 angelos;
3416 4974 3542 5045 qui-

1951 5053 2053 5110 bus
2080 5055 2510 5126 dominantibus,
2540 5075 2644 5116 nec
2683 5060 2861 5118 facere
2886 5061 3040 5119 licuit
3076 5078 3177 5121 nec
3205 5064 3349 5121 scire
3376 5064 3543 5133 justi-

1954 5148 2084 5202 tiam
2117 5165 2131 5203 :
2176 5163 2370 5219 parere
2401 5152 2548 5206 enim
2582 5152 2778 5209 talibus
2805 5153 3061 5222 dominis,
3106 5169 3194 5210 res
3224 5154 3344 5227 ipsa
3382 5170 3545 5225 coge—

1952 5239 2064 5296 bat.
2092 5242 2176 5298 Ab
2207 5243 2289 5299 bis
2321 5246 2678 5315 potestatibus
2712 5256 2768 5304 et
2800 5248 2869 5304 ab
2920 5247 3024 5306 hac
3076 5258 3253 5305 morte
3306 5248 3545 5320 qualiter

1952 5331 2171 5389 liberati
2196 5335 2392 5407 simus,
2429 5339 2710 5396 attendite.

2023 5426 2086 5482 ll.
2127 5429 2300 5486 Adam
2331 5441 2614 5504 postquam
2664 5436 2929 5506 peccavit,
2980 5446 3042 5492 ut
3089 5438 3273 5502 retuli.
3327 5438 3546 5496 dicente

1954 5529 2082 5577 tunc
2112 5522 2374 5591 Domino,
2410 5525 2574 5580 Terra
2602 5542 2676 5593 es,
2701 5537 2750 5582 et
2773 5528 2827 5583 in
2870 5539 3059 5585 terram
3111 5531 3211 5586 ibis
3259 5528 3412 5601 (Gen.
3451 5546 3544 5597 ιιι,

1958 5613 2046 5687 19)
2069 5631 2085 5681 ;
2114 5616 2359 5674 addictus
2385 5628 2470 5674 est
2490 5620 2673 5675 morti.
2698 5620 2826 5677 Haec
2850 5621 3086 5679 addictio
3110 5623 3163 5676 in
3186 5637 3356 5694 genus
3385 5636 3547 5679 omne

1954 5704 2194 5762 deﬂuxit.
2227 5709 2429 5765 Omnes
2457 5712 2598 5766 enim
2626 5724 3028 5782 peccaverunt,
3068 5714 3184 5784 ipsa
3211 5714 3321 5785 jam
3353 5730 3549 5787 urgen-

1955 5806 2009 5854 te
2035 5807 2247 5869 natura,
2274 5800 2411 5859 sicut
2438 5803 2733 5877 Apostolus
2761 5805 2893 5863 dicit
2921 5824 2935 5861 :
2982 5805 3120 5873 Quia
3146 5821 3239 5880 per
3268 5822 3426 5863 unum
3451 5806 3548 5862 ho-
