3900 6428
467 2171 469 2173 -
549 2153 721 2208 tanta,
752 2146 822 2199 ita
846 2154 903 2200 ut

550 335 656 390 227

933 447 1159 504 CODEX
1198 446 1378 502 VEBG
1387 445 1741 502 ELLENSIS.
1953 517 1958 521 ι

553 542 791 597 triticum
820 555 912 596 au-
1371 541 1461 594 3t.
1505 540 1584 595 lla
1625 577 1640 592 .
1683 579 1698 592 .
1742 577 1758 592 .
1799 574 1814 591 .
1859 577 1872 591 .
1918 577 1934 592 .
1981 578 1994 591 .
2034 537 2120 592 nia

555 622 662 666 tem
693 627 914 682 congre-
1374 648 1396 682 ._
1435 650 1448 664 .
1495 651 1508 664 .
1550 649 1562 662 .
1609 649 1624 663 .
1669 650 1682 662 .
1727 648 1741 662 .
1785 648 1797 660 .
1840 646 1874 682 _._
1906 616 1993 663 tus
2038 617 2122 663 est

1369 680 1528 734 Jesus
1556 683 1606 733 in
1634 678 1905 749 paravolis
1949 717 1962 729 .

1376 789 1390 803 .
1436 788 1449 803 .
1495 789 1508 803 .
1557 791 1570 802 .
1612 747 1874 818 p’aravolis
1903 763 2009 803 non
2040 747 2116 802 Io-

1374 821 1637 887 quebatur
1661 819 1739 873 eis
1766 836 1780 873 :

1375 889 1463 944 35.
1507 897 1562 943 ut
1590 888 1904 956 adimplere-

1615 957 1718 1012 uod
1739 959 1852 1013 dic-

555 693 677 749 gate
706 683 759 736 in
790 684 978 738 horre-

554 754 645 807 51.
677 769 763 806 um
798 767 998 808 meum.
1033 749 1145 806 Ali-

555 838 640 875 am
669 823 972 892 parabolam
1001 819 1077 892 (a)

554 892 762 947 locutus
783 901 864 946 est
887 891 927 961 -ξ-

553 963 634 1018 eis
661 961 844 1015 dicens
873 981 885 1014 :
919 962 1001 1018 Si-
1377 969 1462 1014 tur
1502 999 1514 1012 .
1559 998 1573 1012 .

553 1032 680 1088 mile
703 1039 924 1101 estreg-
1379 1067 1398 1101 .
1441 1067 1456 1082 .
1503 1069 1515 1082 .
1559 1067 1572 1081 .
1618 1067 1631 1080 .
1672 1042 1761 1082 era
1804 1066 1818 1081 .
1863 1065 1877 1080 .
1917 1041 2012 1096 per

553 1116 680 1156 num
702 1099 971 1158 caelorum
1375 1099 1479 1154 Pro
1519 1138 1532 1150 .
1577 1135 1591 1150 .
1637 1135 1652 1150 .
1695 1134 1709 1150 .
1749 1107 1891 1152 etam

551 1185 718 1242 grano
742 1170 964 1242 sinapis,
1372 1168 1636 1242 dicentem
1672 1184 1684 1220 :
1719 1170 1861 1242 Ape-

552 1239 691 1312 Quod
718 1281 731 1292 .
769 1281 781 1293 .
819 1282 831 1294 .
861 1239 880 1295 ζ
905 1244 986 1312 pi-
1373 1240 1507 1312 riam
1538 1239 1592 1292 iu
1616 1251 1769 1307 para-

552 1307 650 1365 éns
680 1311 839 1365 homo
859 1307 938 1366 se-
1373 1307 1512 1363 bolis

551 1381 779 1434 minavit
807 1383 856 1433 iu
878 1396 938 1436 a-
1371 1392 1434 1433 os
1462 1392 1660 1442 meum,

552 1465 702 1514 arum
729 1464 880 1505 suum
911 1468 927 1503 :
1371 1457 1618 1502 eructua-

551 1519 641 1574 32.
682 1520 821 1589 quod
846 1519 1012 1577 mini-
1371 1516 1440 1572 bo
1468 1517 1698 1571 abscon-

551 1584 936 1660 mum'quidem
1371 1601 1427 1641 sa
1451 1595 1580 1660 ante
1606 1584 1804 1641 consti-

549 1669 633 1714 cst
655 1661 900 1722 nnmibus

549 1730 842 1785 seminibus
872 1748 886 1784 :

548 1812 670 1852 Cum
698 1810 872 1854 autem

548 1867 802 1938 creverit,
838 1883 941 1938 _ma-

544 1937 634 2004 jus
664 1939 721 1990 lit
744 1937 916 1991 omni-

548 2005 662 2066 bus,
677 2007 967 2075 holeribus,

548 2086 603 2130 et
635 2077 691 2129 ﬁt
719 2078 878 2130 arbor

1369 1657 1624 1710 tutionem
1654 1671 1806 1709 mun-

1367 1726 1456 1780 36.
1495 1727 1568 1778 di.
1596 1725 1766 1791 Tunc,

1365 1795 1598 1848 dimissis
1626 1803 1736 1847 tur-

1370 1863 1471 1926 bis,
1502 1863 1631 1918 abiit
1655 1863 1707 1917 in
1735 1863 1828 1917 do-

1369 1948 1510 1986 mum
1542 1951 1554 1985 ε
1584 1943 1638 1987 et
1657 1947 1837 1986 acces-

1367 2011 1553 2056 serunt
1577 2002 1644 2056 ad
1673 2017 1795 2057 cum

1368 2071 1615 2142 discipuli
1643 2071 1781 2141 ejus,

1368 2141 1997 2198 dic...es:....

1370 2226 1813 2267 ..rran..s

547 2216 734 2270 volucr
774 2255 787 2269 .
833 2257 846 2269 .
895 2256 907 2268 .
937 2230 1049 2272 cae-

1368 2281 1979 2349 parabo.......

1367 2350 1527 2405 tritici
1549 2361 1604 2406 et
1633 2351 1777 2405 zizao

1366 2421 1577 2474 nierum
1600 2421 1733 2489 agri.

1364 2491 1454 2562 57.
1494 2491 1575 2545 Ad
1600 2491 1994 2562 .lesusrespon-

1364 2561 1498 2615 dens
1531 2561 1644 2616 ait:
1679 2560 1780 2628 Qui
1868 2560 1876 2571 ί

1363 2631 1533 2686 semin
1577 2673 1590 2684 .
1635 2669 1649 2685 .
1694 2663 1709 2683 ε
1753 2669 1766 2684 .
1811 2631 1902 2686 b0-

1365 2717 1931 2769 numse.....,

1362 2770 1533 2826 Filius
1559 2771 1732 2824 homi-

1360 2840 1451 2896 38.
1495 2843 1575 2896 nis
1598 2850 1714 2912 est._
1734 2842 1871 2912 Ager

1361 2920 1558 2975 autem,
1592 2920 1676 2966 est
1703 2909 1787 2965 hic

545 2285 583 2339 li
609 2285 841 2352 veniant,
874 2295 928 2341 ct

505 2375 512 2380 ·
545 2352 790 2411 habitent
817 2357 868 2409 in
893 2371 920 2408 r
961 2393 977 2408 .
1021 2394 1035 2411 .

671 2463 686 2478 .
725 2424 938 2495 isejus.

544 2494 636 2550 33.
682 2536 695 2548 .
740 2536 753 2548 .
794 2493 976 2565 .‘liam
999 2493 1223 2565 parabo-

549 2603 565 2618 .
605 2604 619 2618 .
667 2603 678 2617 .
723 2605 740 2620 .
780 2580 832 2618 m
862 2564 1112 2620 dixit’eis.

549 2647 1115 2706 ......cstreg-

542 2720 670 2758 num
714 2744 731 2758 .
774 2742 788 2758 .
829 2705 968 2759 aelo—

544 2789 662 2828 rum
694 2777 924 2828 fermen-

543 2851 619 2906 to,
649 2843 788 2911 quod
820 2857 998 2914 accep-

545 2920 657 2966 tum
685 2914 875 2966 mulier

540 2982 821 3036 abscondit
849 2983 901 3036 in
1361 2981 1611 3034 mundus.
1643 2981 1744 3034 Βο-

539 3049 767 3105 fariuam
792 3068 934 3106 men-
1361 3065 1486 3104 num
1519 3065 1549 3105 e
1590 3089 1603 3103 .
1648 3087 1662 3102 .
1707 3087 1722 3102 .
1766 3088 1779 3102 .
1825 3087 1838 3102 .
1885 3090 1899 3105 .
1943 3090 1954 3103 .

537 3124 682 3176 suris
705 3122 894 3183 tribus,
1358 3135 1507 3183 men,
1539 3120 1592 3173 hi
1611 3128 1738 3174 sunt

537 3190 711 3246 donec
740 3190 975 3247 fermen-
1359 3187 1457 3259 Ilii
1482 3191 1650 3259 regni.
1675 3189 1824 3244 Ziza-

1357 3258 1448 3315 nia
1473 3258 1678 3325 autem,
1713 3260 1775 3313 ii-

1356 3329 1413 3385 lii
1441 3337 1565 3385 sunt
1597 3329 1786 3400 nequi-

958 3443 1188 3498 CODEX
1224 3442 1692 3504 CORBEIENSIS.

539 3271 706 3316 latum
727 3268 813 3317 est
833 3269 914 3316 to-

538 3338 673 3386 tum.

537 3555 774 3626 triticum
823 3563 998 3610 autem
1063 3564 1382 3626 congregate
1454 3555 1508 3610 in
1588 3556 1849 3612 horreum
1907 3574 2107 3613 meum.

535 3625 711 3680 Aliam
760 3627 1061 3693 paraboiam
1131 3625 1412 3695 proposuit
1471 3627 1550 3680 eis
1618 3629 1800 3682 dicens
1852 3646 1863 3680 :
1920 3629 2110 3683 Simile

537 3707 623 3750 cst
681 3712 899 3765 regnum
953 3697 1225 3750 coelorum
1281 3711 1448 3765 grano
1496 3697 1716 3762 sinapis,
1773 3697 1910 3765 quod
1965 3700 2108 3763 acci.

536 3768 691 3836 piens
737 3763 898 3820 homo
941 3765 1229 3820 seminavit
1259 3763 1332 3836 in
1379 3780 1509 3833 agro
1563 3779 1661 3836 suo
1709 3782 1722 3816 :
1770 3763 1908 3833 quod
1957 3767 2109 3819 mini-

534 3835 681 3889 mum
726 3836 939 3906 quidem
980 3846 1063 3891 est
1106 3835 1357 3890 omnibus
1402 3835 1701 3906 seminibus
1739 3851 1969 3906 :unum
2017 3851 2113 3888 au-

537 3915 643 3959 tem
697 3905 957 3973 creverit,
1026 3906 1196 3975 majus
1237 3906 1362 3959 'cst
1388 3905 1632 3961 omnibus
1657 3905 1923 3975 oleribus,
1959 3913 2012 3957 et
2054 3907 2111 3958 ﬁt

537 3977 719 4039 arbor,
767 3975 839 4030 ita
873 3985 930 4030 ut
959 3974 1205 4030 volucres
1234 3975 1369 4029 coeli
1429 3975 1644 4027 veniant
1685 3984 1738 4027 et
1787 3974 2028 4028 habitent
2056 3975 2108 4028 in

537 4045 703 4096 ramis
721 4044 1052 4113 ejusﬁliam
1083 4045 1387 4115 parabolam
1416 4045 1664 4113 loquutus
1685 4046 1886 4115 esteis.
1923 4044 2108 4098 Simile

539 4119 865 4184 estregnum
914 4114 1184 4171 coelorum
1241 4115 1528 4178 fermento,
1577 4116 1596 4145 ¹
1636 4114 1776 4180 quod
1829 4123 2105 4184 acceptum

538 4182 732 4235 mulier
758 4185 1035 4239 abscondit
1063 4187 1114 4239 in
1147 4186 1348 4240 farinae
1372 4185 1392 4215 ⁸
1415 4186 1543 4237 satis
1565 4185 1756 4249 tribus,
1795 4182 1972 4236 donec
2000 4183 2105 4238 fer-

539 4261 828 4322 mentatum
862 4265 940 4306 est
971 4265 1157 4308 totum.
1188 4255 1329 4309 llaec
1354 4255 1530 4308 omnia
1565 4258 1815 4322 loquutus
1841 4262 1924 4307 est
1949 4253 2107 4308 .lesus

538 4321 592 4392 in
621 4320 881 4392 parabolis
913 4322 975 4373 ad
1019 4329 1199 4392 turbas
1227 4341 1238 4374 :
1267 4335 1320 4375 et
1347 4327 1462 4377 sine
1489 4320 1754 4390 parabolis
1781 4340 1883 4376 non
1915 4325 2101 4392 loque-

537 4389 694 4460 batur
719 4389 796 4443 eis
843 4408 856 4442 :
905 4399 961 4442 ut
1011 4389 1388 4460 adimpleretur
1423 4389 1565 4457 quod
1614 4392 1810 4443 dictum
1856 4389 2108 4460 erat'per

537 4459 856 4526 Prophetam
916 4460 1226 4513 dicentem:
1270 4458 1518 4523 Aperiam
1592 4460 1642 4510 in
1709 4461 1974 4526 parabolis
2018 4458 2107 4515 Vos

536 4545 746 4597 meum,
796 4529 1046 4584 eructabo
1089 4529 1346 4582 abscmisa
1389 4542 1418 4579 a
1463 4528 1842 4597 constitutimie
1901 4529 2103 4582 mundi.

535 4598 703 4663 Tunc,
735 4596 970 4654 dimiSsis
1001 4598 1186 4657 turbis,
1220 4597 1364 4650 venit
1395 4597 1446 4648 in
1475 4596 1691 4648 domum
1728 4613 1739 4646 :
1773 4608 1825 4648 et
1863 4612 2106 4650 accesse-

534 4684 659 4723 runt
695 4672 757 4724 ad
810 4687 930 4724 cum
962 4668 1205 4738 discipuli
1238 4668 1371 4735 ejus,
1401 4667 1679 4738 dicenti-53
1722 4665 1741 4694 ⁸
1773 4666 2108 4738 ῡὶδεθιδεῄηο-

533 4738 618 4793 bis
641 4740 945 4808 parabolam
997 4735 1322 4792 zizaniorum
1365 4746 1418 4790 et
1466 4735 1596 4804 agri.
1645 4735 2109 4808 Quibresmindcns

535 4811 610 4859 ait
638 4805 654 4859 τ’
679 4811 776 4874 Qui
801 4811 820 4840 ⁸
848 4811 1076 4863 seminat
1105 4809 1301 4862 bonum
1325 4822 1529 4868 semen,
1600 4817 1680 4859 est
1727 4806 1886 4858 Filius
1947 4805 2108 4858 homi-

534 4879 637 4930 nis.
658 4879 798 4946 Ager
814 4890 1009 4937 autem.
1037 4889 1117 4931 est
1139 4878 1158 4908 ⁸
1180 4877 1427 4930 mundus.
1455 4877 1659 4930 Bonum
1684 4890 1810 4930 vero
1824 4890 2026 4937 semen,
2055 4877 2106 4927 hi

533 4956 657 5002 sunt
690 4948 969 5016 iiiii'regni.
995 4948 1203 5001 Zizania
1251 4959 1454 5012 autem,
1507 4947 1525 4977 "
1559 4947 1651 5003 lilii
1684 4954 1808 5001 sunt
1854 4961 2106 5018 nequam.

1091 320 1359 394 EUSEBll
1399 331 1734 391 VERCELL.
1779 331 2108 388 svaucuu

2215 332 2220 388 ἱ
2257 333 2399 390 CUM
2440 332 2666 388 VARUS
2703 331 2856 387 COD.
2897 329 3287 388 COLLATUM.

2223 537 2456 592 triticum
2478 546 2656 593 autem

2222 618 2540 677 congregate
2565 607 2618 662 in

2221 675 2472 732 horreum
2505 691 2700 732 meum.

2222 748 2311 818 3i.
2353 747 2526 802 Aliam
2558 745 2862 818 parabolam
2890 745 2967 818 (a)
3040 760 3094 818 et
3122 749 3238 802 siue
3263 761 3420 818 para-

2221 817 2429 887 locutus
2453 825 2538 872 est
2564 816 2606 887 -ι-
2891 827 2898 834 ’

2219 886 2326 940 illis
2352 887 2533 942 dicens
2563 905 2576 940 :

2221 956 2406 1012 Simile
2439 964 2519 1011 est

2220 1737 2341 1777 cum
2367 1734 2543 1804 autem

2218 1802 2461 1858 creverit,
2487 1806 2602 1845 ma-

2220 1862 2302 1917 ius
2324 1865 2381 1916 iit
2405 1863 2577 1917 omni-

2216 2012 2272 2056 et
2301 2003 2357 2055 lit
2380 2003 2539 2056 arbor

2218 2072 2359 2138 talis,
2391 2073 2462 2125 ita
2484 2081 2542 2126 ut

2212 2143 2463 2196 volucres
2491 2139 2625 2196 caeli

2213 2212 2455 2275 veniant,
2487 2219 2541 2266 et

2213 2280 2462 2336 habitent
2489 2281 2542 2335 in

2211 2355 2376 2406 ramis
2404 2351 2541 2421 ejus.

2210 2421 2302 2476 33.
2342 2421 2511 2478 Aliam

2213 2490 2390 2546 bolam
2420 2492 2564 2548 locu-

2213 2570 2298 2614 tus
2328 2571 2410 2615 est
2427 2560 2531 2620 eis.

2212 2630 2401 2687 Simile
2425 2634 2526 2686 est

2211 2713 2432 2771 regnum
2461 2700 2636 2756 caelo-.

2213 2770 2331 2825 rum
2359 2770 2645 2835 fermento,

2210 2841 2354 2912 quod
2384 2851 2662 2912 acceptum

2211 2911 2404 2966 mulier
2425 2911 2650 2966 abscon-

2212 2979 2293 3034 dit
2314 2980 2366 3034 in
2401 2981 2444 3033 ia
2455 2975 2624 3037 rinam

2213 3053 2484 3104 mensuris
2503 3050 2599 3104 tri-

2211 3119 2331 3184 bus,
2357 3118 2530 3174 donec

2211 3188 2589 3244 fertttentatuln

2211 3268 2295 3312 est
2317 3266 2508 3313 totum.

3688 325 3782 382 Ξὶό

2652 446 2882 502 CODEX
2919 443 3374 503 VERONENSIS.

3041 539 3252 594 locutus
3279 547 3363 592 est

3041 607 3200 665 Jesus
3223 608 3275 662 in
3297 620 3454 676 para-

3043 677 3178 732 bolis
3205 677 3271 731 ad
3298 675 3485 731 turbas
3517 691 3530 728 :

3039 816 3177 873 bolis
3198 816 3301 871 non
3329 817 3408 871 lo-

3037 888 3301 954 quebatur
3326 890 3408 942 eis
3434 906 3447 942 :

3037 956 3127 1012 35.
3157 967 3214 1011 ut
3239 957 3555 1024 impleretur

2219 1041 2440 1096 regnum
2465 1025 2638 1080 caelo.
3037 1027 3178 1097 quod
3200 1027 3402 1082 dictum

2220 1111 2338 1177 rum
2365 1111 2530 1178 grano
2597 1163 2612 1178 _
3037 1105 3160 1178 erat
3185 1111 3279 1166 per
3299 1097 3440 1178 ,1)το-

2219 1163 2440 1234 sinapis,
2472 1163 2613 1236 quod
3039 1163 3255 1236 phetam
3280 1167 3364 1221 di-

2219 1235 2497 1304 accipiens’
2519 1235 2686 1306 homo
3039 1235 3250 1291 centem
3275 1253 3287 1288 :
3311 1236 3454 1306 Ape-

2219 1306 2501 1360 setninavit
2529 1305 2581 1358 in
3038 1307 3171 1360 riam
3195 1307 3246 1360 in
3272 1305 3425 1375 para-

2219 1388 2404 1447 agrum
2435 1390 2600 1447 suum,
2621 1393 2645 1447 :_
3039 1375 3175 1432 bolis
3196 1389 3258 1447 o_s
3277 1391 3480 1440 meum.
3511 1446 3514 1447 ν

2219 1443 2308 1500 ὖῖ.
2349 1446 2488 1515 quod
2521 1445 2681 1500 minl-
3039 1445 3326 1500 ructuabor
3428 1457 3433 1460 '

2220 1530 2365 1569 mum
2391 1515 2602 1584 quidem
3037 1517 3297 1570 absconsa
3324 1523 3451 1570 ante

2221 1593 2305 1638 est
2325 1587 2570 1644 omnibus
3036 1585 3470 1640 constitutionem

2223 1653 2518 1708 seminibus
2541 1670 2556 1706 :
3037 1655 3242 1708 nmndi.

3036 1723 3128 1779 36.
3167 1724 3336 1790 Tunc,
3368 1723 3609 1780 dimissis

3037 1794 3229 1860 turbis,
3253 1793 3383 1850 abiit
3494 1799 3522 1842 .'

3036 1863 3090 1918 in
3115 1862 3333 1918 domum
3359 1881 3373 1917 :
3405 1873 3462 1920 et

3037 1941 3383 1988 accesserunt

3035 2003 3101 2056 ad
3131 2017 3251 2056 eum
3278 2002 3439 2058 disci-

3036 2072 3144 2141 puli
3168 2072 3305 2141 ejus,
3336 2072 3417 2127 di-

3033 2148 3218 2197 centes
3249 2160 3265 2196 :
3298 2142 3501 2197 Euam

3035 2211 3189 2266 nobis
3212 2213 3437 2279 parabo—

3032 2279 3139 2336 lam
3168 2283 3326 2337 tritici
3348 2290 3404 2338 et

3033 2350 3531 2477 Ξῗνῖἳιτῗὲἓυένί·

3114 2462 3128 2475 .
3169 2437 3249 2476 Λα
3270 2437 3427 2478 Jesus

3026 2505 3250 2559 respon-

3031 2559 3166 2644 dens
3189 2562 3266 2644 ait
3288 2578 3304 2644 :_
3324 2560 3426 2628 Qui

2970 2689 2974 2692 _
3033 2633 3263 2686 seminat
3291 2633 3490 2686 bonum

3034 2713 3241 2766 semen,
3273 2710 3358 2756 est
3385 2701 3476 2755 Fi-

3034 2769 3138 2824 lius
3165 2770 3418 2826 hominis.

3036 2841 3122 2896 38.
3147 2840 3304 2911 ,Ager
3332 2851 3538 2908 autem,

3035 2917 3121 2965 est
3146 2910 3232 2965 hic
3263 2927 3416 2968 Inuu-

3035 2979 3155 3034 dus.
3186 2979 3391 3035 Bonum

3033 3065 3163 3104 vero
3192 3062 3400 3116 semen,

3034 3119 3088 3174 bi
3117 3126 3242 3173 sunt
3265 3119 3359 3174 lllii

3032 3190 3204 3258 regni.
3233 3188 3450 3247 Zizania

3036 3267 3240 3324 autem,
3273 3259 3368 3313 lilii

2215 3328 2307 3384 34.
2351 3328 2495 3384 Haec
2523 3329 2703 3385 omnia
3035 3337 3162 3384 sunt
3186 3328 3378 3399 iniqui.

2683 3444 2914 3504 CODEX
2955 3445 3339 3508 BRIXIANUS.

2217 3559 2303 3633 tri,
2323 3568 2348 3596 ι
2391 3559 2589 3633 tticum
2629 3569 2828 3633 autem.
2857 3570 3198 3633 congregato
3223 3560 3278 3613 in
3309 3559 3562 3633 horreum
3589 3574 3784 3633 meum.

2220 3630 2398 3701 aliain
2451 3630 2775 3697 paraboiam.
2847 3629 2924 3701 (a)
2982 3627 3188 3701 loculus
3236 3639 3320 3685 est
3363 3627 3405 3700 1-
3455 3630 3536 3684 eis
3582 3627 3783 3685 dicetis.

2219 3699 2408 3770 Simile
2478 3709 2554 3770 est
2645 3699 2866 3768 regnum
2943 3699 3237 3756 Caeterum.
3330 3699 3498 3770 grano
3589 3701 3786 3770 sinapis

2215 3768 2355 3842 quod
2398 3768 2663 3842 accipiens
2706 3772 2863 3824 homo
2909 3772 3193 3842 seminavit
3238 3771 3287 3842 in
3327 3768 3456 3840 agro
3502 3785 3606 3824 suo
3649 3768 3783 3842 quod

2215 3838 2491 3908 minimum
2525 3839 2737 3907 quidem
2764 3851 2846 3894 est
2867 3839 3102 3893 omnium
3129 3838 3415 3893 seminum.
3450 3855 3575 3893 cum
3609 3838 3782 3893 autem

2214 3908 2463 3960 creverit.
2511 3908 2682 3974 majus
2709 3918 2791 3962 est
2837 3910 3083 3962 omnibus
3109 3908 3369 3972 oleribus,
3410 3917 3465 3962 e't
3518 3909 3578 3962 lit
3607 3911 3780 3962 arbor.

2217 3975 2287 4028 ita
2325 3986 2391 4028 -ut
2434 3977 2680 4029 volucres
2708 3977 2840 4031 caeli
2882 3976 3119 4029 veniant.
3162 3987 3213 4030 et
3247 3977 3486 4030 habitent
3535 3979 3588 4029 in
3623 3979 3780 4032 ramis

2214 4047 2351 4112 ejus.
2401 4045 2570 4114 Aliam
2601 4046 2928 4114 paraboiam.
2981 4045 3193 4099 locutus
3221 4055 3304 4097 est
3351 4048 3449 4099 eis.
3493 4043 3684 4099 Simile
3709 4055 3784 4100 est

2215 4131 2436 4179 regnum
2466 4113 2732 4168 caeterum
2772 4117 3052 4168 fermento.
3096 4114 3235 4180 quod
3271 4121 3548 4180 acceptum
3597 4117 3784 4168 mulier

2213 4186 2515 4238 3b>C0lldlL
2551 4185 2600 4237 in
2636 4185 2838 4238 farinae
2882 4183 3144 4238 mensuris
3167 4183 3334 4236 tribus
3362 4183 3534 4236 donec
3558 4183 3784 4238 fermen-

2214 4263 2383 4309 talum
2411 4268 2492 4310 est
2521 4263 2708 4308 totum.
2735 4255 2874 4309 Haec
2895 4257 3071 4308 omnia
3095 4255 3302 4307 loculus
3321 4262 3404 4305 est
3433 4253 3592 4307 .lesus
3620 4254 3671 4305 in
3703 4263 3785 4320 νειέ

2213 4326 2408 4378 rabulis
2439 4326 2501 4377 ad
2544 4327 2745 4394 turbas.
2775 4333 2828 4380 et
2861 4325 2977 4378 sine
3011 4325 3276 4394 parabolis
3312 4323 3442 4376 nihil
3463 4323 3786 4394 loquebatur

2211 4396 2310 4447 eis.
2339 4406 2394 4448 ut
2413 4393 2795 4462 adimpleretur
2818 4395 2958 4464 quod
2983 4392 3182 4447 dictum
3212 4403 3316 4447 est.
3347 4408 3440 4462 per
3463 4392 3783 4464 Propltelani

2215 4464 2477 4516 dicentem
2512 4461 2758 4532 Aperium
2793 4461 2849 4517 ili
2875 4466 3142 4530 parabolis
3172 4480 3232 4517 os
3261 4461 3458 4516 menm.
3483 4473 3673 4516 eructu
3701 4461 3728 4499 δ
3758 4475 3782 4513 a

2217 4532 2283 4583 1)ι›
2325 4534 2600 4586 absconsa.
2657 4548 2686 4585 a
2715 4535 3091 4588 censtilntioue
3135 4534 3336 4588 mundi.
3382 4534 3532 4586 Tunc
3558 4533 3786 4586 dimissis

2219 4601 2385 4654 turbis
2413 4605 2556 4654 venit
2587 4605 2635 4655 in
2662 4604 2874 4656 domum
2902 4603 3076 4658 Jesus.
3113 4616 3165 4659 et
3195 4611 3538 4657 accesserunt
3568 4602 3636 4655 ad
3671 4617 3782 4655 eum

2215 4669 2462 4748 discipuli
2493 4673 2629 4740 ejus.
2660 4673 2921 4748 dicentes.
2968 4674 3217 4728 Edissere
3265 4675 3439 4748 nobis.
3477 4674 3782 4748 paraboiam

2213 4742 2538 4811 zizaniorum
2569 4743 2700 4809 agri.
2733 4743 2848 4810 Ipse
2891 4755 3064 4798 autem
3120 4745 3450 4811 respondens
3478 4742 3640 4797 idixit
3689 4742 3782 4797 eis.

2213 4810 2313 4873 Qui
2347 4813 2566 4864 seminat
2606 4814 2800 4873 bonum
2834 4828 3017 4870 semen
3046 4824 3130 4872 est
3158 4810 3325 4868 Filius
3363 4814 3618 4882 hominis.
3653 4813 3786 4882 Ager

2213 4890 2390 4931 autem
2421 4894 2502 4933 εει
2525 4882 2609 4934 hic
2633 4883 2876 4936 mundus.
2905 4883 3109 4939 Bonum
3137 4893 3312 4938 autem
3343 4898 3551 4940 semen.
3584 4881 3643 4940 hi
3671 4881 3787 4938 sunt

2213 4946 2305 5000 ﬁlii
2349 4950 2519 5018 regni.
2566 4949 2780 5006 Zizania
2809 4965 2983 5008 autem
3023 4961 3166 5008 sunt.
3198 4953 3290 5010 lilii
3321 4953 3562 5026 maligni.

2255 1948 2318 1987 us
2342 1920 2636 1996 holeribus,

2545 2436 2694 2490 parn-

1233 5059 1622 5119 VABIANTES
1658 5059 2330 5120 LECTIONES'CODICIS
2360 5063 2467 5120 MS.
2508 5065 2566 5120 S.
2593 5065 3090 5126 GERMANENSIS.

593 5175 615 5205 ³
650 5174 702 5223 ﬁt
724 5174 946 5223 omnibus
969 5172 1201 5234 oleribus,
1227 5172 1290 5222 ita
1315 5179 1370 5223 ut

592 5237 615 5266 ³
648 5249 743 5296 quo
780 5243 978 5297 accepto

595 5297 615 5327 ³
650 5297 890 5345 mensuris

593 5357 616 5388 δ
649 5356 889 5407 Enarra...
917 5357 1059 5407 tritici
1097 5363 1148 5408 et
1180 5357 1464 5408 zizaniorum
1489 5359 1610 5427 agri.
1638 5357 1699 5412 At
1732 5357 1880 5411 Jesus
1905 5371 2110 5426 respon-

2220 5175 2344 5225 dens

2282 5238 2304 5268 ⁵
2337 5241 2590 5290 seminavit

2281 5296 2302 5328 ⁸
2336 5299 2415 5348 hic

2232 5388 2238 5394 -
2281 5359 2300 5389 ν
2336 5359 2404 5408 hii
2425 5367 2539 5411 sunt
2562 5361 2648 5412 filii
2672 5366 2922 5429 nequitiae

1893 5483 2262 5544 BLANCHINI
2298 5485 2524 5540 NOTIE.

606 5610 628 5635 α
659 5599 724 5653 Et
744 5599 828 5656 hic
852 5598 1096 5655 similiter
1124 5613 1226 5653 una
1255 5612 1318 5652 ex
1347 5598 1550 5653 duabus
1579 5607 1596 5652 t
1620 5599 1831 5655 extrita.

606 5734 681 5802 (α)
709 5733 783 5790 lta
808 5744 861 5790 et
884 5735 1003 5793 cod.
1026 5734 1179 5792 Cant.
1201 5734 1456 5794 δλάλησεν.

2297 5595 2325 5634 ι)
2361 5595 2671 5662 Eructuabo,
2697 5615 2795 5676 pro
2821 5606 3075 5660 tractabo.

3885 2131 3893 2392 ν

3887 2497 3900 3006 ι
