  <div class='ocr_page' id='page_1' title='image "/cluster/home/n/w/nwhite01/storage/ocr_20150623/12-13/uc1.31175013632818/1210.png"; bbox 0 0 3874 6488; ppageno 0'>
   <div class='ocr_carea' id='block_1_1' title="bbox 192 450 321 508">
    <p class='ocr_par' dir='ltr' id='par_1_1' title="bbox 192 450 321 508">
     <span class='ocr_line' id='line_1_1' title="bbox 192 450 321 508; baseline 0.023 -3"><span class='ocrx_word' id='word_1_1' title='bbox 192 450 321 508; x_wconf 74' lang='grc'><strong>1003</strong></span> 
     </span>
    </p>
   </div>
   <div class='ocr_carea' id='block_1_2' title="bbox 1121 448 2494 520">
    <p class='ocr_par' dir='ltr' id='par_1_2' title="bbox 1121 448 2494 520">
     <span class='ocr_line' id='line_1_2' title="bbox 1121 448 2494 520; baseline 0 -15"><span class='ocrx_word' id='word_1_2' title='bbox 1121 452 1186 520; x_wconf 75' lang='grc' dir='ltr'>ρ.</span> <span class='ocrx_word' id='word_1_3' title='bbox 1228 448 1460 510; x_wconf 82' lang='lat' dir='ltr'><strong>JULIUS</strong></span> <span class='ocrx_word' id='word_1_4' title='bbox 1501 448 1920 509; x_wconf 71' lang='lat' dir='ltr'><strong>IIILARIANUS.</strong></span> <span class='ocrx_word' id='word_1_5' title='bbox 1969 450 2494 508; x_wconf 72' lang='lat' dir='ltr'><strong>PROLEGOMENA.</strong></span> 
     </span>
    </p>
   </div>
   <div class='ocr_carea' id='block_1_3' title="bbox 3326 451 3465 508">
    <p class='ocr_par' dir='ltr' id='par_1_3' title="bbox 3326 451 3465 508">
     <span class='ocr_line' id='line_1_3' title="bbox 3326 451 3465 508; baseline 0.007 -1"><span class='ocrx_word' id='word_1_6' title='bbox 3326 451 3465 508; x_wconf 62' lang='lat'><strong>109/:</strong></span> 
     </span>
    </p>
   </div>
   <div class='ocr_carea' id='block_1_4' title="bbox 184 564 3465 638">
    <p class='ocr_par' dir='ltr' id='par_1_4' title="bbox 184 564 3465 638">
     <span class='ocr_line' id='line_1_4' title="bbox 184 564 3465 638; baseline 0 -18"><span class='ocrx_word' id='word_1_7' title='bbox 184 573 585 623; x_wconf 75' lang='lat' dir='ltr'><strong>sacramentum</strong></span> <span class='ocrx_word' id='word_1_8' title='bbox 609 567 801 622; x_wconf 75' lang='lat' dir='ltr'><strong>flerent</strong></span> <span class='ocrx_word' id='word_1_9' title='bbox 827 566 935 621; x_wconf 92' lang='lat' dir='ltr'><strong>duo</strong></span> <span class='ocrx_word' id='word_1_10' title='bbox 960 566 1013 622; x_wconf 93' lang='lat' dir='ltr'><strong>in</strong></span> <span class='ocrx_word' id='word_1_11' title='bbox 1052 580 1219 623; x_wconf 88' lang='lat' dir='ltr'><strong>carne</strong></span> <span class='ocrx_word' id='word_1_12' title='bbox 1262 582 1391 638; x_wconf 75' lang='lat' dir='ltr'><strong>una,</strong></span> <span class='ocrx_word' id='word_1_13' title='bbox 1437 566 1683 621; x_wconf 75' lang='lat' dir='ltr'><strong>Christus</strong></span> <span class='ocrx_word' id='word_1_14' title='bbox 1709 574 1761 621; x_wconf 92' lang='lat' dir='ltr'><strong>et</strong></span> <span class='ocrx_word' id='word_1_15' title='bbox 1789 566 1846 628; x_wconf 77' lang='grc' dir='ltr'>Α</span> <span class='ocrx_word' id='word_1_16' title='bbox 1938 564 2177 621; x_wconf 79' lang='lat' dir='ltr'><strong>Vll.lloc</strong></span> <span class='ocrx_word' id='word_1_17' title='bbox 2202 565 2451 637; x_wconf 87' lang='lat' dir='ltr'><strong>estquod</strong></span> <span class='ocrx_word' id='word_1_18' title='bbox 2469 564 3465 631; x_wconf 53' lang='lat' dir='ltr'><strong>credimus,dilectissimifratreathe-</strong></span> 
     </span>
    </p>
   </div>
   <div class='ocr_carea' id='block_1_5' title="bbox 186 658 1769 729">
    <p class='ocr_par' dir='ltr' id='par_1_5' title="bbox 186 658 1769 729">
     <span class='ocr_line' id='line_1_5' title="bbox 186 658 1769 729; baseline -0.001 -14"><span class='ocrx_word' id='word_1_19' title='bbox 186 661 430 716; x_wconf 66' lang='lat' dir='ltr'><strong>Ecclesia</strong></span> <span class='ocrx_word' id='word_1_20' title='bbox 463 659 680 729; x_wconf 77' lang='lat' dir='ltr'><strong>(Ephes.</strong></span> <span class='ocrx_word' id='word_1_21' title='bbox 713 675 765 727; x_wconf 88' lang='lat' dir='ltr'><strong>v,</strong></span> <span class='ocrx_word' id='word_1_22' title='bbox 796 660 912 728; x_wconf 61' lang='grc' dir='ltr'>δὲ).</span> <span class='ocrx_word' id='word_1_23' title='bbox 965 660 1042 714; x_wconf 77' lang='lat' dir='ltr'><strong>Ex</strong></span> <span class='ocrx_word' id='word_1_24' title='bbox 1075 659 1161 714; x_wconf 77' lang='lat' dir='ltr'><strong>his</strong></span> <span class='ocrx_word' id='word_1_25' title='bbox 1212 660 1415 729; x_wconf 79' lang='lat' dir='ltr'><strong>nuptiis</strong></span> <span class='ocrx_word' id='word_1_26' title='bbox 1465 658 1769 713; x_wconf 83' lang='lat' dir='ltr'><strong>Christiana</strong></span> 
     </span>
    </p>
   </div>
   <div class='ocr_carea' id='block_1_6' title="bbox 187 752 1769 822">
    <p class='ocr_par' dir='ltr' id='par_1_6' title="bbox 187 752 1769 822">
     <span class='ocr_line' id='line_1_6' title="bbox 187 752 1769 822; baseline 0.002 -19"><span class='ocrx_word' id='word_1_27' title='bbox 187 754 339 822; x_wconf 73' lang='lat' dir='ltr'><strong>plebs</strong></span> <span class='ocrx_word' id='word_1_28' title='bbox 370 753 626 815; x_wconf 84' lang='lat' dir='ltr'><strong>nascitur.</strong></span> <span class='ocrx_word' id='word_1_29' title='bbox 673 754 926 809; x_wconf 89' lang='lat' dir='ltr'><strong>veniente</strong></span> <span class='ocrx_word' id='word_1_30' title='bbox 974 753 1213 821; x_wconf 80' lang='lat' dir='ltr'><strong>desuper</strong></span> <span class='ocrx_word' id='word_1_31' title='bbox 1257 755 1462 822; x_wconf 89' lang='lat' dir='ltr'><strong>Spiritu</strong></span> <span class='ocrx_word' id='word_1_32' title='bbox 1514 752 1769 818; x_wconf 84' lang='lat' dir='ltr'><strong>Domini;</strong></span> 
     </span>
    </p>
   </div>
   <div class='ocr_carea' id='block_1_7' title="bbox 184 846 1773 915">
    <p class='ocr_par' dir='ltr' id='par_1_7' title="bbox 184 846 1773 915">
     <span class='ocr_line' id='line_1_7' title="bbox 184 846 1773 915; baseline 0.001 -15"><span class='ocrx_word' id='word_1_33' title='bbox 184 856 603 915; x_wconf 82' lang='lat' dir='ltr'><strong>nostrarumque</strong></span> <span class='ocrx_word' id='word_1_34' title='bbox 646 848 946 900; x_wconf 87' lang='lat' dir='ltr'><strong>animarum</strong></span> <span class='ocrx_word' id='word_1_35' title='bbox 998 846 1355 910; x_wconf 68' lang='lat' dir='ltr'><strong>substantiae,</strong></span> <span class='ocrx_word' id='word_1_36' title='bbox 1408 846 1690 915; x_wconf 68' lang='lat' dir='ltr'><strong>superfuso</strong></span> <span class='ocrx_word' id='word_1_37' title='bbox 1718 857 1773 901; x_wconf 91' lang='lat' dir='ltr'><strong>et</strong></span> 
     </span>
    </p>
   </div>
   <div class='ocr_carea' id='block_1_8' title="bbox 186 936 1775 1005">
    <p class='ocr_par' dir='ltr' id='par_1_8' title="bbox 186 936 1775 1005">
     <span class='ocr_line' id='line_1_8' title="bbox 186 936 1775 1005; baseline 0.001 -15"><span class='ocrx_word' id='word_1_38' title='bbox 186 936 429 991; x_wconf 81' lang='lat' dir='ltr'><strong>admixto</strong></span> <span class='ocrx_word' id='word_1_39' title='bbox 475 938 717 1005; x_wconf 74' lang='lat' dir='ltr'><strong>protinus</strong></span> <span class='ocrx_word' id='word_1_40' title='bbox 747 948 994 993; x_wconf 89' lang='lat' dir='ltr'><strong>semente</strong></span> <span class='ocrx_word' id='word_1_41' title='bbox 1044 938 1278 1003; x_wconf 74' lang='lat' dir='ltr'><strong>cmlesti,</strong></span> <span class='ocrx_word' id='word_1_42' title='bbox 1315 939 1612 994; x_wconf 90' lang='lat' dir='ltr'><strong>visceribus</strong></span> <span class='ocrx_word' id='word_1_43' title='bbox 1662 954 1775 993; x_wconf 89' lang='lat' dir='ltr'><strong>ma-</strong></span> 
     </span>
    </p>
   </div>
   <div class='ocr_carea' id='block_1_9' title="bbox 188 1030 1773 1101">
    <p class='ocr_par' dir='ltr' id='par_1_9' title="bbox 188 1030 1773 1101">
     <span class='ocr_line' id='line_1_9' title="bbox 188 1030 1773 1101; baseline 0.003 -20"><span class='ocrx_word' id='word_1_44' title='bbox 188 1030 285 1082; x_wconf 83' lang='lat' dir='ltr'><strong>tris</strong></span> <span class='ocrx_word' id='word_1_45' title='bbox 328 1030 695 1094; x_wconf 87' lang='lat' dir='ltr'><strong>iuolescimus,</strong></span> <span class='ocrx_word' id='word_1_46' title='bbox 728 1031 958 1101; x_wconf 88' lang='lat' dir='ltr'><strong>alvoque</strong></span> <span class='ocrx_word' id='word_1_47' title='bbox 985 1032 1105 1099; x_wconf 89' lang='lat' dir='ltr'><strong>ejus</strong></span> <span class='ocrx_word' id='word_1_48' title='bbox 1132 1031 1288 1085; x_wconf 76' lang='lat' dir='ltr'><strong>emisi</strong></span> <span class='ocrx_word' id='word_1_49' title='bbox 1336 1033 1672 1085; x_wconf 80' lang='lat' dir='ltr'><strong>vivificamur</strong></span> <span class='ocrx_word' id='word_1_50' title='bbox 1721 1032 1773 1085; x_wconf 93' lang='lat' dir='ltr'><strong>in</strong></span> 
     </span>
    </p>
   </div>
   <div class='ocr_carea' id='block_1_10' title="bbox 185 1117 1777 1189">
    <p class='ocr_par' dir='ltr' id='par_1_10' title="bbox 185 1117 1777 1189">
     <span class='ocr_line' id='line_1_10' title="bbox 185 1117 1777 1189; baseline 0.003 -16"><span class='ocrx_word' id='word_1_51' title='bbox 185 1117 427 1173; x_wconf 80' lang='lat' dir='ltr'><strong>Christo.</strong></span> <span class='ocrx_word' id='word_1_52' title='bbox 461 1120 613 1175; x_wconf 88' lang='lat' dir='ltr'><strong>Unde</strong></span> <span class='ocrx_word' id='word_1_53' title='bbox 639 1122 933 1189; x_wconf 80' lang='lat' dir='ltr'><strong>Apostolus</strong></span> <span class='ocrx_word' id='word_1_54' title='bbox 964 1141 975 1175; x_wconf 88' lang='lat'>:</span> <span class='ocrx_word' id='word_1_55' title='bbox 1019 1122 1226 1175; x_wconf 80' lang='lat' dir='ltr'><strong>l’rimus</strong></span> <span class='ocrx_word' id='word_1_56' title='bbox 1255 1124 1438 1185; x_wconf 84' lang='lat' dir='ltr'><strong>Adam,</strong></span> <span class='ocrx_word' id='word_1_57' title='bbox 1464 1127 1515 1176; x_wconf 83' lang='lat' dir='ltr'><strong>in</strong></span> <span class='ocrx_word' id='word_1_58' title='bbox 1550 1124 1777 1177; x_wconf 86' lang='lat' dir='ltr'><strong>animam</strong></span> 
     </span>
    </p>
   </div>
   <div class='ocr_carea' id='block_1_11' title="bbox 188 1212 1779 1284">
    <p class='ocr_par' dir='ltr' id='par_1_11' title="bbox 188 1212 1779 1284">
     <span class='ocr_line' id='line_1_11' title="bbox 188 1212 1779 1284; baseline 0.003 -22"><span class='ocrx_word' id='word_1_59' title='bbox 188 1212 436 1263; x_wconf 75' lang='lat' dir='ltr'><strong>virentem</strong></span> <span class='ocrx_word' id='word_1_60' title='bbox 464 1226 481 1264; x_wconf 92' lang='lat'><strong><em>:</em></strong></span> <span class='ocrx_word' id='word_1_61' title='bbox 509 1214 810 1267; x_wconf 84' lang='lat' dir='ltr'><strong>novissimus</strong></span> <span class='ocrx_word' id='word_1_62' title='bbox 862 1215 1051 1277; x_wconf 77' lang='lat' dir='ltr'><strong>Adam,</strong></span> <span class='ocrx_word' id='word_1_63' title='bbox 1080 1215 1131 1267; x_wconf 90' lang='lat' dir='ltr'><strong>in</strong></span> <span class='ocrx_word' id='word_1_64' title='bbox 1175 1218 1411 1280; x_wconf 77' lang='lat' dir='ltr'><strong>spiritum</strong></span> <span class='ocrx_word' id='word_1_65' title='bbox 1442 1216 1779 1284; x_wconf 51' lang='lat' dir='ltr'><strong>vit‘iﬁcantem</strong></span> 
     </span>
    </p>
   </div>
   <div class='ocr_carea' id='block_1_12' title="bbox 190 1300 1780 1375">
    <p class='ocr_par' dir='ltr' id='par_1_12' title="bbox 190 1300 1780 1375">
     <span class='ocr_line' id='line_1_12' title="bbox 190 1300 1780 1375; baseline 0.004 -20"><span class='ocrx_word' id='word_1_66' title='bbox 190 1302 236 1371; x_wconf 87' lang='grc' dir='ltr'><strong>(Ι</strong></span> <span class='ocrx_word' id='word_1_67' title='bbox 268 1300 391 1354; x_wconf 87' lang='lat' dir='ltr'><strong>Cor.</strong></span> <span class='ocrx_word' id='word_1_68' title='bbox 420 1317 511 1368; x_wconf 82' lang='lat' dir='ltr'><strong>xv,</strong></span> <span class='ocrx_word' id='word_1_69' title='bbox 540 1304 651 1372; x_wconf 69' lang='lat' dir='ltr'><strong>t7).</strong></span> <span class='ocrx_word' id='word_1_70' title='bbox 686 1304 774 1360; x_wconf 87' lang='lat' dir='ltr'><strong>Sic</strong></span> <span class='ocrx_word' id='word_1_71' title='bbox 805 1316 1032 1375; x_wconf 79' lang='lat' dir='ltr'><strong>generat</strong></span> <span class='ocrx_word' id='word_1_72' title='bbox 1053 1306 1306 1359; x_wconf 84' lang='lat' dir='ltr'><strong>Christus</strong></span> <span class='ocrx_word' id='word_1_73' title='bbox 1338 1308 1388 1359; x_wconf 88' lang='lat' dir='ltr'><strong>in</strong></span> <span class='ocrx_word' id='word_1_74' title='bbox 1419 1307 1658 1360; x_wconf 76' lang='lat' dir='ltr'><strong>Ecclesia</strong></span> <span class='ocrx_word' id='word_1_75' title='bbox 1678 1322 1780 1374; x_wconf 81' lang='lat' dir='ltr'><strong>per</strong></span> 
     </span>
    </p>
   </div>
   <div class='ocr_carea' id='block_1_13' title="bbox 185 1397 1779 1465">
    <p class='ocr_par' dir='ltr' id='par_1_13' title="bbox 185 1397 1779 1465">
     <span class='ocr_line' id='line_1_13' title="bbox 185 1397 1779 1465; baseline 0.003 -17"><span class='ocrx_word' id='word_1_76' title='bbox 185 1407 317 1448; x_wconf 88' lang='lat' dir='ltr'><strong>suos</strong></span> <span class='ocrx_word' id='word_1_77' title='bbox 346 1397 678 1460; x_wconf 75' lang='lat' dir='ltr'><strong>sacerdotes,</strong></span> <span class='ocrx_word' id='word_1_78' title='bbox 724 1408 782 1451; x_wconf 93' lang='lat' dir='ltr'><strong>ut</strong></span> <span class='ocrx_word' id='word_1_79' title='bbox 807 1397 957 1451; x_wconf 87' lang='lat' dir='ltr'><strong>idem</strong></span> <span class='ocrx_word' id='word_1_80' title='bbox 992 1399 1287 1465; x_wconf 79' lang='lat' dir='ltr'><strong>Apostolus</strong></span> <span class='ocrx_word' id='word_1_81' title='bbox 1318 1413 1333 1453; x_wconf 88' lang='lat'><strong>:</strong></span> <span class='ocrx_word' id='word_1_82' title='bbox 1366 1398 1571 1452; x_wconf 83' lang='lat' dir='ltr'><strong>Christo</strong></span> <span class='ocrx_word' id='word_1_83' title='bbox 1607 1410 1779 1452; x_wconf 80' lang='lat' dir='ltr'><strong>autem</strong></span> 
     </span>
    </p>
   </div>
   <div class='ocr_carea' id='block_1_14' title="bbox 187 1490 1781 1564">
    <p class='ocr_par' dir='ltr' id='par_1_14' title="bbox 187 1490 1781 1564">
     <span class='ocr_line' id='line_1_14' title="bbox 187 1490 1781 1564; baseline 0.006 -23"><span class='ocrx_word' id='word_1_84' title='bbox 187 1506 393 1559; x_wconf 72' lang='lat' dir='ltr'><strong>t&#39;got&#39;os</strong></span> <span class='ocrx_word' id='word_1_85' title='bbox 438 1495 587 1556; x_wconf 78' lang='lat' dir='ltr'><strong>genui</strong></span> <span class='ocrx_word' id='word_1_86' title='bbox 638 1490 680 1559; x_wconf 93' lang='lat' dir='ltr'><strong>(I</strong></span> <span class='ocrx_word' id='word_1_87' title='bbox 727 1492 843 1546; x_wconf 84' lang='lat' dir='ltr'><strong>Cor.</strong></span> <span class='ocrx_word' id='word_1_88' title='bbox 882 1509 933 1546; x_wconf 87' lang='lat' dir='ltr'><strong>tv</strong></span> <span class='ocrx_word' id='word_1_89' title='bbox 993 1494 1105 1562; x_wconf 82' lang='grc'>15).</span> <span class='ocrx_word' id='word_1_90' title='bbox 1156 1496 1331 1564; x_wconf 82' lang='lat' dir='ltr'><strong>Atque</strong></span> <span class='ocrx_word' id='word_1_91' title='bbox 1363 1494 1434 1548; x_wconf 86' lang='lat' dir='ltr'><strong>ita</strong></span> <span class='ocrx_word' id='word_1_92' title='bbox 1461 1494 1660 1549; x_wconf 81' lang='lat' dir='ltr'><strong>Christi</strong></span> <span class='ocrx_word' id='word_1_93' title='bbox 1697 1508 1781 1549; x_wconf 74' lang='lat' dir='ltr'><strong>SC-</strong></span> 
     </span>
    </p>
   </div>
   <div class='ocr_carea' id='block_1_15' title="bbox 188 1584 1780 1654">
    <p class='ocr_par' dir='ltr' id='par_1_15' title="bbox 188 1584 1780 1654">
     <span class='ocr_line' id='line_1_15' title="bbox 188 1584 1780 1654; baseline 0.003 -17"><span class='ocrx_word' id='word_1_94' title='bbox 188 1598 339 1645; x_wconf 85' lang='lat' dir='ltr'><strong>nten.</strong></span> <span class='ocrx_word' id='word_1_95' title='bbox 372 1584 421 1636; x_wconf 95' lang='lat' dir='ltr'><strong>id</strong></span> <span class='ocrx_word' id='word_1_96' title='bbox 449 1594 533 1638; x_wconf 92' lang='lat' dir='ltr'><strong>est</strong></span> <span class='ocrx_word' id='word_1_97' title='bbox 584 1585 675 1638; x_wconf 88' lang='lat' dir='ltr'><strong>Dei</strong></span> <span class='ocrx_word' id='word_1_98' title='bbox 710 1587 935 1654; x_wconf 84' lang='lat' dir='ltr'><strong>spiritus</strong></span> <span class='ocrx_word' id='word_1_99' title='bbox 978 1603 1173 1641; x_wconf 90' lang='lat' dir='ltr'><strong>novum</strong></span> <span class='ocrx_word' id='word_1_100' title='bbox 1204 1588 1477 1643; x_wconf 88' lang='lat' dir='ltr'><strong>hominem</strong></span> <span class='ocrx_word' id='word_1_101' title='bbox 1514 1593 1638 1642; x_wconf 86' lang='lat' dir='ltr'><strong>alvo</strong></span> <span class='ocrx_word' id='word_1_102' title='bbox 1666 1602 1780 1642; x_wconf 86' lang='lat' dir='ltr'><strong>ma-</strong></span> 
     </span>
    </p>
   </div>
   <div class='ocr_carea' id='block_1_16' title="bbox 190 1676 1786 1747">
    <p class='ocr_par' dir='ltr' id='par_1_16' title="bbox 190 1676 1786 1747">
     <span class='ocr_line' id='line_1_16' title="bbox 190 1676 1786 1747; baseline 0.004 -18"><span class='ocrx_word' id='word_1_103' title='bbox 190 1676 293 1729; x_wconf 87' lang='lat' dir='ltr'><strong>tris</strong></span> <span class='ocrx_word' id='word_1_104' title='bbox 316 1679 599 1745; x_wconf 87' lang='lat' dir='ltr'><strong>agitatum,</strong></span> <span class='ocrx_word' id='word_1_105' title='bbox 628 1688 677 1730; x_wconf 91' lang='lat' dir='ltr'><strong>et</strong></span> <span class='ocrx_word' id='word_1_106' title='bbox 711 1687 864 1745; x_wconf 89' lang='lat' dir='ltr'><strong>partu</strong></span> <span class='ocrx_word' id='word_1_107' title='bbox 894 1678 1055 1732; x_wconf 88' lang='lat' dir='ltr'><strong>fontis</strong></span> <span class='ocrx_word' id='word_1_108' title='bbox 1080 1689 1392 1747; x_wconf 77' lang='lat' dir='ltr'><strong>exceptum,</strong></span> <span class='ocrx_word' id='word_1_109' title='bbox 1423 1680 1673 1734; x_wconf 89' lang='lat' dir='ltr'><strong>manibus</strong></span> <span class='ocrx_word' id='word_1_110' title='bbox 1700 1697 1786 1735; x_wconf 87' lang='lat' dir='ltr'><strong>sa-</strong></span> 
     </span>
    </p>
   </div>
   <div class='ocr_carea' id='block_1_17' title="bbox 188 1767 1783 1841">
    <p class='ocr_par' dir='ltr' id='par_1_17' title="bbox 188 1767 1783 1841">
     <span class='ocr_line' id='line_1_17' title="bbox 188 1767 1783 1841; baseline 0.004 -20"><span class='ocrx_word' id='word_1_111' title='bbox 188 1767 431 1822; x_wconf 86' lang='lat' dir='ltr'><strong>cerdotis</strong></span> <span class='ocrx_word' id='word_1_112' title='bbox 463 1767 713 1835; x_wconf 77' lang='lat' dir='ltr'><strong>effundit,</strong></span> <span class='ocrx_word' id='word_1_113' title='bbox 748 1770 850 1824; x_wconf 91' lang='lat' dir='ltr'><strong>lide</strong></span> <span class='ocrx_word' id='word_1_114' title='bbox 892 1780 1066 1825; x_wconf 89' lang='lat' dir='ltr'><strong>tamen</strong></span> <span class='ocrx_word' id='word_1_115' title='bbox 1102 1773 1368 1840; x_wconf 88' lang='lat' dir='ltr'><strong>pronuba.</strong></span> <span class='ocrx_word' id='word_1_116' title='bbox 1420 1773 1601 1841; x_wconf 74' lang='lat' dir='ltr'><strong>Neque</strong></span> <span class='ocrx_word' id='word_1_117' title='bbox 1640 1775 1783 1828; x_wconf 90' lang='lat' dir='ltr'><strong>enim</strong></span> 
     </span>
    </p>
   </div>
   <div class='ocr_carea' id='block_1_18' title="bbox 189 1861 1787 1934">
    <p class='ocr_par' dir='ltr' id='par_1_18' title="bbox 189 1861 1787 1934">
     <span class='ocr_line' id='line_1_18' title="bbox 189 1861 1787 1934; baseline 0.004 -22"><span class='ocrx_word' id='word_1_118' title='bbox 189 1870 287 1913; x_wconf 88' lang='lat' dir='ltr'><strong>aut</strong></span> <span class='ocrx_word' id='word_1_119' title='bbox 333 1861 569 1916; x_wconf 90' lang='lat' dir='ltr'><strong>insertus</strong></span> <span class='ocrx_word' id='word_1_120' title='bbox 600 1864 651 1915; x_wconf 92' lang='lat' dir='ltr'><strong>in</strong></span> <span class='ocrx_word' id='word_1_121' title='bbox 696 1862 996 1918; x_wconf 86' lang='lat' dir='ltr'><strong>Ecclesiam</strong></span> <span class='ocrx_word' id='word_1_122' title='bbox 1030 1864 1303 1919; x_wconf 74' lang='lat' dir='ltr'><strong>videbitur</strong></span> <span class='ocrx_word' id='word_1_123' title='bbox 1340 1866 1428 1934; x_wconf 87' lang='lat' dir='ltr'><strong>qui</strong></span> <span class='ocrx_word' id='word_1_124' title='bbox 1474 1881 1579 1919; x_wconf 92' lang='lat' dir='ltr'><strong>non</strong></span> <span class='ocrx_word' id='word_1_125' title='bbox 1610 1866 1787 1921; x_wconf 84' lang='lat' dir='ltr'><strong>credi-</strong></span> 
     </span>
    </p>
   </div>
   <div class='ocr_carea' id='block_1_19' title="bbox 1874 660 3470 733">
    <p class='ocr_par' dir='ltr' id='par_1_19' title="bbox 1874 660 3470 733">
     <span class='ocr_line' id='line_1_19' title="bbox 1874 660 3470 733; baseline -0.001 -18"><span class='ocrx_word' id='word_1_126' title='bbox 1874 669 2045 716; x_wconf 88' lang='lat' dir='ltr'><strong>terntn</strong></span> <span class='ocrx_word' id='word_1_127' title='bbox 2067 679 2077 712; x_wconf 93' lang='lat'>:</span> <span class='ocrx_word' id='word_1_128' title='bbox 2104 660 2230 715; x_wconf 87' lang='lat' dir='ltr'><strong>Siin</strong></span> <span class='ocrx_word' id='word_1_129' title='bbox 2254 664 2351 714; x_wconf 86' lang='lat' dir='ltr'><strong>hoc</strong></span> <span class='ocrx_word' id='word_1_130' title='bbox 2377 663 2562 715; x_wconf 79' lang='lat' dir='ltr'><strong>steculo</strong></span> <span class='ocrx_word' id='word_1_131' title='bbox 2581 671 2842 733; x_wconf 85' lang='lat' dir='ltr'><strong>sperantes</strong></span> <span class='ocrx_word' id='word_1_132' title='bbox 2864 677 3063 726; x_wconf 89' lang='lat' dir='ltr'><strong>sumus;</strong></span> <span class='ocrx_word' id='word_1_133' title='bbox 3077 660 3470 714; x_wconf 70' lang='lat' dir='ltr'><strong>miserabiliores</strong></span> 
     </span>
    </p>
   </div>
   <div class='ocr_carea' id='block_1_20' title="bbox 1873 752 3470 825">
    <p class='ocr_par' dir='ltr' id='par_1_20' title="bbox 1873 752 3470 825">
     <span class='ocr_line' id='line_1_20' title="bbox 1873 752 3470 825; baseline -0.003 -17"><span class='ocrx_word' id='word_1_134' title='bbox 1873 754 2105 808; x_wconf 89' lang='lat' dir='ltr'><strong>omnibus</strong></span> <span class='ocrx_word' id='word_1_135' title='bbox 2120 754 2409 808; x_wconf 83' lang='lat' dir='ltr'><strong>hominibus</strong></span> <span class='ocrx_word' id='word_1_136' title='bbox 2435 770 2611 809; x_wconf 88' lang='lat' dir='ltr'><strong>sumus</strong></span> <span class='ocrx_word' id='word_1_137' title='bbox 2645 754 2685 825; x_wconf 93' lang='lat' dir='ltr'><strong>(I</strong></span> <span class='ocrx_word' id='word_1_138' title='bbox 2717 752 2833 807; x_wconf 87' lang='lat' dir='ltr'><strong>Cor.</strong></span> <span class='ocrx_word' id='word_1_139' title='bbox 2866 752 3088 824; x_wconf 76' lang='lat' dir='ltr'><strong>xv,l9).</strong></span> <span class='ocrx_word' id='word_1_140' title='bbox 3108 752 3225 807; x_wconf 67' lang='lat' dir='ltr'><strong>\‘ita</strong></span> <span class='ocrx_word' id='word_1_141' title='bbox 3261 754 3470 816; x_wconf 89' lang='lat' dir='ltr'><strong>mundi,</strong></span> 
     </span>
    </p>
   </div>
   <div class='ocr_carea' id='block_1_21' title="bbox 1877 845 3477 915">
    <p class='ocr_par' dir='ltr' id='par_1_21' title="bbox 1877 845 3477 915">
     <span class='ocr_line' id='line_1_21' title="bbox 1877 845 3477 915; baseline -0.001 -17"><span class='ocrx_word' id='word_1_142' title='bbox 1877 854 1931 898; x_wconf 91' lang='lat' dir='ltr'><strong>et</strong></span> <span class='ocrx_word' id='word_1_143' title='bbox 1961 846 2276 915; x_wconf 86' lang='lat' dir='ltr'><strong>pecudibus,</strong></span> <span class='ocrx_word' id='word_1_144' title='bbox 2312 855 2364 902; x_wconf 91' lang='lat' dir='ltr'><strong>et</strong></span> <span class='ocrx_word' id='word_1_145' title='bbox 2396 845 2545 912; x_wconf 88' lang='lat' dir='ltr'><strong>feris,</strong></span> <span class='ocrx_word' id='word_1_146' title='bbox 2572 856 2626 902; x_wconf 89' lang='lat' dir='ltr'><strong>et</strong></span> <span class='ocrx_word' id='word_1_147' title='bbox 2650 846 2892 907; x_wconf 86' lang='lat' dir='ltr'><strong>alitibus,</strong></span> <span class='ocrx_word' id='word_1_148' title='bbox 2918 855 2977 900; x_wconf 91' lang='lat' dir='ltr'><strong>ut</strong></span> <span class='ocrx_word' id='word_1_149' title='bbox 3003 845 3205 901; x_wconf 79' lang='lat' dir='ltr'><strong>videtis</strong></span> <span class='ocrx_word' id='word_1_150' title='bbox 3239 847 3358 915; x_wconf 87' lang='lat' dir='ltr'><strong>ipsi,</strong></span> <span class='ocrx_word' id='word_1_151' title='bbox 3386 856 3477 898; x_wconf 84' lang='lat' dir='ltr'><strong>aut</strong></span> 
     </span>
    </p>
   </div>
   <div class='ocr_carea' id='block_1_22' title="bbox 1878 938 3479 1009">
    <p class='ocr_par' dir='ltr' id='par_1_22' title="bbox 1878 938 3479 1009">
     <span class='ocr_line' id='line_1_22' title="bbox 1878 938 3479 1009; baseline -0.001 -17"><span class='ocrx_word' id='word_1_152' title='bbox 1878 938 2158 993; x_wconf 84' lang='lat' dir='ltr'><strong>nobiscum</strong></span> <span class='ocrx_word' id='word_1_153' title='bbox 2206 952 2289 995; x_wconf 91' lang='lat' dir='ltr'><strong>est</strong></span> <span class='ocrx_word' id='word_1_154' title='bbox 2318 940 2624 994; x_wconf 88' lang='lat' dir='ltr'><strong>communis</strong></span> <span class='ocrx_word' id='word_1_155' title='bbox 2650 981 2665 1005; x_wconf 91' lang='lat'><strong>,</strong></span> <span class='ocrx_word' id='word_1_156' title='bbox 2693 948 2785 992; x_wconf 89' lang='lat' dir='ltr'><strong>attt</strong></span> <span class='ocrx_word' id='word_1_157' title='bbox 2837 939 3068 1009; x_wconf 82' lang='lat' dir='ltr'><strong>longior.</strong></span> <span class='ocrx_word' id='word_1_158' title='bbox 3106 939 3173 992; x_wconf 82' lang='lat' dir='ltr'><strong>Et</strong></span> <span class='ocrx_word' id='word_1_159' title='bbox 3213 938 3347 991; x_wconf 89' lang='lat' dir='ltr'><strong>illud</strong></span> <span class='ocrx_word' id='word_1_160' title='bbox 3384 939 3479 990; x_wconf 88' lang='lat' dir='ltr'><strong>bo-</strong></span> 
     </span>
    </p>
   </div>
   <div class='ocr_carea' id='block_1_23' title="bbox 1880 1029 3475 1111">
    <p class='ocr_par' dir='ltr' id='par_1_23' title="bbox 1880 1029 3475 1111">
     <span class='ocr_line' id='line_1_23' title="bbox 1880 1029 3475 1111; baseline -0.003 -24"><span class='ocrx_word' id='word_1_161' title='bbox 1880 1032 2011 1087; x_wconf 89' lang='lat' dir='ltr'><strong>mini</strong></span> <span class='ocrx_word' id='word_1_162' title='bbox 2040 1035 2340 1111; x_wconf 85' lang='lat' dir='ltr'><strong>proprium,</strong></span> <span class='ocrx_word' id='word_1_163' title='bbox 2366 1032 2507 1104; x_wconf 89' lang='lat' dir='ltr'><strong>quod</strong></span> <span class='ocrx_word' id='word_1_164' title='bbox 2543 1048 2638 1101; x_wconf 88' lang='lat' dir='ltr'><strong>per</strong></span> <span class='ocrx_word' id='word_1_165' title='bbox 2664 1033 2927 1103; x_wconf 90' lang='lat' dir='ltr'><strong>Spiritum</strong></span> <span class='ocrx_word' id='word_1_166' title='bbox 2962 1032 3117 1086; x_wconf 80' lang='lat' dir='ltr'><strong>suum</strong></span> <span class='ocrx_word' id='word_1_167' title='bbox 3146 1031 3292 1087; x_wconf 89' lang='lat' dir='ltr'><strong>dedit</strong></span> <span class='ocrx_word' id='word_1_168' title='bbox 3317 1029 3475 1085; x_wconf 86' lang='lat' dir='ltr'><strong>Chri-</strong></span> 
     </span>
    </p>
   </div>
   <div class='ocr_carea' id='block_1_24' title="bbox 1880 1125 3478 1197">
    <p class='ocr_par' dir='ltr' id='par_1_24' title="bbox 1880 1125 3478 1197">
     <span class='ocr_line' id='line_1_24' title="bbox 1880 1125 3478 1197; baseline -0.001 -18"><span class='ocrx_word' id='word_1_169' title='bbox 1880 1136 2027 1188; x_wconf 89' lang='lat' dir='ltr'><strong>stus;</strong></span> <span class='ocrx_word' id='word_1_170' title='bbox 2070 1126 2119 1180; x_wconf 90' lang='lat' dir='ltr'><strong>id</strong></span> <span class='ocrx_word' id='word_1_171' title='bbox 2161 1128 2375 1183; x_wconf 77' lang='lat' dir='ltr'><strong>estvita</strong></span> <span class='ocrx_word' id='word_1_172' title='bbox 2417 1136 2709 1197; x_wconf 85' lang='lat' dir='ltr'><strong>perpetua;</strong></span> <span class='ocrx_word' id='word_1_173' title='bbox 2757 1126 2851 1181; x_wconf 85' lang='lat' dir='ltr'><strong>sed</strong></span> <span class='ocrx_word' id='word_1_174' title='bbox 2885 1127 2929 1180; x_wconf 89' lang='lat' dir='ltr'><strong>si</strong></span> <span class='ocrx_word' id='word_1_175' title='bbox 2971 1125 3081 1194; x_wconf 87' lang='lat' dir='ltr'><strong>jam</strong></span> <span class='ocrx_word' id='word_1_176' title='bbox 3133 1139 3239 1180; x_wconf 90' lang='lat' dir='ltr'><strong>non</strong></span> <span class='ocrx_word' id='word_1_177' title='bbox 3283 1139 3478 1194; x_wconf 88' lang='lat' dir='ltr'><strong>pecca-</strong></span> 
     </span>
    </p>
   </div>
   <div class='ocr_carea' id='block_1_25' title="bbox 1881 1215 3476 1287">
    <p class='ocr_par' dir='ltr' id='par_1_25' title="bbox 1881 1215 3476 1287">
     <span class='ocr_line' id='line_1_25' title="bbox 1881 1215 3476 1287; baseline -0.004 -14"><span class='ocrx_word' id='word_1_178' title='bbox 1881 1233 2004 1273; x_wconf 88' lang='lat' dir='ltr'><strong>mus</strong></span> <span class='ocrx_word' id='word_1_179' title='bbox 2049 1218 2301 1287; x_wconf 83' lang='lat' dir='ltr'><strong>amplius.</strong></span> <span class='ocrx_word' id='word_1_180' title='bbox 2345 1217 2479 1285; x_wconf 85' lang='lat' dir='ltr'><strong>Quia</strong></span> <span class='ocrx_word' id='word_1_181' title='bbox 2512 1218 2651 1273; x_wconf 84' lang='lat' dir='ltr'><strong>sicut</strong></span> <span class='ocrx_word' id='word_1_182' title='bbox 2691 1233 2837 1273; x_wconf 90' lang='lat' dir='ltr'><strong>mors</strong></span> <span class='ocrx_word' id='word_1_183' title='bbox 2881 1218 3090 1272; x_wconf 87' lang='lat' dir='ltr'><strong>scelere</strong></span> <span class='ocrx_word' id='word_1_184' title='bbox 3135 1215 3476 1286; x_wconf 82' lang='lat' dir='ltr'><strong>acquiritur,</strong></span> 
     </span>
    </p>
   </div>
   <div class='ocr_carea' id='block_1_26' title="bbox 1879 1306 3478 1376">
    <p class='ocr_par' dir='ltr' id='par_1_26' title="bbox 1879 1306 3478 1376">
     <span class='ocr_line' id='line_1_26' title="bbox 1879 1306 3478 1376; baseline -0.001 -14"><span class='ocrx_word' id='word_1_185' title='bbox 1879 1310 2084 1364; x_wconf 87' lang='lat' dir='ltr'><strong>virtute</strong></span> <span class='ocrx_word' id='word_1_186' title='bbox 2117 1312 2345 1376; x_wconf 81' lang='lat' dir='ltr'><strong>vitatur;</strong></span> <span class='ocrx_word' id='word_1_187' title='bbox 2376 1312 2448 1365; x_wconf 87' lang='lat' dir='ltr'><strong>ita</strong></span> <span class='ocrx_word' id='word_1_188' title='bbox 2478 1308 2583 1363; x_wconf 86' lang='lat' dir='ltr'><strong>vita</strong></span> <span class='ocrx_word' id='word_1_189' title='bbox 2616 1310 2914 1364; x_wconf 84' lang='lat' dir='ltr'><strong>sceleribus</strong></span> <span class='ocrx_word' id='word_1_190' title='bbox 2942 1310 3243 1373; x_wconf 90' lang='lat' dir='ltr'><strong>amittitur,</strong></span> <span class='ocrx_word' id='word_1_191' title='bbox 3277 1306 3478 1361; x_wconf 89' lang='lat' dir='ltr'><strong>virtute</strong></span> 
     </span>
    </p>
   </div>
   <div class='ocr_carea' id='block_1_27' title="bbox 1882 1399 3477 1471">
    <p class='ocr_par' dir='ltr' id='par_1_27' title="bbox 1882 1399 3477 1471">
     <span class='ocr_line' id='line_1_27' title="bbox 1882 1399 3477 1471; baseline -0.004 -15"><span class='ocrx_word' id='word_1_192' title='bbox 1882 1403 2172 1457; x_wconf 84' lang='lat' dir='ltr'><strong>retinetur.</strong></span> <span class='ocrx_word' id='word_1_193' title='bbox 2207 1402 2480 1470; x_wconf 71' lang='lat' dir='ltr'><strong>Stipendia</strong></span> <span class='ocrx_word' id='word_1_194' title='bbox 2507 1417 2628 1471; x_wconf 82' lang='lat' dir='ltr'><strong>ergo</strong></span> <span class='ocrx_word' id='word_1_195' title='bbox 2677 1404 2868 1467; x_wconf 75' lang='lat' dir='ltr'><strong>peccati</strong></span> <span class='ocrx_word' id='word_1_196' title='bbox 2899 1416 3065 1453; x_wconf 86' lang='lat' dir='ltr'><strong>mors:</strong></span> <span class='ocrx_word' id='word_1_197' title='bbox 3112 1401 3301 1452; x_wconf 89' lang='lat' dir='ltr'><strong>donum</strong></span> <span class='ocrx_word' id='word_1_198' title='bbox 3348 1399 3477 1463; x_wconf 76' lang='lat' dir='ltr'><strong>Dei,</strong></span> 
     </span>
    </p>
   </div>
   <div class='ocr_carea' id='block_1_28' title="bbox 1883 1492 3482 1563">
    <p class='ocr_par' dir='ltr' id='par_1_28' title="bbox 1883 1492 3482 1563">
     <span class='ocr_line' id='line_1_28' title="bbox 1883 1492 3482 1563; baseline -0.003 -15"><span class='ocrx_word' id='word_1_199' title='bbox 1883 1496 1987 1549; x_wconf 78' lang='lat' dir='ltr'><strong>vita</strong></span> <span class='ocrx_word' id='word_1_200' title='bbox 2034 1504 2224 1548; x_wconf 68' lang='lat' dir='ltr'><strong>(eterna</strong></span> <span class='ocrx_word' id='word_1_201' title='bbox 2275 1512 2362 1563; x_wconf 86' lang='lat' dir='ltr'><strong>per</strong></span> <span class='ocrx_word' id='word_1_202' title='bbox 2389 1493 2571 1548; x_wconf 81' lang='lat' dir='ltr'><strong>Jcsum</strong></span> <span class='ocrx_word' id='word_1_203' title='bbox 2618 1492 2880 1548; x_wconf 83' lang='lat' dir='ltr'><strong>Christum</strong></span> <span class='ocrx_word' id='word_1_204' title='bbox 2925 1492 3203 1547; x_wconf 86' lang='lat' dir='ltr'><strong>Dominum</strong></span> <span class='ocrx_word' id='word_1_205' title='bbox 3250 1505 3482 1546; x_wconf 72' lang='lat' dir='ltr'><strong>nostrum</strong></span> 
     </span>
    </p>
   </div>
   <div class='ocr_carea' id='block_1_29' title="bbox 1885 1586 3478 1659">
    <p class='ocr_par' dir='ltr' id='par_1_29' title="bbox 1885 1586 3478 1659">
     <span class='ocr_line' id='line_1_29' title="bbox 1885 1586 3478 1659; baseline -0.003 -16"><span class='ocrx_word' id='word_1_206' title='bbox 1885 1590 2065 1655; x_wconf 76' lang='lat' dir='ltr'><strong>(Rom.</strong></span> <span class='ocrx_word' id='word_1_207' title='bbox 2112 1605 2205 1656; x_wconf 84' lang='lat' dir='ltr'><strong>vr,</strong></span> <span class='ocrx_word' id='word_1_208' title='bbox 2247 1589 2362 1659; x_wconf 71' lang='lat'><strong>25).</strong></span> <span class='ocrx_word' id='word_1_209' title='bbox 2395 1591 2536 1644; x_wconf 81' lang='lat' dir='ltr'><strong>Ante</strong></span> <span class='ocrx_word' id='word_1_210' title='bbox 2575 1589 2760 1642; x_wconf 88' lang='lat' dir='ltr'><strong>omnia</strong></span> <span class='ocrx_word' id='word_1_211' title='bbox 2789 1603 2885 1642; x_wconf 90' lang='lat' dir='ltr'><strong>vos</strong></span> <span class='ocrx_word' id='word_1_212' title='bbox 2926 1588 3190 1652; x_wconf 84' lang='lat' dir='ltr'><strong>retinete,</strong></span> <span class='ocrx_word' id='word_1_213' title='bbox 3227 1586 3435 1657; x_wconf 82' lang='lat' dir='ltr'><strong>parvuli</strong></span> <span class='ocrx_word' id='word_1_214' title='bbox 3467 1604 3478 1639; x_wconf 86' lang='lat'><strong>:</strong></span> 
     </span>
    </p>
   </div>
   <div class='ocr_carea' id='block_1_30' title="bbox 1887 1679 3482 1749">
    <p class='ocr_par' dir='ltr' id='par_1_30' title="bbox 1887 1679 3482 1749">
     <span class='ocr_line' id='line_1_30' title="bbox 1887 1679 3482 1749; baseline -0.003 -14"><span class='ocrx_word' id='word_1_215' title='bbox 1887 1694 2081 1735; x_wconf 84' lang='lat' dir='ltr'><strong>omnes</strong></span> <span class='ocrx_word' id='word_1_216' title='bbox 2108 1679 2403 1749; x_wconf 88' lang='lat' dir='ltr'><strong>aliquando</strong></span> <span class='ocrx_word' id='word_1_217' title='bbox 2429 1691 2618 1749; x_wconf 81' lang='lat' dir='ltr'><strong>gentes</strong></span> <span class='ocrx_word' id='word_1_218' title='bbox 2648 1680 2807 1741; x_wconf 85' lang='lat' dir='ltr'><strong>(sicut</strong></span> <span class='ocrx_word' id='word_1_219' title='bbox 2845 1694 3005 1748; x_wconf 83' lang='lat' dir='ltr'><strong>supra</strong></span> <span class='ocrx_word' id='word_1_220' title='bbox 3036 1680 3301 1749; x_wconf 77' lang='lat' dir='ltr'><strong>diximus)</strong></span> <span class='ocrx_word' id='word_1_221' title='bbox 3334 1680 3482 1747; x_wconf 78' lang='lat' dir='ltr'><strong>priu-</strong></span> 
     </span>
    </p>
   </div>
   <div class='ocr_carea' id='block_1_31' title="bbox 1886 1768 3482 1842">
    <p class='ocr_par' dir='ltr' id='par_1_31' title="bbox 1886 1768 3482 1842">
     <span class='ocr_line' id='line_1_31' title="bbox 1886 1768 3482 1842; baseline -0.004 -15"><span class='ocrx_word' id='word_1_222' title='bbox 1886 1773 2100 1842; x_wconf 86' lang='lat' dir='ltr'><strong>cipibns</strong></span> <span class='ocrx_word' id='word_1_223' title='bbox 2145 1771 2489 1825; x_wconf 75' lang='lat' dir='ltr'><strong>tenebrarum</strong></span> <span class='ocrx_word' id='word_1_224' title='bbox 2527 1779 2581 1826; x_wconf 89' lang='lat' dir='ltr'><strong>et</strong></span> <span class='ocrx_word' id='word_1_225' title='bbox 2631 1770 2989 1840; x_wconf 86' lang='lat' dir='ltr'><strong>potestatibus</strong></span> <span class='ocrx_word' id='word_1_226' title='bbox 3035 1768 3292 1833; x_wconf 85' lang='lat' dir='ltr'><strong>traditas;</strong></span> <span class='ocrx_word' id='word_1_227' title='bbox 3338 1785 3482 1821; x_wconf 85' lang='lat' dir='ltr'><strong>tumc</strong></span> 
     </span>
    </p>
   </div>
   <div class='ocr_carea' id='block_1_32' title="bbox 1890 1861 3481 1935">
    <p class='ocr_par' dir='ltr' id='par_1_32' title="bbox 1890 1861 3481 1935">
     <span class='ocr_line' id='line_1_32' title="bbox 1890 1861 3481 1935; baseline -0.005 -16"><span class='ocrx_word' id='word_1_228' title='bbox 1890 1882 1987 1935; x_wconf 85' lang='lat' dir='ltr'><strong>per</strong></span> <span class='ocrx_word' id='word_1_229' title='bbox 2024 1865 2151 1920; x_wconf 77' lang='lat' dir='ltr'><strong>Jesu</strong></span> <span class='ocrx_word' id='word_1_230' title='bbox 2184 1864 2383 1920; x_wconf 87' lang='lat' dir='ltr'><strong>Christi</strong></span> <span class='ocrx_word' id='word_1_231' title='bbox 2421 1864 2628 1918; x_wconf 87' lang='lat' dir='ltr'><strong>Domini</strong></span> <span class='ocrx_word' id='word_1_232' title='bbox 2663 1864 2831 1917; x_wconf 85' lang='lat' dir='ltr'><strong>nostri</strong></span> <span class='ocrx_word' id='word_1_233' title='bbox 2876 1862 3157 1915; x_wconf 88' lang='lat' dir='ltr'><strong>victoriam</strong></span> <span class='ocrx_word' id='word_1_234' title='bbox 3204 1861 3481 1914; x_wconf 82' lang='lat' dir='ltr'><strong>liberatas.</strong></span> 
     </span>
    </p>
   </div>
   <div class='ocr_carea' id='block_1_33' title="bbox 193 1952 3485 2027">
    <p class='ocr_par' dir='ltr' id='par_1_33' title="bbox 193 1952 3485 2027">
     <span class='ocr_line' id='line_1_33' title="bbox 193 1952 3485 2027; baseline -0.002 -18"><span class='ocrx_word' id='word_1_235' title='bbox 193 1955 309 2021; x_wconf 88' lang='lat' dir='ltr'><strong>dit;</strong></span> <span class='ocrx_word' id='word_1_236' title='bbox 346 1964 441 2009; x_wconf 87' lang='lat' dir='ltr'><strong>attt</strong></span> <span class='ocrx_word' id='word_1_237' title='bbox 470 1957 689 2024; x_wconf 88' lang='lat' dir='ltr'><strong>genitus</strong></span> <span class='ocrx_word' id='word_1_238' title='bbox 709 1972 738 2010; x_wconf 86' lang='lat' dir='ltr'><strong>a</strong></span> <span class='ocrx_word' id='word_1_239' title='bbox 769 1958 1009 2021; x_wconf 77' lang='lat' dir='ltr'><strong>Christo,</strong></span> <span class='ocrx_word' id='word_1_240' title='bbox 1034 1961 1122 2026; x_wconf 90' lang='lat' dir='ltr'><strong>qui</strong></span> <span class='ocrx_word' id='word_1_241' title='bbox 1152 1959 1400 2027; x_wconf 86' lang='lat' dir='ltr'><strong>spiritum</strong></span> <span class='ocrx_word' id='word_1_242' title='bbox 1428 1960 1541 2026; x_wconf 81' lang='lat' dir='ltr'><strong>ipse</strong></span> <span class='ocrx_word' id='word_1_243' title='bbox 1573 1974 1677 2012; x_wconf 90' lang='lat' dir='ltr'><strong>non</strong></span> <span class='ocrx_word' id='word_1_244' title='bbox 1710 1976 1785 2013; x_wconf 88' lang='lat' dir='ltr'><strong>re-</strong></span> <span class='ocrx_word' id='word_1_245' title='bbox 1814 1955 1863 2015; x_wconf 89' lang='lat' dir='ltr'><strong>B</strong></span> <span class='ocrx_word' id='word_1_246' title='bbox 1892 1957 1982 2012; x_wconf 86' lang='lat' dir='ltr'><strong>Ille</strong></span> <span class='ocrx_word' id='word_1_247' title='bbox 2012 1968 2115 2019; x_wconf 91' lang='lat' dir='ltr'><strong>cst,</strong></span> <span class='ocrx_word' id='word_1_248' title='bbox 2147 1956 2239 2010; x_wconf 89' lang='lat' dir='ltr'><strong>ille</strong></span> <span class='ocrx_word' id='word_1_249' title='bbox 2267 1958 2356 2027; x_wconf 88' lang='lat' dir='ltr'><strong>qui</strong></span> <span class='ocrx_word' id='word_1_250' title='bbox 2391 1955 2628 2021; x_wconf 81' lang='lat' dir='ltr'><strong>redimit,</strong></span> <span class='ocrx_word' id='word_1_251' title='bbox 2663 1956 2861 2007; x_wconf 77' lang='lat' dir='ltr'><strong>donuns</strong></span> <span class='ocrx_word' id='word_1_252' title='bbox 2885 1954 3028 2006; x_wconf 88' lang='lat' dir='ltr'><strong>nobis</strong></span> <span class='ocrx_word' id='word_1_253' title='bbox 3060 1952 3231 2007; x_wconf 88' lang='lat' dir='ltr'><strong>omnia</strong></span> <span class='ocrx_word' id='word_1_254' title='bbox 3260 1960 3485 2021; x_wconf 81' lang='lat' dir='ltr'><strong>peccata,</strong></span> 
     </span>
    </p>
   </div>
   <div class='ocr_carea' id='block_1_34' title="bbox 191 2048 1793 2121">
    <p class='ocr_par' dir='ltr' id='par_1_34' title="bbox 191 2048 1793 2121">
     <span class='ocr_line' id='line_1_34' title="bbox 191 2048 1793 2121; baseline 0.003 -18"><span class='ocrx_word' id='word_1_255' title='bbox 191 2050 361 2116; x_wconf 86' lang='lat' dir='ltr'><strong>cepit.</strong></span> <span class='ocrx_word' id='word_1_256' title='bbox 402 2048 749 2103; x_wconf 90' lang='lat' dir='ltr'><strong>Credeudum</strong></span> <span class='ocrx_word' id='word_1_257' title='bbox 801 2062 880 2105; x_wconf 89' lang='lat' dir='ltr'><strong>est</strong></span> <span class='ocrx_word' id='word_1_258' title='bbox 923 2052 1082 2120; x_wconf 80' lang='lat' dir='ltr'><strong>igitur</strong></span> <span class='ocrx_word' id='word_1_259' title='bbox 1131 2066 1291 2121; x_wconf 76' lang='lat' dir='ltr'><strong>posse</strong></span> <span class='ocrx_word' id='word_1_260' title='bbox 1340 2067 1437 2105; x_wconf 86' lang='lat' dir='ltr'><strong>nos</strong></span> <span class='ocrx_word' id='word_1_261' title='bbox 1486 2053 1651 2106; x_wconf 86' lang='lat' dir='ltr'><strong>nasci.</strong></span> <span class='ocrx_word' id='word_1_262' title='bbox 1703 2052 1793 2109; x_wconf 87' lang='lat' dir='ltr'><strong>Sic</strong></span> 
     </span>
    </p>
   </div>
   <div class='ocr_carea' id='block_1_35' title="bbox 190 2140 1789 2217">
    <p class='ocr_par' dir='ltr' id='par_1_35' title="bbox 190 2140 1789 2217">
     <span class='ocr_line' id='line_1_35' title="bbox 190 2140 1789 2217; baseline 0.003 -23"><span class='ocrx_word' id='word_1_263' title='bbox 190 2140 337 2194; x_wconf 89' lang='lat' dir='ltr'><strong>enim</strong></span> <span class='ocrx_word' id='word_1_264' title='bbox 376 2150 450 2194; x_wconf 84' lang='lat' dir='ltr'><strong>att</strong></span> <span class='ocrx_word' id='word_1_265' title='bbox 495 2141 817 2210; x_wconf 82' lang='lat' dir='ltr'><strong>Philippus:</strong></span> <span class='ocrx_word' id='word_1_266' title='bbox 853 2144 913 2197; x_wconf 85' lang='lat' dir='ltr'><strong>Si</strong></span> <span class='ocrx_word' id='word_1_267' title='bbox 944 2144 1131 2209; x_wconf 85' lang='lat' dir='ltr'><strong>credis,</strong></span> <span class='ocrx_word' id='word_1_268' title='bbox 1181 2154 1322 2212; x_wconf 89' lang='lat' dir='ltr'><strong>potes</strong></span> <span class='ocrx_word' id='word_1_269' title='bbox 1353 2144 1492 2216; x_wconf 81' lang='lat' dir='ltr'><strong>(Act.</strong></span> <span class='ocrx_word' id='word_1_270' title='bbox 1522 2160 1639 2208; x_wconf 86' lang='lat' dir='ltr'><strong>vnt,</strong></span> <span class='ocrx_word' id='word_1_271' title='bbox 1677 2144 1789 2217; x_wconf 75' lang='lat'><strong>37).</strong></span> 
     </span>
    </p>
   </div>
   <div class='ocr_carea' id='block_1_36' title="bbox 193 2233 1793 2306">
    <p class='ocr_par' dir='ltr' id='par_1_36' title="bbox 193 2233 1793 2306">
     <span class='ocr_line' id='line_1_36' title="bbox 193 2233 1793 2306; baseline 0.003 -18"><span class='ocrx_word' id='word_1_272' title='bbox 193 2234 561 2302; x_wconf 76' lang='lat' dir='ltr'><strong>Recipieudus</strong></span> <span class='ocrx_word' id='word_1_273' title='bbox 588 2243 669 2287; x_wconf 82' lang='lat' dir='ltr'><strong>est</strong></span> <span class='ocrx_word' id='word_1_274' title='bbox 706 2233 953 2289; x_wconf 79' lang='lat' dir='ltr'><strong>Christus</strong></span> <span class='ocrx_word' id='word_1_275' title='bbox 993 2246 1051 2289; x_wconf 90' lang='lat' dir='ltr'><strong>nt</strong></span> <span class='ocrx_word' id='word_1_276' title='bbox 1081 2247 1331 2306; x_wconf 77' lang='lat' dir='ltr'><strong>generet,</strong></span> <span class='ocrx_word' id='word_1_277' title='bbox 1362 2240 1484 2306; x_wconf 83' lang='lat' dir='ltr'><strong>quia</strong></span> <span class='ocrx_word' id='word_1_278' title='bbox 1523 2238 1600 2291; x_wconf 85' lang='lat' dir='ltr'><strong>sic</strong></span> <span class='ocrx_word' id='word_1_279' title='bbox 1625 2237 1793 2293; x_wconf 79' lang='lat' dir='ltr'><strong>Joan-</strong></span> 
     </span>
    </p>
   </div>
   <div class='ocr_carea' id='block_1_37' title="bbox 195 2328 1796 2399">
    <p class='ocr_par' dir='ltr' id='par_1_37' title="bbox 195 2328 1796 2399">
     <span class='ocr_line' id='line_1_37' title="bbox 195 2328 1796 2399; baseline 0.002 -19"><span class='ocrx_word' id='word_1_280' title='bbox 195 2342 295 2381; x_wconf 86' lang='lat' dir='ltr'><strong>nes</strong></span> <span class='ocrx_word' id='word_1_281' title='bbox 327 2328 604 2395; x_wconf 81' lang='lat' dir='ltr'><strong>apostolus</strong></span> <span class='ocrx_word' id='word_1_282' title='bbox 636 2328 768 2382; x_wconf 90' lang='lat' dir='ltr'><strong>dicit</strong></span> <span class='ocrx_word' id='word_1_283' title='bbox 798 2346 810 2380; x_wconf 90' lang='lat'><strong>:</strong></span> <span class='ocrx_word' id='word_1_284' title='bbox 844 2329 1097 2397; x_wconf 81' lang='lat' dir='ltr'><strong>Quotquot</strong></span> <span class='ocrx_word' id='word_1_285' title='bbox 1138 2346 1252 2382; x_wconf 87' lang='lat' dir='ltr'><strong>eum</strong></span> <span class='ocrx_word' id='word_1_286' title='bbox 1290 2340 1611 2399; x_wconf 80' lang='lat' dir='ltr'><strong>receperunt,</strong></span> <span class='ocrx_word' id='word_1_287' title='bbox 1655 2331 1796 2383; x_wconf 80' lang='lat' dir='ltr'><strong>dedit</strong></span> 
     </span>
    </p>
   </div>
   <div class='ocr_carea' id='block_1_38' title="bbox 194 2418 1799 2491">
    <p class='ocr_par' dir='ltr' id='par_1_38' title="bbox 194 2418 1799 2491">
     <span class='ocr_line' id='line_1_38' title="bbox 194 2418 1799 2491; baseline 0.002 -19"><span class='ocrx_word' id='word_1_288' title='bbox 194 2420 272 2473; x_wconf 88' lang='lat' dir='ltr'><strong>eis</strong></span> <span class='ocrx_word' id='word_1_289' title='bbox 300 2429 601 2487; x_wconf 86' lang='lat' dir='ltr'><strong>potestatem</strong></span> <span class='ocrx_word' id='word_1_290' title='bbox 642 2421 779 2487; x_wconf 85' lang='lat' dir='ltr'><strong>ﬁlios</strong></span> <span class='ocrx_word' id='word_1_291' title='bbox 818 2418 916 2473; x_wconf 86' lang='lat' dir='ltr'><strong>Dei</strong></span> <span class='ocrx_word' id='word_1_292' title='bbox 955 2421 1066 2488; x_wconf 74' lang='lat' dir='ltr'><strong>ﬁeri</strong></span> <span class='ocrx_word' id='word_1_293' title='bbox 1109 2419 1288 2489; x_wconf 84' lang='lat' dir='ltr'><strong>(Joan.</strong></span> <span class='ocrx_word' id='word_1_294' title='bbox 1324 2436 1368 2481; x_wconf 85' lang='grc' dir='ltr'>ι,</span> <span class='ocrx_word' id='word_1_295' title='bbox 1402 2420 1512 2491; x_wconf 69' lang='grc' dir='ltr'>η).</span> <span class='ocrx_word' id='word_1_296' title='bbox 1547 2421 1671 2475; x_wconf 66' lang='grc' dir='ltr'><strong>ηερ</strong></span> <span class='ocrx_word' id='word_1_297' title='bbox 1704 2437 1799 2475; x_wconf 86' lang='lat' dir='ltr'><strong>au-</strong></span> 
     </span>
    </p>
   </div>
   <div class='ocr_carea' id='block_1_39' title="bbox 196 2512 1797 2581">
    <p class='ocr_par' dir='ltr' id='par_1_39' title="bbox 196 2512 1797 2581">
     <span class='ocr_line' id='line_1_39' title="bbox 196 2512 1797 2581; baseline 0.002 -18"><span class='ocrx_word' id='word_1_298' title='bbox 196 2521 305 2566; x_wconf 88' lang='lat' dir='ltr'><strong>tent</strong></span> <span class='ocrx_word' id='word_1_299' title='bbox 330 2512 589 2579; x_wconf 88' lang='lat' dir='ltr'><strong>compleri</strong></span> <span class='ocrx_word' id='word_1_300' title='bbox 624 2513 757 2564; x_wconf 76' lang='lat' dir='ltr'><strong>alias</strong></span> <span class='ocrx_word' id='word_1_301' title='bbox 788 2521 1094 2581; x_wconf 70' lang='lat' dir='ltr'><strong>nequeunt,</strong></span> <span class='ocrx_word' id='word_1_302' title='bbox 1130 2513 1230 2565; x_wconf 90' lang='lat' dir='ltr'><strong>nisi</strong></span> <span class='ocrx_word' id='word_1_303' title='bbox 1286 2513 1483 2566; x_wconf 82' lang='lat' dir='ltr'><strong>lavacri</strong></span> <span class='ocrx_word' id='word_1_304' title='bbox 1524 2523 1578 2566; x_wconf 90' lang='lat' dir='ltr'><strong>et</strong></span> <span class='ocrx_word' id='word_1_305' title='bbox 1624 2512 1797 2567; x_wconf 85' lang='lat' dir='ltr'><strong>chris-</strong></span> 
     </span>
    </p>
   </div>
   <div class='ocr_carea' id='block_1_40' title="bbox 198 2602 1798 2673">
    <p class='ocr_par' dir='ltr' id='par_1_40' title="bbox 198 2602 1798 2673">
     <span class='ocr_line' id='line_1_40' title="bbox 198 2602 1798 2673; baseline 0.003 -18"><span class='ocrx_word' id='word_1_306' title='bbox 198 2604 363 2656; x_wconf 81' lang='lat' dir='ltr'><strong>matis</strong></span> <span class='ocrx_word' id='word_1_307' title='bbox 393 2612 447 2656; x_wconf 87' lang='lat' dir='ltr'><strong>et</strong></span> <span class='ocrx_word' id='word_1_308' title='bbox 491 2603 753 2657; x_wconf 87' lang='lat' dir='ltr'><strong>antistitis</strong></span> <span class='ocrx_word' id='word_1_309' title='bbox 787 2614 1148 2657; x_wconf 66' lang='lat' dir='ltr'><strong>sacramento.</strong></span> <span class='ocrx_word' id='word_1_310' title='bbox 1189 2602 1431 2656; x_wconf 85' lang='lat' dir='ltr'><strong>Lavacro</strong></span> <span class='ocrx_word' id='word_1_311' title='bbox 1481 2605 1626 2657; x_wconf 92' lang='lat' dir='ltr'><strong>enim</strong></span> <span class='ocrx_word' id='word_1_312' title='bbox 1676 2618 1798 2673; x_wconf 89' lang='lat' dir='ltr'><strong>pec-</strong></span> 
     </span>
    </p>
   </div>
   <div class='ocr_carea' id='block_1_41' title="bbox 195 2699 1798 2769">
    <p class='ocr_par' dir='ltr' id='par_1_41' title="bbox 195 2699 1798 2769">
     <span class='ocr_line' id='line_1_41' title="bbox 195 2699 1798 2769; baseline 0.001 -18"><span class='ocrx_word' id='word_1_313' title='bbox 195 2707 317 2751; x_wconf 88' lang='lat' dir='ltr'><strong>cata</strong></span> <span class='ocrx_word' id='word_1_314' title='bbox 351 2709 678 2765; x_wconf 84' lang='lat' dir='ltr'><strong>purgantur;</strong></span> <span class='ocrx_word' id='word_1_315' title='bbox 712 2699 1008 2752; x_wconf 78' lang='lat' dir='ltr'><strong>chrismate</strong></span> <span class='ocrx_word' id='word_1_316' title='bbox 1054 2708 1273 2752; x_wconf 90' lang='lat' dir='ltr'><strong>sanctus</strong></span> <span class='ocrx_word' id='word_1_317' title='bbox 1322 2700 1556 2768; x_wconf 82' lang='lat' dir='ltr'><strong>Spiritus</strong></span> <span class='ocrx_word' id='word_1_318' title='bbox 1607 2716 1798 2769; x_wconf 89' lang='lat' dir='ltr'><strong>supcr-</strong></span> 
     </span>
    </p>
   </div>
   <div class='ocr_carea' id='block_1_42' title="bbox 200 2790 1801 2859">
    <p class='ocr_par' dir='ltr' id='par_1_42' title="bbox 200 2790 1801 2859">
     <span class='ocr_line' id='line_1_42' title="bbox 200 2790 1801 2859; baseline 0.002 -17"><span class='ocrx_word' id='word_1_319' title='bbox 200 2790 478 2851; x_wconf 86' lang='lat' dir='ltr'><strong>fnnditur;</strong></span> <span class='ocrx_word' id='word_1_320' title='bbox 512 2800 739 2859; x_wconf 83' lang='lat' dir='ltr'><strong>utraque</strong></span> <span class='ocrx_word' id='word_1_321' title='bbox 768 2806 896 2843; x_wconf 90' lang='lat' dir='ltr'><strong>vero</strong></span> <span class='ocrx_word' id='word_1_322' title='bbox 941 2793 1062 2851; x_wconf 87' lang='lat' dir='ltr'><strong>ista,</strong></span> <span class='ocrx_word' id='word_1_323' title='bbox 1114 2805 1277 2843; x_wconf 84' lang='lat' dir='ltr'><strong>manu</strong></span> <span class='ocrx_word' id='word_1_324' title='bbox 1304 2800 1360 2844; x_wconf 87' lang='lat' dir='ltr'><strong>et</strong></span> <span class='ocrx_word' id='word_1_325' title='bbox 1403 2806 1499 2844; x_wconf 92' lang='lat' dir='ltr'><strong>ore</strong></span> <span class='ocrx_word' id='word_1_326' title='bbox 1539 2794 1801 2847; x_wconf 82' lang='lat' dir='ltr'><strong>antistitis</strong></span> 
     </span>
    </p>
   </div>
   <div class='ocr_carea' id='block_1_43' title="bbox 200 2884 1804 2953">
    <p class='ocr_par' dir='ltr' id='par_1_43' title="bbox 200 2884 1804 2953">
     <span class='ocr_line' id='line_1_43' title="bbox 200 2884 1804 2953; baseline 0.001 -15"><span class='ocrx_word' id='word_1_327' title='bbox 200 2884 560 2952; x_wconf 83' lang='lat' dir='ltr'><strong>impetramus</strong></span> <span class='ocrx_word' id='word_1_328' title='bbox 591 2902 603 2936; x_wconf 86' lang='lat'><strong>:</strong></span> <span class='ocrx_word' id='word_1_329' title='bbox 637 2895 797 2953; x_wconf 86' lang='lat' dir='ltr'><strong>alque</strong></span> <span class='ocrx_word' id='word_1_330' title='bbox 843 2885 912 2936; x_wconf 90' lang='lat' dir='ltr'><strong>ita</strong></span> <span class='ocrx_word' id='word_1_331' title='bbox 948 2894 1091 2937; x_wconf 87' lang='lat' dir='ltr'><strong>totus</strong></span> <span class='ocrx_word' id='word_1_332' title='bbox 1122 2884 1283 2937; x_wconf 88' lang='lat' dir='ltr'><strong>homo</strong></span> <span class='ocrx_word' id='word_1_333' title='bbox 1311 2885 1613 2939; x_wconf 83' lang='lat' dir='ltr'><strong>renascitur</strong></span> <span class='ocrx_word' id='word_1_334' title='bbox 1641 2896 1695 2939; x_wconf 89' lang='lat' dir='ltr'><strong>ct</strong></span> <span class='ocrx_word' id='word_1_335' title='bbox 1724 2888 1804 2940; x_wconf 86' lang='lat' dir='ltr'><strong>iu-</strong></span> 
     </span>
    </p>
   </div>
   <div class='ocr_carea' id='block_1_44' title="bbox 204 2978 1803 3041">
    <p class='ocr_par' dir='ltr' id='par_1_44' title="bbox 204 2978 1803 3041">
     <span class='ocr_line' id='line_1_44' title="bbox 204 2978 1803 3041; baseline 0.001 -10"><span class='ocrx_word' id='word_1_336' title='bbox 204 2989 437 3031; x_wconf 80' lang='lat' dir='ltr'><strong>novatur</strong></span> <span class='ocrx_word' id='word_1_337' title='bbox 481 2978 531 3030; x_wconf 86' lang='lat' dir='ltr'><strong>iit</strong></span> <span class='ocrx_word' id='word_1_338' title='bbox 584 2978 833 3041; x_wconf 63' lang='lat' dir='ltr'><strong>Christo;</strong></span> <span class='ocrx_word' id='word_1_339' title='bbox 894 2989 945 3030; x_wconf 88' lang='lat' dir='ltr'><strong>ut</strong></span> <span class='ocrx_word' id='word_1_340' title='bbox 997 2979 1129 3030; x_wconf 65' lang='lat' dir='ltr'><strong>sicut</strong></span> <span class='ocrx_word' id='word_1_341' title='bbox 1185 2980 1461 3031; x_wconf 73' lang='lat' dir='ltr'><strong>resurrexit</strong></span> <span class='ocrx_word' id='word_1_342' title='bbox 1518 2978 1803 3033; x_wconf 81' lang='lat' dir='ltr'><strong>Christusa</strong></span> 
     </span>
    </p>
   </div>
   <div class='ocr_carea' id='block_1_45' title="bbox 201 3070 1801 3141">
    <p class='ocr_par' dir='ltr' id='par_1_45' title="bbox 201 3070 1801 3141">
     <span class='ocr_line' id='line_1_45' title="bbox 201 3070 1801 3141; baseline 0.001 -20"><span class='ocrx_word' id='word_1_343' title='bbox 201 3071 440 3134; x_wconf 83' lang='lat' dir='ltr'><strong>mortuis,</strong></span> <span class='ocrx_word' id='word_1_344' title='bbox 474 3071 547 3122; x_wconf 89' lang='lat' dir='ltr'><strong>sic</strong></span> <span class='ocrx_word' id='word_1_345' title='bbox 592 3078 637 3120; x_wconf 68' lang='lat' dir='ltr'><strong>et</strong></span> <span class='ocrx_word' id='word_1_346' title='bbox 669 3087 757 3121; x_wconf 71' lang='lat' dir='ltr'><strong>ths</strong></span> <span class='ocrx_word' id='word_1_347' title='bbox 786 3071 837 3121; x_wconf 86' lang='lat' dir='ltr'><strong>in</strong></span> <span class='ocrx_word' id='word_1_348' title='bbox 888 3071 1109 3123; x_wconf 83' lang='lat' dir='ltr'><strong>ueritate</strong></span> <span class='ocrx_word' id='word_1_349' title='bbox 1138 3070 1251 3123; x_wconf 73' lang='lat' dir='ltr'><strong>vita:</strong></span> <span class='ocrx_word' id='word_1_350' title='bbox 1279 3070 1590 3123; x_wconf 75' lang='lat' dir='ltr'><strong>ambulemus</strong></span> <span class='ocrx_word' id='word_1_351' title='bbox 1622 3070 1801 3141; x_wconf 78' lang='lat' dir='ltr'><strong>(Rom.</strong></span> 
     </span>
    </p>
   </div>
   <div class='ocr_carea' id='block_1_46' title="bbox 203 3163 1804 3232">
    <p class='ocr_par' dir='ltr' id='par_1_46' title="bbox 203 3163 1804 3232">
     <span class='ocr_line' id='line_1_46' title="bbox 203 3163 1804 3232; baseline 0.001 -16"><span class='ocrx_word' id='word_1_352' title='bbox 203 3179 292 3228; x_wconf 88' lang='lat' dir='ltr'><strong>vt,</strong></span> <span class='ocrx_word' id='word_1_353' title='bbox 322 3165 410 3232; x_wconf 70' lang='lat' dir='ltr'><strong>Ii);</strong></span> <span class='ocrx_word' id='word_1_354' title='bbox 439 3163 491 3216; x_wconf 92' lang='lat' dir='ltr'><strong>id</strong></span> <span class='ocrx_word' id='word_1_355' title='bbox 549 3171 746 3227; x_wconf 78' lang='lat' dir='ltr'><strong>cst,&#39;ut</strong></span> <span class='ocrx_word' id='word_1_356' title='bbox 791 3163 1050 3231; x_wconf 68' lang='lat' dir='ltr'><strong>depositis</strong></span> <span class='ocrx_word' id='word_1_357' title='bbox 1092 3164 1213 3216; x_wconf 76' lang='lat' dir='ltr'><strong>vine</strong></span> <span class='ocrx_word' id='word_1_358' title='bbox 1256 3165 1457 3218; x_wconf 87' lang='lat' dir='ltr'><strong>veteris</strong></span> <span class='ocrx_word' id='word_1_359' title='bbox 1502 3166 1804 3231; x_wconf 84' lang='lat' dir='ltr'><strong>erroribus,</strong></span> 
     </span>
    </p>
   </div>
   <div class='ocr_carea' id='block_1_47' title="bbox 204 3256 1805 3322">
    <p class='ocr_par' dir='ltr' id='par_1_47' title="bbox 204 3256 1805 3322">
     <span class='ocr_line' id='line_1_47' title="bbox 204 3256 1805 3322; baseline 0.001 -12"><span class='ocrx_word' id='word_1_360' title='bbox 204 3256 475 3310; x_wconf 86' lang='lat' dir='ltr'><strong>idolorum</strong></span> <span class='ocrx_word' id='word_1_361' title='bbox 501 3257 789 3320; x_wconf 73' lang='lat' dir='ltr'><strong>Servitute,</strong></span> <span class='ocrx_word' id='word_1_362' title='bbox 815 3257 1163 3321; x_wconf 85' lang='lat' dir='ltr'><strong>crudelitate,</strong></span> <span class='ocrx_word' id='word_1_363' title='bbox 1189 3256 1567 3322; x_wconf 77' lang='lat' dir='ltr'><strong>fornicatione,</strong></span> <span class='ocrx_word' id='word_1_364' title='bbox 1598 3258 1805 3311; x_wconf 73' lang='lat' dir='ltr'><strong>luxuria</strong></span> 
     </span>
    </p>
   </div>
   <div class='ocr_carea' id='block_1_48' title="bbox 1892 2044 3494 2119">
    <p class='ocr_par' dir='ltr' id='par_1_48' title="bbox 1892 2044 3494 2119">
     <span class='ocr_line' id='line_1_48' title="bbox 1892 2044 3494 2119; baseline -0.005 -15"><span class='ocrx_word' id='word_1_365' title='bbox 1892 2050 2032 2104; x_wconf 88' lang='lat' dir='ltr'><strong>sicut</strong></span> <span class='ocrx_word' id='word_1_366' title='bbox 2056 2048 2352 2119; x_wconf 82' lang='lat' dir='ltr'><strong>Apostolus</strong></span> <span class='ocrx_word' id='word_1_367' title='bbox 2376 2046 2528 2111; x_wconf 78' lang='lat' dir='ltr'><strong>dicit,</strong></span> <span class='ocrx_word' id='word_1_368' title='bbox 2558 2057 2604 2100; x_wconf 89' lang='lat' dir='ltr'><strong>et</strong></span> <span class='ocrx_word' id='word_1_369' title='bbox 2634 2045 2809 2100; x_wconf 80' lang='lat' dir='ltr'><strong>deletis</strong></span> <span class='ocrx_word' id='word_1_370' title='bbox 2831 2045 2971 2113; x_wconf 84' lang='lat' dir='ltr'><strong>quod</strong></span> <span class='ocrx_word' id='word_1_371' title='bbox 2996 2044 3240 2098; x_wconf 76' lang='lat' dir='ltr'><strong>adversus</strong></span> <span class='ocrx_word' id='word_1_372' title='bbox 3270 2060 3361 2097; x_wconf 90' lang='lat' dir='ltr'><strong>nos</strong></span> <span class='ocrx_word' id='word_1_373' title='bbox 3388 2052 3494 2096; x_wconf 68' lang='lat' dir='ltr'><strong>erat</strong></span> 
     </span>
    </p>
   </div>
   <div class='ocr_carea' id='block_1_49' title="bbox 1894 2137 3494 2213">
    <p class='ocr_par' dir='ltr' id='par_1_49' title="bbox 1894 2137 3494 2213">
     <span class='ocr_line' id='line_1_49' title="bbox 1894 2137 3494 2213; baseline -0.005 -16"><span class='ocrx_word' id='word_1_374' title='bbox 1894 2142 2296 2213; x_wconf 84' lang='lat' dir='ltr'><strong>chirographum</strong></span> <span class='ocrx_word' id='word_1_375' title='bbox 2346 2140 2787 2203; x_wconf 79' lang='lat' dir='ltr'><strong>inobautlitionis;</strong></span> <span class='ocrx_word' id='word_1_376' title='bbox 2834 2140 2956 2209; x_wconf 83' lang='lat' dir='ltr'><strong>quia</strong></span> <span class='ocrx_word' id='word_1_377' title='bbox 2983 2149 3032 2193; x_wconf 88' lang='lat' dir='ltr'><strong>et</strong></span> <span class='ocrx_word' id='word_1_378' title='bbox 3076 2139 3243 2207; x_wconf 85' lang='lat' dir='ltr'><strong>ipsum</strong></span> <span class='ocrx_word' id='word_1_379' title='bbox 3275 2138 3391 2190; x_wconf 63' lang='lat' dir='ltr'><strong>tulit</strong></span> <span class='ocrx_word' id='word_1_380' title='bbox 3432 2137 3494 2189; x_wconf 82' lang='lat' dir='ltr'><strong>de</strong></span> 
     </span>
    </p>
   </div>
   <div class='ocr_carea' id='block_1_50' title="bbox 1894 2234 3490 2307">
    <p class='ocr_par' dir='ltr' id='par_1_50' title="bbox 1894 2234 3490 2307">
     <span class='ocr_line' id='line_1_50' title="bbox 1894 2234 3490 2307; baseline -0.005 -18"><span class='ocrx_word' id='word_1_381' title='bbox 1894 2237 2101 2301; x_wconf 84' lang='lat' dir='ltr'><strong>medio,</strong></span> <span class='ocrx_word' id='word_1_382' title='bbox 2172 2234 2391 2307; x_wconf 80' lang='lat' dir='ltr'><strong>afﬁgens</strong></span> <span class='ocrx_word' id='word_1_383' title='bbox 2447 2234 2577 2287; x_wconf 87' lang='lat' dir='ltr'><strong>illud</strong></span> <span class='ocrx_word' id='word_1_384' title='bbox 2630 2234 2812 2298; x_wconf 89' lang='lat' dir='ltr'><strong>cruci;</strong></span> <span class='ocrx_word' id='word_1_385' title='bbox 2884 2248 3073 2285; x_wconf 75' lang='lat' dir='ltr'><strong>exuens</strong></span> <span class='ocrx_word' id='word_1_386' title='bbox 3128 2247 3182 2284; x_wconf 88' lang='lat' dir='ltr'><strong>se</strong></span> <span class='ocrx_word' id='word_1_387' title='bbox 3239 2246 3444 2283; x_wconf 64' lang='lat' dir='ltr'><strong>carnem</strong></span> <span class='ocrx_word' id='word_1_388' title='bbox 3475 2272 3490 2295; x_wconf 91' lang='lat'><strong>,</strong></span> 
     </span>
    </p>
   </div>
   <div class='ocr_carea' id='block_1_51' title="bbox 1898 2324 3490 2393">
    <p class='ocr_par' dir='ltr' id='par_1_51' title="bbox 1898 2324 3490 2393">
     <span class='ocr_line' id='line_1_51' title="bbox 1898 2324 3490 2393; baseline -0.003 -15"><span class='ocrx_word' id='word_1_389' title='bbox 1898 2327 2132 2378; x_wconf 80' lang='lat' dir='ltr'><strong>traduxit</strong></span> <span class='ocrx_word' id='word_1_390' title='bbox 2180 2335 2450 2393; x_wconf 73' lang='lat' dir='ltr'><strong>potestates</strong></span> <span class='ocrx_word' id='word_1_391' title='bbox 2499 2325 2656 2379; x_wconf 83' lang='lat' dir='ltr'><strong>libere</strong></span> <span class='ocrx_word' id='word_1_392' title='bbox 2708 2324 3031 2385; x_wconf 72' lang='lat' dir='ltr'><strong>triumphans</strong></span> <span class='ocrx_word' id='word_1_393' title='bbox 3084 2339 3170 2375; x_wconf 73' lang='lat' dir='ltr'><strong>ras</strong></span> <span class='ocrx_word' id='word_1_394' title='bbox 3219 2325 3274 2374; x_wconf 89' lang='lat' dir='ltr'><strong>in</strong></span> <span class='ocrx_word' id='word_1_395' title='bbox 3305 2332 3490 2376; x_wconf 68' lang='lat' dir='ltr'><strong>suntet-</strong></span> 
     </span>
    </p>
   </div>
   <div class='ocr_carea' id='block_1_52' title="bbox 1899 2414 3499 2486">
    <p class='ocr_par' dir='ltr' id='par_1_52' title="bbox 1899 2414 3499 2486">
     <span class='ocr_line' id='line_1_52' title="bbox 1899 2414 3499 2486; baseline -0.002 -17"><span class='ocrx_word' id='word_1_396' title='bbox 1899 2419 2012 2485; x_wconf 85' lang='lat' dir='ltr'><strong>ipso</strong></span> <span class='ocrx_word' id='word_1_397' title='bbox 2061 2417 2299 2486; x_wconf 88' lang='lat' dir='ltr'><strong>(Coloss.</strong></span> <span class='ocrx_word' id='word_1_398' title='bbox 2351 2430 2426 2480; x_wconf 87' lang='lat' dir='ltr'><strong>tt,</strong></span> <span class='ocrx_word' id='word_1_399' title='bbox 2490 2416 2655 2471; x_wconf 72' lang='grc'><strong>15-15</strong></span> <span class='ocrx_word' id='word_1_400' title='bbox 2679 2415 2718 2485; x_wconf 91' lang='grc'><strong>).</strong></span> <span class='ocrx_word' id='word_1_401' title='bbox 2776 2414 2954 2470; x_wconf 87' lang='lat' dir='ltr'><strong>Solvit</strong></span> <span class='ocrx_word' id='word_1_402' title='bbox 3008 2414 3387 2482; x_wconf 87' lang='lat' dir='ltr'><strong>compeditos,</strong></span> <span class='ocrx_word' id='word_1_403' title='bbox 3443 2420 3499 2468; x_wconf 89' lang='lat' dir='ltr'><strong>et</strong></span> 
     </span>
    </p>
   </div>
   <div class='ocr_carea' id='block_1_53' title="bbox 1900 2503 3500 2577">
    <p class='ocr_par' dir='ltr' id='par_1_53' title="bbox 1900 2503 3500 2577">
     <span class='ocr_line' id='line_1_53' title="bbox 1900 2503 3500 2577; baseline -0.003 -16"><span class='ocrx_word' id='word_1_404' title='bbox 1900 2508 2109 2563; x_wconf 87' lang='lat' dir='ltr'><strong>vincula</strong></span> <span class='ocrx_word' id='word_1_405' title='bbox 2140 2519 2326 2563; x_wconf 91' lang='lat' dir='ltr'><strong>nostra</strong></span> <span class='ocrx_word' id='word_1_406' title='bbox 2359 2508 2612 2577; x_wconf 87' lang='lat' dir='ltr'><strong>disrupit,</strong></span> <span class='ocrx_word' id='word_1_407' title='bbox 2642 2507 2782 2561; x_wconf 86' lang='lat' dir='ltr'><strong>sicut</strong></span> <span class='ocrx_word' id='word_1_408' title='bbox 2813 2504 2987 2560; x_wconf 87' lang='lat' dir='ltr'><strong>David</strong></span> <span class='ocrx_word' id='word_1_409' title='bbox 3028 2505 3243 2559; x_wconf 79' lang='lat' dir='ltr'><strong>dixerat</strong></span> <span class='ocrx_word' id='word_1_410' title='bbox 3272 2522 3285 2557; x_wconf 89' lang='lat'><strong>:</strong></span> <span class='ocrx_word' id='word_1_411' title='bbox 3321 2503 3500 2556; x_wconf 81' lang='lat' dir='ltr'><strong>Domi—</strong></span> 
     </span>
    </p>
   </div>
   <div class='ocr_carea' id='block_1_54' title="bbox 1900 2595 3501 2669">
    <p class='ocr_par' dir='ltr' id='par_1_54' title="bbox 1900 2595 3501 2669">
     <span class='ocr_line' id='line_1_54' title="bbox 1900 2595 3501 2669; baseline -0.004 -15"><span class='ocrx_word' id='word_1_412' title='bbox 1900 2618 1994 2654; x_wconf 85' lang='lat' dir='ltr'><strong>nus</strong></span> <span class='ocrx_word' id='word_1_413' title='bbox 2022 2602 2173 2669; x_wconf 86' lang='lat' dir='ltr'><strong>erigit</strong></span> <span class='ocrx_word' id='word_1_414' title='bbox 2211 2601 2379 2664; x_wconf 85' lang='lat' dir='ltr'><strong>elisos,</strong></span> <span class='ocrx_word' id='word_1_415' title='bbox 2404 2599 2655 2653; x_wconf 85' lang='lat' dir='ltr'><strong>Dominus</strong></span> <span class='ocrx_word' id='word_1_416' title='bbox 2698 2600 2847 2653; x_wconf 77' lang='lat' dir='ltr'><strong>solvit</strong></span> <span class='ocrx_word' id='word_1_417' title='bbox 2877 2598 3215 2667; x_wconf 83' lang='lat' dir='ltr'><strong>compeditos,</strong></span> <span class='ocrx_word' id='word_1_418' title='bbox 3246 2595 3457 2650; x_wconf 78' lang='lat' dir='ltr'><strong>Domini</strong></span> <span class='ocrx_word' id='word_1_419' title='bbox 3478 2616 3501 2647; x_wconf 81' lang='lat' dir='ltr'><strong>s</strong></span> 
     </span>
    </p>
   </div>
   <div class='ocr_carea' id='block_1_55' title="bbox 1898 2688 3499 2762">
    <p class='ocr_par' dir='ltr' id='par_1_55' title="bbox 1898 2688 3499 2762">
     <span class='ocr_line' id='line_1_55' title="bbox 1898 2688 3499 2762; baseline -0.002 -17"><span class='ocrx_word' id='word_1_420' title='bbox 1898 2694 2160 2747; x_wconf 83' lang='lat' dir='ltr'><strong>illuminat</strong></span> <span class='ocrx_word' id='word_1_421' title='bbox 2190 2708 2351 2747; x_wconf 66' lang='lat' dir='ltr'><strong>caecos</strong></span> <span class='ocrx_word' id='word_1_422' title='bbox 2380 2692 2553 2762; x_wconf 87' lang='lat' dir='ltr'><strong>(Psal.</strong></span> <span class='ocrx_word' id='word_1_423' title='bbox 2586 2707 2744 2753; x_wconf 68' lang='lat' dir='ltr'><strong>cur,</strong></span> <span class='ocrx_word' id='word_1_424' title='bbox 2776 2693 2829 2755; x_wconf 87' lang='lat'><strong>7,</strong></span> <span class='ocrx_word' id='word_1_425' title='bbox 2860 2693 2936 2759; x_wconf 85' lang='lat'><strong>8).</strong></span> <span class='ocrx_word' id='word_1_426' title='bbox 2976 2694 3039 2743; x_wconf 61' lang='grc' dir='ltr'><strong>ιιι</strong></span> <span class='ocrx_word' id='word_1_427' title='bbox 3068 2690 3305 2744; x_wconf 88' lang='lat' dir='ltr'><strong>iterum:</strong></span> <span class='ocrx_word' id='word_1_428' title='bbox 3337 2688 3499 2742; x_wconf 79' lang='lat' dir='ltr'><strong>Diru-</strong></span> 
     </span>
    </p>
   </div>
   <div class='ocr_carea' id='block_1_56' title="bbox 1902 2780 3498 2857">
    <p class='ocr_par' dir='ltr' id='par_1_56' title="bbox 1902 2780 3498 2857">
     <span class='ocr_line' id='line_1_56' title="bbox 1902 2780 3498 2857; baseline -0.003 -19"><span class='ocrx_word' id='word_1_429' title='bbox 1902 2788 2024 2857; x_wconf 58' lang='grc' dir='ltr'><strong>ρίλιί</strong></span> <span class='ocrx_word' id='word_1_430' title='bbox 2050 2787 2253 2840; x_wconf 81' lang='lat' dir='ltr'><strong>vincula</strong></span> <span class='ocrx_word' id='word_1_431' title='bbox 2276 2802 2389 2839; x_wconf 87' lang='lat' dir='ltr'><strong>mea</strong></span> <span class='ocrx_word' id='word_1_432' title='bbox 2408 2802 2426 2838; x_wconf 85' lang='lat'><strong><em>:</em></strong></span> <span class='ocrx_word' id='word_1_433' title='bbox 2451 2784 2541 2838; x_wconf 87' lang='lat' dir='ltr'><strong>tibi</strong></span> <span class='ocrx_word' id='word_1_434' title='bbox 2562 2783 2864 2852; x_wconf 79' lang='lat' dir='ltr'><strong>sacriﬁcabo</strong></span> <span class='ocrx_word' id='word_1_435' title='bbox 2891 2784 3107 2836; x_wconf 89' lang='lat' dir='ltr'><strong>hostiam</strong></span> <span class='ocrx_word' id='word_1_436' title='bbox 3128 2782 3299 2836; x_wconf 86' lang='lat' dir='ltr'><strong>laudis</strong></span> <span class='ocrx_word' id='word_1_437' title='bbox 3326 2780 3498 2849; x_wconf 62' lang='lat' dir='ltr'><strong>(Paul.</strong></span> 
     </span>
    </p>
   </div>
   <div class='ocr_carea' id='block_1_57' title="bbox 1906 2876 3505 2948">
    <p class='ocr_par' dir='ltr' id='par_1_57' title="bbox 1906 2876 3505 2948">
     <span class='ocr_line' id='line_1_57' title="bbox 1906 2876 3505 2948; baseline -0.001 -18"><span class='ocrx_word' id='word_1_438' title='bbox 1906 2893 2027 2943; x_wconf 79' lang='lat' dir='ltr'><strong>nxv,</strong></span> <span class='ocrx_word' id='word_1_439' title='bbox 2065 2876 2272 2948; x_wconf 68' lang='lat'><strong>16,17).</strong></span> <span class='ocrx_word' id='word_1_440' title='bbox 2303 2878 2477 2932; x_wconf 86' lang='lat' dir='ltr'><strong>Soluti</strong></span> <span class='ocrx_word' id='word_1_441' title='bbox 2524 2877 2706 2946; x_wconf 88' lang='lat' dir='ltr'><strong>itaque</strong></span> <span class='ocrx_word' id='word_1_442' title='bbox 2728 2877 2796 2931; x_wconf 90' lang='lat' dir='ltr'><strong>de</strong></span> <span class='ocrx_word' id='word_1_443' title='bbox 2827 2876 3078 2940; x_wconf 87' lang='lat' dir='ltr'><strong>viitcnlis,</strong></span> <span class='ocrx_word' id='word_1_444' title='bbox 3116 2877 3204 2931; x_wconf 91' lang='lat' dir='ltr'><strong>ubi</strong></span> <span class='ocrx_word' id='word_1_445' title='bbox 3244 2892 3341 2944; x_wconf 84' lang='lat' dir='ltr'><strong>per</strong></span> <span class='ocrx_word' id='word_1_446' title='bbox 3375 2877 3505 2945; x_wconf 83' lang='lat' dir='ltr'><strong>hap-</strong></span> 
     </span>
    </p>
   </div>
   <div class='ocr_carea' id='block_1_58' title="bbox 1910 2968 3500 3037">
    <p class='ocr_par' dir='ltr' id='par_1_58' title="bbox 1910 2968 3500 3037">
     <span class='ocr_line' id='line_1_58' title="bbox 1910 2968 3500 3037; baseline -0.001 -14"><span class='ocrx_word' id='word_1_447' title='bbox 1910 2971 2053 3023; x_wconf 91' lang='lat' dir='ltr'><strong>tismi</strong></span> <span class='ocrx_word' id='word_1_448' title='bbox 2097 2979 2500 3023; x_wconf 86' lang='lat' dir='ltr'><strong>sacramentum</strong></span> <span class='ocrx_word' id='word_1_449' title='bbox 2533 2968 2599 3022; x_wconf 87' lang='lat' dir='ltr'><strong>ad</strong></span> <span class='ocrx_word' id='word_1_450' title='bbox 2642 2968 2854 3037; x_wconf 83' lang='lat' dir='ltr'><strong>signum</strong></span> <span class='ocrx_word' id='word_1_451' title='bbox 2884 2968 3092 3021; x_wconf 86' lang='lat' dir='ltr'><strong>Domini</strong></span> <span class='ocrx_word' id='word_1_452' title='bbox 3117 2969 3500 3033; x_wconf 85' lang='lat' dir='ltr'><strong>convenimus,</strong></span> 
     </span>
    </p>
   </div>
   <div class='ocr_carea' id='block_1_59' title="bbox 1910 3061 3505 3132">
    <p class='ocr_par' dir='ltr' id='par_1_59' title="bbox 1910 3061 3505 3132">
     <span class='ocr_line' id='line_1_59' title="bbox 1910 3061 3505 3132; baseline 0 -17"><span class='ocrx_word' id='word_1_453' title='bbox 1910 3062 2128 3117; x_wconf 85' lang='lat' dir='ltr'><strong>diabolo</strong></span> <span class='ocrx_word' id='word_1_454' title='bbox 2154 3074 2208 3116; x_wconf 89' lang='lat' dir='ltr'><strong>et</strong></span> <span class='ocrx_word' id='word_1_455' title='bbox 2240 3063 2491 3117; x_wconf 88' lang='lat' dir='ltr'><strong>omnibus</strong></span> <span class='ocrx_word' id='word_1_456' title='bbox 2512 3063 2718 3132; x_wconf 79' lang='lat' dir='ltr'><strong>angelis</strong></span> <span class='ocrx_word' id='word_1_457' title='bbox 2741 3064 2855 3130; x_wconf 78' lang='lat' dir='ltr'><strong>ejus</strong></span> <span class='ocrx_word' id='word_1_458' title='bbox 2883 3062 3279 3123; x_wconf 77' lang='lat' dir='ltr'><strong>renuntiamus,</strong></span> <span class='ocrx_word' id='word_1_459' title='bbox 3309 3061 3505 3130; x_wconf 84' lang='lat' dir='ltr'><strong>quibus</strong></span> 
     </span>
    </p>
   </div>
   <div class='ocr_carea' id='block_1_60' title="bbox 1911 3152 3504 3222">
    <p class='ocr_par' dir='ltr' id='par_1_60' title="bbox 1911 3152 3504 3222">
     <span class='ocr_line' id='line_1_60' title="bbox 1911 3152 3504 3222; baseline 0 -17"><span class='ocrx_word' id='word_1_460' title='bbox 1911 3161 2034 3207; x_wconf 86' lang='lat' dir='ltr'><strong>ante</strong></span> <span class='ocrx_word' id='word_1_461' title='bbox 2073 3152 2396 3209; x_wconf 87' lang='lat' dir='ltr'><strong>servivimus</strong></span> <span class='ocrx_word' id='word_1_462' title='bbox 2442 3172 2454 3207; x_wconf 90' lang='lat'><strong>:</strong></span> <span class='ocrx_word' id='word_1_463' title='bbox 2501 3167 2567 3207; x_wconf 90' lang='lat' dir='ltr'><strong>ne</strong></span> <span class='ocrx_word' id='word_1_464' title='bbox 2602 3153 2711 3222; x_wconf 87' lang='lat' dir='ltr'><strong>jam</strong></span> <span class='ocrx_word' id='word_1_465' title='bbox 2744 3153 2851 3207; x_wconf 91' lang='lat' dir='ltr'><strong>illis</strong></span> <span class='ocrx_word' id='word_1_466' title='bbox 2898 3152 3125 3208; x_wconf 86' lang='lat' dir='ltr'><strong>ulterius</strong></span> <span class='ocrx_word' id='word_1_467' title='bbox 3161 3155 3460 3207; x_wconf 79' lang='lat' dir='ltr'><strong>serviamus</strong></span> <span class='ocrx_word' id='word_1_468' title='bbox 3490 3192 3504 3215; x_wconf 87' lang='lat'><strong>,</strong></span> 
     </span>
    </p>
   </div>
   <div class='ocr_carea' id='block_1_61' title="bbox 1913 3244 3509 3314">
    <p class='ocr_par' dir='ltr' id='par_1_61' title="bbox 1913 3244 3509 3314">
     <span class='ocr_line' id='line_1_61' title="bbox 1913 3244 3509 3314; baseline 0.001 -17"><span class='ocrx_word' id='word_1_469' title='bbox 1913 3245 2179 3314; x_wconf 85' lang='lat' dir='ltr'><strong>sanguine</strong></span> <span class='ocrx_word' id='word_1_470' title='bbox 2207 3244 2409 3299; x_wconf 89' lang='lat' dir='ltr'><strong>Christi</strong></span> <span class='ocrx_word' id='word_1_471' title='bbox 2443 3254 2498 3299; x_wconf 89' lang='lat' dir='ltr'><strong>et</strong></span> <span class='ocrx_word' id='word_1_472' title='bbox 2544 3244 2767 3298; x_wconf 88' lang='lat' dir='ltr'><strong>nomine</strong></span> <span class='ocrx_word' id='word_1_473' title='bbox 2812 3244 3049 3298; x_wconf 85' lang='lat' dir='ltr'><strong>liberati.</strong></span> <span class='ocrx_word' id='word_1_474' title='bbox 3095 3245 3247 3311; x_wconf 76' lang='lat' dir='ltr'><strong>Quod</strong></span> <span class='ocrx_word' id='word_1_475' title='bbox 3295 3245 3340 3298; x_wconf 83' lang='lat' dir='ltr'><strong>si</strong></span> <span class='ocrx_word' id='word_1_476' title='bbox 3385 3248 3509 3312; x_wconf 75' lang='lat' dir='ltr'><strong>quis</strong></span> 
     </span>
    </p>
   </div>
   <div class='ocr_carea' id='block_1_62' title="bbox 204 3323 1798 3420">
    <p class='ocr_par' dir='ltr' id='par_1_62' title="bbox 204 3348 1798 3420">
     <span class='ocr_line' id='line_1_62' title="bbox 204 3348 1798 3420; baseline -0.004 -15"><span class='ocrx_word' id='word_1_477' title='bbox 204 3352 529 3419; x_wconf 69' lang='lat' dir='ltr'><strong>emterisque</strong></span> <span class='ocrx_word' id='word_1_478' title='bbox 556 3351 700 3404; x_wconf 85' lang='lat' dir='ltr'><strong>vitiis</strong></span> <span class='ocrx_word' id='word_1_479' title='bbox 738 3351 917 3404; x_wconf 76' lang='lat' dir='ltr'><strong>carnis</strong></span> <span class='ocrx_word' id='word_1_480' title='bbox 944 3362 994 3404; x_wconf 90' lang='lat' dir='ltr'><strong>et</strong></span> <span class='ocrx_word' id='word_1_481' title='bbox 1026 3348 1329 3419; x_wconf 78' lang='lat' dir='ltr'><strong>sanguinis,</strong></span> <span class='ocrx_word' id='word_1_482' title='bbox 1370 3365 1538 3404; x_wconf 89' lang='lat' dir='ltr'><strong>novos</strong></span> <span class='ocrx_word' id='word_1_483' title='bbox 1565 3365 1662 3420; x_wconf 85' lang='lat' dir='ltr'><strong>per</strong></span> <span class='ocrx_word' id='word_1_484' title='bbox 1685 3349 1798 3420; x_wconf 88' lang='lat' dir='ltr'><strong>Spi-</strong></span> 
     </span>
    </p>
   </div>
   <div class='ocr_carea' id='block_1_63' title="bbox 1903 3323 3509 3420">
    <p class='ocr_par' dir='ltr' id='par_1_63' title="bbox 1918 3336 3509 3407">
     <span class='ocr_line' id='line_1_63' title="bbox 1918 3336 3509 3407; baseline -0.001 -16"><span class='ocrx_word' id='word_1_485' title='bbox 1918 3340 2141 3406; x_wconf 87' lang='lat' dir='ltr'><strong>posthac</strong></span> <span class='ocrx_word' id='word_1_486' title='bbox 2169 3338 2366 3391; x_wconf 91' lang='lat' dir='ltr'><strong>oblitus</strong></span> <span class='ocrx_word' id='word_1_487' title='bbox 2408 3336 2488 3391; x_wconf 89' lang='lat' dir='ltr'><strong>sui</strong></span> <span class='ocrx_word' id='word_1_488' title='bbox 2520 3346 2573 3390; x_wconf 88' lang='lat' dir='ltr'><strong>et</strong></span> <span class='ocrx_word' id='word_1_489' title='bbox 2604 3336 2994 3405; x_wconf 87' lang='lat' dir='ltr'><strong>redemptionis</strong></span> <span class='ocrx_word' id='word_1_490' title='bbox 3028 3338 3269 3407; x_wconf 82' lang='lat' dir='ltr'><strong>ignarus,</strong></span> <span class='ocrx_word' id='word_1_491' title='bbox 3320 3352 3509 3391; x_wconf 89' lang='lat' dir='ltr'><strong>rursus</strong></span> 
     </span>
    </p>
   </div>
   <div class='ocr_carea' id='block_1_64' title="bbox 207 3441 1808 3511">
    <p class='ocr_par' dir='ltr' id='par_1_64' title="bbox 207 3441 1808 3511">
     <span class='ocr_line' id='line_1_64' title="bbox 207 3441 1808 3511; baseline -0.001 -14"><span class='ocrx_word' id='word_1_492' title='bbox 207 3444 380 3497; x_wconf 86' lang='lat' dir='ltr'><strong>ritum</strong></span> <span class='ocrx_word' id='word_1_493' title='bbox 431 3457 610 3496; x_wconf 85' lang='lat' dir='ltr'><strong>mores</strong></span> <span class='ocrx_word' id='word_1_494' title='bbox 642 3458 932 3509; x_wconf 83' lang='lat' dir='ltr'><strong>sequamur</strong></span> <span class='ocrx_word' id='word_1_495' title='bbox 978 3443 1028 3494; x_wconf 92' lang='lat' dir='ltr'><strong>iu</strong></span> <span class='ocrx_word' id='word_1_496' title='bbox 1079 3441 1318 3505; x_wconf 85' lang='lat' dir='ltr'><strong>t;hristo,</strong></span> <span class='ocrx_word' id='word_1_497' title='bbox 1370 3442 1551 3508; x_wconf 87' lang='lat' dir='ltr'><strong>fidem,</strong></span> <span class='ocrx_word' id='word_1_498' title='bbox 1604 3442 1808 3511; x_wconf 89' lang='lat' dir='ltr'><strong>pudici-</strong></span> 
     </span>
    </p>
   </div>
   <div class='ocr_carea' id='block_1_65' title="bbox 210 3534 1805 3601">
    <p class='ocr_par' dir='ltr' id='par_1_65' title="bbox 210 3534 1805 3601">
     <span class='ocr_line' id='line_1_65' title="bbox 210 3534 1805 3601; baseline 0 -14"><span class='ocrx_word' id='word_1_499' title='bbox 210 3536 364 3599; x_wconf 78' lang='lat' dir='ltr'><strong>tiam,</strong></span> <span class='ocrx_word' id='word_1_500' title='bbox 400 3534 785 3597; x_wconf 87' lang='lat' dir='ltr'><strong>innocentiam,</strong></span> <span class='ocrx_word' id='word_1_501' title='bbox 812 3535 1138 3586; x_wconf 75' lang='lat' dir='ltr'><strong>castitatem.</strong></span> <span class='ocrx_word' id='word_1_502' title='bbox 1174 3536 1249 3587; x_wconf 83' lang='lat' dir='ltr'><strong>Ac</strong></span> <span class='ocrx_word' id='word_1_503' title='bbox 1280 3550 1291 3584; x_wconf 89' lang='lat'><strong>:</strong></span> <span class='ocrx_word' id='word_1_504' title='bbox 1321 3534 1453 3587; x_wconf 84' lang='lat' dir='ltr'><strong>sicut</strong></span> <span class='ocrx_word' id='word_1_505' title='bbox 1498 3534 1805 3601; x_wconf 83' lang='lat' dir='ltr'><strong>portarimus</strong></span> 
     </span>
    </p>
   </div>
   <div class='ocr_carea' id='block_1_66' title="bbox 207 3626 1807 3697">
    <p class='ocr_par' dir='ltr' id='par_1_66' title="bbox 207 3626 1807 3697">
     <span class='ocr_line' id='line_1_66' title="bbox 207 3626 1807 3697; baseline 0.001 -18"><span class='ocrx_word' id='word_1_506' title='bbox 207 3626 495 3697; x_wconf 74' lang='lat' dir='ltr'><strong>imaginem</strong></span> <span class='ocrx_word' id='word_1_507' title='bbox 518 3628 704 3679; x_wconf 85' lang='lat' dir='ltr'><strong>terreni</strong></span> <span class='ocrx_word' id='word_1_508' title='bbox 735 3626 977 3687; x_wconf 79' lang='lat' dir='ltr'><strong>hominis,</strong></span> <span class='ocrx_word' id='word_1_509' title='bbox 1020 3636 1277 3695; x_wconf 77' lang='lat' dir='ltr'><strong>portemus</strong></span> <span class='ocrx_word' id='word_1_510' title='bbox 1307 3638 1351 3678; x_wconf 77' lang='lat' dir='ltr'><strong>et</strong></span> <span class='ocrx_word' id='word_1_511' title='bbox 1384 3630 1493 3697; x_wconf 73' lang='lat' dir='ltr'><strong>ejus</strong></span> <span class='ocrx_word' id='word_1_512' title='bbox 1514 3628 1597 3693; x_wconf 81' lang='lat' dir='ltr'><strong>qui</strong></span> <span class='ocrx_word' id='word_1_513' title='bbox 1626 3629 1686 3680; x_wconf 84' lang='lat' dir='ltr'><strong>de</strong></span> <span class='ocrx_word' id='word_1_514' title='bbox 1710 3645 1807 3681; x_wconf 75' lang='lat' dir='ltr'><strong>ctr-</strong></span> 
     </span>
    </p>
   </div>
   <div class='ocr_carea' id='block_1_67' title="bbox 210 3718 1808 3788">
    <p class='ocr_par' dir='ltr' id='par_1_67' title="bbox 210 3718 1808 3788">
     <span class='ocr_line' id='line_1_67' title="bbox 210 3718 1808 3788; baseline 0.003 -17"><span class='ocrx_word' id='word_1_515' title='bbox 210 3720 264 3771; x_wconf 86' lang='lat' dir='ltr'><strong>lo</strong></span> <span class='ocrx_word' id='word_1_516' title='bbox 294 3730 400 3783; x_wconf 73' lang='lat' dir='ltr'><strong>est;</strong></span> <span class='ocrx_word' id='word_1_517' title='bbox 432 3720 551 3788; x_wconf 84' lang='lat' dir='ltr'><strong>quia</strong></span> <span class='ocrx_word' id='word_1_518' title='bbox 594 3722 789 3787; x_wconf 80' lang='lat' dir='ltr'><strong>primus</strong></span> <span class='ocrx_word' id='word_1_519' title='bbox 816 3718 970 3771; x_wconf 89' lang='lat' dir='ltr'><strong>homo</strong></span> <span class='ocrx_word' id='word_1_520' title='bbox 994 3720 1055 3770; x_wconf 82' lang='lat' dir='ltr'><strong>tle</strong></span> <span class='ocrx_word' id='word_1_521' title='bbox 1081 3729 1240 3780; x_wconf 80' lang='lat' dir='ltr'><strong>terra,</strong></span> <span class='ocrx_word' id='word_1_522' title='bbox 1271 3728 1500 3771; x_wconf 73' lang='lat' dir='ltr'><strong>trrrr&#39;ntts</strong></span> <span class='ocrx_word' id='word_1_523' title='bbox 1522 3737 1533 3781; x_wconf 87' lang='lat'><strong>;</strong></span> <span class='ocrx_word' id='word_1_524' title='bbox 1557 3722 1808 3775; x_wconf 72' lang='lat' dir='ltr'><strong>secundus</strong></span> 
     </span>
    </p>
   </div>
   <div class='ocr_carea' id='block_1_68' title="bbox 208 3811 1805 3881">
    <p class='ocr_par' dir='ltr' id='par_1_68' title="bbox 208 3811 1805 3881">
     <span class='ocr_line' id='line_1_68' title="bbox 208 3811 1805 3881; baseline 0.003 -18"><span class='ocrx_word' id='word_1_525' title='bbox 208 3832 242 3863; x_wconf 82' lang='lat' dir='ltr'><strong>ll</strong></span> <span class='ocrx_word' id='word_1_526' title='bbox 271 3814 421 3875; x_wconf 80' lang='lat' dir='ltr'><strong>ca&#39;lo,</strong></span> <span class='ocrx_word' id='word_1_527' title='bbox 452 3812 665 3865; x_wconf 56' lang='lat' dir='ltr'><strong>(a&#39;leslt&#39;s</strong></span> <span class='ocrx_word' id='word_1_528' title='bbox 693 3812 734 3880; x_wconf 94' lang='grc' dir='ltr'>(Ι</span> <span class='ocrx_word' id='word_1_529' title='bbox 778 3811 896 3863; x_wconf 82' lang='lat' dir='ltr'><strong>Cor.</strong></span> <span class='ocrx_word' id='word_1_530' title='bbox 952 3826 1039 3874; x_wconf 70' lang='lat' dir='ltr'><strong>xv,</strong></span> <span class='ocrx_word' id='word_1_531' title='bbox 1075 3811 1157 3874; x_wconf 53' lang='lat'><strong>:59,</strong></span> <span class='ocrx_word' id='word_1_532' title='bbox 1202 3811 1317 3877; x_wconf 72' lang='grc'>47).</span> <span class='ocrx_word' id='word_1_533' title='bbox 1376 3813 1528 3877; x_wconf 76' lang='lat' dir='ltr'><strong>Quod</strong></span> <span class='ocrx_word' id='word_1_534' title='bbox 1561 3823 1805 3881; x_wconf 72' lang='lat' dir='ltr'><strong>agentes,</strong></span> 
     </span>
    </p>
   </div>
   <div class='ocr_carea' id='block_1_69' title="bbox 209 3904 1805 3973">
    <p class='ocr_par' dir='ltr' id='par_1_69' title="bbox 209 3904 1805 3973">
     <span class='ocr_line' id='line_1_69' title="bbox 209 3904 1805 3973; baseline -0.001 -15"><span class='ocrx_word' id='word_1_535' title='bbox 209 3905 584 3969; x_wconf 69' lang='lat' dir='ltr'><strong>dilectiSsimi,</strong></span> <span class='ocrx_word' id='word_1_536' title='bbox 627 3904 737 3973; x_wconf 89' lang='lat' dir='ltr'><strong>jam</strong></span> <span class='ocrx_word' id='word_1_537' title='bbox 796 3918 902 3957; x_wconf 92' lang='lat' dir='ltr'><strong>non</strong></span> <span class='ocrx_word' id='word_1_538' title='bbox 938 3904 1234 3957; x_wconf 91' lang='lat' dir='ltr'><strong>tnoriemttr</strong></span> <span class='ocrx_word' id='word_1_539' title='bbox 1267 3905 1517 3970; x_wconf 85' lang='lat' dir='ltr'><strong>amplius.</strong></span> <span class='ocrx_word' id='word_1_540' title='bbox 1554 3904 1726 3958; x_wconf 74' lang='lat' dir='ltr'><strong>Etiam</strong></span> <span class='ocrx_word' id='word_1_541' title='bbox 1760 3906 1805 3959; x_wconf 90' lang='lat' dir='ltr'><strong>si</strong></span> 
     </span>
    </p>
   </div>
   <div class='ocr_carea' id='block_1_70' title="bbox 212 3997 1811 4065">
    <p class='ocr_par' dir='ltr' id='par_1_70' title="bbox 212 3997 1811 4065">
     <span class='ocr_line' id='line_1_70' title="bbox 212 3997 1811 4065; baseline 0.001 -14"><span class='ocrx_word' id='word_1_542' title='bbox 212 3998 268 4051; x_wconf 89' lang='lat' dir='ltr'><strong>in</strong></span> <span class='ocrx_word' id='word_1_543' title='bbox 292 3997 393 4050; x_wconf 87' lang='lat' dir='ltr'><strong>ltoc</strong></span> <span class='ocrx_word' id='word_1_544' title='bbox 412 4012 642 4065; x_wconf 87' lang='lat' dir='ltr'><strong>corpore</strong></span> <span class='ocrx_word' id='word_1_545' title='bbox 675 3997 1038 4059; x_wconf 87' lang='lat' dir='ltr'><strong>resolvantur,</strong></span> <span class='ocrx_word' id='word_1_546' title='bbox 1060 3998 1305 4051; x_wconf 82' lang='lat' dir='ltr'><strong>vivemus</strong></span> <span class='ocrx_word' id='word_1_547' title='bbox 1329 3999 1378 4049; x_wconf 92' lang='lat' dir='ltr'><strong>iu</strong></span> <span class='ocrx_word' id='word_1_548' title='bbox 1408 3997 1647 4064; x_wconf 85' lang='lat' dir='ltr'><strong>Christo,</strong></span> <span class='ocrx_word' id='word_1_549' title='bbox 1670 3999 1811 4052; x_wconf 84' lang='lat' dir='ltr'><strong>sicut</strong></span> 
     </span>
    </p>
   </div>
   <div class='ocr_carea' id='block_1_71' title="bbox 207 4090 1813 4156">
    <p class='ocr_par' dir='ltr' id='par_1_71' title="bbox 207 4090 1813 4156">
     <span class='ocr_line' id='line_1_71' title="bbox 207 4090 1813 4156; baseline -0.001 -11"><span class='ocrx_word' id='word_1_550' title='bbox 207 4092 293 4145; x_wconf 77' lang='lat' dir='ltr'><strong>ait</strong></span> <span class='ocrx_word' id='word_1_551' title='bbox 324 4091 437 4156; x_wconf 89' lang='lat' dir='ltr'><strong>ipse</strong></span> <span class='ocrx_word' id='word_1_552' title='bbox 473 4110 483 4143; x_wconf 91' lang='lat'>:</span> <span class='ocrx_word' id='word_1_553' title='bbox 537 4092 635 4155; x_wconf 79' lang='lat' dir='ltr'><strong>Qui</strong></span> <span class='ocrx_word' id='word_1_554' title='bbox 666 4092 717 4143; x_wconf 90' lang='lat' dir='ltr'><strong>in</strong></span> <span class='ocrx_word' id='word_1_555' title='bbox 752 4106 829 4143; x_wconf 85' lang='lat' dir='ltr'><strong>tne</strong></span> <span class='ocrx_word' id='word_1_556' title='bbox 860 4090 1155 4154; x_wconf 80' lang='lat' dir='ltr'><strong>crediderit,</strong></span> <span class='ocrx_word' id='word_1_557' title='bbox 1208 4091 1325 4144; x_wconf 85' lang='lat' dir='ltr'><strong>licet</strong></span> <span class='ocrx_word' id='word_1_558' title='bbox 1377 4092 1648 4152; x_wconf 87' lang='lat' dir='ltr'><strong>moriatur,</strong></span> <span class='ocrx_word' id='word_1_559' title='bbox 1684 4092 1813 4144; x_wconf 67' lang='lat' dir='ltr'><strong>rit&#39;et</strong></span> 
     </span>
    </p>
   </div>
   <div class='ocr_carea' id='block_1_72' title="bbox 209 4182 1809 4251">
    <p class='ocr_par' dir='ltr' id='par_1_72' title="bbox 209 4182 1809 4251">
     <span class='ocr_line' id='line_1_72' title="bbox 209 4182 1809 4251; baseline 0.002 -18"><span class='ocrx_word' id='word_1_560' title='bbox 209 4182 400 4251; x_wconf 84' lang='lat' dir='ltr'><strong>(Joun.</strong></span> <span class='ocrx_word' id='word_1_561' title='bbox 428 4198 509 4247; x_wconf 74' lang='grc' dir='ltr'>ιι,</span> <span class='ocrx_word' id='word_1_562' title='bbox 543 4183 660 4249; x_wconf 67' lang='lat'><strong>&#39;25).</strong></span> <span class='ocrx_word' id='word_1_563' title='bbox 691 4183 837 4236; x_wconf 87' lang='lat' dir='ltr'><strong>Certi</strong></span> <span class='ocrx_word' id='word_1_564' title='bbox 869 4182 1102 4251; x_wconf 87' lang='lat' dir='ltr'><strong>denique</strong></span> <span class='ocrx_word' id='word_1_565' title='bbox 1146 4197 1354 4242; x_wconf 86' lang='lat' dir='ltr'><strong>sumus,</strong></span> <span class='ocrx_word' id='word_1_566' title='bbox 1388 4184 1505 4249; x_wconf 90' lang='lat' dir='ltr'><strong>ipso</strong></span> <span class='ocrx_word' id='word_1_567' title='bbox 1538 4191 1671 4235; x_wconf 87' lang='lat' dir='ltr'><strong>teste</strong></span> <span class='ocrx_word' id='word_1_568' title='bbox 1706 4184 1809 4236; x_wconf 53' lang='lat' dir='ltr'><strong>Do-</strong></span> 
     </span>
    </p>
   </div>
   <div class='ocr_carea' id='block_1_73' title="bbox 211 4275 1813 4338">
    <p class='ocr_par' dir='ltr' id='par_1_73' title="bbox 211 4275 1813 4338">
     <span class='ocr_line' id='line_1_73' title="bbox 211 4275 1813 4338; baseline -0.001 -7"><span class='ocrx_word' id='word_1_569' title='bbox 211 4276 387 4338; x_wconf 81' lang='lat' dir='ltr'><strong>initio,</strong></span> <span class='ocrx_word' id='word_1_570' title='bbox 422 4284 476 4329; x_wconf 91' lang='lat' dir='ltr'><strong>ct</strong></span> <span class='ocrx_word' id='word_1_571' title='bbox 505 4276 775 4329; x_wconf 81' lang='lat' dir='ltr'><strong>Abraham</strong></span> <span class='ocrx_word' id='word_1_572' title='bbox 802 4287 855 4330; x_wconf 90' lang='lat' dir='ltr'><strong>et</strong></span> <span class='ocrx_word' id='word_1_573' title='bbox 886 4275 1035 4330; x_wconf 85' lang='lat' dir='ltr'><strong>Isaac</strong></span> <span class='ocrx_word' id='word_1_574' title='bbox 1072 4284 1126 4330; x_wconf 88' lang='lat' dir='ltr'><strong>et</strong></span> <span class='ocrx_word' id='word_1_575' title='bbox 1164 4275 1333 4330; x_wconf 80' lang='lat' dir='ltr'><strong>Jacob</strong></span> <span class='ocrx_word' id='word_1_576' title='bbox 1358 4286 1409 4330; x_wconf 90' lang='lat' dir='ltr'><strong>et</strong></span> <span class='ocrx_word' id='word_1_577' title='bbox 1436 4291 1623 4331; x_wconf 90' lang='lat' dir='ltr'><strong>omnes</strong></span> <span class='ocrx_word' id='word_1_578' title='bbox 1658 4291 1813 4331; x_wconf 78' lang='lat' dir='ltr'><strong>sanc-</strong></span> 
     </span>
    </p>
   </div>
   <div class='ocr_carea' id='block_1_74' title="bbox 214 4366 1811 4436">
    <p class='ocr_par' dir='ltr' id='par_1_74' title="bbox 214 4366 1811 4436">
     <span class='ocr_line' id='line_1_74' title="bbox 214 4366 1811 4436; baseline -0.001 -13"><span class='ocrx_word' id='word_1_579' title='bbox 214 4377 307 4423; x_wconf 88' lang='lat' dir='ltr'><strong>tos</strong></span> <span class='ocrx_word' id='word_1_580' title='bbox 344 4367 435 4421; x_wconf 83' lang='lat' dir='ltr'><strong>ltci</strong></span> <span class='ocrx_word' id='word_1_581' title='bbox 469 4369 671 4421; x_wconf 82' lang='lat' dir='ltr'><strong>vivere.</strong></span> <span class='ocrx_word' id='word_1_582' title='bbox 724 4368 961 4436; x_wconf 79' lang='lat' dir='ltr'><strong>Denique</strong></span> <span class='ocrx_word' id='word_1_583' title='bbox 990 4367 1055 4421; x_wconf 89' lang='lat' dir='ltr'><strong>de</strong></span> <span class='ocrx_word' id='word_1_584' title='bbox 1101 4367 1184 4421; x_wconf 86' lang='lat' dir='ltr'><strong>his</strong></span> <span class='ocrx_word' id='word_1_585' title='bbox 1234 4366 1365 4435; x_wconf 82' lang='lat' dir='ltr'><strong>ipsis</strong></span> <span class='ocrx_word' id='word_1_586' title='bbox 1404 4370 1481 4421; x_wconf 88' lang='lat' dir='ltr'><strong>ait</strong></span> <span class='ocrx_word' id='word_1_587' title='bbox 1520 4368 1811 4422; x_wconf 88' lang='lat' dir='ltr'><strong>Dominus:</strong></span> 
     </span>
    </p>
   </div>
   <div class='ocr_carea' id='block_1_75' title="bbox 219 4456 1812 4523">
    <p class='ocr_par' dir='ltr' id='par_1_75' title="bbox 219 4456 1812 4523">
     <span class='ocr_line' id='line_1_75' title="bbox 219 4456 1812 4523; baseline 0 -10"><span class='ocrx_word' id='word_1_588' title='bbox 219 4461 415 4513; x_wconf 81' lang='lat' dir='ltr'><strong>Omnes</strong></span> <span class='ocrx_word' id='word_1_589' title='bbox 435 4469 607 4513; x_wconf 87' lang='lat' dir='ltr'><strong>autem</strong></span> <span class='ocrx_word' id='word_1_590' title='bbox 634 4459 712 4512; x_wconf 87' lang='lat' dir='ltr'><strong>illi</strong></span> <span class='ocrx_word' id='word_1_591' title='bbox 746 4460 913 4511; x_wconf 85' lang='lat' dir='ltr'><strong>riruut</strong></span> <span class='ocrx_word' id='word_1_592' title='bbox 945 4475 963 4511; x_wconf 90' lang='lat'><strong><em>:</em></strong></span> <span class='ocrx_word' id='word_1_593' title='bbox 994 4456 1132 4512; x_wconf 83' lang='lat' dir='ltr'><strong>Deus</strong></span> <span class='ocrx_word' id='word_1_594' title='bbox 1156 4459 1292 4511; x_wconf 86' lang='lat' dir='ltr'><strong>enim</strong></span> <span class='ocrx_word' id='word_1_595' title='bbox 1323 4460 1551 4513; x_wconf 87' lang='lat' dir='ltr'><strong>vivorum</strong></span> <span class='ocrx_word' id='word_1_596' title='bbox 1578 4470 1674 4523; x_wconf 77' lang='lat' dir='ltr'><strong>est,</strong></span> <span class='ocrx_word' id='word_1_597' title='bbox 1710 4477 1812 4515; x_wconf 86' lang='lat' dir='ltr'><strong>non</strong></span> 
     </span>
    </p>
   </div>
   <div class='ocr_carea' id='block_1_76' title="bbox 219 4550 1811 4621">
    <p class='ocr_par' dir='ltr' id='par_1_76' title="bbox 219 4550 1811 4621">
     <span class='ocr_line' id='line_1_76' title="bbox 219 4550 1811 4621; baseline -0.001 -15"><span class='ocrx_word' id='word_1_598' title='bbox 219 4563 546 4607; x_wconf 86' lang='lat' dir='ltr'><strong>mortuorum</strong></span> <span class='ocrx_word' id='word_1_599' title='bbox 589 4550 741 4621; x_wconf 77' lang='lat' dir='ltr'><strong>(Luc.</strong></span> <span class='ocrx_word' id='word_1_600' title='bbox 774 4567 862 4614; x_wconf 75' lang='lat' dir='ltr'><strong>xx,</strong></span> <span class='ocrx_word' id='word_1_601' title='bbox 894 4552 1005 4619; x_wconf 83' lang='grc'>58).</span> <span class='ocrx_word' id='word_1_602' title='bbox 1039 4550 1101 4604; x_wconf 83' lang='grc' dir='ltr'>Ει</span> <span class='ocrx_word' id='word_1_603' title='bbox 1130 4550 1426 4619; x_wconf 81' lang='lat' dir='ltr'><strong>Apostolus</strong></span> <span class='ocrx_word' id='word_1_604' title='bbox 1454 4552 1521 4606; x_wconf 90' lang='lat' dir='ltr'><strong>de</strong></span> <span class='ocrx_word' id='word_1_605' title='bbox 1552 4567 1610 4606; x_wconf 87' lang='lat' dir='ltr'><strong>se</strong></span> <span class='ocrx_word' id='word_1_606' title='bbox 1638 4552 1768 4607; x_wconf 87' lang='lat' dir='ltr'><strong>dicit</strong></span> <span class='ocrx_word' id='word_1_607' title='bbox 1798 4569 1811 4605; x_wconf 90' lang='lat'><strong>:</strong></span> 
     </span>
    </p>
   </div>
   <div class='ocr_carea' id='block_1_77' title="bbox 222 4642 1817 4711">
    <p class='ocr_par' dir='ltr' id='par_1_77' title="bbox 222 4642 1817 4711">
     <span class='ocr_line' id='line_1_77' title="bbox 222 4642 1817 4711; baseline -0.001 -13"><span class='ocrx_word' id='word_1_608' title='bbox 222 4643 365 4698; x_wconf 85' lang='lat' dir='ltr'><strong>Illihi</strong></span> <span class='ocrx_word' id='word_1_609' title='bbox 392 4646 554 4697; x_wconf 83' lang='lat' dir='ltr'><strong>vivere</strong></span> <span class='ocrx_word' id='word_1_610' title='bbox 580 4642 813 4697; x_wconf 86' lang='lat' dir='ltr'><strong>Christus</strong></span> <span class='ocrx_word' id='word_1_611' title='bbox 837 4653 931 4705; x_wconf 87' lang='lat' dir='ltr'><strong>est,</strong></span> <span class='ocrx_word' id='word_1_612' title='bbox 956 4652 1001 4695; x_wconf 90' lang='lat' dir='ltr'><strong>et</strong></span> <span class='ocrx_word' id='word_1_613' title='bbox 1024 4642 1151 4695; x_wconf 89' lang='lat' dir='ltr'><strong>mori</strong></span> <span class='ocrx_word' id='word_1_614' title='bbox 1175 4643 1376 4695; x_wconf 88' lang='lat' dir='ltr'><strong>lucrum</strong></span> <span class='ocrx_word' id='word_1_615' title='bbox 1406 4659 1422 4695; x_wconf 90' lang='lat'><em>:</em></span> <span class='ocrx_word' id='word_1_616' title='bbox 1454 4652 1681 4711; x_wconf 81' lang='lat' dir='ltr'><strong>Optarent</strong></span> <span class='ocrx_word' id='word_1_617' title='bbox 1709 4645 1817 4697; x_wconf 86' lang='lat' dir='ltr'><strong>dis-</strong></span> 
     </span>
    </p>
   </div>
   <div class='ocr_carea' id='block_1_78' title="bbox 1916 3426 3511 3499">
    <p class='ocr_par' dir='ltr' id='par_1_78' title="bbox 1916 3426 3511 3499">
     <span class='ocr_line' id='line_1_78' title="bbox 1916 3426 3511 3499; baseline 0.001 -16"><span class='ocrx_word' id='word_1_618' title='bbox 1916 3427 2138 3499; x_wconf 65' lang='lat' dir='ltr'><strong>(Coloss.</strong></span> <span class='ocrx_word' id='word_1_619' title='bbox 2162 3444 2217 3494; x_wconf 89' lang='lat' dir='ltr'><strong>tt,</strong></span> <span class='ocrx_word' id='word_1_620' title='bbox 2249 3429 2335 3497; x_wconf 88' lang='lat' dir='ltr'><strong>l8)</strong></span> <span class='ocrx_word' id='word_1_621' title='bbox 2365 3429 2430 3482; x_wconf 87' lang='lat' dir='ltr'><strong>ad</strong></span> <span class='ocrx_word' id='word_1_622' title='bbox 2456 3430 3094 3499; x_wconf 76' lang='lat' dir='ltr'><strong>Angelorumservitutes</strong></span> <span class='ocrx_word' id='word_1_623' title='bbox 3116 3439 3167 3483; x_wconf 85' lang='lat' dir='ltr'><strong>et</strong></span> <span class='ocrx_word' id='word_1_624' title='bbox 3186 3426 3326 3497; x_wconf 80' lang='lat' dir='ltr'><strong>(Gal.</strong></span> <span class='ocrx_word' id='word_1_625' title='bbox 3360 3444 3434 3495; x_wconf 88' lang='lat' dir='ltr'><strong>Iv,</strong></span> <span class='ocrx_word' id='word_1_626' title='bbox 3454 3431 3511 3496; x_wconf 85' lang='lat'><strong>9)</strong></span> 
     </span>
    </p>
   </div>
   <div class='ocr_carea' id='block_1_79' title="bbox 1916 3522 3511 3588">
    <p class='ocr_par' dir='ltr' id='par_1_79' title="bbox 1916 3522 3511 3588">
     <span class='ocr_line' id='line_1_79' title="bbox 1916 3522 3511 3588; baseline 0 -15"><span class='ocrx_word' id='word_1_627' title='bbox 1916 3524 2125 3575; x_wconf 90' lang='lat' dir='ltr'><strong>iulirma</strong></span> <span class='ocrx_word' id='word_1_628' title='bbox 2158 3522 2241 3573; x_wconf 88' lang='lat' dir='ltr'><strong>illa</strong></span> <span class='ocrx_word' id='word_1_629' title='bbox 2273 3529 2328 3574; x_wconf 90' lang='lat' dir='ltr'><strong>et</strong></span> <span class='ocrx_word' id='word_1_630' title='bbox 2358 3536 2525 3588; x_wconf 82' lang='lat' dir='ltr'><strong>egena</strong></span> <span class='ocrx_word' id='word_1_631' title='bbox 2561 3523 2747 3574; x_wconf 87' lang='lat' dir='ltr'><strong>mundi</strong></span> <span class='ocrx_word' id='word_1_632' title='bbox 2778 3522 3047 3575; x_wconf 89' lang='lat' dir='ltr'><strong>elementa</strong></span> <span class='ocrx_word' id='word_1_633' title='bbox 3080 3522 3379 3585; x_wconf 87' lang='lat' dir='ltr'><strong>transierit,</strong></span> <span class='ocrx_word' id='word_1_634' title='bbox 3411 3537 3511 3574; x_wconf 90' lang='lat' dir='ltr'><strong>an-</strong></span> 
     </span>
    </p>
   </div>
   <div class='ocr_carea' id='block_1_80' title="bbox 1915 3611 3512 3683">
    <p class='ocr_par' dir='ltr' id='par_1_80' title="bbox 1915 3611 3512 3683">
     <span class='ocr_line' id='line_1_80' title="bbox 1915 3611 3512 3683; baseline 0.003 -19"><span class='ocrx_word' id='word_1_635' title='bbox 1915 3615 2077 3682; x_wconf 83' lang='lat' dir='ltr'><strong>tiquis</strong></span> <span class='ocrx_word' id='word_1_636' title='bbox 2109 3612 2215 3665; x_wconf 91' lang='lat' dir='ltr'><strong>illis</strong></span> <span class='ocrx_word' id='word_1_637' title='bbox 2241 3611 2598 3681; x_wconf 87' lang='lat' dir='ltr'><strong>compedibus</strong></span> <span class='ocrx_word' id='word_1_638' title='bbox 2630 3624 2684 3667; x_wconf 88' lang='lat' dir='ltr'><strong>et</strong></span> <span class='ocrx_word' id='word_1_639' title='bbox 2705 3617 2933 3678; x_wconf 86' lang='lat' dir='ltr'><strong>catenis,</strong></span> <span class='ocrx_word' id='word_1_640' title='bbox 2963 3612 3013 3667; x_wconf 89' lang='lat' dir='ltr'><strong>id</strong></span> <span class='ocrx_word' id='word_1_641' title='bbox 3047 3622 3131 3668; x_wconf 89' lang='lat' dir='ltr'><strong>est</strong></span> <span class='ocrx_word' id='word_1_642' title='bbox 3152 3618 3357 3683; x_wconf 78' lang='lat' dir='ltr'><strong>peccati</strong></span> <span class='ocrx_word' id='word_1_643' title='bbox 3392 3616 3512 3668; x_wconf 84' lang='lat' dir='ltr'><strong>vin-</strong></span> 
     </span>
    </p>
   </div>
   <div class='ocr_carea' id='block_1_81' title="bbox 1913 3705 3515 3775">
    <p class='ocr_par' dir='ltr' id='par_1_81' title="bbox 1913 3705 3515 3775">
     <span class='ocr_line' id='line_1_81' title="bbox 1913 3705 3515 3775; baseline 0 -16"><span class='ocrx_word' id='word_1_644' title='bbox 1913 3706 2052 3759; x_wconf 88' lang='lat' dir='ltr'><strong>culis</strong></span> <span class='ocrx_word' id='word_1_645' title='bbox 2075 3705 2398 3774; x_wconf 82' lang='lat' dir='ltr'><strong>alligabitur;</strong></span> <span class='ocrx_word' id='word_1_646' title='bbox 2427 3714 2472 3756; x_wconf 87' lang='lat' dir='ltr'><strong>et</strong></span> <span class='ocrx_word' id='word_1_647' title='bbox 2483 3705 2605 3771; x_wconf 77' lang='lat' dir='ltr'><strong>ﬁent</strong></span> <span class='ocrx_word' id='word_1_648' title='bbox 2637 3706 2909 3757; x_wconf 74' lang='lat' dir='ltr'><strong>novissima</strong></span> <span class='ocrx_word' id='word_1_649' title='bbox 2923 3709 3032 3775; x_wconf 86' lang='lat' dir='ltr'><strong>ejus</strong></span> <span class='ocrx_word' id='word_1_650' title='bbox 3054 3706 3304 3758; x_wconf 85' lang='lat' dir='ltr'><strong>deteriora</strong></span> <span class='ocrx_word' id='word_1_651' title='bbox 3326 3707 3515 3775; x_wconf 83' lang='lat' dir='ltr'><strong>priori-</strong></span> 
     </span>
    </p>
   </div>
   <div class='ocr_carea' id='block_1_82' title="bbox 1916 3798 3512 3871">
    <p class='ocr_par' dir='ltr' id='par_1_82' title="bbox 1916 3798 3512 3871">
     <span class='ocr_line' id='line_1_82' title="bbox 1916 3798 3512 3871; baseline 0.003 -19"><span class='ocrx_word' id='word_1_652' title='bbox 1916 3801 2005 3852; x_wconf 89' lang='lat' dir='ltr'><strong>bus</strong></span> <span class='ocrx_word' id='word_1_653' title='bbox 2038 3798 2189 3868; x_wconf 83' lang='lat' dir='ltr'><strong>(Luc.</strong></span> <span class='ocrx_word' id='word_1_654' title='bbox 2221 3815 2301 3865; x_wconf 72' lang='lat' dir='ltr'><strong>si,</strong></span> <span class='ocrx_word' id='word_1_655' title='bbox 2332 3798 2424 3867; x_wconf 66' lang='lat'><strong>26)</strong></span> <span class='ocrx_word' id='word_1_656' title='bbox 2451 3799 2601 3867; x_wconf 79' lang='lat' dir='ltr'><strong>:qui.t</strong></span> <span class='ocrx_word' id='word_1_657' title='bbox 2624 3808 2677 3853; x_wconf 92' lang='lat' dir='ltr'><strong>et</strong></span> <span class='ocrx_word' id='word_1_658' title='bbox 2705 3799 2949 3854; x_wconf 83' lang='lat' dir='ltr'><strong>diabolus</strong></span> <span class='ocrx_word' id='word_1_659' title='bbox 2974 3815 3095 3855; x_wconf 90' lang='lat' dir='ltr'><strong>eum</strong></span> <span class='ocrx_word' id='word_1_660' title='bbox 3138 3803 3287 3871; x_wconf 89' lang='lat' dir='ltr'><strong>quasi</strong></span> <span class='ocrx_word' id='word_1_661' title='bbox 3315 3817 3409 3871; x_wconf 87' lang='lat' dir='ltr'><strong>per</strong></span> <span class='ocrx_word' id='word_1_662' title='bbox 3434 3803 3512 3857; x_wconf 86' lang='lat' dir='ltr'><strong>fu-</strong></span> 
     </span>
    </p>
   </div>
   <div class='ocr_carea' id='block_1_83' title="bbox 1914 3890 3514 3961">
    <p class='ocr_par' dir='ltr' id='par_1_83' title="bbox 1914 3890 3514 3961">
     <span class='ocr_line' id='line_1_83' title="bbox 1914 3890 3514 3961; baseline 0.004 -17"><span class='ocrx_word' id='word_1_663' title='bbox 1914 3905 2037 3961; x_wconf 81' lang='lat' dir='ltr'><strong>gam</strong></span> <span class='ocrx_word' id='word_1_664' title='bbox 2060 3892 2256 3945; x_wconf 89' lang='lat' dir='ltr'><strong>victum</strong></span> <span class='ocrx_word' id='word_1_665' title='bbox 2289 3892 2667 3945; x_wconf 82' lang='lat' dir='ltr'><strong>vehementius</strong></span> <span class='ocrx_word' id='word_1_666' title='bbox 2693 3890 2959 3961; x_wconf 84' lang='lat' dir='ltr'><strong>iuligabit;</strong></span> <span class='ocrx_word' id='word_1_667' title='bbox 2985 3902 3039 3945; x_wconf 91' lang='lat' dir='ltr'><strong>ct</strong></span> <span class='ocrx_word' id='word_1_668' title='bbox 3065 3891 3311 3947; x_wconf 80' lang='lat' dir='ltr'><strong>Christus</strong></span> <span class='ocrx_word' id='word_1_669' title='bbox 3336 3909 3514 3961; x_wconf 89' lang='lat' dir='ltr'><strong>proco</strong></span> 
     </span>
    </p>
   </div>
   <div class='ocr_carea' id='block_1_84' title="bbox 1912 3986 3515 4058">
    <p class='ocr_par' dir='ltr' id='par_1_84' title="bbox 1912 3986 3515 4058">
     <span class='ocr_line' id='line_1_84' title="bbox 1912 3986 3515 4058; baseline 0.001 -20"><span class='ocrx_word' id='word_1_670' title='bbox 1912 3987 2023 4054; x_wconf 88' lang='lat' dir='ltr'><strong>jam</strong></span> <span class='ocrx_word' id='word_1_671' title='bbox 2043 3987 2149 4057; x_wconf 86' lang='lat' dir='ltr'><strong>pati</strong></span> <span class='ocrx_word' id='word_1_672' title='bbox 2182 4000 2287 4039; x_wconf 91' lang='lat' dir='ltr'><strong>non</strong></span> <span class='ocrx_word' id='word_1_673' title='bbox 2305 3987 2523 4054; x_wconf 89' lang='lat' dir='ltr'><strong>poterit,</strong></span> <span class='ocrx_word' id='word_1_674' title='bbox 2538 3986 2659 4054; x_wconf 87' lang='lat' dir='ltr'><strong>quia</strong></span> <span class='ocrx_word' id='word_1_675' title='bbox 2682 3986 2769 4054; x_wconf 82' lang='lat' dir='ltr'><strong>qui</strong></span> <span class='ocrx_word' id='word_1_676' title='bbox 2798 3987 3075 4039; x_wconf 76' lang='lat' dir='ltr'><strong>resurrexit</strong></span> <span class='ocrx_word' id='word_1_677' title='bbox 3104 4003 3134 4038; x_wconf 92' lang='lat' dir='ltr'><strong>a</strong></span> <span class='ocrx_word' id='word_1_678' title='bbox 3157 3990 3388 4053; x_wconf 83' lang='lat' dir='ltr'><strong>mortuis,</strong></span> <span class='ocrx_word' id='word_1_679' title='bbox 3401 3989 3515 4058; x_wconf 85' lang='lat' dir='ltr'><strong>jam</strong></span> 
     </span>
    </p>
   </div>
   <div class='ocr_carea' id='block_1_85' title="bbox 1919 4074 3512 4147">
    <p class='ocr_par' dir='ltr' id='par_1_85' title="bbox 1919 4074 3512 4147">
     <span class='ocr_line' id='line_1_85' title="bbox 1919 4074 3512 4147; baseline 0.001 -15"><span class='ocrx_word' id='word_1_680' title='bbox 1919 4095 2022 4132; x_wconf 88' lang='lat' dir='ltr'><strong>non</strong></span> <span class='ocrx_word' id='word_1_681' title='bbox 2039 4077 2512 4147; x_wconf 72' lang='lat' dir='ltr'><strong>morieturamplius</strong></span> <span class='ocrx_word' id='word_1_682' title='bbox 2540 4074 2718 4146; x_wconf 81' lang='lat' dir='ltr'><strong>(Rom.</strong></span> <span class='ocrx_word' id='word_1_683' title='bbox 2748 4092 2817 4140; x_wconf 77' lang='lat' dir='ltr'><strong>Vl,</strong></span> <span class='ocrx_word' id='word_1_684' title='bbox 2845 4075 2924 4145; x_wconf 71' lang='grc'><strong>9).</strong></span> <span class='ocrx_word' id='word_1_685' title='bbox 2944 4077 3129 4147; x_wconf 86' lang='lat' dir='ltr'><strong>Igitur,</strong></span> <span class='ocrx_word' id='word_1_686' title='bbox 3156 4080 3512 4144; x_wconf 88' lang='lat' dir='ltr'><strong>dilectissimi,</strong></span> 
     </span>
    </p>
   </div>
   <div class='ocr_carea' id='block_1_86' title="bbox 1918 4169 3517 4242">
    <p class='ocr_par' dir='ltr' id='par_1_86' title="bbox 1918 4169 3517 4242">
     <span class='ocr_line' id='line_1_86' title="bbox 1918 4169 3517 4242; baseline 0 -16"><span class='ocrx_word' id='word_1_687' title='bbox 1918 4174 2084 4226; x_wconf 91' lang='lat' dir='ltr'><strong>semel</strong></span> <span class='ocrx_word' id='word_1_688' title='bbox 2105 4171 2395 4233; x_wconf 85' lang='lat' dir='ltr'><strong>abluimur,</strong></span> <span class='ocrx_word' id='word_1_689' title='bbox 2411 4170 2581 4224; x_wconf 92' lang='lat' dir='ltr'><strong>semcl</strong></span> <span class='ocrx_word' id='word_1_690' title='bbox 2604 4169 3093 4235; x_wconf 81' lang='lat' dir='ltr'><strong>liberamur,sctncl</strong></span> <span class='ocrx_word' id='word_1_691' title='bbox 3113 4170 3164 4224; x_wconf 88' lang='lat' dir='ltr'><strong>iti</strong></span> <span class='ocrx_word' id='word_1_692' title='bbox 3181 4186 3397 4242; x_wconf 88' lang='lat' dir='ltr'><strong>regnum</strong></span> <span class='ocrx_word' id='word_1_693' title='bbox 3419 4175 3517 4226; x_wconf 85' lang='lat' dir='ltr'><strong>im-</strong></span> 
     </span>
    </p>
   </div>
   <div class='ocr_carea' id='block_1_87' title="bbox 1921 4264 3517 4335">
    <p class='ocr_par' dir='ltr' id='par_1_87' title="bbox 1921 4264 3517 4335">
     <span class='ocr_line' id='line_1_87' title="bbox 1921 4264 3517 4335; baseline 0.003 -18"><span class='ocrx_word' id='word_1_694' title='bbox 1921 4264 2148 4318; x_wconf 89' lang='lat' dir='ltr'><strong>mortale</strong></span> <span class='ocrx_word' id='word_1_695' title='bbox 2177 4264 2527 4331; x_wconf 88' lang='lat' dir='ltr'><strong>suscipimttr:</strong></span> <span class='ocrx_word' id='word_1_696' title='bbox 2548 4265 2715 4318; x_wconf 90' lang='lat' dir='ltr'><strong>semel</strong></span> <span class='ocrx_word' id='word_1_697' title='bbox 2736 4265 2762 4331; x_wconf 75' lang='lat' dir='ltr'><strong>f</strong></span> <span class='ocrx_word' id='word_1_698' title='bbox 2763 4265 2911 4317; x_wconf 80' lang='lat' dir='ltr'><strong>elices</strong></span> <span class='ocrx_word' id='word_1_699' title='bbox 2929 4275 3065 4332; x_wconf 85' lang='lat' dir='ltr'><strong>sunt,</strong></span> <span class='ocrx_word' id='word_1_700' title='bbox 3080 4281 3293 4335; x_wconf 84' lang='lat' dir='ltr'><strong>quarunt</strong></span> <span class='ocrx_word' id='word_1_701' title='bbox 3310 4268 3517 4321; x_wconf 86' lang='lat' dir='ltr'><strong>remissa</strong></span> 
     </span>
    </p>
   </div>
   <div class='ocr_carea' id='block_1_88' title="bbox 1916 4355 3517 4429">
    <p class='ocr_par' dir='ltr' id='par_1_88' title="bbox 1916 4355 3517 4429">
     <span class='ocr_line' id='line_1_88' title="bbox 1916 4355 3517 4429; baseline 0.003 -21"><span class='ocrx_word' id='word_1_702' title='bbox 1916 4366 2033 4408; x_wconf 82' lang='lat' dir='ltr'><strong>sunt</strong></span> <span class='ocrx_word' id='word_1_703' title='bbox 2057 4355 2307 4425; x_wconf 80' lang='lat' dir='ltr'><strong>facinora,</strong></span> <span class='ocrx_word' id='word_1_704' title='bbox 2341 4363 2386 4406; x_wconf 85' lang='lat' dir='ltr'><strong>et</strong></span> <span class='ocrx_word' id='word_1_705' title='bbox 2414 4369 2628 4420; x_wconf 83' lang='lat' dir='ltr'><strong>quarunt</strong></span> <span class='ocrx_word' id='word_1_706' title='bbox 2659 4364 2788 4407; x_wconf 82' lang='lat' dir='ltr'><strong>tecta</strong></span> <span class='ocrx_word' id='word_1_707' title='bbox 2805 4365 2925 4408; x_wconf 82' lang='lat' dir='ltr'><strong>sunt</strong></span> <span class='ocrx_word' id='word_1_708' title='bbox 2945 4366 3153 4423; x_wconf 81' lang='lat' dir='ltr'><strong>peccata</strong></span> <span class='ocrx_word' id='word_1_709' title='bbox 3175 4356 3343 4429; x_wconf 82' lang='lat' dir='ltr'><strong>(l’sal.</strong></span> <span class='ocrx_word' id='word_1_710' title='bbox 3368 4372 3517 4425; x_wconf 68' lang='lat' dir='ltr'><strong>xxxi,</strong></span> 
     </span>
    </p>
   </div>
   <div class='ocr_carea' id='block_1_89' title="bbox 1922 4448 3517 4520">
    <p class='ocr_par' dir='ltr' id='par_1_89' title="bbox 1922 4448 3517 4520">
     <span class='ocr_line' id='line_1_89' title="bbox 1922 4448 3517 4520; baseline 0.002 -16"><span class='ocrx_word' id='word_1_711' title='bbox 1922 4448 1997 4520; x_wconf 74' lang='lat' dir='ltr'><strong>t).</strong></span> <span class='ocrx_word' id='word_1_712' title='bbox 2028 4449 2235 4504; x_wconf 85' lang='lat' dir='ltr'><strong>Tenete</strong></span> <span class='ocrx_word' id='word_1_713' title='bbox 2274 4448 2486 4504; x_wconf 92' lang='lat' dir='ltr'><strong>fortiter</strong></span> <span class='ocrx_word' id='word_1_714' title='bbox 2507 4450 2648 4519; x_wconf 91' lang='lat' dir='ltr'><strong>quod</strong></span> <span class='ocrx_word' id='word_1_715' title='bbox 2680 4450 2987 4519; x_wconf 88' lang='lat' dir='ltr'><strong>accepistis,</strong></span> <span class='ocrx_word' id='word_1_716' title='bbox 3024 4464 3241 4508; x_wconf 88' lang='lat' dir='ltr'><strong>servate</strong></span> <span class='ocrx_word' id='word_1_717' title='bbox 3268 4454 3517 4520; x_wconf 87' lang='lat' dir='ltr'><strong>feliciter,</strong></span> 
     </span>
    </p>
   </div>
   <div class='ocr_carea' id='block_1_90' title="bbox 1922 4542 3521 4612">
    <p class='ocr_par' dir='ltr' id='par_1_90' title="bbox 1922 4542 3521 4612">
     <span class='ocr_line' id='line_1_90' title="bbox 1922 4542 3521 4612; baseline 0.003 -17"><span class='ocrx_word' id='word_1_718' title='bbox 1922 4544 2155 4611; x_wconf 85' lang='lat' dir='ltr'><strong>amplius</strong></span> <span class='ocrx_word' id='word_1_719' title='bbox 2178 4556 2403 4612; x_wconf 87' lang='lat' dir='ltr'><strong>peccare</strong></span> <span class='ocrx_word' id='word_1_720' title='bbox 2428 4542 2612 4597; x_wconf 91' lang='lat' dir='ltr'><strong>nolite.</strong></span> <span class='ocrx_word' id='word_1_721' title='bbox 2644 4542 2813 4598; x_wconf 85' lang='lat' dir='ltr'><strong>Puros</strong></span> <span class='ocrx_word' id='word_1_722' title='bbox 2834 4558 2929 4598; x_wconf 93' lang='lat' dir='ltr'><strong>vos</strong></span> <span class='ocrx_word' id='word_1_723' title='bbox 2946 4560 3011 4599; x_wconf 87' lang='lat' dir='ltr'><strong>ex</strong></span> <span class='ocrx_word' id='word_1_724' title='bbox 3033 4558 3099 4599; x_wconf 86' lang='lat' dir='ltr'><strong>eo</strong></span> <span class='ocrx_word' id='word_1_725' title='bbox 3130 4556 3181 4600; x_wconf 92' lang='lat' dir='ltr'><strong>et</strong></span> <span class='ocrx_word' id='word_1_726' title='bbox 3211 4547 3521 4601; x_wconf 87' lang='lat' dir='ltr'><strong>immacula-</strong></span> 
     </span>
    </p>
   </div>
   <div class='ocr_carea' id='block_1_91' title="bbox 1924 4634 3523 4695">
    <p class='ocr_par' dir='ltr' id='par_1_91' title="bbox 1924 4634 3523 4695">
     <span class='ocr_line' id='line_1_91' title="bbox 1924 4634 3523 4695; baseline 0.005 -8"><span class='ocrx_word' id='word_1_727' title='bbox 1924 4644 2008 4688; x_wconf 92' lang='lat' dir='ltr'><strong>tos</strong></span> <span class='ocrx_word' id='word_1_728' title='bbox 2029 4634 2080 4689; x_wconf 91' lang='lat' dir='ltr'><strong>iu</strong></span> <span class='ocrx_word' id='word_1_729' title='bbox 2112 4635 2253 4690; x_wconf 89' lang='lat' dir='ltr'><strong>diem</strong></span> <span class='ocrx_word' id='word_1_730' title='bbox 2273 4634 2483 4689; x_wconf 90' lang='lat' dir='ltr'><strong>Domini</strong></span> <span class='ocrx_word' id='word_1_731' title='bbox 2513 4645 2808 4691; x_wconf 88' lang='lat' dir='ltr'><strong>reservate.</strong></span> <span class='ocrx_word' id='word_1_732' title='bbox 2832 4635 3068 4691; x_wconf 86' lang='lat' dir='ltr'><strong>Grandia</strong></span> <span class='ocrx_word' id='word_1_733' title='bbox 3090 4648 3145 4694; x_wconf 93' lang='lat' dir='ltr'><strong>et</strong></span> <span class='ocrx_word' id='word_1_734' title='bbox 3175 4640 3376 4694; x_wconf 85' lang='lat' dir='ltr'><strong>infinita</strong></span> <span class='ocrx_word' id='word_1_735' title='bbox 3395 4651 3523 4695; x_wconf 90' lang='lat' dir='ltr'><strong>sunt</strong></span> 
     </span>
    </p>
   </div>
   <div class='ocr_carea' id='block_1_92' title="bbox 217 4706 3524 4805">
    <p class='ocr_par' dir='ltr' id='par_1_92' title="bbox 217 4706 3524 4805">
     <span class='ocr_line' id='line_1_92' title="bbox 217 4706 3524 4805; baseline -0.001 -14"><span class='ocrx_word' id='word_1_736' title='bbox 217 4736 355 4791; x_wconf 80' lang='lat' dir='ltr'><strong>solvi</strong></span> <span class='ocrx_word' id='word_1_737' title='bbox 385 4746 430 4789; x_wconf 86' lang='lat' dir='ltr'><strong>et</strong></span> <span class='ocrx_word' id='word_1_738' title='bbox 457 4752 571 4789; x_wconf 89' lang='lat' dir='ltr'><strong>cum</strong></span> <span class='ocrx_word' id='word_1_739' title='bbox 621 4735 827 4789; x_wconf 85' lang='lat' dir='ltr'><strong>Christo</strong></span> <span class='ocrx_word' id='word_1_740' title='bbox 877 4750 982 4787; x_wconf 84' lang='lat' dir='ltr'><strong>esse</strong></span> <span class='ocrx_word' id='word_1_741' title='bbox 1030 4732 1291 4805; x_wconf 83' lang='lat' dir='ltr'><strong>(Philipp.</strong></span> <span class='ocrx_word' id='word_1_742' title='bbox 1340 4750 1386 4800; x_wconf 88' lang='grc' dir='ltr'>ι,</span> <span class='ocrx_word' id='word_1_743' title='bbox 1414 4706 1527 4803; x_wconf 75' lang='lat' dir='ltr'><strong>2t).</strong></span> <span class='ocrx_word' id='word_1_744' title='bbox 1578 4734 1768 4790; x_wconf 81' lang='lat' dir='ltr'><strong>Adhuc</strong></span> <span class='ocrx_word' id='word_1_745' title='bbox 1802 4754 1813 4788; x_wconf 92' lang='lat'><strong>:</strong></span> <span class='ocrx_word' id='word_1_746' title='bbox 1843 4706 1899 4767; x_wconf 81' lang='lat' dir='ltr'><strong>D</strong></span> <span class='ocrx_word' id='word_1_747' title='bbox 1926 4733 2144 4801; x_wconf 65' lang='lat' dir='ltr'><strong>praemia</strong></span> <span class='ocrx_word' id='word_1_748' title='bbox 2176 4729 2429 4784; x_wconf 80' lang='lat' dir='ltr'><strong>ﬁdelibus</strong></span> <span class='ocrx_word' id='word_1_749' title='bbox 2454 4731 2749 4799; x_wconf 70' lang='lat' dir='ltr'><strong>prmstituta</strong></span> <span class='ocrx_word' id='word_1_750' title='bbox 2770 4747 2783 4797; x_wconf 91' lang='lat'><strong>;</strong></span> <span class='ocrx_word' id='word_1_751' title='bbox 2808 4748 2924 4801; x_wconf 80' lang='lat' dir='ltr'><strong>qua:</strong></span> <span class='ocrx_word' id='word_1_752' title='bbox 2948 4748 3040 4786; x_wconf 87' lang='lat' dir='ltr'><strong>nec</strong></span> <span class='ocrx_word' id='word_1_753' title='bbox 3067 4735 3247 4789; x_wconf 87' lang='lat' dir='ltr'><strong>oculus</strong></span> <span class='ocrx_word' id='word_1_754' title='bbox 3272 4736 3411 4801; x_wconf 82' lang='lat' dir='ltr'><strong>vidit,</strong></span> <span class='ocrx_word' id='word_1_755' title='bbox 3443 4734 3524 4789; x_wconf 86' lang='lat' dir='ltr'><strong>in-</strong></span> 
     </span>
    </p>
   </div>
   <div class='ocr_carea' id='block_1_93' title="bbox 222 4826 1820 4899">
    <p class='ocr_par' dir='ltr' id='par_1_93' title="bbox 222 4826 1820 4899">
     <span class='ocr_line' id='line_1_93' title="bbox 222 4826 1820 4899; baseline -0.001 -16"><span class='ocrx_word' id='word_1_756' title='bbox 222 4828 344 4883; x_wconf 78' lang='lat' dir='ltr'><strong>Nos</strong></span> <span class='ocrx_word' id='word_1_757' title='bbox 374 4837 543 4880; x_wconf 87' lang='lat' dir='ltr'><strong>autem</strong></span> <span class='ocrx_word' id='word_1_758' title='bbox 573 4828 694 4879; x_wconf 86' lang='lat' dir='ltr'><strong>dum</strong></span> <span class='ocrx_word' id='word_1_759' title='bbox 754 4829 806 4879; x_wconf 89' lang='lat' dir='ltr'><strong>in</strong></span> <span class='ocrx_word' id='word_1_760' title='bbox 860 4842 1076 4895; x_wconf 66' lang='lat' dir='ltr'><strong>corpore</strong></span> <span class='ocrx_word' id='word_1_761' title='bbox 1128 4826 1224 4879; x_wconf 87' lang='lat' dir='ltr'><strong>hoc</strong></span> <span class='ocrx_word' id='word_1_762' title='bbox 1273 4844 1475 4890; x_wconf 88' lang='lat' dir='ltr'><strong>sunms,</strong></span> <span class='ocrx_word' id='word_1_763' title='bbox 1526 4830 1820 4899; x_wconf 81' lang='lat' dir='ltr'><strong>peregrina-</strong></span> 
     </span>
    </p>
   </div>
   <div class='ocr_carea' id='block_1_94' title="bbox 220 4918 1822 4991">
    <p class='ocr_par' dir='ltr' id='par_1_94' title="bbox 220 4918 1822 4991">
     <span class='ocr_line' id='line_1_94' title="bbox 220 4918 1822 4991; baseline -0.001 -15"><span class='ocrx_word' id='word_1_764' title='bbox 220 4936 346 4976; x_wconf 82' lang='lat' dir='ltr'><strong>ntur</strong></span> <span class='ocrx_word' id='word_1_765' title='bbox 369 4937 399 4972; x_wconf 92' lang='lat' dir='ltr'><strong>a</strong></span> <span class='ocrx_word' id='word_1_766' title='bbox 442 4918 684 4973; x_wconf 90' lang='lat' dir='ltr'><strong>Domino.</strong></span> <span class='ocrx_word' id='word_1_767' title='bbox 739 4918 839 4973; x_wconf 83' lang='lat' dir='ltr'><strong>Per</strong></span> <span class='ocrx_word' id='word_1_768' title='bbox 870 4920 1023 4988; x_wconf 75' lang='lat' dir='ltr'><strong>ﬁdem</strong></span> <span class='ocrx_word' id='word_1_769' title='bbox 1050 4920 1188 4973; x_wconf 85' lang='lat' dir='ltr'><strong>enim</strong></span> <span class='ocrx_word' id='word_1_770' title='bbox 1217 4920 1560 4987; x_wconf 81' lang='lat' dir='ltr'><strong>ambulamus,</strong></span> <span class='ocrx_word' id='word_1_771' title='bbox 1588 4939 1690 4977; x_wconf 86' lang='lat' dir='ltr'><strong>non</strong></span> <span class='ocrx_word' id='word_1_772' title='bbox 1736 4939 1822 4991; x_wconf 80' lang='lat' dir='ltr'><strong>per</strong></span> 
     </span>
    </p>
   </div>
   <div class='ocr_carea' id='block_1_95' title="bbox 220 5010 979 5086">
    <p class='ocr_par' dir='ltr' id='par_1_95' title="bbox 220 5010 979 5086">
     <span class='ocr_line' id='line_1_95' title="bbox 220 5010 979 5086; baseline -0.008 -15"><span class='ocrx_word' id='word_1_773' title='bbox 220 5015 452 5086; x_wconf 86' lang='lat' dir='ltr'><strong>speciem</strong></span> <span class='ocrx_word' id='word_1_774' title='bbox 480 5010 548 5083; x_wconf 86' lang='lat' dir='ltr'><strong>(ll</strong></span> <span class='ocrx_word' id='word_1_775' title='bbox 578 5013 696 5067; x_wconf 79' lang='lat' dir='ltr'><strong>Cor.</strong></span> <span class='ocrx_word' id='word_1_776' title='bbox 728 5029 782 5080; x_wconf 90' lang='lat' dir='ltr'><strong>v,</strong></span> <span class='ocrx_word' id='word_1_777' title='bbox 812 5012 866 5079; x_wconf 86' lang='lat'><strong>6,</strong></span> <span class='ocrx_word' id='word_1_778' title='bbox 902 5013 979 5085; x_wconf 86' lang='lat'><strong>7).</strong></span> 
     </span>
    </p>
   </div>
   <div class='ocr_carea' id='block_1_96' title="bbox 1925 4824 3519 4899">
    <p class='ocr_par' dir='ltr' id='par_1_96' title="bbox 1925 4824 3519 4899">
     <span class='ocr_line' id='line_1_96' title="bbox 1925 4824 3519 4899; baseline 0.002 -20"><span class='ocrx_word' id='word_1_779' title='bbox 1925 4826 2065 4896; x_wconf 91' lang='lat' dir='ltr'><strong>quit,</strong></span> <span class='ocrx_word' id='word_1_780' title='bbox 2096 4841 2186 4879; x_wconf 80' lang='lat' dir='ltr'><strong>nec</strong></span> <span class='ocrx_word' id='word_1_781' title='bbox 2215 4825 2361 4878; x_wconf 88' lang='lat' dir='ltr'><strong>auris</strong></span> <span class='ocrx_word' id='word_1_782' title='bbox 2384 4824 2601 4889; x_wconf 80' lang='lat' dir='ltr'><strong>audiuit,</strong></span> <span class='ocrx_word' id='word_1_783' title='bbox 2636 4839 2726 4878; x_wconf 89' lang='lat' dir='ltr'><strong>nec</strong></span> <span class='ocrx_word' id='word_1_784' title='bbox 2747 4842 2902 4897; x_wconf 87' lang='lat' dir='ltr'><strong>super</strong></span> <span class='ocrx_word' id='word_1_785' title='bbox 2924 4843 3012 4881; x_wconf 89' lang='lat' dir='ltr'><strong>cor</strong></span> <span class='ocrx_word' id='word_1_786' title='bbox 3040 4829 3262 4882; x_wconf 79' lang='lat' dir='ltr'><strong>hominis</strong></span> <span class='ocrx_word' id='word_1_787' title='bbox 3292 4831 3519 4899; x_wconf 83' lang='lat' dir='ltr'><strong>ingressa</strong></span> 
     </span>
    </p>
   </div>
   <div class='ocr_carea' id='block_1_97' title="bbox 1924 4917 3520 4993">
    <p class='ocr_par' dir='ltr' id='par_1_97' title="bbox 1924 4917 3520 4993">
     <span class='ocr_line' id='line_1_97' title="bbox 1924 4917 3520 4993; baseline 0.003 -19"><span class='ocrx_word' id='word_1_788' title='bbox 1924 4930 2047 4975; x_wconf 83' lang='lat' dir='ltr'><strong>sunt</strong></span> <span class='ocrx_word' id='word_1_789' title='bbox 2076 4920 2120 4991; x_wconf 90' lang='lat' dir='ltr'><strong>(l</strong></span> <span class='ocrx_word' id='word_1_790' title='bbox 2146 4917 2267 4975; x_wconf 91' lang='lat' dir='ltr'><strong>Cor.</strong></span> <span class='ocrx_word' id='word_1_791' title='bbox 2302 4934 2360 4983; x_wconf 88' lang='grc' dir='ltr'>ιι,</span> <span class='ocrx_word' id='word_1_792' title='bbox 2390 4919 2465 4989; x_wconf 68' lang='grc' dir='ltr'>υ).</span> <span class='ocrx_word' id='word_1_793' title='bbox 2493 4917 2616 4973; x_wconf 68' lang='lat' dir='ltr'><strong>Hrec</strong></span> <span class='ocrx_word' id='word_1_794' title='bbox 2648 4918 2725 4972; x_wconf 88' lang='lat' dir='ltr'><strong>uti</strong></span> <span class='ocrx_word' id='word_1_795' title='bbox 2753 4920 3003 4989; x_wconf 89' lang='lat' dir='ltr'><strong>accipere</strong></span> <span class='ocrx_word' id='word_1_796' title='bbox 3035 4922 3274 4991; x_wconf 53' lang='lat' dir='ltr'><strong>possitis,</strong></span> <span class='ocrx_word' id='word_1_797' title='bbox 3300 4924 3520 4993; x_wconf 62' lang='lat' dir='ltr'><strong>justltia‘.</strong></span> 
     </span>
    </p>
   </div>
   <div class='ocr_carea' id='block_1_98' title="bbox 1926 5009 3332 5079">
    <p class='ocr_par' dir='ltr' id='par_1_98' title="bbox 1926 5009 3332 5079">
     <span class='ocr_line' id='line_1_98' title="bbox 1926 5009 3332 5079; baseline -0.001 -7"><span class='ocrx_word' id='word_1_798' title='bbox 1926 5015 2204 5072; x_wconf 87' lang='lat' dir='ltr'><strong>laboribus</strong></span> <span class='ocrx_word' id='word_1_799' title='bbox 2234 5022 2289 5069; x_wconf 89' lang='lat' dir='ltr'><strong>et</strong></span> <span class='ocrx_word' id='word_1_800' title='bbox 2320 5010 2458 5065; x_wconf 89' lang='lat' dir='ltr'><strong>votis</strong></span> <span class='ocrx_word' id='word_1_801' title='bbox 2486 5009 2820 5079; x_wconf 89' lang='lat' dir='ltr'><strong>spiritalibus</strong></span> <span class='ocrx_word' id='word_1_802' title='bbox 2850 5011 3109 5068; x_wconf 88' lang='lat' dir='ltr'><strong>obtinete.</strong></span> <span class='ocrx_word' id='word_1_803' title='bbox 3141 5016 3332 5071; x_wconf 81' lang='lat' dir='ltr'><strong>Amen.</strong></span> 
     </span>
    </p>
   </div>
   <div class='ocr_carea' id='block_1_99' title="bbox 1480 5200 2293 5248">
    <p class='ocr_par' dir='ltr' id='par_1_99' title="bbox 1480 5200 2293 5248">
     <span class='ocr_line' id='line_1_99' title="bbox 1480 5200 2293 5248; baseline -0.007 0"><span class='ocrx_word' id='word_1_804' title='bbox 1480 5206 1513 5247; x_wconf 85' lang='grc' dir='ltr'><strong>Δ</strong></span> <span class='ocrx_word' id='word_1_805' title='bbox 1527 5205 1599 5247; x_wconf 66' lang='lat' dir='ltr'><strong>NN</strong></span> <span class='ocrx_word' id='word_1_806' title='bbox 1613 5205 1648 5248; x_wconf 87' lang='lat'><strong>0</strong></span> <span class='ocrx_word' id='word_1_807' title='bbox 1699 5203 1925 5248; x_wconf 74' lang='lat' dir='ltr'><strong>DOMINI</strong></span> <span class='ocrx_word' id='word_1_808' title='bbox 1971 5200 2293 5246; x_wconf 75' lang='lat' dir='ltr'><strong>CCCXCVII.</strong></span> 
     </span>
    </p>
   </div>
   <div class='ocr_carea' id='block_1_100' title="bbox 490 5300 3267 5516">
    <p class='ocr_par' dir='ltr' id='par_1_100' title="bbox 490 5300 3267 5516">
     <span class='ocr_line' id='line_1_100' title="bbox 490 5300 3267 5516; baseline -0.001 -49"><span class='ocrx_word' id='word_1_809' title='bbox 490 5310 706 5516; x_wconf 73' lang='grc' dir='ltr'>ρ.</span> <span class='ocrx_word' id='word_1_810' title='bbox 816 5308 1633 5471; x_wconf 87' lang='lat' dir='ltr'><strong>JULIUS</strong></span> <span class='ocrx_word' id='word_1_811' title='bbox 1738 5300 3267 5468; x_wconf 78' lang='lat' dir='ltr'><strong>HILARIANUS.</strong></span> 
     </span>
    </p>
   </div>
   <div class='ocr_carea' id='block_1_101' title="bbox 1319 5532 2460 5621">
    <p class='ocr_par' dir='ltr' id='par_1_101' title="bbox 1319 5532 2460 5621">
     <span class='ocr_line' id='line_1_101' title="bbox 1319 5532 2460 5621; baseline -0.004 -11"><span class='ocrx_word' id='word_1_812' title='bbox 1319 5558 1415 5621; x_wconf 80' lang='lat' dir='ltr'><strong>(Es</strong></span> <span class='ocrx_word' id='word_1_813' title='bbox 1438 5557 1661 5610; x_wconf 83' lang='lat' dir='ltr'><strong>Galland.</strong></span> <span class='ocrx_word' id='word_1_814' title='bbox 1685 5532 1798 5610; x_wconf 78' lang='lat' dir='ltr'><strong>vei.</strong></span> <span class='ocrx_word' id='word_1_815' title='bbox 1828 5560 1960 5609; x_wconf 84' lang='lat' dir='ltr'><strong>Patr.</strong></span> <span class='ocrx_word' id='word_1_816' title='bbox 1987 5558 2221 5609; x_wconf 89' lang='lat' dir='ltr'><strong>Bibliolb.</strong></span> <span class='ocrx_word' id='word_1_817' title='bbox 2250 5565 2285 5608; x_wconf 92' lang='lat' dir='ltr'><strong>t.</strong></span> <span class='ocrx_word' id='word_1_818' title='bbox 2303 5555 2460 5618; x_wconf 80' lang='lat' dir='ltr'><strong>Vill.)</strong></span> 
     </span>
    </p>
   </div>
   <div class='ocr_carea' id='block_1_102' title="bbox 1457 5660 2298 5733">
    <p class='ocr_par' dir='ltr' id='par_1_102' title="bbox 1457 5660 2298 5733">
     <span class='ocr_line' id='line_1_102' title="bbox 1457 5660 2298 5733; baseline 0 -4"><span class='ocrx_word' id='word_1_819' title='bbox 1457 5660 2257 5733; x_wconf 83' lang='lat' dir='ltr'><strong>PBOLEGOMENA</strong></span> <span class='ocrx_word' id='word_1_820' title='bbox 2273 5704 2298 5729; x_wconf 85' lang='lat'><strong>.</strong></span> 
     </span>
    </p>
   </div>
   <div class='ocr_carea' id='block_1_103' title="bbox 1742 5795 2059 5807">
    <p class='ocr_par' dir='ltr' id='par_1_103' title="bbox 1742 5795 2059 5807">
     <span class='ocr_line' id='line_1_103' title="bbox 1742 5795 2059 5807; baseline -0.003 -1"><span class='ocrx_word' id='word_1_821' title='bbox 1742 5795 2059 5807; x_wconf 84' lang='lat'><strong>————</strong></span> 
     </span>
    </p>
   </div>
   <div class='ocr_carea' id='block_1_104' title="bbox 310 5863 1834 5936">
    <p class='ocr_par' dir='ltr' id='par_1_104' title="bbox 310 5863 1834 5936">
     <span class='ocr_line' id='line_1_104' title="bbox 310 5863 1834 5936; baseline -0.003 -11"><span class='ocrx_word' id='word_1_822' title='bbox 310 5872 351 5925; x_wconf 95' lang='lat' dir='ltr'><strong>l.</strong></span> <span class='ocrx_word' id='word_1_823' title='bbox 383 5864 567 5936; x_wconf 87' lang='lat' dir='ltr'><strong>Quinti</strong></span> <span class='ocrx_word' id='word_1_824' title='bbox 599 5865 727 5920; x_wconf 87' lang='lat' dir='ltr'><strong>.lulii</strong></span> <span class='ocrx_word' id='word_1_825' title='bbox 760 5863 1012 5919; x_wconf 89' lang='lat' dir='ltr'><strong>llilariani</strong></span> <span class='ocrx_word' id='word_1_826' title='bbox 1044 5865 1359 5921; x_wconf 78' lang='lat' dir='ltr'><strong>meminisse</strong></span> <span class='ocrx_word' id='word_1_827' title='bbox 1385 5873 1628 5921; x_wconf 87' lang='lat' dir='ltr'><strong>veterum</strong></span> <span class='ocrx_word' id='word_1_828' title='bbox 1659 5864 1834 5920; x_wconf 62' lang='lat' dir='ltr'><strong>nemio</strong></span> 
     </span>
    </p>
   </div>
   <div class='ocr_carea' id='block_1_105' title="bbox 235 5954 1833 6028">
    <p class='ocr_par' dir='ltr' id='par_1_105' title="bbox 235 5954 1833 6028">
     <span class='ocr_line' id='line_1_105' title="bbox 235 5954 1833 6028; baseline -0.004 -10"><span class='ocrx_word' id='word_1_829' title='bbox 235 5976 391 6027; x_wconf 85' lang='lat' dir='ltr'><strong>nem,</strong></span> <span class='ocrx_word' id='word_1_830' title='bbox 425 5965 508 6014; x_wconf 87' lang='lat' dir='ltr'><strong>est</strong></span> <span class='ocrx_word' id='word_1_831' title='bbox 532 5970 662 6013; x_wconf 86' lang='lat' dir='ltr'><strong>sane</strong></span> <span class='ocrx_word' id='word_1_832' title='bbox 691 5955 831 6026; x_wconf 90' lang='lat' dir='ltr'><strong>quod</strong></span> <span class='ocrx_word' id='word_1_833' title='bbox 865 5954 1159 6022; x_wconf 90' lang='lat' dir='ltr'><strong>miremur;</strong></span> <span class='ocrx_word' id='word_1_834' title='bbox 1192 5955 1322 6014; x_wconf 88' lang='lat' dir='ltr'><strong>licet</strong></span> <span class='ocrx_word' id='word_1_835' title='bbox 1348 5957 1517 6028; x_wconf 85' lang='lat' dir='ltr'><strong>ipsum</strong></span> <span class='ocrx_word' id='word_1_836' title='bbox 1546 5956 1749 6013; x_wconf 71' lang='lat' dir='ltr'><strong>saeculo</strong></span> <span class='ocrx_word' id='word_1_837' title='bbox 1781 5970 1833 6012; x_wconf 88' lang='lat' dir='ltr'><strong>tv</strong></span> 
     </span>
    </p>
   </div>
   <div class='ocr_carea' id='block_1_106' title="bbox 1945 5864 3532 5936">
    <p class='ocr_par' dir='ltr' id='par_1_106' title="bbox 1945 5864 3532 5936">
     <span class='ocr_line' id='line_1_106' title="bbox 1945 5864 3532 5936; baseline 0.001 -17"><span class='ocrx_word' id='word_1_838' title='bbox 1945 5864 2228 5920; x_wconf 90' lang='lat' dir='ltr'><strong>desinente</strong></span> <span class='ocrx_word' id='word_1_839' title='bbox 2274 5864 2540 5921; x_wconf 77' lang='lat' dir='ltr'><strong>claruisse</strong></span> <span class='ocrx_word' id='word_1_840' title='bbox 2565 5881 2633 5922; x_wconf 84' lang='lat' dir='ltr'><strong>ex</strong></span> <span class='ocrx_word' id='word_1_841' title='bbox 2675 5867 2793 5936; x_wconf 81' lang='lat' dir='ltr'><strong>ejus</strong></span> <span class='ocrx_word' id='word_1_842' title='bbox 2823 5865 3121 5924; x_wconf 84' lang='lat' dir='ltr'><strong>litterarum</strong></span> <span class='ocrx_word' id='word_1_843' title='bbox 3172 5868 3532 5925; x_wconf 84' lang='lat' dir='ltr'><strong>monumentis</strong></span> 
     </span>
    </p>
   </div>
   <div class='ocr_carea' id='block_1_107' title="bbox 1942 5954 3531 6028">
    <p class='ocr_par' dir='ltr' id='par_1_107' title="bbox 1942 5954 3531 6028">
     <span class='ocr_line' id='line_1_107' title="bbox 1942 5954 3531 6028; baseline 0.004 -18"><span class='ocrx_word' id='word_1_844' title='bbox 1942 5969 2063 6026; x_wconf 80' lang='lat' dir='ltr'><strong>quae</strong></span> <span class='ocrx_word' id='word_1_845' title='bbox 2102 5954 2275 6011; x_wconf 83' lang='lat' dir='ltr'><strong>adhuc</strong></span> <span class='ocrx_word' id='word_1_846' title='bbox 2314 5963 2604 6026; x_wconf 78' lang='lat' dir='ltr'><strong>superant,</strong></span> <span class='ocrx_word' id='word_1_847' title='bbox 2654 5968 2991 6028; x_wconf 86' lang='lat' dir='ltr'><strong>compertum</strong></span> <span class='ocrx_word' id='word_1_848' title='bbox 3040 5956 3347 6017; x_wconf 82' lang='lat' dir='ltr'><strong>habeamus.</strong></span> <span class='ocrx_word' id='word_1_849' title='bbox 3385 5956 3531 6019; x_wconf 85' lang='lat' dir='ltr'><strong>Duos</strong></span> 
     </span>
    </p>
   </div>
  </div>
