3874 6428
469 408 607 464 1095

1696 406 1762 473 ρ.
1802 404 2043 464 IULIUS
2085 405 2520 465 lllLARIANUS.

3604 408 3720 465 1096

468 523 610 579 enim
636 519 849 577 libellos
876 520 1092 592 scripsit
1122 518 1210 576 hic
1236 528 1446 587 auctor,
1482 521 1534 575 in
1566 535 1797 591 quorum
1831 532 2065 593 utroque
2092 523 2143 586 Α
2170 523 2569 578 solertissimus
2591 521 2791 587 cultor,
2824 520 2915 592 qui
2961 534 3137 592 neque
3168 532 3419 593 umquam
3442 519 3570 578 mihi
3594 523 3722 591 agni-

468 614 726 684 temporis
748 616 1080 669 notationem
1109 630 1217 685 quo
1246 614 1372 670 illos
1394 614 1659 680 exaravit,
1689 617 2061 686 consignatam

467 709 705 779 reliquit.
760 710 824 764 Et
855 712 1092 780 priorem
1139 710 1359 781 quidem
1408 708 1718 778 inscripsit:
1753 707 2064 779 Expositum

466 803 530 858 de
569 806 653 858 die
682 804 883 874 pascha:
908 816 956 858 et
998 805 1216 871 ntensis,
1272 804 1323 858 in
1355 803 1508 873 cujus
1540 804 1645 858 ﬁne
1693 802 1809 858 haec
1852 803 2016 859 habet
2050 821 2063 856 :

472 917 491 950 ε
520 897 1028 954 Consummavimus
1075 902 1176 954 hoc
1207 898 1532 955 laboriosum
1575 913 1711 968 opus
1740 900 1791 953 in
1833 898 1922 954 die
1961 897 2064 954 isto

465 1007 519 1046 tn
565 1007 832 1047 nonarum
874 993 1186 1048 Martiarum
1235 1004 1358 1061 post
1390 992 1734 1047 consulatum
1767 990 1982 1046 Arcadii
2012 1008 2064 1046 tv

464 1095 519 1141 ct
549 1086 771 1141 Honorii
812 1103 889 1141 tn.
921 1087 1264 1157 QuaprOpter
1293 1085 1650 1141 admonemus
1678 1099 1773 1140 eos
1802 1084 1892 1154 qui
1939 1095 2064 1139 ante

462 1191 490 1229 a
525 1177 680 1233 nobis
732 1193 840 1231 non
873 1177 1160 1233 emendata
1184 1178 1299 1233 hate
1325 1179 1526 1246 scripta
1559 1177 1807 1244 accipere
1844 1175 2065 1231 festina-

460 1278 673 1335 verunt,
695 1277 752 1323 ut
774 1268 1071 1324 secundum
1101 1271 1263 1323 istum
1284 1269 1529 1323 ordinem
1553 1268 1901 1322 emendatum
1930 1281 2065 1336 opus

460 1363 662 1418 habere
687 1371 955 1418 conentur
980 1380 994 1427 ;
1023 1362 1253 1433 ideoque
1283 1372 1338 1417 et
1364 1362 1506 1416 diem
1530 1370 1584 1415 et
1610 1361 1883 1425 consules,
1919 1359 2063 1430 quod

463 1469 569 1509 non
600 1457 879 1526 posuimus
931 1455 1129 1525 primo,
1175 1470 1316 1510 nunc
1350 1455 1475 1508 huic
1513 1452 1714 1507 rationi
1764 1453 2060 1517 inﬁximus,

463 1560 521 1604 ut
548 1550 744 1605 exhinc
772 1552 907 1604 sciat
928 1551 1050 1620 quis
1066 1549 1416 1605 emendatum
1441 1548 1542 1603 hoc
1569 1563 1691 1602 esse
1718 1564 1873 1616 opus.
1898 1546 2065 1614 Quin-

463 1652 549 1697 tus
568 1642 744 1697 Julius
768 1642 1078 1697 l’lilarianus
1111 1643 1399 1712 explicuit,
1427 1641 1741 1696 emendavit
1768 1639 1856 1694 die
1884 1655 1939 1693 tn
1968 1652 2065 1693 no-

463 1752 655 1791 narutn
699 1736 1047 1801 Martiarum,
1079 1737 1323 1790 Cursario
1354 1747 1408 1788 et
1456 1735 1636 1788 Attico
1668 1733 2000 1787 consulibus.
2038 1751 2055 1784 ι

465 1829 638 1899 llujus
684 1830 928 1899 opusculi
962 1829 1209 1883 meminit
1260 1828 1400 1882 ident
1452 1826 1758 1881 Hilarianus
1791 1828 1843 1879 in
1884 1834 2063 1894 poste-

2168 623 2251 669 lus
2281 629 2457 683 neque
2488 629 2516 669 a
2543 629 2630 669 me
2654 612 2889 684 proinde
2915 624 3160 684 rogatus,
3188 615 3526 683 ipsemetsua
3552 621 3722 684 sponte

2168 722 2332 760 unmn
2364 706 2504 762 adeo
2548 715 2826 777 exoptata:
2856 706 3114 763 editionis
3155 706 3463 778 exemplar,
3506 718 3558 763 et
3599 707 3722 763 dono

2165 800 2387 871 quidem
2418 802 2606 857 datum
2634 842 2649 869 ,
2697 801 2767 857 ad
2799 817 2888 858 me
2928 800 3315 873 perferendum
3342 804 3585 857 curavit:
3631 817 3723 873 quo

2165 910 2297 951 sane
2326 897 2592 965 praeclaro
2631 912 2858 953 munere
2889 905 3036 952 tanta
3076 912 3198 952 cum
3238 897 3491 953 comitate
3517 906 3719 961 auctus,

2168 989 2386 1059 iniquus
2417 990 2520 1044 sim
2547 991 2854 1057 enimvero,
2912 991 3015 1045 nisi
3057 990 3436 1061 memetipsum
3471 989 3723 1044 Immanis-

2166 1082 2307 1135 simo
2345 1083 2462 1137 viro
2506 1098 2665 1153 quam
2713 1084 2945 1140 maxime
2977 1084 3299 1138 obstrictum
3348 1083 3624 1154 proﬁtear,
3661 1084 3723 1138 si-

2167 1173 2388 1242 mulque
2436 1176 2639 1243 gratias
2662 1186 2717 1230 et
2763 1191 2916 1245 agam
2976 1188 3029 1231 et
3071 1175 3296 1231 habeam
3348 1176 3600 1245 plurimas
3641 1191 3725 1245 pro

2165 1267 2431 1336 ejusmodi
2455 1269 2837 1335 beneﬁcentia,
2864 1286 2968 1341 qua
2997 1271 3270 1326 liberalior
3300 1285 3365 1325 ne
3389 1280 3512 1325 voto
3532 1270 3722 1342 quidem

2168 1361 2294 1428 ﬁngi
2329 1363 2503 1430 possit
2533 1380 2547 1418 :
2581 1378 2874 1432 numquam
2906 1365 3053 1419 enim
3081 1378 3188 1418 non
3217 1374 3451 1434 satagam
3474 1406 3490 1429 ,
3522 1374 3576 1417 ut
3609 1365 3723 1418 alibi

2169 1462 2425 1508 testatum
2457 1471 2542 1511 tne
2563 1454 2736 1509 fuisse
2759 1456 3007 1521 memini,
3040 1472 3106 1511 ne
3133 1458 3207 1510 sit
3238 1459 3326 1525 qui
3354 1456 3650 1512 beneﬁcium
3680 1457 3723 1510 in

2168 1543 2544 1601 immemorem
2604 1548 2766 1617 plane
2797 1548 3052 1602 collatum
3096 1548 3259 1603 fuisse
3293 1548 3412 1618 jure
3455 1563 3725 1618 conquera-

2169 1647 2275 1692 tur.
2318 1642 2387 1693 At
2436 1656 2566 1695 vero
2612 1656 2776 1711 quum
2830 1642 3147 1712 przedictum
3189 1642 3461 1713 exemplar
3506 1643 3726 1713 proxime

2167 1740 2376 1787 tantum
2410 1735 2599 1805 elapso
2630 1735 2940 1804 Septembri
2974 1734 3195 1791 missum
3229 1736 3294 1791 ad
3342 1751 3528 1791 manus
3556 1751 3726 1806 pervc-

2168 1825 2331 1888 nerit,
2370 1836 2655 1895 postquam
2697 1827 2909 1881 scilicet
2941 1828 3211 1896 posnzrius
3238 1827 3489 1882 llilariani
3519 1842 3725 1896 apuscu-

468 1923 616 1978 riore
659 1922 845 1977 libello
878 1924 940 1975 de
972 1922 1148 1975 mundi
1186 1920 1493 1975 Duratione.
1549 1919 1639 1975 Sic
1682 1920 1824 1973 enim
1878 1918 1949 1972 ibi
1985 1926 2008 1953 ει
2047 1933 2060 1970 :
2095 1918 2143 1977 B
2174 1918 2279 1971 lum
2315 1919 2379 1971 de
2403 1917 2693 1973 Duratione
2729 1921 2910 1973 mundi
2948 1920 3091 1990 quod
3121 1921 3277 1976 nobis
3319 1936 3476 1975 unum
3523 1929 3641 1975 tunc
3680 1922 3725 1974 in

468 2036 486 2066 ‹
527 2015 658 2070 Nam
685 2026 744 2069 ut
774 2015 877 2085 ipsi
906 2016 1082 2082 scitis,
1114 2014 1239 2068 olnn
1269 2015 1331 2067 de
1352 2014 1549 2068 ratione
1579 2012 1783 2083 pasclta-
1810 2025 2064 2066 numero-

460 2125 566 2179 que
583 2123 848 2163 annorum
874 2108 1060 2163 mundi
1090 2106 1435 2162 hortantibus
1456 2107 1609 2160 vobis
1639 2107 1841 2173 scripta
1868 2103 2064 2159 fecisse

463 2216 585 2268 me;
622 2201 717 2257 sed
746 2201 951 2256 ideirco
975 2201 1095 2254 silui
1130 2201 1407 2270 aliquanto
1452 2210 1718 2267 tempore,
1752 2214 1819 2251 ne
1844 2213 1873 2250 a
1904 2197 2062 2249 nobis

461 2294 721 2365 opuscula
759 2292 1127 2349 condimentis
1155 2292 1437 2362 sapientia:
1470 2292 1686 2358 alicntc,
1719 2288 2064 2344 irrationabi-

458 2388 582 2442 liter
606 2388 996 2443 conderentur.
1025 2386 1181 2443 Unde
1204 2386 1429 2457 digestis
1453 2386 1649 2440 melius
1682 2384 1866 2449 rebus,
1895 2386 1956 2436 de
1979 2383 2063 2435 die

461 2482 809 2535 sacratissimo
855 2481 1060 2551 pascha:
1103 2483 1218 2552 jam
1291 2480 1522 2534 libellum
1575 2478 1955 2550 prremisimus;
2008 2478 2060 2529 in

459 2588 588 2643 quo,
617 2583 671 2628 et
701 2574 790 2644 qui
833 2574 904 2627 sit
945 2574 1147 2627 mensis
1178 2573 1411 2643 primus,
1443 2572 1691 2641 legaliter
1716 2571 2061 2625 demonstra-

460 2667 676 2731 vimus;
727 2665 927 2721 dehinc
958 2667 1159 2731 etiam,
1198 2681 1418 2721 cursum
1468 2678 1735 2718 annorum
1776 2678 1805 2716 a
1858 2662 2060 2716 fabrica

459 2759 668 2825 mundi,
702 2761 756 2815 in
789 2760 894 2815 hoc
923 2760 1207 2829 opusculo,
1241 2774 1341 2814 suo
1364 2773 1584 2828 quoque
1609 2758 1792 2825 (forte,
1824 2756 2062 2824 qua'qttc)

459 2855 651 2909 ordine
696 2852 1041 2923 supputando
1068 2894 1083 2917 ,
1132 2860 1405 2907 notamus.
1452 2871 1469 2902 ›
1506 2850 1631 2903 Haec
1677 2848 1786 2904 ille.
1826 2847 2064 2917 Tempus

458 2960 639 3005 autem
674 2965 783 3021 quo
817 2949 1176 3019 posteriorem
1220 2948 1360 3001 hunc
1407 2945 1653 2999 libellum
1703 2941 2061 3013 perscripsit,

459 3042 651 3097 deﬁnit
678 3044 794 3112 ipse
820 3042 907 3096 his
938 3041 1120 3096 verbis
1152 3039 1177 3077 ι»
1220 3058 1232 3093 ;
1286 3036 1364 3091 De
1393 3052 1521 3092 cccc
1554 3052 1670 3090 vero
1700 3045 1748 3088 et
1775 3050 1878 3089 Lxx
1914 3033 2063 3085 annis

458 3155 488 3190 (ι
516 3136 757 3206 passione
785 3134 1020 3199 Domini,
1050 3134 1105 3187 in
1131 3132 1405 3187 consulatu
1432 3130 1645 3186 Ctesarii
1675 3140 1722 3182 ct
1754 3128 1933 3194 Attici,
1980 3126 2063 3179 die

458 3247 512 3285 tx
542 3230 646 3284 kal.
675 3228 846 3299 April.
873 3228 999 3282 anni
1029 3228 1343 3281 transierunt
1369 3241 1618 3280 cccnxrx.
1662 3224 1837 3291 Quem
1884 3222 1935 3275 in
1981 3219 2062 3273 lo-

2174 2022 2435 2083 promptu
2454 2024 2594 2079 erat,
2625 2015 2750 2085 quin
2775 2024 2830 2069 et
2853 2014 3082 2070 aliorum
3113 2017 3547 2086 scriptorumnnn
3576 2030 3725 2085 pauca

2170 2123 2269 2177 pro
2311 2107 2573 2175 temporis
2617 2109 2831 2163 ratione
2874 2107 3161 2163 distributa
3191 2150 3203 2171 ,
3265 2109 3403 2180 typis
3456 2108 3725 2164 commissa

2161 2202 2271 2269 jam
2301 2201 2547 2265 fuerant;
2597 2202 2648 2256 id
2695 2203 2869 2256 solmn
2921 2203 3189 2272 reliquum
3236 2201 3362 2264 fuit,
3410 2210 3466 2256 ut
3513 2202 3726 2271 priorem

2165 2296 2410 2364 ejusdem
2440 2295 2698 2350 llilariani
2731 2296 3038 2351 lihellumiu
3064 2296 3427 2366 Appendicem
3456 2297 3520 2350 ad
3542 2296 3727 2351 calcem

2168 2389 2328 2457 hujus
2362 2389 2657 2442 voluminis
2686 2405 2807 2443 cum
2837 2390 2959 2444 aliis
2988 2389 3260 2444 nonnullis
3288 2389 3683 2459 conjiccrcnms.

2238 2481 2327 2536 ΙΙΙ.
2360 2483 2554 2537 Exstat
2593 2495 2878 2551 praeterea,
2906 2492 2963 2537 ut
2990 2485 3241 2552 superius
3262 2482 3557 2548 docuimus,
3595 2482 3729 2553 ejus-

2166 2575 2287 2630 dem
2311 2577 2552 2629 auctoris
2575 2574 2791 2630 libellus
2823 2576 2962 2630 alter
2988 2576 3051 2629 de
3079 2576 3256 2629 mundi
3276 2574 3573 2643 Duratione,
3603 2577 3730 2640 sive,

2166 2675 2226 2720 ut
2255 2667 2358 2721 fert
2383 2666 2561 2721 codex
2595 2681 2697 2721 ms.
2741 2666 3214 2736 Viudobonensis,
3261 2669 3323 2723 de
3347 2670 3516 2724 Cursu'
3552 2678 3731 2738 tmnpo-

2167 2777 2298 2823 rum,
2328 2775 2488 2829 quem
2526 2760 2732 2829 primus
2766 2760 2960 2816 Petrus
2989 2761 3227 2817 Pithoeus
3254 2762 3307 2817 in
3330 2763 3516 2833 vulgus
3538 2764 3729 2817 emisit.

2172 2856 2247 2909 De
2278 2869 2385 2923 quo
2413 2854 2633 2923 quidem
2664 2855 2848 2910 libello
2889 2855 3247 2926 Margarinum
3285 2857 3349 2911 de
3387 2857 3433 2910 la
3463 2856 3625 2928 Bignc
3650 2872 3735 2912 cc-

2167 2949 2372 3005 lcbrem
2395 2950 2658 3004 Sorbonat
2691 2949 2996 3019 theologum
3030 2950 3099 3005 ita
3132 2951 3433 3021 loquentem
3458 2951 3735 3019 audireju-

2169 3043 2309 3097 verit
2369 3041 2384 3079 ί
2436 3060 2448 3094 :
2488 3061 2505 3093 ι
2546 3044 2675 3108 Diu,
2706 3043 2907 3114 inquit,
2938 3045 3271 3114 multumque
3301 3044 3566 3111 dubitavi,
3614 3058 3733 3097 num

2166 3134 2373 3189 auctori
2404 3135 2528 3190 huic
2560 3136 2739 3191 locum
2773 3137 2824 3189 in
2857 3135 2957 3189 hac
2999 3135 3320 3192 bibliotheca
3357 3134 3620 3208 (Patrum)
3646 3135 3737 3189 da-

2167 3244 2282 3282 rem
2314 3245 2327 3281 :
2365 3230 2598 3298 primum
2626 3228 2871 3299 quidem,
2903 3229 3045 3299 quod
3082 3229 3341 3285 obscurus
3362 3229 3533 3285 adhuc
3568 3244 3738 3300 neque

462 3337 586 3378 cum
615 3322 874 3377 observat
911 3318 1189 3375 Gerardus
1214 3318 1457 3374 Joannes
1490 3316 1717 3372 Vossius
1776 3326 1799 3353 ο
1832 3358 1846 3380 ,
1876 3329 1906 3367 a
1941 3327 2063 3383 pas-
2093 3311 2138 3373 C
2172 3322 2263 3375 ulli
2297 3322 2620 3391 scriptorum
2652 3322 3140 3378 ecclesiastieorum
3190 3324 3432 3394 catalogo
3459 3325 3733 3393 cognitus;

460 3418 617 3474 sione
645 3414 863 3471 Domini
894 3414 961 3467 ad
993 3428 1196 3467 annum
1229 3426 1495 3477 cccxcvn,
1537 3423 1644 3479 quo
1668 3407 1925 3464 consules
1954 3405 2067 3459 fue-

468 3520 591 3567 runt
646 3509 923 3565 Caesarius
981 3517 1036 3563 et
1081 3507 1336 3571 Atticus,
1396 3518 1572 3559 annos
1622 3502 1904 3558 efﬂuxisse
1960 3515 2064 3553 non

461 3617 686 3658 cccmux
717 3599 814 3657 sed
845 3613 1100 3655 cccutv.
1134 3598 1311 3668 Atque
1344 3598 1414 3651 ita
1437 3611 1573 3651 sane
1597 3594 1881 3664 scripserit
1912 3592 2064 3647 llila-

463 3699 651 3752 rianus
683 3715 695 3751 :
730 3695 955 3766 proclivi
981 3696 1129 3749 enim
1174 3694 1328 3762 lapsu
1361 3706 1459 3762 pro
1488 3706 1541 3757 ν,
1572 3687 1765 3759 reponi
1806 3687 1978 3757 potuit
2008 3702 2065 3742 Χ.

470 3788 606 3845 llinc
654 3802 820 3859 porro
867 3794 1122 3851 constat,
1177 3799 1285 3839 non
1326 3784 1503 3838 solum
1543 3796 1652 3852 quo
1694 3779 1925 3846 ordine,
1969 3777 2065 3833 sed

460 3889 627 3945 etiam
672 3900 779 3955 quo
824 3894 1073 3953 tempore
1101 3895 1232 3936 suos
1274 3879 1499 3935 libellos
1545 3874 1837 3947 digesserit
1878 3883 2067 3929 noster

464 3986 681 4034 auctor.

536 4073 602 4129 ll.
651 4070 770 4128 Jam
817 4084 950 4126 vero
1003 4068 1154 4140 prius
1185 4066 1511 4138 opusculum
1558 4064 1775 4134 primus
1806 4062 1859 4117 in
1891 4061 2065 4116 lucem

460 4169 658 4226 extulit
698 4182 765 4222 ex
797 4163 1228 4222 membranaceo
1256 4161 1449 4217 codice
1484 4174 1687 4215 ncccxr.
1714 4154 2066 4215 bibliothecae

461 4261 625 4331 regia:
647 4255 1008 4313 Taurinensis
1035 4253 1461 4325 Christophorus
1492 4250 1777 4307 Matthazus
1802 4246 2061 4303 Pfafﬁtts:

462 4353 691 4423 ejusque
735 4352 1013 4421 specimen
1058 4357 1182 4418 post
1228 4347 1403 4401 virum
1434 4346 1706 4401 illustrem
1748 4341 2063 4411 Scipionem

462 4444 731 4501 Mall'einm
764 4440 790 4480 ἀ
826 4485 840 4510 ,
874 4441 1100 4499 edidere
1125 4439 1218 4511 qui
1257 4439 1506 4509 ejusdem
1540 4435 1891 4492 bibliotheca:
1916 4433 2064 4488 Tau-

464 4539 704 4595 rinensis
733 4536 956 4592 codices
1003 4550 1138 4589 mss.
1173 4542 1571 4589 recensuerunt
1617 4541 1671 4586 et
1715 4528 2066 4584 animadver-

461 4625 1487 4691 sionibusilluStraruut,eruditissimi
1517 4623 1619 4679 viri
1671 4633 1716 4676 ε.
1773 4621 1913 4677 lllud
1960 4621 2061 4675 ita-

2171 3414 2391 3479 deinde,
2422 3416 2563 3485 quod
2598 3414 2650 3469 in
2693 3415 3058 3472 subducendis
3104 3425 3396 3485 temporum
3440 3414 3660 3470 summis
3687 3425 3739 3468 et

2170 3506 2488 3572 rationibus,
2525 3506 2652 3562 ﬁdei
2686 3522 2790 3562 non
2818 3523 3062 3577 prorsmn
3087 3508 3394 3563 indubitatae
3414 3517 3596 3563 auctor
3621 3522 3737 3563 esse

2170 3596 2421 3653 videatur
2447 3616 2459 3650 :
2503 3614 2567 3653 ac
2597 3609 2896 3669 postremo,
2928 3598 3068 3669 quod
3099 3599 3333 3655 Danielis
3361 3600 3737 3665 hebdomadas,

2168 3692 2344 3761 magis
2376 3702 2434 3745 ut
2464 3689 2635 3746 Judati
2666 3707 2826 3762 quant
2878 3698 2938 3745 ut
2965 3690 3253 3746 Christiani
3300 3690 3512 3755 volunt,
3540 3689 3739 3747 Christi

2168 3785 2407 3842 adventu
2452 3795 2508 3842 et
2548 3794 2712 3842 attate
2742 3801 2850 3841 non
2888 3785 3115 3841 deﬁniat
3142 3787 3385 3852 omnino,
3422 3797 3474 3841 et
3522 3786 3589 3840 ad
3620 3784 3740 3840 Chi-

2170 3880 2450 3935 liastarum
2496 3881 2663 3936 etiam
2693 3880 2882 3936 deliria
2913 3879 3013 3935 sub
3050 3880 3227 3950 operis
3260 3881 3414 3935 linem
3444 3878 3741 3933 declinasse

2172 3975 2343 4044 possit
2362 3973 2553 4028 videri.
2584 3973 2691 4030 Sed
2715 3989 2877 4044 quum
2907 3987 3101 4043 magno
3126 3975 3243 4028 usui
3268 3973 3499 4029 futurum
3528 3987 3740 4042 sperem

2172 4066 2225 4120 in
2250 4064 2585 4135 designanda
2610 4064 3095 4134 constituendaque
3121 4065 3460 4135 chronologia
3484 4064 3609 4135 (qua
3636 4078 3738 4117 non

2170 4159 2317 4214 aliud
2346 4160 2588 4214 onmium
2634 4158 2984 4215 historiarum
3027 4167 3357 4215 momentum
3400 4159 3541 4213 varie
3574 4157 3740 4226 magis

2167 4254 2237 4309 ab
2275 4252 2554 4309 historicis
2602 4252 2953 4323 describitur)
2998 4251 3191 4319 fateor,
3234 4251 3361 4307 tnihi
3392 4252 3572 4322 religio
3601 4250 3736 4315 fuit,

2169 4347 2492 4418 scriptorem
2530 4348 2835 4417 elegantem
2875 4346 2967 4401 vix
3015 4346 3142 4401 dum
3190 4347 3241 4400 in
3286 4345 3381 4401 hac
3422 4345 3737 4400 bibliotheca

2170 4456 2381 4514 natum,
2410 4447 2570 4517 idque
2591 4446 2786 4502 Pithtei
2815 4446 3099 4511 beneﬁcio,
3122 4455 3229 4501 tam
3251 4444 3355 4501 cito
3385 4443 3735 4513 proscribere.

2170 4541 2255 4597 vel
2288 4539 2452 4611 (quod
2486 4555 2595 4595 non
2626 4540 2823 4609 levius)
2853 4540 3000 4595 mille
3028 4541 3183 4594 annis
3217 4538 3563 4607 antiquiorem
3593 4535 3739 4589 velut

2167 4633 2237 4690 de
2273 4646 2437 4704 ponte
2467 4634 2704 4704 dejicere
2741 4649 2805 4691 ex
2856 4634 2955 4690 hac
2986 4633 3327 4689 bibliotheca.
3370 4629 3597 4687 Proinde
3625 4645 3737 4683 am-

463 4740 569 4796 que
599 4724 861 4779 llilariani
914 4723 1237 4792 opusculum
1290 4719 1357 4773 ad
1419 4718 1624 4774 calcem
1666 4716 1948 4785 Epitomes
1976 4713 2065 4768 ln-
2101 4706 2146 4767 Ι)
2172 4731 2433 4800 plectere,
2478 4746 2511 4784 ο
2551 4730 2744 4798 lector,
2790 4729 2895 4784 hoc
2938 4727 3132 4784 Ρίιιιωί
3167 4727 3385 4791 donum,
3428 4724 3563 4795 quod
3612 4734 3735 4779 ωηο

458 4820 809 4876 stitutionum
839 4816 1153 4872 divinarum
1203 4813 1469 4871 Lactantii
1506 4811 1784 4883 evolgavit
1812 4809 2066 4865 laudatus

459 4913 638 4971 editor
667 4911 893 4968 Parisiis
920 4925 1067 4965 anno
1096 4909 1239 4964 1712
1268 4906 1575 4963 doctissimi
1614 4904 1821 4959 Nicolai
1849 4903 2065 4959 Nourrii

460 5022 591 5065 cura
619 5015 677 5061 ct.
697 5004 965 5061 industria
988 5017 1142 5059 usus.
1177 5002 1357 5072 Atque
1378 5001 1520 5056 hanc
1556 4998 1731 5054 l’l‘afﬁi
1763 4996 2061 5053 editionem

459 5115 528 5157 ex
574 5114 681 5171 qua
718 5096 1141 5154 describendum
1182 5103 1301 5151 erat
1354 5094 1639 5166 praefatum
1686 5091 2010 5162 opusculum
2045 5133 2059 5157 ,

456 5193 711 5265 quamvis
737 5191 831 5247 diu
871 5203 1201 5259 summoque
1231 5188 1417 5245 studio
1452 5186 1779 5257 quaesitam,
1812 5184 2063 5256 nuspiam

459 5295 641 5344 tamen
670 5286 910 5343 nancisci
938 5285 1128 5340 licuit:
1170 5283 1394 5354 jamque
1420 5281 1489 5339 de
1515 5297 1581 5338 ea
1611 5280 1742 5337 mihi
1769 5282 2062 5354 aliquando

458 5379 791 5453 acquirenda
809 5394 964 5451 spem
994 5391 1214 5434 omnem
1241 5390 1378 5447 pene
1408 5375 1757 5447 abjeceram;
1785 5390 1909 5431 cum
1933 5390 2060 5433 ecce

459 5476 557 5532 tibi
610 5484 815 5548 praesto
864 5474 968 5530 fuit
997 5472 1066 5529 γ.
1108 5470 1172 5529 C.
1224 5469 1492 5529 losepnos
1541 5472 1864 5540 Vsnmzu,
1906 5471 2060 5527 Albae

459 5567 733 5641 Pompeite
760 5568 897 5624 civis
924 5566 1311 5621 ornatissimus
1341 5566 1717 5638 bonarumque
1748 5566 2058 5622 litterarum

533 5736 559 5765 ει
608 5729 677 5795 ρ.
722 5726 831 5783 Jul.
884 5723 1148 5782 llilarian.
1196 5725 1267 5783 de
1307 5724 1497 5781 Mund.
1530 5725 1712 5781 durat.
1764 5727 1793 5799 §
1834 5728 1884 5783 l.
1938 5727 2056 5784 Vid.

459 5797 663 5941 inflat).
696 5869 805 5927 .lul.
837 5870 1008 5925 Hilar.
1039 5870 1172 5927 ibid.
1218 5869 1361 5942 517.
1391 5871 1515 5926 νῆα.
1550 5870 1713 5927 infra-

541 5953 564 5984 ε
594 5943 761 6001 Voss.
803 5941 873 5999 de
904 5942 1043 5999 Hist.
1068 5942 1192 6000 Lat.
1221 5941 1320 5999 lib.
1353 5957 1415 6011 ιι,
1444 5956 1497 5999 c.
1526 5942 1617 6013 12,
1645 5959 1697 6016 ρ.
1719 5944 1846 6002 215.

2170 4838 2345 4878 annos
2376 4824 2641 4879 ducentos
2669 4822 2945 4892 eleganter
2974 4820 3212 4892 quidem,
3241 4819 3332 4876 sed
3363 4833 3462 4874 non
3490 4826 3733 4873 accurate

2170 4917 2338 4980 satis,
2376 4916 2655 4985 utopinor
2679 4956 2694 4982 ,
2735 4914 3022 4986 exscripsit
3049 4912 3307 4969 Rodolfus
3351 4911 3642 4983 presbyter,
3676 4919 3735 4961 ut

2168 5016 2401 5064 testatur
2455 5007 2621 5063 fronti
2673 5008 2878 5064 codicis
2930 5006 3260 5078 adscriptum
3308 5005 3407 5062 hoc
3457 5004 3727 5073 elogium:

2172 5100 2326 5156 Hunc
2352 5103 2539 5157 librum
2570 5102 2830 5174 Rodolfus
2869 5102 3097 5156 lucratus
3137 5110 3209 5155 est
3233 5100 3293 5156 S.
3317 5097 3571 5168 Bonifacio
3601 5112 3730 5149 anno

2168 5197 2379 5253 Domini
2396 5213 2624 5256 ucccu.
2646 5198 2888 5256 Pithoeus
2902 5212 3033 5254 vero
3056 5196 3296 5269 pluribus
3326 5193 3454 5250 locis
3477 5204 3732 5262 recogno-

2162 5294 2238 5349 vit
2269 5311 2282 5348 :
2314 5303 2373 5349 ut
2403 5295 2632 5366 proinde
2661 5310 2769 5351 non
2812 5309 2920 5352 uno
2949 5300 3179 5360 tantum,
3210 5289 3302 5345 sed
3331 5288 3494 5343 altero
3515 5287 3729 5341 nomine

2165 5388 2356 5455 etiam,
2396 5388 2542 5459 quod
2573 5388 2639 5457 Q.
2672 5387 2877 5444 Julium
2908 5386 3264 5452 Hilariouem,
3294 5382 3598 5453 scriptorem
3627 5392 3727 5431 an—

2164 5482 2374 5551 tiquum
2418 5496 2651 5552 eumque
2692 5470 3019 5552 castigatum
3044 5487 3099 5535 et
3139 5486 3379 5535 ornatum
3410 5473 3498 5530 tibi
3527 5471 3723 5533 donat,

2159 5573 2377 5633 Pithmo
2417 5576 2494 5632 sis
2539 5576 2849 5633 devinctus.
2887 5595 2906 5627 ι
2943 5573 3071 5630 Haec
3110 5572 3223 5631 ille.
3252 5569 3400 5642 Quod
3446 5572 3685 5637 superest
3708 5601 3725 5628 ν

2239 5730 2265 5771 ἀ
2296 5734 2437 5807 Maﬁ‘.
2459 5736 2663 5807 Opusc.
2695 5734 2834 5807 eccl.
2866 5736 3068 5807 pag.g5.

2248 5816 2271 5878 εἴ
2297 5806 2469 5864 Codd.
2497 5797 2629 5863 mss.
2660 5806 2793 5878 bibl.
2825 5797 3131 5878 régf'lfaur.
3158 5812 3379 5878 parum,
3400 5816 3462 5878 Ap.

2249 5874 2268 5914 ί
2300 5879 2438 5937 Bibl.
2479 5879 2583 5935 pp.
2616 5887 2657 5934 t.
2699 5877 2811 5949 vn,
2838 5871 2959 5950 ρᾶς.
2985 5877 3111 5946 258,
3145 5871 3272 5934 edn.
3296 5873 3459 5930 Paris.
3489 5871 3641 5927 1644.
