3874 6446
173 427 194 482 1
207 424 296 483 097

1189 427 1276 484 DE
1317 428 1533 489 MUNDI
1573 427 1972 489 DURATION‘E
2014 425 2371 483 LIBELLUS.

3297 427 3433 485 i098

168 539 247 595 illa
276 553 409 608 pene
432 538 766 604 exciderant,
792 555 910 612 quae
936 540 1001 597 de
1040 550 1264 600 auctore
1308 555 1496 601 nostro
1548 548 1746 603 litteris
1773 549 1822 608 Α
1851 545 2094 610 onuscnli
2129 542 2402 599 Paschalis
2431 540 2608 596 adhuc
2638 539 2848 606 inediti,
2891 553 3051 611 quem
3083 539 3214 595 mihi
3253 555 3318 596 ex
3351 542 3436 596 bi-

169 632 378 686 tradidit
406 632 475 686 Cl.
511 632 767 696 Mausius,
798 648 901 701 qua
921 649 1028 702 que
1069 633 1154 689 hic
1184 635 1499 694 describere
1531 639 1660 693 libet
1682 648 1704 674 η
1733 657 1744 691 :

174 745 188 772 v.
223 723 292 779 Ad
337 724 479 778 hunc
507 722 571 790 Q.
601 721 798 778 Juuuu
834 725 1170 780 “usuusu:
1193 767 1207 788 .
1241 728 1453 796 inquit.
1487 731 1749 799 scriptum

167 817 318 872 credo
379 818 702 887 opusculum
763 818 826 872 de
886 820 1083 872 ratione
1145 817 1459 881 Paschalis.
1529 834 1752 878 auctore

167 910 417 980 Agriustia
462 910 568 964 cive
620 910 889 982 municipii
945 909 1315 965 Timidensium
1365 913 1644 983 Regiorum
1696 915 1749 970 in

166 1000 433 1072 provincia
467 1003 836 1069 procttnsulnri
879 1001 1096 1058 Africa).
1141 1001 1558 1060 Litt-ultrationis
1591 1006 1750 1076 hujus

164 1093 472 1150 ctauctoris
519 1094 766 1150 meminit
810 1095 1211 1151 vetustissimus
1243 1097 1461 1166 quidam
1514 1099 1750 1169 scriptor

1853 635 2121 692 bliOtheca
2167 633 2565 689 Cauonicorum
2615 632 2835 702 majoris
2882 633 3125 687 ccclesite
3176 632 3436 687 Lucensis

1857 731 2144 798 descripsi,
2174 743 2272 783 suo
2301 737 2548 799 tempore
2587 727 2967 796 evulgandum.
2995 727 3125 781 Vide
3154 743 3436 782 commen-

1857 821 2106 875 tariolum
2172 835 2349 874 meum
2401 823 2461 873 de
2513 820 2689 873 codice
2750 829 2976 887 tempore
3025 815 3200 872 Caroli
3255 817 3438 891 Magni

1854 910 2106 981 scripto§
2155 911 2247 976 15,
2292 910 2346 965 in
2390 917 2522 965 tom.
2575 908 2713 965 XLV
2761 910 3144 979 opusculorum
3186 910 3246 964 P.
3279 910 3440 967 Calo-

1852 1018 2019 1075 gtera.
2062 1023 2079 1052 ι
2160 1072 2162 1075 ι

232 1239 255 1268 ι
287 1228 455 1284 Mans.
503 1229 568 1285 ad
609 1229 822 1285 Fabric.
869 1230 1011 1286 Bibl.
1049 1233 1280 1290 medret
1327 1235 1496 1290 inllm.
1549 1235 1700 1290 latin.
1746 1247 1784 1292 t.
1811 1235 1903 1304 Ill,
1935 1253 1987 1306 p.
2019 1237 2145 1292 251.

901 1543 1044 1695 ρ.
1122 1553 1610 1664 JULII
1686 1554 2697 1663 mummm

1053 1753 2560 1905 CHRONOLOGIA

1712 1987 1890 2048 SIVE

599 2137 1253 2225 LIBELLUS
1331 2138 1496 2222 DE
1572 2139 2034 2224 MUNDI
2111 2140 3006 2226 DURATIONE.

234 2486 274 2544 ῐ.
308 2485 750 2553 Quantocumque
782 2488 1024 2549 tempore
1047 2520 1060 2542 ,
1094 2477 1145 2531 in
1173 2475 1366 2531 divinis
1396 2473 1626 2541 legibus,
1658 2488 1753 2529 cu-
1788 2478 1834 2538 B
1862 2473 2003 2529 ferre
2047 2474 2356 2544 scriptoque
2402 2475 2700 2532 mandare?
2729 2478 2890 2542 Vere,
2922 2480 3139 2549 inquam

159 2580 479 2648 juscutnque
531 2575 770 2629 timentis
815 2573 978 2627 Deum
1031 2572 1264 2626 intentus
1313 2570 1470 2623 fuerit
1517 2571 1762 2632 animus;

165 2683 315 2728 tanto
343 2671 540 2731 eligere
570 2677 594 2706 ἰ
625 2684 742 2736 qua:
773 2680 897 2719 vera
929 2673 1052 2718 sunt
1081 2663 1271 2727 discet,
1302 2672 1358 2715 ut
1397 2660 1652 2716 discendo
1684 2674 1768 2712 sa-

164 2765 322 2834 piens
351 2761 637 2822 el’llciatur,
681 2759 802 2829 quia
833 2757 938 2810 dus
985 2755 1260 2810 oculorum
1309 2753 1485 2808 ctu-dis
1513 2751 1667 2807 c-tei
1713 2751 1765 2806 in

167 2852 288 2921 lege
320 2871 330 2906 :
373 2850 548 2905 Virtus
577 2848 671 2904 Dei
708 2850 878 2902 Patris
917 2858 962 2901 et
1003 2847 1256 2917 sapientia
1292 2845 1526 2898 Christus
1555 2844 1612 2914 (Ι
1645 2843 1763 2897 Cor.

167 2961 208 3011 ι,
239 2943 351 3014 24).
389 2943 452 2998 Ει
485 2942 634 3005 quasi
669 2939 947 3004 patefactis
986 2939 1162 3006 januis
1193 2937 1337 2996 caeli,
1361 2934 1388 2974 δ
1416 2952 1509 2991 ore
1552 2935 1767 3004 proprio

167 3035 264 3090 Dei
285 3033 540 3094 audierit,
569 3035 826 3090 exsultat,
857 3032 911 3084 in
937 3031 1050 3101 lege
1072 3029 1267 3098 aliquid
1347 3043 1473 3082 vere
1500 3028 1769 3095 sapienter

163 3128 454 3184 atldisceus
485 3143 496 3180 :
528 3127 668 3181 unde
699 3125 958 3193 sapientia
1007 3126 1096 3177 llci
1139 3122 1409 3178 hominem
1454 3123 1618 3177 silere
1661 3135 1767 3175 non

164 3224 400 3294 patitur;
439 3219 784 3287 cotnpellitur
809 3219 948 3287 (ipsa
981 3225 1204 3271 veritate
1242 3214 1487 3285 cogente)
1519 3214 1682 3282 loqui,
1715 3221 1771 3267 ut

161 3313 304 3368 alios
335 3311 608 3381 sapientes
638 3309 858 3366 clllcrat.
886 3307 1174 3376 Sapientia:
1205 3322 1336 3361 vero
1361 3304 1387 3344 ά
1411 3307 1500 3376 qui
1525 3307 1767 3375 junctus,

162 3406 413 3462 invidere
462 3420 569 3459 non
617 3408 811 3475 putuit.
864 3404 1202 3472 Quapmpter
1245 3402 1461 3470 sapiens
1491 3401 1601 3454 vult
1632 3398 1770 3470 (per

159 3499 488 3570 sapientiam
515 3496 610 3552 Dei
634 3511 662 3550 a
696 3510 799 3564 qua
823 3495 1037 3563 sapiens
1051 3494 1271 3549 elici-tus
1284 3492 1664 3562 est)derelicm
1686 3494 1765 3546 iu-

154 3589 405 3646 \‘identia
434 3605 528 3659 per
549 3603 708 3660 quam
749 3603 894 3643 mors
934 3587 1241 3643 dominatur
1284 3596 1336 3640 et
1373 3588 1602 3655 regnat(
1637 3582 1763 3652 Sap.

157 3699 228 3746 tt,
261 3682 376 3747 24),
408 3696 599 3736 omnes
627 3681 876 3735 homines
902 3679 952 3734 in
988 3680 1187 3734 mundo
1217 3679 1486 3748 sapientes
1513 3676 1762 3730 εκί-ιετε.

156 3771 496 3831 Praedictum
520 3773 664 3828 enim
696 3776 747 3826 in
777 3772 894 3842 lege
923 3785 1041 3827 esse
1065 3773 1184 3834 scit,
1211 3771 1352 3839 quod
1385 3769 1658 3823 multitudo
1680 3784 1766 3821 sa-

3187 2499 3200 2536 ἶ
3246 2497 3366 2536 nam
3399 2493 3455 2539 ut

1875 2567 1973 2634 ipsi
2003 2567 2170 2629 scitis.
2207 2569 2333 2621 olim
2357 2569 2424 2624 de
2448 2574 2657 2624 ratione
2685 2570 2904 2626 Pasclne
2934 2589 3261 2646 numeroque
3286 2592 3455 2632 auuo-

1872 2675 1987 2713 rutn
2030 2660 2213 2714 tnttmli
2238 2663 2573 2715 hortantibus
2603 2665 2751 2717 vobis
2779 2667 2976 2729 εει-ιιιιιι
3007 2665 3195 2722 fecisse
3216 2684 3334 2733 nte;
3363 2669 3459 2724 sed

1873 2750 2070 2806 ilcirco
2101 2754 2222 2806 silui
2256 2755 2535 2818 aliquanto
2560 2764 2822 2823 tempore.
2858 2774 2922 2812 ne
2961 2775 2987 2812 a
3023 2761 3175 2814 nobis
3203 2764 3459 2829 opuscula

1873 2845 1984 2913 ip-a
2026 2847 2385 2901 condimentis
2424 2851 2708 2918 sapientiae
2752 2851 2976 2916 alienae,
3024 2854 3461 2911 irrationabiliter

1871 2938 2254 2994 condi-rentur.
2297 2941 2446 2995 Unde
2467 2941 2693 3011 digestis
2719 2944 2911 2998 melius
2939 2951 3119 3008 rebus,
3153 2948 3220 3002 de
3251 2948 3338 3002 d.e
3369 2963 3459 3001 sa-

1870 3032 2169 3084 cratissimo
2199 3031 2414 3086 i'ascha-
2439 3033 2545 3099 jam
2581 3034 2819 3087 libi-llum
2843 3038 3197 3103 prtetnisituus
3229 3056 3243 3091 :
3279 3043 3328 3092 iu
3355 3056 3461 3110 quo

1871 3129 1926 3173 ct
1951 3121 2039 3186 qui
2071 3120 2138 3174 sit
2167 3125 2370 3176 mensis
2402 3123 2627 3192 primus,
2664 3125 2910 3195 lcgalitcr
2934 3129 3455 3186 demonstravimus:

1871 3210 2065 3265 dehinc
2097 3214 2256 3266 etiam
2299 3228 2512 3268 cursum
2545 3232 2809 3270 auunrnttt
2851 3234 2880 3271 a
2931 3218 3127 3274 fabrica
3163 3221 3380 3288 mutuli,
3405 3223 3458 3278 in

1874 3302 1977 3358 huc
2011 3305 2296 3373 opusculo,
2328 3321 2426 3362 suo
2447 3323 2660 3377 quoque
2687 3310 2902 3377 ordine,
2935 3314 3277 3382 supputando
3305 3327 3460 3370 nota-

1874 3411 2011 3450 tuus.

1945 3493 2005 3547 ll.
2037 3491 2088 3546 lit
2121 3493 2204 3548 his
2246 3495 2406 3566 igitur
2446 3495 2729 3567 promissis
2752 3538 2764 3561 ,
2797 3499 2930 3553 satis
2959 3499 3124 3570 gavisi
3159 3502 3350 3557 fratres
3387 3503 3460 3557 fa-

1870 3584 2021 3640 ciunt
2041 3601 2160 3656 qua:
2181 3587 2488 3658 diligentius
2511 3589 2808 3644 sanximus.
2827 3590 3040 3645 Etenim
3062 3593 3250 3648 dehac
3275 3611 3331 3648 re
3360 3611 3460 3650 non

1871 3690 2045 3744 mque,
2081 3677 2174 3732 sed
2207 3679 2355 3733 varie
2387 3680 2656 3749 scripsere
2697 3696 2856 3748 quam
2883 3683 3123 3750 plurimi;
3159 3697 3216 3739 ut
3247 3686 3463 3742 lecturis

1870 3767 2082 3822 animus
2125 3769 2174 3822 iu
2205 3769 2428 3838 ancipiti
2471 3785 2778 3830 remanens.
2821 3773 2948 3842 quid
2983 3774 3161 3828 verius
3191 3778 3277 3838 sit,
3323 3779 3461 3832 sciro

155 3867 400 3938 pientum
438 3867 632 3920 sanitas
658 3874 731 3920 est
758 3863 896 3918 aibis
928 3873 1177 3917 terrarum
1211 3863 1394 3930 (Sap.,
1424 3875 1492 3924 ιι,
1524 3860 1634 3930 '26).
1671 3857 1770 3928 Igi-
1793 3860 1837 3922 C
1875 3876 1978 3914 non
2007 3861 2198 3930 possit.
2234 3861 2445 3915 Faciam
2472 3873 2530 3916 ut
2562 3865 2742 3927 vultis,
2770 3874 2829 3917 ut
2854 3876 2906 3919 et
2934 3866 3048 3933 ipse
3078 3869 3322 3936 prntnisi.
3356 3869 3461 3923 Do-

156 3965 257 4012 tur
299 3972 422 4014 cum
473 3973 539 4013 ex
589 3957 702 4027 lege
751 3970 933 4011 coram
967 3953 1241 4010 fratribus.
1284 3953 1546 4022 sapientia
1587 3953 1763 4016 duce,

155 4057 431 4105 tractatus
480 4049 618 4104 foret
669 4059 1139 4118 opponereturquc
1190 4047 1257 4100 ah
1304 4045 1534 4107 iisdem,
1585 4041 1766 4097 tuundi

156 4139 387 4196 initium
413 4139 681 4212 ﬁnemque
704 4141 822 4210 ejus
846 4144 1056 4210 penitus
1079 4155 1106 4193 a
1133 4138 1287 4193 nobis
1309 4136 1431 4192 sciri
1458 4151 1559 4190 non
1584 4150 1761 4206 posse;

157 4231 317 4304 quod
358 4232 446 4286 alii
484 4232 756 4287 ailirutant
803 4231 919 4301 plus
946 4247 1012 4286 xx
1066 4230 1230 4285 millia
1262 4245 1522 4283 annorum
1571 4227 1768 4282 habere

155 4324 280 4397 iam
318 4323 607 4389 mundum;
642 4324 730 4378 alii
761 4323 972 4379 initium
996 4335 1051 4378 et
1078 4321 1238 4378 linem
1271 4322 1401 4376 dare
1422 4320 1472 4375 ei
1501 4321 1764 4384 nolentes;

154 4418 263 4475 alii
298 4416 548 4489 (initium
580 4419 987 4490 concedentes)
1023 4432 1284 4475 mternum
1317 4419 1430 4473 tore
1465 4421 1765 4472 voluerunt.

156 4510 256 4569 Ad
292 4510 408 4566 haec
429 4526 528 4581 ego
569 4511 653 4565 aio
683 4528 696 4565 :
733 4509 994 4566 Astruere
1027 4512 1127 4567 hoc
1175 4527 1269 4582 per
1309 4519 1501 4574 artem,
1535 4510 1769 4579 philoso-

159 4605 359 4676 phiam
407 4605 588 4660 mundi
636 4613 691 4660 et
741 4605 956 4659 inanem
1009 4603 1430 4672 deceptionem;
1482 4602 1770 4658 verborum

156 4711 430 4768 pompam
454 4696 836 4766 Opinionisqne
870 4693 1038 4763 magis
1066 4709 1225 4763 quam
1258 4702 1279 4729 ο
1314 4692 1595 4747 veritatem
1624 4706 1774 4745 ama-

157 4805 308 4846 νοτε
332 4801 386 4846 ει
415 4799 535 4845 sunt
562 4802 852 4844 amatores.
882 4787 1014 4842 Nam
1038 4787 1080 4841 si
1109 4802 1204 4841 nos
1230 4786 1456 4855 imperio
1483 4784 1596 4849 Dei,
1630 4785 1774 4853 quod

161 4881 343 4937 ﬁdele
382 4891 486 4950 cst,
516 4883 832 4947 audiamus;
867 4882 1192 4948 accipiamus
1230 4893 1451 4935 necesse
1481 4885 1583 4935 est.
1615 4878 1773 4945 quid-

161 4971 309 5042 quid
345 4973 500 5028 ttubis
527 4972 706 5027 divina
750 4973 834 5027 lex
883 4973 1116 5027 lldeliter
1148 4975 1420 5028 enarravit
1451 4987 1463 5024 :
1497 4969 1639 5040 quod
1676 4985 1774 5023 an-

161 5075 383 5123 nuente
409 5066 635 5121 Domino
665 5065 730 5134 (si
757 5065 1090 5136 permittitis)
1111 5065 1258 5119 vobis
1279 5065 1596 5132 simpliciter
1619 5077 1777 5117 enar-

162 5157 416 5215 rahitttr.
449 5158 586 5214 Sutit
608 5161 751 5214 enim
784 5159 873 5229 qui
905 5157 1156 5213 estimam
1187 5172 1378 5222 annos,
1409 5157 1460 5212 in
1494 5157 1630 5226 lege,
1665 5157 1778 5210 ina-

1869 3954 2014 4005 minu
2043 3951 2284 4017 scilicet,
2331 3953 2440 4006 Deo
2479 3953 2699 4008 Chrism
2735 3966 3091 4011 monstrante.
3128 3961 3460 4030 Quapropter

1872 4055 2049 4110 partes
2086 4058 2279 4098 omnes
2322 4052 2374 4097 et
2420 4045 2631 4114 regulas
2676 4060 2944 4101 annorum
2993 4048 3197 4103 all‘alire
3238 4051 3464 4120 diligi-n-

1872 4134 2083 4204 tiusque
2129 4149 2452 4204 persequar;
2502 4145 2559 4190 ut
2610 4139 2878 4204 expositio
2928 4139 3082 4207 ipsa,
3132 4141 3458 4210 legentibus,

1869 4227 2020 4294 quasi
2048 4228 2436 4295 gradientibus,
2465 4227 2804 4284 delectabilis
2826 4231 2927 4294 via,
2959 4247 3106 4301 aequa
3131 4246 3180 4287 et
3211 4235 3360 4302 plana
3387 4237 3463 4289 vi-

1870 4317 2079 4373 deatur.
2118 4320 2241 4372 l’nst
2267 4320 2660 4386 praeteritorum
2696 4324 2913 4388 quidem
2945 4324 3334 4392 descriptnrmu
3367 4343 3459 4382 va-

1870 4410 1978 4464 rias
2012 4411 2433 4478 compositiones
2466 4410 2802 4479 (prinsertim
2842 4415 2932 4482 qui
2957 4414 3066 4483 jam
3099 4416 3459 4486 prtejudieatzc

1871 4500 2141 4570 opinionis
2168 4501 2478 4572 habentur),
2502 4503 2682 4558 dicere
2713 4503 2934 4574 aliquid,
2967 4506 3115 4560 nefas
3137 4518 3226 4562 aut
3269 4525 3461 4578 super-

1875 4593 1999 4648 bum
2029 4605 2143 4654 est;
2173 4592 2266 4647 sed
2297 4593 2504 4659 dicam;
2546 4608 2764 4650 necesse
2805 4606 2887 4650 est
2931 4596 3070 4651 enim
3114 4600 3325 4656 ratione
3373 4619 3463 4658 t-o-

1874 4695 2052 4755 geute,
2079 4684 2321 4752 quamvis
2339 4687 2626 4754 superbum
2652 4686 2814 4741 credo
2842 4701 2947 4741 non
2969 4703 3085 4744 esse
3101 4690 3144 4744 si
3165 4695 3463 4760 posteriore

1878 4786 2138 4847 tempore.
2172 4792 2199 4829 a
2229 4792 2496 4846 quoquam
2525 4780 2717 4833 melius
2743 4778 2870 4848 qttid
2897 4779 2963 4834 de
2994 4781 3113 4852 lege
3141 4783 3461 4851 proferatur.

1879 4870 1990 4924 lloc
2013 4881 2066 4924 et
2097 4879 2315 4924 sanctus
2355 4875 2633 4939 apostolus
2658 4871 2881 4938 Paulus,
2919 4889 3102 4942 pacem
3142 4879 3460 4946 consulens,

1878 4974 2106 5019 testatur
2133 4974 2186 5018 et
2215 4963 2347 5017 dicit
2377 4979 2388 5015 :
2423 4961 2539 5016 Etsi
2568 4965 2656 5018 alii
2688 4965 2867 5019 melius
2893 4969 3174 5022 revtlatum
3199 4971 3353 5037 fuerit
3385 4988 3465 5025 se-

1882 5059 2038 5120 denti,
2067 5058 2208 5125 ptior
2251 5064 2413 5109 taceat
2443 5054 2485 5123 (l
2510 5055 2630 5110 Cor.
2658 5071 2768 5121 xrv,
2801 5057 2914 5126 30).
2953 5057 3016 5112 Et
3048 5063 3230 5130 utique
3256 5073 3468 5131 aposto-

1881 5154 1965 5206 lus
1995 5151 2061 5204 de
2099 5163 2437 5220 quacumque
2465 5147 2829 5215 disltutationc
2860 5150 3017 5218 legis,
3049 5154 3148 5206 huc
3179 5152 3312 5207 dixit
3341 5172 3354 5208 :
3388 5155 3462 5209 De

161 5249 325 5305 niter
351 5260 439 5302 aut
468 5251 760 5319 superﬂue,
808 5249 958 5320 quasi
992 5263 1095 5302 non
1131 5247 1434 5302 necessarie
1465 5245 1628 5301 fuisse
1653 5262 1780 5301 con-
1806 5238 1860 5298 D
1885 5259 1989 5314 qua
2019 5258 2099 5305 re,
2123 5244 2244 5311 quis
2266 5241 2500 5312 qualiter
2518 5243 2769 5304 senserit.
2796 5243 2865 5296 ita
2894 5254 2950 5296 ut
2974 5247 3206 5300 senserit
3227 5257 3279 5299 et
3304 5246 3459 5312 bene,

164 5341 453 5412 setiptos:
500 5344 806 5399 nescientes
854 5358 1040 5412 patum
1087 5340 1284 5396 habere
1331 5339 1478 5404 lidei,
1521 5344 1655 5396 tales
1685 5341 1775 5412 qui

167 5436 330 5509 quod
377 5437 458 5491 lex
491 5435 587 5491 Dei
632 5439 889 5500 insinuat,
915 5452 1100 5494 verum
1131 5450 1250 5491 esse
1281 5450 1387 5489 non
1427 5434 1675 5489 credunt.
1708 5437 1778 5488 At

170 5527 308 5586 illi:
347 5527 566 5599 Magna,
602 5529 871 5598 inquiunt,
901 5531 983 5586 vis
1020 5541 1132 5595 est,
1162 5527 1362 5598 aliquid
1400 5527 1468 5583 de
1497 5528 1613 5598 lege
1653 5540 1775 5597 pro-

259 5713 284 5779 f!
321 5702 551 5779 Eligcre.
584 5705 848 5772 Suspecta
880 5707 1062 5762 lectio.

253 5773 284 5815 δ
323 5773 444 5830 Ore.
482 5777 644 5833 Forte
673 5793 737 5830 ea:
764 5793 869 5831 ore.

259 5856 282 5886 ε
334 5846 460 5921 Vere
485 5851 758 5920 sapienter.
792 5847 949 5904 Forte
973 5865 1101 5906 vero:
1129 5846 1408 5921 sapientius.
1427 5844 1492 5903 Et
1510 5857 1633 5900 mox
1659 5843 1776 5899 inde

165 5932 286 5998 pro
319 5919 478 5976 unde.

702 6016 976 6077 ΡΑτιιοι..
1018 6014 1189 6078 XIII.

1882 5337 2078 5392 melius
2103 5336 2273 5406 possit
2303 5335 2536 5390 admitti.
2573 5335 2721 5390 Nunc
2747 5336 2816 5392 de
2841 5352 3106 5394 annorum
3130 5341 3340 5406 integro
3369 5359 3465 5397 tnt-

1882 5447 2031 5486 mero
2056 5431 2471 5494 ratinvcrtitur;
2497 5430 2583 5484 ubi
2609 5445 2712 5484 non
2742 5441 2915 5500 potest
2946 5435 3068 5501 quis
3101 5448 3196 5503 pro
3222 5437 3461 5507 perfecto

1881 5539 2110 5580 numero
2134 5522 2514 5593 imperfectum
2569 5537 2794 5594 ponere,
2841 5534 2933 5579 aut.
2962 5526 3138 5596 ipsum
3168 5529 3457 5599 perfectum

1947 5699 1972 5780 ἐ
2002 5697 2136 5780 Qui.
2157 5697 2320 5754 Forte
2345 5699 2484 5780 quia.
2511 5696 2633 5780 Mos
2653 5712 2787 5780 vero
2811 5709 2976 5772 potest
2998 5719 3093 5773 pro
3122 5707 3303 5768 potuit.

1879 5849 1894 5894 '
1953 5779 1976 5806 ο
2018 5771 2310 5825 Veritatem.
2347 5767 2424 5823 Ita
2467 5767 2850 5840 rescripsimus
2887 5767 3009 5841 pro'
3036 5780 3304 5833 vanitatem
3351 5781 3464 5838 edi-

1894 5855 2079 5897 .orum.

2987 6014 3064 6075 35
