4200 6402
573 398 713 455 1099

1888 400 1955 467 ρ.
1997 396 2169 457 JULII
2205 395 2559 457 HILARIANI

3750 402 3890 460 1100

568 508 973 565 transcendere
1016 523 1349 575 numerum;
1382 518 1435 563 et
1476 509 1620 579 quod
1670 509 1849 565 minus
1902 510 2091 574 fuerit.
2132 522 2185 567 et
2213 520 2267 581 Α
2292 513 2571 583 profectus
2596 521 2699 578 est,
2730 513 2860 568 anni
2890 522 3015 568 sunt
3050 512 3207 570 l0l2.
3240 513 3316 569 Ita
3344 527 3442 583 per
3466 512 3717 569 ordinem
3750 533 3763 569 :
3794 531 3888 571 sc-

570 603 692 670 plus
724 617 753 653 a
788 601 1031 669 perfecto
1062 617 1295 655 numero
1324 611 1576 655 astruere
1619 617 1829 656 verum.
1873 604 2040 671 Igitur
2072 602 2181 671 jam

570 697 858 750 veniamus
898 696 963 749 ad
995 712 1241 760 causam,
1283 703 1338 750 et
1381 711 1482 750 suo
1520 696 1719 751 ordine
1760 706 1952 751 cuncta
2000 696 2187 751 narre—

576 806 719 852 mus,
755 791 1210 861 intelligaturque
1237 805 1345 859 quo
1372 790 1427 844 in
1456 790 1578 843 loco
1607 790 1746 845 hanc
1768 789 2016 844 volentes
2034 803 2185 842 asse-

572 882 670 949 qui
704 883 997 945 rationem,
1030 892 1054 918 η
1087 893 1181 936 διιι
1212 883 1373 950 plene
1403 881 1655 936 dixerint.

650 976 738 1031 111.
766 976 900 1031 Cum
926 994 1058 1045 ergo
1086 978 1173 1031 hic
1199 977 1429 1030 mundus
1461 975 1723 1031 Creatore
1752 976 1863 1030 Deo
1891 975 2187 1029 constitue-

573 1077 735 1125 retur
779 1070 1099 1139 videretque
1150 1071 1330 1123 omnia
1384 1084 1481 1123 suo
1524 1070 1678 1139 jussu
1722 1084 1786 1122 ex
1822 1068 1994 1121 nihilo
2026 1082 2189 1136 appa-

577 1162 782 1225 ruisse,
811 1170 1025 1215 mature
1076 1162 1276 1215 carltun
1330 1176 1451 1214 cum
1494 1160 1827 1214 ornamentis
1858 1159 1990 1224 suis,
2026 1158 2077 1212 id
2108 1167 2191 1212 est

576 1252 776 1314 Solent.
811 1261 866 1307 et
897 1252 1104 1318 lunam,
1156 1264 1207 1305 et
1250 1252 1469 1315 stellas,
1518 1262 1739 1321 propter
1770 1252 1915 1306 vices
1947 1262 1999 1305 et
2038 1251 2187 1319 signa

575 1351 913 1412 temporum,
956 1343 1077 1397 luce
1122 1344 1430 1405 radiantes;
1462 1354 1663 1397 terram
1705 1359 1825 1397 cum
1860 1343 2189 1411 perfectione

574 1437 825 1490 omnium
855 1436 1129 1489 seminum
1164 1439 1345 1489 virore
1379 1436 1621 1505 plenam,
1656 1436 1887 1489 diversis
1916 1434 2189 1489 coloribus

574 1526 746 1582 ﬂores
776 1528 1067 1582 habentem
1114 1528 1296 1582 divina
1347 1530 1590 1596 pictura;
1641 1530 1809 1583 maria
1840 1528 2189 1583 conclusione

573 1620 823 1690 riparum
858 1637 921 1676 ac
952 1622 1259 1687 montium,
1290 1637 1357 1677 tte
1394 1622 1784 1675 transcendant
1828 1621 1983 1690 quasi
2025 1619 2190 1673 valla-

576 1716 731 1769 tione
764 1714 999 1783 quadam
1025 1715 1271 1778 obsessa,
1311 1716 1509 1769 isthinc
1532 1716 1693 1769 etiam
1718 1715 1891 1783 primo
1924 1715 2201 1783 prolatum-

578 1818 794 1862 mctutn
831 1808 1087 1861 habentia
1135 1807 1187 1859 in
1239 1822 1297 1860 se
1344 1817 1397 1859 et
1439 1822 1655 1861 omnem
1703 1810 1940 1859 animam
1990 1806 2185 1859 vivam.

576 1900 710 1955 Post
752 1902 891 1955 hanc
924 1901 1087 1969 igitur
1117 1900 1510 1969 perfectionem
1546 1902 1754 1966 mttudi,
1789 1902 1989 1969 placuit
2019 1900 2189 1954 omni-

573 1992 787 2059 potenti
828 1992 937 2045 Deo
981 1994 1267 2046 instituere
1308 1992 1585 2047 hominem
1628 2010 1787 2063 quem
1832 2009 1940 2061 pne
1975 1992 2186 2047 creteris

573 2084 909 2137 animalibus
958 2084 1164 2153 aliquid
1221 2101 1347 2139 esse
1393 2086 1741 2155 omnipotens
1782 2086 1921 2139 Deus
1963 2086 2129 2138 voluit
2169 2103 2181 2139 :

573 2193 701 2233 nam
737 2177 852 2240 illa,
894 2176 1049 2243 jussu
1104 2186 1152 2229 et
1188 2174 1355 2230 verbo
1406 2194 1502 2230 suo
1552 2176 1790 2239 creavit;
1836 2178 1977 2230 hunc
2018 2177 2185 2231 sacris

575 2268 834 2324 manibus
892 2269 1047 2321 ﬁnxit
1089 2266 1243 2336 (Gen.
1290 2284 1325 2328 ι,
1374 2269 1492 2335 27),
1535 2284 1693 2337 quem
1740 2269 1967 2323 liberum
2015 2268 2188 2321 domi—

575 2375 818 2428 numque
848 2374 1017 2428 super
1046 2360 1297 2413 universa
1334 2374 1429 2413 sua
1458 2360 1701 2428 prafecit
1726 2380 1736 2411 :
1766 2361 1881 2424 illa,
1914 2372 1967 2413 tit
1997 2362 2061 2413 ab
2087 2362 2187 2415 hoc

573 2465 944 2524 regerentur;
989 2453 1096 2512 hic.
1130 2464 1185 2507 ut
1231 2454 1453 2521 Sapiens
1492 2455 1693 2507 animal
1727 2455 1993 2508 rationale
2022 2463 2074 2507 et
2103 2470 2187 2508 as-

572 2556 751 2602 tutum
780 2560 903 2600 sese
933 2546 1261 2614 gubernaret
1304 2547 1354 2599 in
1388 2546 1610 2599 mundo.
1643 2548 1718 2599 Ex
1762 2547 1915 2599 istius
1957 2561 2186 2613 namque

571 2646 827 2707 tempore
912 2638 1429 2706 posteriornmque,
1492 2637 1735 2690 omnium
1806 2638 2185 2704 generationes

568 2733 590 2804 (
620 2729 945 2799 currendo)
979 2728 1322 2783 ostendimus
1352 2744 1524 2795 usque
1555 2728 1620 2781 ad
1653 2737 1893 2781 nostram
1927 2737 2140 2781 mlateut
2169 2742 2182 2790 ;

572 2836 711 2896 quot
735 2826 862 2879 anni
894 2825 1002 2877 sint
1026 2838 1091 2877 ev
1119 2839 1225 2892 quo
1255 2822 1426 2877 factus
1458 2832 1543 2877 est
1575 2824 1677 2877 iste
1717 2824 1768 2876 in
1802 2838 1906 2891 quo
1942 2824 2186 2891 (legimus

573 2918 849 2981 muudus;
878 2916 970 2971 sed
1005 2916 1094 2985 qui
1124 2917 1233 2980 jam
1263 2915 1563 2969 seettnduut
1593 2914 1957 2981 evangelicam
1999 2928 2185 2967 vocem

571 3009 627 3065 in
662 3009 770 3063 ﬁne
791 3018 876 3063 est
903 3008 1234 3061 constitutus
1270 3025 1282 3060 :
1317 3022 1344 3060 a
1377 3007 1462 3060 die
1493 3023 1582 3059 vttt
1622 3006 1844 3061 Kalend.
1889 3008 2044 3075 april.
2081 3008 2187 3060 ori-

566 3102 753 3171 ginetn
788 3098 813 3137 δ
844 3100 962 3167 ejus
990 3098 1176 3151 mundi
1214 3106 1461 3151 tenentes
1498 3112 1607 3164 quo
1635 3096 1947 3150 inchoatum
1990 3107 2042 3150 et
2072 3098 2183 3151 fac-

566 3200 683 3248 tum
712 3206 857 3254 esse,
898 3190 954 3244 in
994 3189 1183 3244 libello
1227 3188 1510 3251 Paschali;
1543 3190 1753 3243 ratione
1784 3197 2040 3242 currente
2077 3189 2183 3256 jam

570 3284 956 3355 exposuimus,
980 3291 1035 3336 et
1074 3298 1103 3334 v
1132 3281 1248 3335 dies
1294 3283 1413 3333 sine
1451 3281 1666 3335 homine
1696 3280 1864 3335 fuisse
1898 3281 2179 3345 mumlum,

2289 608 2481 661 ςιιιιάω
2512 608 2915 676 generationes,
2963 623 2991 662 a
3025 608 3148 662 Sent
3178 608 3291 663 filio
3322 608 3457 673 Noe,
3499 607 3886 663 ostenduntur.

2294 698 2398 753 Sed
2437 702 2561 767 quia
2592 699 2718 754 anni
2758 700 2883 755 Sem
2922 698 2940 737 ί
2973 702 3041 756 78
3090 701 3142 755 in
3182 700 3657 756 consummatione
3696 700 3891 755 diluvii

2288 792 2546 859 completi
2578 800 2736 855 sunt,
2781 790 2815 844 2
2842 792 3053 845 scilicet
3094 792 3219 845 anni
3252 792 3317 846 ad
3351 792 3618 847 rationem
3660 806 3891 845 summa:

2287 897 2449 952 quam
2478 892 2597 951 post
2626 883 2888 937 diluvium
2921 885 3352 953 designavimus,
3385 883 3681 939 necessarii
3711 892 3841 937 sunt
3876 899 3889 934 :

2289 973 2404 1043 ipse
2426 976 2570 1029 enim
2602 976 2726 1030 Sem
2759 976 2982 1030 biennio
3012 986 3134 1045 post
3163 974 3455 1042 diluvium,
3490 976 3587 1031 fuit
3618 989 3891 1029 annorum

2291 1068 2415 1130 100.
2447 1078 2502 1123 et
2531 1069 2610 1123 sic
2638 1070 2825 1136 genuit
2850 1068 3073 1124 Arfexat
3098 1087 3110 1132 ;
3136 1084 3275 1140 qttos
3303 1084 3476 1125 annos
3505 1070 3541 1125 2
3580 1068 3892 1139 descripto-

2291 1176 2380 1215 res
2405 1163 2563 1229 hujus
2590 1160 2815 1214 rationis
2852 1160 2907 1214 in
2941 1176 3226 1215 numerum
3254 1176 3524 1217 annorum
3557 1175 3664 1213 nou
3696 1173 3898 1228 posue—

2292 1266 2442 1317 runt,
2475 1254 2750 1324 quomodo
2788 1270 2884 1309 eos
2917 1256 3140 1310 minime
3173 1255 3564 1324 prtevitlerttnt.
3596 1256 3740 1324 Ergo
3771 1261 3902 1323 post

2291 1346 2577 1410 diluvium,
2610 1346 2734 1400 Sem
2764 1346 2897 1399 vixit
2936 1362 3109 1401 annos
3138 1346 3170 1399 2
3213 1358 3267 1399 et
3298 1346 3484 1414 genuit
3520 1345 3767 1400 Arfexat.
3796 1346 3903 1399 Ar-

2291 1436 2436 1491 fexat
2468 1448 2644 1490 autem
2670 1451 2815 1490 anno
2841 1438 2939 1491 155
2966 1437 3152 1505 genuit
3179 1436 3385 1491 Salam.
3412 1436 3595 1490 Salam
3626 1450 3771 1487 anno
3800 1434 3906 1488 150

2290 1529 2475 1599 genuit
2516 1527 2677 1583 Eber.
2716 1527 2857 1582 Eber
2890 1543 3035 1583 anno
3068 1527 3169 1583 134
3206 1530 3392 1598 genuit
3433 1527 3661 1582 Falech.
3696 1527 3905 1581 Falech

2292 1636 2435 1674 anno
2472 1622 2571 1675 150
2600 1622 2786 1689 genuit
2818 1621 3025 1690 Itagau.
3064 1619 3247 1685 Ragau
3276 1635 3420 1674 anno
3455 1621 3558 1674 15:2
3588 1622 3773 1691 genuit
3803 1620 3906 1676 Se—

2294 1728 2403 1765 ruc.
2452 1712 2623 1767 Serue
2655 1726 2800 1766 anno
2844 1712 2944 1767 150
2983 1713 3170 1780 genuit
3199 1710 3400 1765 Nahor.
3444 1710 3629 1764 Nahor
3657 1727 3802 1764 anno
3835 1710 3907 1764 79

2292 1805 2479 1873 genuit
2508 1803 2710 1858 Thara.
2741 1803 2921 1858 Thara
2954 1814 3135 1856 autem
3169 1816 3315 1855 anno
3350 1803 3417 1855 70
3454 1806 3643 1870 genuit
3667 1803 3903 1855 Abram.

2294 1899 2495 1951 Abram
2531 1912 2673 1951 anno
2706 1896 2772 1950 70
2798 1897 2863 1949 de
2892 1906 3035 1948 terra
3067 1910 3161 1947 sua
3196 1894 3472 1963 prolectus
3503 1905 3584 1947 est
3628 1894 3645 1961 (
3673 1904 3725 1946 ut
3757 1893 3907 1946 dixi-

2294 1994 2437 2056 mus)
2464 1992 2511 2042 itt
2542 1988 2790 2042 Curram.
2819 1991 2859 2042 Λ
2892 1987 3338 2056 peregrinatione
3366 1984 3597 2038 Abrahae
3632 2000 3807 2050 usque
3839 1985 3907 2038 ad

2294 2080 2687 2150 profectionem
2715 2080 2952 2134 ﬁliorum
2985 2080 3147 2134 Israel
3175 2094 3239 2133 ex
3271 2077 3508 2147 Egypto
3530 2078 3595 2131 ad
3622 2094 3908 2142 eremum,

2289 2174 2415 2226 anni
2453 2184 2577 2227 sunt
2610 2173 2733 2227 ⁵150.
2767 2183 2789 2219 8
2820 2172 2908 2227 Sic
2957 2172 3155 2226 deinde
3198 2186 3227 2225 a
3269 2172 3423 2225 nobis
3470 2174 3673 2226 certius
3718 2170 3909 2226 decla-

2290 2279 2499 2323 rantur.

2366 2381 2448 2434 VI.
2482 2381 2755 2434 Abraham
2783 2382 2851 2435 30
2880 2396 3055 2451 annos
3087 2382 3465 2451 peregrinatus
3489 2392 3571 2435 est
3598 2390 3655 2435 et
3686 2381 3909 2447 accepit

2290 2474 2668 2543 promissionis
2710 2474 2876 2528 filium
2915 2474 3066 2529 Isaac
3095 2492 3106 2526 :
3136 2474 3230 2540 qui
3258 2489 3380 2527 eum
3415 2472 3639 2526 vcrhum
3685 2470 3907 2524 Domini

2288 2568 2651 2623 desiderasset
2682 2567 2892 2632 audire,
2923 2568 3142 2636 quando
3171 2563 3195 2601 δ
3227 2566 3398 2635 possit
3429 2581 3616 2618 semen
3642 2564 3764 2633 ejus
3791 2564 3908 2617 hze-

2287 2662 2526 2716 reilitare
2559 2669 2760 2715 terram
2791 2659 3070 2724 Chanaan;
3099 2668 3287 2729 parato
3317 2658 3589 2713 sacrilicio
3613 2658 3677 2710 ad
3709 2672 3910 2726 vespe-

2290 2771 2401 2807 ram
2433 2754 2695 2807 Dominus
2725 2755 2771 2807 ei
2805 2754 3019 2807 locutus
3041 2761 3146 2815 est,
3175 2750 3513 2805 concludens
3538 2749 3703 2803 simul
3730 2759 3787 2803 et
3816 2750 3911 2802 de-

2289 2849 2511 2915 signans
2546 2847 2688 2915 quod
2720 2847 2896 2901 adhuc
2928 2862 3115 2901 semen
3152 2845 3270 2915 ejus
3297 2844 3788 2913 peregrinaturum
3823 2857 3912 2896 cs-

2289 2950 2372 2995 set
2403 2945 2614 2995 interra
2649 2942 2906 2994 Chanaan
2932 2948 2983 2994 et
3014 2941 3063 2993 itt
3094 2940 3359 2993 servitute
3380 2936 3767 3007 [Egyptiorutu
3807 2951 3907 2989 an-

2291 3033 2372 3085 uis
2397 3033 2524 3095 400,
2561 3035 2703 3085 sicut
2728 3032 2779 3085 in
2809 3032 2950 3086 libro
2972 3031 3255 3086 Geneseos
3276 3030 3555 3098 Scriptura
3583 3026 3769 3081 divina
3803 3028 3909 3097 ipsi

2289 3127 2522 3179 Ahraltze
2555 3134 2825 3179 testatur:
2878 3124 3057 3179 Sciens
3102 3124 3229 3177 scies
3271 3121 3530 3193 quomodo
3570 3122 3910 3192 peregrinum

2288 3222 2380 3271 erit
2403 3236 2567 3272 semen
2599 3229 2742 3272 tuum
2776 3220 2824 3271 in
2859 3229 2993 3271 terra
3032 3234 3136 3270 non
3167 3233 3261 3270 sua
3293 3225 3339 3268 et
3368 3216 3419 3268 in
3440 3214 3737 3267 servitutem
3770 3214 3912 3267 redi-

2288 3324 2468 3384 gentur
2496 3323 2541 3365 et
2584 3314 2979 3365 dominabuntur
3017 3326 3193 3364 eorum
3222 3309 3369 3363 annis
3397 3308 3525 3363 400.
3556 3306 3773 3362 Centetn
3805 3324 3908 3360 au-

567 3388 626 3435 et
659 3378 748 3431 die
775 3392 825 3475 vi
858 3379 1044 3428 tictum
1090 3384 1144 3428 et
1183 3372 1512 3427 vivilicatum
1559 3388 1652 3442 per
1695 3373 1788 3427 Dei
1838 3374 2020 3427 ﬂatum
2065 3389 2185 3429 esse
2215 3402 2258 3464 ρ
2288 3372 2389 3459 Im
2420 3406 2501 3458 cu,-
2532 3405 2815 3464 s,.,.,.,~,.,,-m.
2846 3420 2937 3475 ego
2959 3402 3210 3473 judicabo
3242 3400 3395 3472 (Gen.
3441 3416 3533 3465 xv,
3570 3400 3659 3465 ιδ’
3690 3401 3803 3467 η),
3841 3400 3906 3454 ει

570 3467 949 3525 narravimus.

643 3558 737 3615 IV.
782 3560 826 3613 A
858 3555 1219 3627 primonlasti,
1252 3554 1383 3609 Adre
1426 3556 1633 3610 scilicet
1661 3595 1675 3620 ,
1711 3556 1992 3611 nativitate
2020 3572 2185 3621 usque

569 3652 639 3709 ad
680 3648 944 3706 diluvium
988 3649 1187 3702 factum
1230 3648 1329 3702 sub
1362 3648 1504 3711 Noe,
1536 3648 1662 3701 anni
1696 3658 1820 3702 sunt
1850 3659 1870 3686 ε
1899 3650 2061 3711 ἓὲὂἹ,
2098 3652 2184 3717 qui

570 3744 656 3800 sic
690 3757 787 3811 per
816 3740 1201 3809 generationes
1224 3739 1463 3808 singulas
1492 3739 1723 3793 ﬁdeliter
1745 3740 2183 3806 comprobantur.

570 3835 747 3891 Adam
778 3848 926 3887 anno
966 3831 1075 3886 230
1104 3833 1292 3900 genuit
1321 3830 1474 3885 Seth.
1504 3830 1639 3885 Seth
1670 3832 1776 3885 205
1806 3832 1993 3900 genuit
2021 3833 2183 3887 Eoos.

569 3928 723 3985 Enos
747 3942 892 3982 anno
921 3926 1025 3980 170
1046 3924 1233 3993 genuit
1258 3922 1505 3977 Cainam.
1537 3922 1761 3977 Cainam
1792 3940 1934 3977 anno
1962 3926 2061 3980 170
2089 3941 2187 3995 ge-

573 4023 695 4077 nuit
718 4017 1029 4074 Malalehel.
1057 4015 1344 4069 Malalehel
1366 4029 1509 4068 anno
1534 4016 1635 4069 165
1656 4016 1836 4083 genuit
1860 4014 2067 4069 Jareth.
2102 4016 2192 4071 Ja-

570 4112 698 4169 reth
723 4126 868 4165 anno
904 4108 1005 4163 l62
1034 4108 1223 4177 genuit
1256 4108 1460 4161 I'Znoch.
1492 4106 1677 4161 Enoeh
1711 4121 1853 4160 anno
1880 4108 1980 4162 105
2008 4108 2192 4177 genuit

572 4205 925 4261 Matusalam.
953 4201 1274 4255 Matusalam
1308 4214 1453 4253 anno
1480 4199 1580 4253 182
1601 4201 1784 4268 genuit
1810 4199 2063 4254 Lamech.
2096 4200 2190 4255 Hie

570 4298 785 4369 primos
811 4294 1095 4349 Matusalte
1124 4308 1297 4346 annos
1328 4306 1465 4359 quos
1493 4293 1821 4361 scriptorum
1851 4307 2004 4347 error
2029 4292 2153 4346 fecit
2174 4334 2187 4356 ,

573 4389 764 4447 nullus
796 4386 950 4449 vidit,
979 4384 1160 4440 nullus
1192 4383 1448 4452 inspexit,
1484 4383 1668 4437 nttllus
1693 4383 1938 4451 diligenti
1968 4382 2192 4453 inquisi-

575 4483 732 4537 tione
756 4478 997 4533 correxit
1035 4496 1044 4529 :
1092 4476 1193 4531 167
1242 4490 1415 4527 annos
1458 4490 1583 4528 eum
1622 4475 1827 4529 vixisse
1860 4470 1886 4510 ά
1926 4486 1979 4529 et
2006 4479 2192 4545 genuit

570 4570 848 4634 Lamech;
883 4578 1005 4638 post
1043 4568 1246 4621 vixisse
1283 4566 1383 4621 8H
1432 4581 1635 4630 annos,
1668 4566 1811 4635 quod
1854 4582 2037 4621 verum
2069 4583 2192 4622 esse

572 4682 685 4721 non
716 4674 921 4735 pateat,
955 4662 1079 4731 quia
1111 4659 1211 4714 811
1251 4673 1420 4724 usque
1453 4660 1892 4720 transdiluvium.
1924 4659 1989 4715 11
2016 4675 2190 4717 annos

572 4758 701 4829 plus
732 4771 854 4811 esse
898 4762 1259 4807 monstratur.
1312 4752 1580 4806 Diluvium
1612 4753 1754 4805 enim
1800 4768 1958 4807 uento
1988 4756 2186 4816 evasit,
2213 4786 2267 4846 D
2294 4804 2430 4858 mms
2471 4752 2701 4859 "opo'ms
2754 4788 2853 4842 fuit
2901 4787 3069 4841 Camb
3126 4786 3156 4840 ﬁ

571 4864 738 4906 nemo
764 4856 964 4918 praster
1000 4860 1181 4900 arcam
1222 4844 1455 4899 vivendo
1496 4844 1853 4899 transcendit.
1879 4844 2043 4914 Igitur
2072 4846 2185 4900 Ma-

570 4943 807 4998 tusalam
836 4940 968 4995 vixit
1002 4952 1146 4993 anno
1176 4936 1278 4993 182
1307 4946 1362 4993 et
1389 4938 1465 4991 sic
1481 4939 1665 5007 genuit
1692 4936 1963 4993 Lamech:
1992 4949 2045 4993 et
2070 4948 2190 5007 post

568 5036 677 5091 hoc
701 5035 834 5088 vixit
855 5046 1025 5087 annos
1056 5031 1184 5095 787,
1218 5032 1298 5085 sic
1324 5031 1468 5084 enim
1496 5031 1694 5085 divina:
1726 5032 2023 5101 Scriptura:
2053 5031 2186 5087 ﬁdes

568 5145 701 5187 vera
735 5129 1095 5189 demonstrat,
1130 5140 1252 5194 qua:
1301 5122 1623 5179 Matusalam
1662 5134 1787 5179 ante
1820 5124 2099 5188 diluvinnt,
2134 5134 2189 5181 et

566 5224 798 5284 vixisse,
830 5229 881 5274 et
910 5227 1183 5273 mortuum
1213 5231 1335 5272 esse
1361 5217 1618 5271 narravit.

638 5315 704 5369 ν.
746 5313 986 5369 Lamech
1035 5325 1179 5364 anno
1214 5310 1315 5363 188
1353 5310 1544 5379 genuit
1588 5308 1735 5374 Noe;
1787 5311 2187 5366 sexcentesimo

560 5426 798 5479 namque
845 5422 989 5464 anno
1022 5406 1157 5468 Noe,
1191 5404 1396 5458 factum
1427 5415 1481 5458 et
1514 5414 1954 5459 consummatum
1996 5413 2081 5460 est
2110 5403 2189 5457 di-

559 5502 795 5561 luvium.
826 5503 863 5553 Α
910 5498 1099 5553 diluvii
1131 5505 1315 5550 autem
1350 5506 1601 5565 tempore
1630 5511 1803 5566 usque
1832 5497 1899 5551 ad
1936 5506 1959 5531 ο
1994 5496 2061 5549 60
2094 5509 2189 5549 an—

560 5612 691 5651 num
729 5592 986 5655 Abrahze,
1034 5604 1143 5659 quo
1170 5587 1237 5642 de
1280 5599 1423 5643 terra
1456 5604 1552 5642 sua
1592 5589 1657 5643 ad
1691 5590 2187 5658 peregrinationem

634 5700 660 5728 ι
694 5690 795 5742 Aut
825 5689 973 5751 plene
998 5683 1241 5737 dixerint.
1276 5681 1433 5736 Forte
1462 5682 1605 5736 haud
1624 5686 1772 5754 plene
1795 5682 2039 5736 dixerint.

630 5762 655 5800 ι)
697 5760 826 5829 Ejus
855 5757 1057 5829 mundi.
1093 5754 1257 5809 Forte
1297 5755 1571 5829 ejusmodi.

634 5842 654 5870 ε
695 5824 886 5884 Melius
918 5827 1085 5887 2257,
1118 5841 1185 5879 eo
1217 5824 1363 5879 enim
1399 5826 1561 5878 redit.

630 5900 655 5937 ά
681 5898 745 5953 Et
773 5914 891 5970 gen.
936 5894 1101 5952 Forte
1130 5896 1354 5963 melius,
1381 5910 1499 5949 cum
1521 5909 1637 5965 gen.

2292 3495 2413 3551 ideo
2455 3497 2895 3561 sapientissimus
2925 3496 3201 3564 legislator
3240 3494 3474 3564 Moyses,
3524 3502 3754 3547 auctore
3800 3493 3911 3547 Deo

2292 3598 2501 3652 nostro,
2545 3596 2766 3641 secutus
2822 3588 2891 3640 ita
2949 3586 3025 3639 ait
3070 3602 3081 3637 :
3129 3583 3397 3637 "abitalia
3448 3594 3623 3635 autem
3674 3582 3911 3650 ﬁliorum

2294 3680 2460 3734 Israel
2504 3696 2605 3749 qua
2652 3678 3007 3732 habitaverunt
3039 3678 3087 3729 in
3131 3686 3269 3728 terra
3312 3672 3535 3743 Afgypti
3581 3682 3630 3726 ct
3675 3681 3728 3725 in
3770 3684 3912 3725 terra

2293 3770 2563 3833 Chanaan,
2595 3770 2694 3838 ipsi
2715 3779 2760 3821 et
2794 3780 2964 3837 patres
2987 3783 3166 3821 eorum
3186 3808 3197 3828 ,
3229 3765 3377 3817 annis
3407 3763 3515 3820 450
3536 3762 3760 3835 (Εποιιη
3801 3779 3911 3826 xu,

2292 3864 2402 3934 10).
2455 3864 2565 3918 Iloc
2608 3863 2869 3917 videlicet
2908 3865 3089 3916 minus
3134 3860 3485 3915 attendentes
3533 3860 3911 3927 disputatores

2292 3972 2592 4020 annorum;
2623 3958 2677 4009 in
2710 3954 2949 4025 Egypto
2972 3956 3147 4009 solum
3180 3967 3356 4006 annos
3384 3950 3515 4015 350,
3541 3962 3595 4005 et
3618 3966 3728 4005 non
3758 3951 3911 4020 ipsos

2294 4047 2419 4109 430,
2454 4046 2595 4100 filios
2622 4046 2784 4099 Israel
2812 4046 3004 4108 fuisse,
3036 4044 3236 4098 frustra
3267 4044 3558 4097 memorati
3586 4057 3736 4096 sunt.
3772 4042 3907 4096 Nam

2296 4150 2353 4193 ιιι
2383 4141 2619 4207 plenius,
2645 4141 2722 4195 sic
2747 4138 2942 4193 melius
2967 4137 3074 4193 450
3105 4152 3278 4191 annos
3303 4152 3397 4204 per
3428 4151 3618 4191 semen
3646 4135 3907 4199 Abrahre,

2293 4232 2361 4287 ab
2392 4231 2543 4287 1333C
2590 4241 2717 4287 nato
2756 4246 2932 4301 usque
2980 4231 3046 4285 ad
3096 4243 3191 4285 eos
3245 4230 3312 4284 de
3360 4227 3602 4300 Egypto
3650 4242 3911 4297 egressos

2294 4326 2427 4391 (non
2461 4327 2512 4379 in
2546 4335 2690 4380 terra
2722 4323 2946 4397 IEgypti
2988 4324 3187 4387 solum,
3222 4322 3316 4377 sed
3340 4322 3391 4376 in
3422 4334 3565 4377 terra
3596 4320 3907 4390 Chanaan)

2292 4432 2414 4472 esse
2458 4418 2789 4486 completos;
2848 4418 3227 4485 generationes
3283 4431 3477 4471 eorum
3523 4416 3910 4486 percurrendo

2296 4519 2683 4563 monstramus.
2716 4510 2863 4565 Isaac
2896 4525 3036 4563 anno
3066 4524 3164 4565 suo
3194 4509 3263 4564 60
3293 4511 3485 4579 genuit
3515 4508 3703 4563 Jacob.
3740 4507 3910 4563 Jacob

2293 4616 2413 4655 curn
2455 4612 2597 4657 esset
2626 4617 2890 4657 annorum
2934 4603 3036 4658 150
3074 4602 3317 4655 introivit
3367 4602 3419 4654 in
3456 4598 3753 4671 [Egyptutn
3785 4616 3907 4654 cum

2297 4695 2421 4748 tiliis
2453 4704 2505 4750 et
2531 4696 2820 4763 nepotibus
2852 4695 2967 4750 suis
3004 4694 3264 4762 omnique
3312 4692 3575 4762 progenie
3606 4706 3729 4748 sua.
3768 4692 3910 4745 inter

3166 4786 3269 4840 tius
3316 4786 3470 4853 Levi,
3508 4785 3595 4855 qui
3643 4794 3734 4838 est
3776 4799 3909 4839 avus

2293 4879 2490 4950 Moysis
2526 4897 2539 4932 :
2584 4895 2714 4948 ergo
2754 4878 2976 4934 Amram
3010 4880 3059 4932 iu
3087 4877 3324 4949 [Egypto
3351 4889 3510 4932 natus
3535 4886 3635 4932 est.
3676 4878 3906 4931 Antram

2290 4972 2480 5041 genuit
2509 4970 2765 5041 Moysen;
2797 4986 2939 5024 anno
2968 4970 3038 5025 80
3069 4985 3169 5024 suo
3204 4969 3343 5023 idem
3379 4969 3594 5038 Moyses
3624 4968 3811 5022 exivit
3842 4967 3908 5022 de

2291 5061 2530 5133 IEgypto
2559 5077 2679 5116 cum
2725 5062 2852 5116 tiliis
2883 5062 3072 5128 Israel,
3100 5076 3162 5116 ac
3203 5076 3301 5131 per
3344 5061 3449 5115 hoc
3490 5062 3542 5114 in
3589 5070 3733 5114 terra
3766 5059 3909 5114 Cha-

2292 5169 2430 5209 naan
2477 5152 2545 5205 ab
2590 5151 2736 5207 Isaac
2784 5163 2910 5208 nato
2953 5168 3123 5224 usque
3154 5153 3219 5207 ad
3268 5151 3437 5207 Jacob
3486 5152 3796 5221 ingressum
3854 5152 3906 5205 in

2295 5245 2612 5315 Egyptum,
2640 5245 3019 5301 habitaverunt
3052 5247 3209 5300 annis
3235 5244 3358 5309 HO,
3386 5254 3443 5299 et
3472 5246 3524 5300 in
3558 5244 3799 5314 Algypto
3829 5244 3905 5299 fe-

2295 5349 2487 5393 cerunt
2518 5353 2691 5392 annos
2715 5338 2837 5395 210.
2870 5340 3017 5394 Satis
3044 5348 3127 5394 est
3156 5338 3222 5390 ad
3266 5336 3699 5393 declarationem
3733 5351 3907 5389 anno—

2294 5447 2415 5487 rum
2452 5432 2673 5484 istorum
2713 5432 2781 5487 de
2812 5432 3009 5502 quibus
3048 5430 3441 5487 luesitavcrunt
3477 5446 3634 5502 quam
3682 5426 3907 5499 plurimi

2295 5524 2387 5592 qui
2429 5522 2496 5578 de
2528 5524 2590 5577 iis
2620 5524 2832 5580 fuerant
2861 5523 3049 5580 locuti.

2370 5692 2392 5718 ο
2425 5681 2611 5735 Melius
2632 5682 2720 5736 70.

2369 5750 2386 5788 ί
2420 5753 2609 5806 Melttts
2632 5751 2721 5807 98.

2365 5831 2387 5892 β
2421 5824 2533 5877 Sic.
2562 5824 2797 5892 Legaqui
2818 5823 2911 5875 sic.

2364 5889 2390 5930 ιι
2424 5889 2833 5949 ΡοεδίιζΡὸιιε
2864 5905 3053 5962 posset.
