3874 6478
191 438 319 495 1101

1225 432 1311 491 DE
1352 430 1563 491 MUNDI
1602 426 2004 488 DURATIONE
2046 425 2399 486 LIBELLUS.

3323 435 3465 491 11οΞ

259 554 368 611 V'Il.
394 554 456 608 Et
485 551 607 606 ideo
628 552 873 606 afabriea
889 550 1069 605 mundi
1095 564 1268 620 usque
1296 549 1360 603 ad
1387 549 1777 617 profectionem
1808 552 1854 607 Α
1884 544 2140 600 sacerdos
2159 586 2173 609 ,
2203 560 2294 601 an.
2323 546 2414 601 ΞΟ.
2440 545 2575 601 Huic
2608 549 2870 603 successit
2911 550 3132 606 Samuel
3163 552 3324 606 etiam
3356 554 3470 622 ipse

190 646 417 700 filiorum
446 645 607 698 Israel
625 643 692 699 de
706 642 924 712 Egyto,
944 644 1066 696 anni
1094 650 1220 695 sunt
1247 657 1301 695 ιιι
1327 652 1350 677 ει
1374 641 1497 697 646.
1521 641 1574 695 In
1596 654 1777 694 eremo

190 738 413 794 fuerunt
441 736 467 775 ι’
500 753 642 792 anno
671 737 761 799 40,
793 738 989 791 deinde
1036 746 1248 790 mortuo
1282 736 1459 805 Moy-e
1482 776 1494 799 ,
1528 734 1686 788 Jesns
1719 732 1782 786 fl-

189 831 294 885 lins
324 830 489 894 Nave,
523 846 618 900 per
646 828 900 885 Jordanis
922 831 1131 884 alveum
1164 830 1310 883 sicco
1336 829 1466 897 pede
1489 827 1555 881 ad
1584 839 1779 880 terram

193 923 569 993 promissionis
599 922 873 975 transtulit
909 923 1159 992 populos;
1199 930 1253 975 et
1286 922 1365 975 eis
1402 920 1613 974 favente
1644 917 1785 971 divi-

191 1016 383 1082 nitate,
416 1016 697 1070 debellatis
735 1031 953 1083 asperas
983 1024 1193 1085 gentes,
1216 1015 1478 1085 judicavit
1500 1022 1559 1067 ut
1583 1013 1781 1081 justus.

192 1108 305 1164 Sub
333 1108 607 1163 iudicibus
648 1119 823 1162 autem
866 1109 1082 1163 fuerunt
1108 1109 1237 1161 inibi
1279 1109 1608 1176 captivitatis
1648 1116 1787 1160 tem-

192 1216 346 1271 pora,
378 1217 405 1253 ιι
438 1200 568 1255 Jesu
600 1200 743 1255 Nave
794 1217 966 1272 usque
1015 1201 1080 1256 ad
1128 1202 1435 1257 Samuelem
1469 1202 1783 1270 prophetam

190 1294 282 1364 qui
312 1294 465 1347 unxit
492 1293 617 1347 Saul
649 1310 851 1364 regem,
887 1310 979 1362 per
1008 1310 1178 1347 annos
1208 1294 1331 1348 56f.
1360 1294 1462 1348 Sed
1494 1304 1547 1345 nt
1576 1306 1629 1347 et
1663 1307 1787 1345 nos-

195 1394 335 1441 tram
374 1402 641 1441 summam
679 1388 885 1456 integre
910 1386 1024 1440 fore
1055 1387 1361 1450 collectam,
1395 1398 1444 1439 et
1479 1387 1529 1439 in
1564 1386 1789 1439 Actibus

193 1477 584 1547 Apostolorum
616 1479 922 1546 aposmlnm
946 1478 1164 1531 l‘aulum
1190 1489 1333 1531 recte
1358 1479 1623 1546 posuisse,
1650 1494 1678 1530 a
1714 1478 1789 1530 le-

193 1568 450 1638 gentibus
490 1580 866 1637 cognoscatur,
895 1570 1036 1637 quod
1087 1570 1159 1621 ita
1190 1584 1217 1622 a
1259 1568 1385 1623 Jesu
1431 1568 1575 1622 Nave
1617 1568 1790 1620 divisa

194 1659 443 1728 patribus
472 1660 673 1712 nostris
705 1667 843 1713 terra
869 1658 1147 1721 Chanaan,
1180 1659 1329 1712 dedit
1352 1659 1658 1727 eisjudiees
1689 1659 1793 1711 Do-

195 1753 379 1807 minus
411 1752 551 1805 Dens
581 1768 675 1821 per
703 1767 872 1806 annos
900 1752 1006 1807 450
1032 1769 1201 1818 usque
1232 1753 1297 1806 ad
1332 1756 1635 1807 Samuelem
1668 1767 1794 1821 pro-

198 1848 442 1917 phetam.
476 1847 772 1917 Apostolus
810 1848 955 1902 enim
994 1850 1186 1901 l'aulus
1216 1848 1375 1901 aliter
1404 1860 1565 1914 agens
1595 1846 1647 1899 in
1684 1845 1791 1899 Ac-

1880 637 1977 692 Dei
2020 638 2312 704 sacerdos;
2345 648 2400 693 et
2424 638 2689 708 judicavit
2734 656 2822 695 an.
2866 641 2957 697 40.
2992 658 3276 713 usquequo
3319 647 3475 699 unxit

1882 728 2011 784 Sanl
2058 745 2261 799 regem.
2303 730 2463 785 Fiunt
2507 747 2637 802 ergo
2680 746 2867 788 omnes
2910 735 3070 799 anni,
3107 744 3167 789 ut
3213 735 3474 802 diximus,

1881 820 2006 876 561.
2036 821 2167 875 Nam
2199 823 2289 885 qui
2337 834 2528 890 putant
2561 825 2627 879 de
2668 824 2753 878 his
2779 826 2936 879 annis
2962 826 3109 881 aliud
3149 827 3471 897 Apostolum

1884 914 2187 967 narravisse
2209 930 2223 977 ;
2248 914 2563 983 diligentius
2593 915 2901 979 advertant,
2923 933 3028 971 non
3058 917 3359 973 advertisse
3380 934 3478 975 eos

1884 1004 1974 1072 qui
2006 1018 2270 1058 annorum
2297 1005 2576 1059 historiam
2600 1006 3106 1076 descripsere,quia
3134 1018 3476 1079 semiestrata

1884 1100 1999 1152 sola
2029 1096 2280 1152 JudiCum
2325 1107 2570 1163 tempora
2603 1101 2687 1169 (ut
2715 1101 2843 1155 fecit
2879 1101 3201 1171 Apostolus)
3231 1104 3347 1157 sine
3375 1120 3473 1158 an-

1888 1192 1974 1245 nis
2004 1192 2329 1260 captivitatis
2359 1200 2487 1246 sunt
2515 1194 2641 1247 anni
2668 1194 2947 1250 “LSunt
2973 1209 3104 1265 ergo
3135 1196 3261 1249 anni
3286 1210 3477 1250 omnes

1889 1298 1919 1336 a
1957 1285 2161 1337 fabrica
2193 1285 2375 1338 mundi
2404 1300 2574 1355 nsque
2606 1287 2671 1340 ad
2695 1286 3002 1343 Samuclem
3035 1289 3123 1358 qui
3165 1292 3321 1343 unxit
3350 1290 3480 1344 Saul

1890 1390 2069 1444 regem
2100 1376 2264 1432 4300.
2309 1375 2707 1432 Successeront
2736 1378 2932 1434 deinde
2967 1389 3208 1449 tempora
3251 1380 3478 1450 Regum.

1892 1468 2205 1523 Habuerunt
2235 1472 2395 1524 etiam
2427 1469 2606 1539 Reges
2648 1486 2745 1540 per
2773 1486 2901 1526 ann.
2948 1472 3050 1528 5M
3079 1488 3108 1527 a
3152 1469 3282 1527 Saul
3315 1488 3487 1541 usque

1894 1560 1958 1614 ad
1990 1560 2312 1615 Sedecbiam
2334 1577 2348 1625 ;
2371 1565 2455 1614 cui
2476 1561 2979 1617 Nabuchodonosor
3002 1564 3189 1618 oculos
3210 1565 3487 1629 auferens,

1894 1671 2014 1710 eum
2047 1657 2098 1709 in
2132 1658 2363 1725 pistrino
2404 1656 2640 1711 necavit.
2694 1657 2784 1713 Sic
2826 1657 3022 1714 deinde
3067 1661 3492 1727 comprobantur

1895 1748 2019 1801 anni
2044 1747 2272 1817 Regum.
2305 1747 2436 1803 Saul
2467 1748 2711 1819 regnavit
2738 1750 2897 1806 annis
2924 1750 3015 1815 40,
3046 1751 3210 1805 David
3243 1753 3489 1821 regnavit

1895 1840 2051 1893 annis
2080 1838 2151 1893 40
2191 1848 2247 1893 ct
2282 1841 2561 1895 mensibus
2598 1843 2654 1905 5,
2681 1842 2939 1897 Salomon
2968 1859 3095 1897 ann.
3120 1842 3212 1906 40,
3246 1844 3487 1899 Rohoam

200 1940 348 1994 tibus
370 1940 754 2009 Apostolorum
785 1953 835 1994 et
867 1940 1007 1991 aliud
1042 1939 1371 2007 persuadens
1403 1958 1414 1992 :
1441 1954 1550 1993 non
1582 1948 1636 1993 ct
1667 1953 1795 2006 cap-
1824 1919 1871 1979 Β
1898 1948 2024 1986 ann.
2052 1932 2289 1997 i7,Abia
2323 1948 2450 1985 ann.
2479 1933 2657 1999 5,Asa
2685 1949 2809 1987 ann.
2844 1937 2933 2001 «11,
2954 1934 3215 2004 .Iosaphal
3244 1951 3371 1990 ann.
3398 1938 3491 2002 :5,

198 2032 468 2093 tivilatis,
509 2033 602 2085 sed
645 2033 758 2084 sola
811 2034 862 2085 in
916 2033 1109 2100 quibus
1150 2032 1362 2099 judit-cs
1395 2032 1697 2085 habuerunt
1744 2038 1801 2083 et

200 2124 467 2177 dntninati
500 2133 642 2187 sunt,
681 2134 918 2192 tempora
951 2124 1250 2176 nominavit
1292 2141 1303 2175 :
1342 2122 1402 2175 Et
1433 2123 1569 2175 dedit
1608 2126 1679 2173 eis
1704 2120 1800 2173 Ju-

204 2220 368 2278 dices.
402 2220 476 2272 ait
526 2220 659 2279 (Act.
703 2217 955 2287 .vln,20).
1003 2219 1057 2271 In
1100 2220 1465 2284 captivitatem
1516 2218 1657 2269 enim
1703 2231 1799 2283 pro

206 2313 449 2381 peccatis
475 2311 679 2373 traditi,
707 2326 812 2363 non
848 2324 974 2361 suos
1002 2309 1221 2363 Judices
1248 2310 1571 2370 habui-runt,
1608 2307 1699 2360 sed
1734 2309 1801 2359 ab

205 2406 418 2457 exteris
443 2404 849 2471 premebantur.
878 2402 1008 2454 Nam
1041 2416 1137 2453 nec
1166 2401 1279 2467 ipse
1309 2401 1584 2468 apostrlns
1610 2399 1805 2451 Paulus

207 2507 404 2551 contra
438 2496 594 2548 fidem
622 2496 917 2561 Scriptura:
946 2494 1067 2545 libri
1099 2491 1347 2546 Judicum
1374 2492 1559 2543 venire
1587 2500 1803 2556 posset,

208 2588 258 2643 si
317 2586 670 2655 quantitatem
724 2596 1025 2653 telnpnrtnn
1071 2598 1386 2651 percurrere
1438 2581 1720 2634 voluisset.
1765 2582 1807 2632 Α

211 2681 332 2735 Deo
357 2681 514 2733 datos
556 2679 757 2748 populo
792 2678 1001 2746 judices
1033 2676 1359 2737 nominavit,
1403 2675 1560 2727 fidem
1594 2672 1809 2726 Domini

209 2771 423 2827 Christi
456 2772 729 2823 insinuare
756 2771 969 2831 volens;
998 2786 1120 2820 nam
1146 2783 1313 2836 usque
1340 2764 1404 2818 ad
1434 2764 1624 2825 David,
1646 2763 1811 2816 verba

212 2862 287 2916 ad
319 2862 577 2933 populum
617 2860 776 2925 feeit,
810 2870 865 2913 nt
892 2874 956 2914 ex
989 2860 1102 2927 ejus
1144 2858 1347 2911 sirinine
1381 2857 1595 2908 venisse
1625 2854 1814 2906 Chris-

214 2964 335 3008 tum
363 2966 647 3008 narraret:
684 2955 863 3022 inquo
887 2952 1258 3019 crcilentes(si
1286 2947 1511 3016 vellent)
1539 2947 1816 3000 habituros

210 3047 443 3103 dimissa
477 3055 821 3117 peccatorum
854 3047 1177 3114 praedicavit.

294 3139 428 3194 Vlll.
459 3140 583 3193 llecc
611 3139 844 3208 denique
873 3148 1112 3204 tempora
1146 3137 1381 3202 iudicum
1408 3138 1485 3188 sic
1515 3133 1819 3188 ostendun-

214 3240 331 3296 tur,
365 3229 524 3284 Jesns
560 3228 712 3284 Nave
750 3244 871 3283 cum
905 3228 1207 3283 senioribus
1245 3227 1507 3296 judicavit
1534 3227 1692 3279 anuis
1724 3226 1814 3279 50.

1901 2027 2083 2081 Jul-am
2130 2042 2258 2080 ann.
2288 2026 2343 2093 8,
2375 2026 2636 2081 Ochosias
2673 2043 2801 2082 ann.
2837 2031 2855 2082 1
2884 2069 2898 2094 ,
2923 2027 2948 2063 d
2981 2027 3240 2083 Godolias
3275 2044 3400 2082 ann.
3438 2030 3493 2094 6,

1903 2119 2032 2174 Joas
2062 2136 2192 2175 ann.
2222 2123 2313 2186 40,
2347 2120 2595 2176 Amasias
2627 2137 2755 2175 ann.
2784 2121 2874 2185 ἓξ),
2906 2122 3064 2176 Ozias
3090 2137 3217 2176 ann.
3254 2123 3346 2187 52,
3370 2121 3498 2177 Joa-

1905 2214 2076 2279 tbam,
2108 2230 2236 2267 ann.
2292 2215 2377 2281 17,
2424 2215 2603 2269 Acha:
2648 2230 2775 2268 ann.
2816 2217 2911 2280 l5,
2943 2216 3201 2270 Ezechias
3241 2232 3368 2269 ann.
3403 2217 3495 2283 29,

1906 2302 2178 2358 Manasses
2206 2320 2335 2359 ann.
2362 2306 2452 2368 55,
2481 2307 2647 2359 Amos
2679 2322 2805 2360 ann.
2829 2306 2883 2370 2,
2910 2305 3085 2361 Josias
3108 2324 3234 2361 ann.
3261 2308 3348 2372 51,
3375 2307 3500 2362 Joa-

1908 2396 2039 2449 cliaz
2072 2412 2286 2450 nienses
2317 2398 2373 2460 5,
2401 2395 2645 2450 Joaehim
2669 2414 2797 2451 ann.
2832 2398 2920 2464 ll,
2944 2398 3187 2453 Joachim
3224 2416 3437 2454 menses
3471 2401 3505 2453 5

1910 2494 1963 2539 et
1990 2486 2106 2540 dies
2132 2487 2222 2550 20,
2252 2486 2547 2541 Sedechias
2572 2503 2701 2541 ann.
2733 2489 2820 2541 11.
2845 2488 2984 2543 Sunt
3015 2504 3148 2559 ergo
3183 2500 3240 2543 nt
3267 2490 3504 2545 diximus

1911 2593 2037 2631 ann.
2066 2579 2270 2648 Regum
2300 2579 2427 2632 514.

1985 2671 2051 2725 Χ.
2080 2673 2125 2726 Α
2151 2671 2353 2726 fabrica
2386 2670 2599 2726 scilicet
2627 2673 2829 2738 mundi,
2864 2688 3035 2743 usiple
3063 2674 3126 2727 ad
3157 2674 3504 2739 Sedccliiam,

1913 2764 2133 2832 quando
2163 2763 2497 2818 Hierusalem
2535 2779 2723 2820 eversa
2754 2775 2854 2831 est,
2890 2775 2948 2821 et
2989 2767 3219 2836 poriulus
3252 2768 3301 2821 in
3336 2768 3507 2839 Baby-

1918 2855 2097 2908 lonem
2131 2856 2544 2925 trausmigratus
2580 2866 2683 2919 est,
2716 2858 2840 2910 anni
2884 2869 3015 2912 sunt
3052 2859 3213 2913 4814.
3245 2858 3374 2913 Post
3402 2876 3495 2913 un-

1918 2947 2187 3002 decimum
2217 2962 2348 3017 ergo
2388 2964 2587 3001 annum
2613 2948 2925 3015 Sedechiie;
2955 2949 3291 3005 Hierusalem
3321 2967 3514 3006 eversa

1920 3054 1949 3094 a
1982 3056 2107 3109 rege
2147 3039 2681 3106 Nabuchodonosor;
2707 3040 2962 3096 .ludaicns
2994 3043 3228 3111 populus
3259 3044 3308 3097 in
3345 3046 3519 3113 capti-

1923 3135 2140 3189 vitatem
2166 3133 2476 3204 Babyloniae
2506 3134 2923 3203 transmigralus
2948 3143 3050 3190 est.
3075 3137 3202 3203 Qua:
3228 3138 3519 3206 captivitas

1925 3227 1991 3281 70
2039 3241 2213 3282 annos
2252 3229 2430 3281 tenuit
2462 3244 2474 3279 :
2511 3228 2600 3295 qui
2644 3230 2802 3293 anni,
2833 3229 3108 3298 quomodo
3152 3230 3519 3284 consummati

212 3321 352 3375 Post
398 3322 509 3375 haec
557 3330 865 3390 peccantes,
911 3322 1093 3374 traditi
1140 3329 1266 3373 sunt
1305 3316 1820 3372 tLliusanrasatbaim
1850 3298 1897 3362 (ἶ
1928 3328 2074 3380 sunt.
2108 3320 2225 3373 luce
2248 3319 2449 3373 clarius
2477 3319 2938 3386 demonstrantur,
2976 3336 3100 3375 cum
3135 3322 3257 3375 hinc
3285 3322 3349 3375 ad
3381 3322 3520 3377 heb-

211 3412 336 3483 regi
365 3413 788 3481 MCSOpultlllllLB,
820 3415 978 3466 annis
1005 3421 1163 3465 octo:
1192 3423 1247 3466 ct
1274 3410 1535 3466 excitavit
1577 3411 1681 3464 illis
1715 3408 1822 3462 Do-

213 3505 406 3559 minus
442 3504 508 3557 ad
540 3506 801 3557 auxilium
832 3504 1121 3558 Gntlioniel
1170 3520 1181 3555 :
1221 3503 1308 3572 qui
1348 3502 1530 3556 occiso
1570 3499 1822 3554 Cufarsa—

214 3597 399 3661 moth,
428 3597 689 3668 judicavit
730 3596 894 3651 Israel
927 3600 1083 3650 antiis
1116 3599 1201 3652 50.
1239 3596 1364 3649 l’osl
1394 3597 1560 3653 hunc,
1595 3609 1823 3663 peccan-

216 3698 328 3751 tes,
361 3689 676 3743 servierunt
703 3689 871 3757 Eglon
906 3689 1013 3757 regi
1042 3688 1221 3751 Moab,
1254 3687 1411 3740 annis
1444 3689 1529 3740 ts.
1566 3688 1705 3741 Anth
1733 3701 1825 3740 oc-

214 3780 358 3836 cidit
384 3780 584 3846 Eglon,
617 3790 671 3834 et
706 3779 966 3848 judicavit
987 3778 1126 3832 Aoth
1158 3779 1310 3831 annis
1332 3776 1420 3831 80.
1451 3778 1559 3831 Isto
1588 3788 1821 3841 mortuo,

217 3872 478 3943 peccavit
503 3872 756 3941 populus,
790 3884 841 3924 ct
860 3871 1162 3924 servierunt
1184 3869 1337 3924 Jabin
1358 3870 1470 3938 regi
1493 3869 1826 3922 (Lhanana-o-

217 3980 349 4021 runt
379 3964 534 4019 annis
561 3965 652 4019 20.
675 3964 875 4018 Contra
903 3979 1059 4032 uitem
1096 3964 1355 4016 Dominus
1395 3962 1677 4015 suscitavit
1718 3961 1824 4014 De-

218 4059 442 4124 boram,
467 4073 571 4125 quo
603 4059 781 4113 occiso
811 4056 950 4122 .labi,
970 4058 1230 4126 judicavit
1252 4071 1380 4109 ann.
1407 4054 1494 4110 40.
1530 4055 1825 4108 l'eecantes

220 4153 448 4211 iterum,
482 4149 663 4203 traditi
720 4160 845 4204 sunt
898 4150 1209 4203 Madianitis
1256 4164 1384 4202 ann.
1419 4149 1470 4200 7.
1513 4148 1688 4217 Super
1731 4147 1826 4199 bos

219 4240 469 4298 surrexit
502 4240 722 4296 Gedcon
755 4251 809 4295 et
850 4242 1117 4311 judicavit
1163 4242 1415 4309 populum
1455 4255 1541 4293 an.
1572 4240 1662 4291 40.
1699 4240 1829 4292 l’ost

220 4336 434 4405 ipsum,
464 4332 605 4387 lilius
630 4333 745 4401 ejus
766 4332 1030 4403 judicavit
1051 4349 1138 4386 an.
1165 4333 1217 4386 ὅ.
1249 4332 1375 4385 1³081,
1398 4332 1558 4396 hunc,
1589 4331 1716 4384 Tola
1742 4329 1829 4399 ju-

220 4426 435 4485 dicavit
459 4441 547 4480 an.
581 4426 670 4480 92.
699 4428 913 4482 Mortuo
944 4428 1096 4492 Tola,
1128 4428 1330 4481 electus
1353 4436 1434 4480 est
1463 4443 1491 4479 a
1523 4426 1721 4495 populi)
1741 4424 1830 4479 Ja-

223 4523 347 4584 ltit‘,
371 4527 423 4574 et
456 4519 571 4588 ipse
593 4518 855 4588 judicavit
888 4521 1141 4588 populum
1172 4535 1262 4572 an.
1292 4519 1380 4571 ‘22.
1414 4519 1543 4573 l’ost
1569 4519 1688 4586 ejus
1716 4518 1832 4572 cxi-

224 4622 373 4677 tum,
400 4610 643 4681 peccavit
673 4610 925 4681 populus,
950 4623 1004 4665 et
1033 4610 1212 4665 traditi
1242 4609 1709 4664 suntAmmanitis
1738 4625 1827 4663 an.

228 4705 342 4767 18;
374 4714 430 4759 et
455 4719 485 4757 a
526 4718 776 4774 pressura
817 4704 1110 4758 clamantes
1138 4705 1202 4755 ad
1240 4704 1544 4765 Dominum,
1574 4702 1835 4756 excitavit

228 4797 349 4853 illis
382 4795 541 4866 Jepte
563 4836 576 4859 ,
606 4805 659 4850 et
683 4796 1051 4865 judicavitan.
1091 4796 1143 4849 6.
1172 4796 1233 4849 Et
1256 4794 1433 4849 Sebon
1454 4793 1827 4861 judicavitan.

226 4890 285 4945 7.
324 4886 579 4943 Peccavit
607 4887 806 4942 deinde
836 4890 1088 4958 populus,
1108 4898 1163 4942 et
1188 4886 1369 4943 traditi
1399 4896 1523 4942 sunt
1546 4885 1832 4956 allopliylis

222 4998 331 5038 an.
364 4978 674 5035 40.1terum
702 4982 945 5037 conversi
976 4980 1042 5034 ad
1092 4981 1408 5044 Dominum,
1440 4980 1699 5034 excitavit
1728 4978 1833 5032 illis

227 5074 495 5136 Samson,
527 5073 619 5143 qui
640 5075 792 5127 victis
821 5074 1109 5144 allophylis
1134 5073 1395 5142 judicavit
1426 5088 1549 5126 ann.
1577 5072 1667 5127 2k}.
1694 5074 1833 5127 Mor-

229 5178 338 5223 tuo
366 5166 711 5235 eojndicavit
743 5176 763 5203 ε
804 5165 1093 5235 Semergar
1123 5180 1251 5219 ann.
1288 5165 1336 5217 1.
1372 5163 1500 5218 l’ost
1548 5164 1691 5220 hunc
1736 5166 1833 5219 fuit

230 5260 477 5333 populus
516 5261 566 5313 in
601 5275 753 5330 pace,
796 5269 850 5315 et
876 5275 983 5313 non
1023 5261 1103 5313 eis
1149 5270 1264 5313 erat
1294 5270 1509 5324 rector;
1544 5261 1638 5315 sed
1666 5277 1833 5316 unus-

233 5356 477 5423 quisque
508 5354 646 5421 quod
676 5356 723 5408 ei
775 5354 1051 5423 placebat,
1076 5352 1328 5417 faciebat,
1373 5362 1428 5408 et
1460 5354 1561 5422 ipsi
1585 5354 1690 5409 sibi
1718 5353 1835 5409 fne-

234 5445 603 5515 runtjndiees
639 5464 732 5516 per
755 5464 883 5503 ann.
916 5448 1003 5502 51.

318 5537 413 5595 IX.
446 5537 755 5595 Transactis
803 5541 961 5611 igitur
1010 5540 1165 5594 annis
1212 5540 1365 5607 istis,
1414 5540 1681 5610 judicavit
1725 5541 1839 5597 lleli

321 5705 351 5734 ⁸
380 5699 571 5753 Melius
609 5715 662 5753 ιιι
698 5698 763 5752 Μ.

323 5767 355 5805 δ
377 5771 545 5823 Anno.
580 5770 741 5825 Forte
764 5787 923 5824 annos
950 5773 1030 5826 vel
1062 5772 1231 5824 minis.

329 5850 353 5923 ξ
388 5840 1062 5923 ξεηιρζρανκιδιλδαιιιῃας.

327 5908 353 5946 ά
398 5907 665 5967 Godolias.
696 5912 885 5969 Melius
913 5910 1186 5979 Gotholia,
1222 5923 1394 5966 mater
1424 5910 1692 5967 Ochoziae.

1922 3410 2181 3466 domadas
2210 3411 2449 3466 Daniclis
2482 3413 2829 3477 venerimus;
2862 3422 2917 3466 ιιι
2950 3413 3032 3467 hie
3067 3413 3458 3478 hebdomades,
3489 3432 3517 3467 a

1923 3518 2032 3572 quo
2076 3512 2322 3571 tempore
2361 3512 2415 3557 et
2455 3503 2541 3556 ubi
2592 3505 2875 3568 completa:
2928 3506 3068 3566 sint,
3106 3505 3522 3574 diligentissime

1923 3596 2370 3664 comprobantur.
2403 3595 2587 3650 Daniel
2637 3596 2783 3648 enim
2817 3596 2867 3648 in
2906 3596 3113 3651 decima
3144 3599 3354 3652 visione
3402 3614 3521 3667 sua,

1925 3703 2046 3741 cum
2100 3696 2243 3741 totus
2290 3696 2498 3742 attenta
2542 3696 2722 3741 mente
2766 3687 2996 3757 pendula
3032 3689 3438 3754 sollicitudine,
3471 3693 3524 3744 in

1925 3780 2173 3833 oratione
2220 3780 2285 3832 ad
2328 3778 2499 3833 Deum
2545 3778 2736 3832 fuisset
2764 3781 3039 3845 intentus;
3071 3781 3213 3835 scire
3249 3784 3437 3836 volens
3479 3786 3526 3839 si

1923 3880 2093 3925 status
2120 3871 2465 3926 Hierusalem
2494 3880 2548 3926 et
2571 3873 2800 3940 populus
2828 3873 2968 3942 ejus,
2997 3886 3115 3943 post
3148 3875 3522 3944 captivitatem

1928 3965 2253 4037 Babylonia),
2277 3968 2345 4020 ab
2374 3966 2621 4021 hostibus
2644 3967 2777 4021 nihil
2805 3970 2933 4024 mali
2961 3972 3193 4040 amplius
3218 3983 3521 4041 pateretur;

1924 4063 2177 4131 apparuit
2208 4060 2257 4114 ei
2290 4060 2517 4129 angelus
2546 4059 2641 4114 Dei
2669 4060 2857 4116 dicens
2884 4079 2897 4117 :
2924 4059 3115 4118 Daniel
3149 4066 3301 4120 modo
3326 4069 3525 4134 prodit'i

1927 4155 1993 4207 ad
2022 4154 2391 4207 ostendendum
2420 4154 2510 4207 tibi
2536 4169 2775 4220 sensum;
2808 4156 2961 4209 exivit
2991 4158 3124 4209 enim
3154 4157 3364 4212 Domini
3393 4176 3526 4231 pra:—

1928 4255 2147 4315 ceptum,
2182 4255 2230 4297 et
2260 4247 2370 4298 veni
2399 4256 2459 4298 ut
2498 4246 2836 4299 demonstrem
2869 4248 2960 4301 tibi
2990 4265 3006 4301 :
3039 4248 3131 4301 Vir
3163 4250 3300 4302 enim
3332 4267 3524 4305 concu-

1930 4339 2126 4407 piscens
2148 4354 2199 4390 es
2226 4347 2297 4390 lu.
2327 4335 2574 4408 Recogita
2597 4339 2753 4407 igitur
2776 4340 2827 4391 in
2864 4350 3189 4410 praeceptum,
3227 4353 3277 4395 et
3296 4343 3525 4413 intelligo:

1930 4432 2213 4496 visionem;
2247 4430 2588 4502 Septuaginta
2613 4431 2952 4487 hebdomadaz
2986 4435 3164 4489 incisa:
3197 4446 3318 4489 sunt
3360 4438 3411 4490 in
3435 4456 3527 4508 p0-

1933 4523 2112 4591 pulum
2153 4532 2327 4591 tuum,
2369 4534 2417 4576 et
2456 4524 2509 4577 in
2560 4525 2813 4578 civitatem
2856 4524 3179 4580 Hierusalem
3231 4526 3396 4599 (Dan.
3447 4544 3523 4593 χι,

1934 4614 2146 4686 22-24).

2009 4707 2100 4762 XI.
2135 4708 2394 4778 Designat
2426 4708 2592 4775 igitur
2635 4710 2857 4779 angelus
2911 4709 3141 4773 Danieli,
3178 4721 3233 4765 et
3261 4726 3529 4767 summam

1939 4799 1990 4852 in
2020 4801 2361 4871 septuaginta
2392 4800 2852 4867 hebdomadibus,
2881 4812 2937 4855 et
2965 4816 3179 4856 rursum
3212 4818 3315 4857 suo
3339 4804 3530 4858 ordine

1938 4890 2168 4961 partitur
2197 4906 2313 4957 eas,
2347 4892 2563 4960 quando
2609 4902 2662 4946 ct
2693 4893 2964 4961 quomodo
3000 4894 3399 4963 compleantur.
3446 4895 3527 4951 Ac

1938 4984 2007 5040 de
2059 4986 2248 5041 eodem
2320 4985 2547 5055 angelus
2598 4985 2676 5039 sic
2727 4986 3070 5055 prosequitur
3127 4986 3315 5041 dicens
3362 5004 3375 5040 :
3442 4989 3526 5042 Ad

1940 5080 2283 5133 oblitteranda
2303 5094 2414 5149 qua!
2436 5088 2760 5149 acceperunt,
2792 5090 2836 5133 et
2855 5080 3262 5133 consummantia
3291 5093 3521 5151 peccata,

1938 5182 1960 5209 ε
1981 5184 2027 5227 et
2057 5174 2346 5227 exorandus
2368 5174 2672 5246 injustitias,
2703 5182 2751 5226 et
2780 5173 3031 5227 abolenda
3058 5174 3268 5239 delicta,
3292 5186 3339 5227 et
3363 5177 3527 5245 tequi-

1936 5275 2090 5318 tatem
2122 5266 2483 5333 sempiternum
2524 5264 2948 5336 exeoqitandam,
2987 5274 3035 5319 et
3085 5276 3138 5319 ut
3184 5265 3529 5320 concludatur

1935 5358 2063 5411 visio
2089 5368 2135 5410 et
2167 5356 2433 5426 prophetia
2455 5399 2469 5422 ,
2504 5365 2550 5408 et
2578 5364 2630 5407 ut
2657 5367 2886 5427 ungatur
2914 5355 3135 5409 Sanctus
3163 5356 3476 5411 Sanctorum
3510 5374 3529 5411 :

1935 5460 1983 5503 et
2009 5459 2062 5503 tu
2087 5450 2289 5519 quiesce
2314 5459 2360 5501 et
2389 5448 2617 5516 intellige
2651 5446 2667 5485 τ
2698 5449 2761 5502 de
2788 5458 3033 5512 proventu
3067 5447 3395 5513 Sanctarum,
3425 5451 3531 5503 sive

1940 5551 2251 5614 praceptum
2289 5539 2699 5612 respondendum
2731 5548 2775 5592 et
2800 5540 3166 5610 wa’iﬁcandam
3195 5528 3367 5595 urbem
3400 5541 3530 5594 Hie-

2022 5707 2047 5735 θ
2087 5697 2154 5752 Et
2176 5699 2459 5755 exarandas
2486 5700 2664 5769 injust.
2696 5695 2821 5752 Sec.
2859 5697 3032 5763 LXX,
3065 5702 3146 5754 καὶ
3173 5706 3263 5755 τοῦ
3288 5702 3531 5768 estiam-

1946 5771 2065 5826 σθαι
2090 5770 2300 5830 ἀδικίας.

2029 5840 2170 5913 [μορ
2213 5849 2456 5913 proventu
2479 5882 2497 5913 ,ν
2522 5849 2623 5913 etc.
2660 5839 2863 5913 Locum
2908 5839 3226 5913 mendosum
3254 5847 3523 5913 suspii-or.

1952 5910 2121 5979 LXX,
2144 5907 2260 5971 ’Λιιιό
2290 5907 2465 5977 ἐξόδου
2492 5912 2635 5979 λόγου
2658 5917 2749 5967 ταῦ
2774 5911 3130 5985 ἀποκριθῆναι,
3161 5913 3234 5967 Ab
3254 5907 3397 5970 exitu
3425 5932 3540 5972 sera
