3874 6442
450 418 587 477 1103

1760 413 1825 482 Q.
1866 409 2033 471 JULll
2076 408 2429 469 IlILARlANl

3591 422 3706 483 “04

440 536 685 592 riualem,
716 546 875 603 usque
914 529 982 584 ad
1010 529 1271 585 Christum
1298 529 1480 583 ducent
1502 568 1518 596 ,
1555 528 1903 585 hebdomadas
1931 546 2046 604 sep-
2071 532 2123 592 Α
2151 529 2465 587 Grrecorum
2520 544 2697 587 annos
2735 531 2916 588 divina
2960 532 3266 592 narratione
3316 536 3609 606 percurrit.
3636 540 3708 596 Fit

443 641 542 685 tem
576 628 736 697 (Dan.
769 626 862 692 ‘24,
895 626 988 697 25)
1023 646 1035 678 ι
1069 642 1189 696 qua:
1232 624 1591 679 hebdoutadm
1621 635 1747 679 sunt
1776 623 1846 678 49
1873 626 1997 678 anni
2026 640 2039 678 :

437 723 527 794 qui
555 722 707 785 anni,
740 721 806 775 ad
840 735 1042 789 corpus
1075 718 1143 774 70
1174 734 1445 773 annorum
1476 719 1813 786 captivitatis
1846 719 2039 774 llieru-

438 815 609 869 salem
642 813 939 883 pertinent.
987 814 1147 867 Auno
1180 813 1324 867 enim
1357 814 1538 882 primo
1572 813 1718 867 Darii
1752 813 1917 882 regis,
1948 812 2043 883 qui

436 908 765 979 regnavitad
789 922 1012 977 regnum
1037 905 1444 963 Chaldaeorum.
1462 906 1554 974 qui
1573 907 1736 961 etiam
1757 906 2042 963 Balthazar

436 1015 623 1071 regem
655 1000 892 1066 occidit;
945 1000 1129 1054 Daniel
1155 998 1292 1053 vidit
1322 998 1587 1053 visionem
1612 1015 1624 1051 :
1650 1008 1702 1053 et
1726 997 1821 1052 fuit
1851 997 1918 1052 2i
1945 1014 2042 1054 an-

435 1107 540 1146 nus
584 1092 921 1161 captivitatis
968 1091 1345 1155 Hierusalem;
1387 1090 1449 1146 18
1496 1091 1641 1145 enim
1692 1088 1853 1144 anuis
1905 1091 2042 1144 vixit

432 1186 963 1247 Nabuchodonosor,
997 1194 1351 1256 posteaquam
1408 1183 1682 1253 praedatus
1733 1194 1818 1237 est
1871 1182 2038 1239 Sede—

432 1279 611 1334 chiam
635 1293 687 1334 et
706 1278 1047 1333 llierusalem
1067 1294 1081 1343 ;
1102 1289 1155 1333 et
1181 1278 1321 1331 lilins
1350 1278 1471 1345 ejus
1486 1275 1769 1330 Ballhazar
1794 1275 2040 1345 regnavit

430 1370 591 1426 annis
615 1372 668 1435 3,
705 1372 757 1425 in
802 1385 909 1441 quo
952 1385 1098 1424 anno
1130 1369 1293 1424 tertio
1325 1368 1539 1422 occisos
1570 1378 1670 1431 est,
1707 1376 1762 1421 et
1795 1364 2038 1434 suscepit

429 1481 658 1535 regnum
689 1464 905 1519 Darius.
926 1463 1092 1533 Cujus
1117 1478 1260 1516 anno
1286 1461 1483 1529 primo,
1514 1461 1719 1514 Danieli
1744 1460 1812 1514 ab
1841 1460 2035 1530 angelo

428 1558 628 1615 dicitur
658 1558 726 1613 de
755 1556 1113 1612 hebdomadis
1143 1557 1483 1625 septuaginta
1512 1571 1525 1608 :
1554 1568 1689 1624 quas
1716 1568 1838 1607 cum
1874 1551 2037 1622 parti-

427 1661 604 1712 retur,
631 1657 843 1719 septem
885 1647 1263 1716 hebdomadam
1301 1648 1494 1715 primo,
1526 1646 1594 1699 ab
1623 1646 1812 1700 eodem
1842 1644 2033 1714 angelo

429 1744 728 1798 nominata.-
758 1752 884 1796 sunt
915 1760 926 1795 :
955 1757 1076 1812 quae
1100 1747 1180 1811 (ut
1221 1742 1428 1796 dictum
1458 1742 1563 1809 est)
1592 1751 1715 1793 sunt
1740 1739 1867 1791 anni
1899 1753 2032 1807 qua-

428 1834 676 1906 draginta
710 1851 906 1890 novem
928 1876 943 1900 ,
974 1837 1067 1901 qui
1095 1835 1396 1905 junguntur
1441 1833 1504 1886 ad
1545 1832 1609 1885 21
1656 1830 1990 1901 captivitatis
2014 1871 2028 1897 ,

2149 624 2314 695 igitur
2340 628 2516 680 omnis
2537 641 2745 681 summa
2770 643 3250 700 annorumregum
3276 629 3551 686 Persarum
3593 631 3702 698 265,

2147 729 2199 772 et
2229 718 2297 771 ab
2327 718 2640 773 Ali-xandro
2680 719 2970 777 Macedone
3010 736 3179 788 usque
3206 722 3270 777 ad
3304 723 3548 778 Antiochi
3585 734 3706 779 tem-

2147 822 2299 879 pora,
2332 811 2383 865 id
2413 820 2518 875 est,
2549 827 2718 880 lisque
2749 812 2813 867 ad
2850 813 2945 868 Hi
2987 829 3186 868 annum
3216 814 3363 886 regni
3389 814 3701 883 Grrecorum,

2145 902 2431 971 completa:
2462 913 2587 959 sunt
2619 903 2700 975 (ut
2728 902 2988 975 diximus)
3013 904 3360 964 hebdomade:
3384 906 3471 976 62,
3490 907 3588 964 hoc
3613 917 3703 976 est,

2145 995 2436 1052 ann.434.

2216 1088 2359 1146 XIV.
2390 1090 2521 1145 Post
2551 1091 2620 1146 62
2648 1091 3015 1151 hebdomadas
3043 1095 3142 1168 (ait
3168 1096 3419 1167 angelus)
3448 1097 3705 1167 disperde‘

2143 1191 2230 1239 tur
2261 1185 2447 1239 unctio
2473 1194 2526 1240 et
2548 1185 2770 1240 Sancta.
2808 1188 2946 1259 Ergo
2978 1200 3097 1259 post
3127 1189 3158 1243 7
3189 1199 3242 1245 et
3264 1190 3332 1246 62
3359 1190 3703 1247 hebdomadas

2142 1292 2250 1332 una
2296 1277 2636 1334 helnlomada
2681 1289 2950 1350 superest,
2997 1296 3155 1351 quam
3190 1280 3388 1338 iaciunt
3426 1286 3544 1339 anni
3587 1286 3615 1339 7
3641 1283 3698 1339 ad

2140 1371 2548 1428 coriclosionetn
2576 1388 2805 1429 summa:
2829 1375 2896 1430 70
2919 1374 3398 1432 hebdomadarum.
3427 1377 3473 1431 lo
3498 1377 3592 1433 hac
3613 1378 3703 1433 sci-

2139 1463 2266 1517 licet
2298 1464 2658 1533 liehdomada,
2682 1468 2924 1536 gentium
2954 1468 3152 1523 malitia
3179 1471 3434 1531 excrevit,
3454 1471 3581 1524 sicut
3606 1472 3701 1539 jam

2138 1555 2206 1610 ab
2234 1558 2428 1626 angelo
2466 1556 2646 1612 fuerat
2675 1559 2880 1614 dierum
2909 1577 2923 1625 ;
2956 1571 3011 1614 ut
3041 1562 3203 1617 etiam
3252 1562 3303 1617 in
3346 1562 3560 1619 dimidio
3590 1563 3705 1619 heb«

2138 1650 2386 1706 dontadis
2453 1652 2729 1721 ejusdem,
2791 1655 2861 1708 ab
2917 1655 3185 1711 Antiocho
3250 1670 3373 1725 rege
3410 1654 3699 1713 Gra'corum

2137 1747 2380 1801 aufertur
2412 1747 2738 1802 sacriﬁcium
2770 1752 2835 1803 de
2865 1748 2985 1803 loco
3008 1757 3195 1804 sancto
3225 1768 3236 1802 :
3267 1758 3322 1804 et
3360 1749 3602 1806 Sanctum
3632 1750 3703 1816 ip-

2137 1854 2255 1893 sum
2290 1840 2550 1907 polltttnm
2579 1850 2662 1895 est
2686 1840 2947 1896 feminino
2975 1852 3409 1911 aspernantento,
3434 1853 3482 1897 et
3514 1842 3703 1896 Abomi-

427 1928 644 1998 quando
694 1928 883 1983 Daniel
917 1927 1051 1982 Vidit
1105 1926 1410 1990 Viéi‘lﬂeln;
1445 1935 1499 1978 ει
1543 1923 1854 1979 εῖῧεὶυηιιιι·
1907 1925 2031 1978 anni
2064 1925 2112 1985 B
2140 1934 2279 1986 natio
2328 1933 2660 1987 desolationis
2706 1932 2843 1987 facta
2884 1943 2968 1988 est
3012 1948 3173 2003 super
3219 1934 3415 1999 altare,
3443 1943 3495 1989 et
3540 1943 3700 1989 statua

423 2022 767 2093 septuaginta
796 2062 809 2084 ,
842 2023 931 2091 qui
961 2023 1215 2091 completi
1246 2032 1372 2075 sunt
1402 2020 1455 2073 in
1491 2019 1811 2090 Babylonia,
1849 2031 1903 2074 ut
1932 2018 2033 2073 im-

426 2117 665 2187 pleretur
718 2118 855 2171 visio
906 2126 960 2171 et
1017 2116 1307 2188 prophetia
1359 2116 1665 2170 llieremize.
1721 2116 1848 2170 Post
1897 2129 2032 2185 quos

421 2226 598 2266 annos
625 2210 800 2283 Cyrus
830 2226 927 2265 rex
958 2210 1247 2265 Persarum
1278 2210 1429 2278 jubet
1454 2209 1680 2278 populos
1705 2207 1782 2262 ire
1809 2206 1874 2260 ad
1909 2207 2033 2261 Ilie-

424 2305 662 2360 rusalem
696 2306 871 2372 primo
899 2318 1046 2357 anno
1076 2303 1227 2371 regni
1259 2302 1374 2365 sui;
1428 2310 1485 2354 ut
1534 2299 1795 2354 mdilicari
1844 2307 2032 2369 posset

427 2396 789 2461 Hierusalem,
816 2405 868 2450 et
894 2405 1189 2466 ungeretnr
1217 2392 1475 2449 Sanctum
1506 2393 1855 2458 Sanctorum,
1886 2392 2030 2464 quod

425 2489 522 2544 fuit
546 2490 599 2541 io
632 2487 863 2551 Temple
894 2487 987 2542 Dei
1019 2487 1475 2541 sacratissimum.

492 2583 608 2639 χιι.
655 2584 1028 2638 lli-vertuntur
1060 2582 1223 2652 igitur
1252 2581 1438 2647 populi
1466 2581 1534 2636 de
1574 2579 1895 2652 Babylonia,
1927 2580 2027 2634 ha-

420 2678 608 2736 bentes
638 2692 825 2732 secum
854 2677 1047 2731 ducem
1073 2676 1403 2738 Zorobahel,
1430 2676 1496 2729 de
1522 2691 1633 2743 quo
1659 2675 1863 2730 mentio
1889 2674 2028 2729 facta

413 2785 495 2829 est
535 2774 602 2828 ab
646 2772 840 2842 angelo
886 2770 953 2825 ad
989 2770 1301 2835 Danielem;
1333 2785 1493 2841 usque
1518 2772 1586 2823 ad
1632 2769 1887 2823 cltristum
1928 2767 2027 2820 dn-

417 2882 545 2931 cem,
568 2865 902 2919 hebdomadas
924 2876 1140 2934 septem.
1166 2865 1356 2920 Omnis
1378 2867 1523 2919 enim
1567 2879 1659 2920 rex
1703 2866 1882 2933 populi
1908 2864 2025 2929 Dei,

416 2958 471 3015 in
502 2958 688 3014 divina
724 2959 870 3028 lege,
905 2962 1142 3012 christos
1192 2959 1497 3027 appellatus
1530 2970 1632 3013 est.
1683 2957 1815 3012 Nam
1846 2967 1901 3013 et
1930 2957 2028 3010 Za-

417 3052 633 3107 charias
660 3052 947 3122 propheta.
976 3052 1183 3123 Regem
1230 3056 1465 3108 l‘utnrum
1495 3069 1643 3118 eum,
1670 3055 1736 3107 ad
1764 3052 2025 3124 p0pulum

415 3147 496 3203 sic
543 3148 784 3217 loquitur
825 3147 1017 3203 dicens
1049 3166 1060 3202 :
1096 3146 1291 3201 .‘llanus
1337 3146 1630 3202 Zorobabel
1676 3147 2027 3213 [nudaverant

418 3241 631 3296 domum
661 3243 833 3304 istam,
866 3253 911 3295 et
943 3258 1129 3296 manus
1172 3246 1283 3315 ejus
1332 3244 1760 3297 consummabuut
1796 3258 1947 3306 eam,
1980 3249 2028 3294 ct

2134 2024 2290 2080 Jovis
2321 2040 2481 2095 quem
2522 2026 2829 2097 Olympium
2877 2035 3112 2092 vocant,
3155 2026 3262 2081 illic
3305 2025 3572 2079 collocata.
3606 2024 3701 2082 late

2134 2119 2299 2174 etiam
2330 2118 2633 2173 Aulim-ltus
2675 2132 2854 2174 mente
2894 2135 3149 2190 perversa
3177 2119 3487 2175 Antichrisn
3528 2118 3702 2190 imagi-

2136 2228 2257 2268 nem
2306 2224 2551 2279 portans.
2601 2228 2760 2266 unam
2816 2212 3026 2282 plebem
3085 2228 3352 2283 unumque
3396 2212 3697 2282 sacrilegum

2134 2305 2394 2373 pooulnm
2442 2304 2541 2357 sub
2573 2319 2740 2374 regno
2768 2319 2868 2358 suo
2910 2305 3126 2361 clllcere
3157 2306 3464 2360 conabatur.
3496 2304 3619 2359 Nam
3651 2314 3699 2359 et

2132 2399 2447 2468 aposraticis
2477 2398 2785 2453 hominibus
2811 2399 3079 2455 anliticare
3112 2400 3164 2455 in
3199 2400 3525 2455 llieruSalem
3554 2414 3697 2471 gym-

2133 2490 2367 2552 nasium,
2397 2490 2447 2544 id
2482 2500 2585 2555 est,
2617 2490 2878 2555 studium,
2910 2493 3175 2549 Concessit
3204 2510 3217 2547 :
3246 2502 3299 2548 et
3343 2492 3425 2546 ubi
3461 2509 3559 2545 non
3602 2492 3696 2547 nisi

2131 2581 2197 2636 ad
2229 2583 2562 2637 exorandum
2603 2599 2662 2638 se
2692 2596 2988 2653 sanctaque
3018 2585 3275 2641 sacrilicia
3310 2583 3409 2639 sibi
3436 2583 3696 2641 oll‘erenda

2133 2675 2274 2732 Deus
2298 2677 2645 2746 omnipotens
2684 2678 2942 2749 templum
2976 2677 3077 2732 sibi
3105 2678 3371 2733 collocare
3413 2684 3695 2746 przecepit;

2130 2770 2221 2825 ille
2244 2786 2305 2824 ex
2335 2771 2664 2840 spectaculis
2698 2770 2966 2825 idolorum
3003 2770 3243 2837 polluere
3278 2770 3596 2834 concupivit.

2202 2861 2319 2917 XV.
2364 2860 2501 2917 Cum
2548 2863 2709 2930 igitur
2754 2864 2782 2916 7
2827 2871 2883 2918 et
2934 2861 3005 2917 62
3043 2861 3388 2918 hebdomadas
3429 2861 3697 2931 completa:

2131 2955 2380 3018 fuissent,
2418 2957 2468 3010 in
2505 2957 2679 3025 prima
2711 2956 2815 3011 ista
2841 2956 3175 3011 hebdomada
3211 2956 3291 3025 (ut
3328 2958 3567 3025 superius
3590 2954 3698 3009 dic-

2131 3058 2243 3104 tum
2274 3048 2379 3117 est)
2413 3048 2578 3103 libros
2606 3049 2741 3118 legis
2776 3047 3040 3115 comburi,
3071 3046 3355 3103 sacriﬁcari
3383 3046 3696 3110 simulacris,

2131 3155 2181 3201 et
2209 3143 2486 3199 immunda
2520 3144 2871 3209 manducare,
2904 3144 3047 3213 genti
3078 3141 3379 3198 Judasorum
3407 3140 3619 3205 indixit;
3649 3150 3701 3196 et

2130 3237 2231 3293 fuit
2279 3253 2451 3308 u5qne
2497 3238 2549 3292 in
2582 3239 2768 3310 quinta
2797 3249 2849 3293 et
2875 3237 3133 3308 vigesima
3170 3236 3258 3292 die
3290 3234 3485 3293 mensis
3512 3235 3544 3292 9
3572 3251 3696 3291 ann.

415 3349 692 3406 cognosces
739 3335 877 3405 quod
913 3332 1167 3388 Dominus
1195 3336 1521 3403 omnipotens
1562 3336 1701 3388 misit
1730 3351 1807 3388 me
1850 3336 1917 3388 ad
1944 3345 2028 3397 te;
2055 3315 2098 3378 C
2136 3330 2237 3386 MS
2267 3333 2415 3401 regni
2445 3330 2758 3386 Graecorum
2787 3351 2798 3384 :
2825 3330 2876 3385 in
2907 3346 3013 3401 quo
3034 3344 3197 3396 anno,
3216 3328 3546 3398 complentur
3575 3328 3700 3382 heb-

411 3426 535 3494 quia
571 3427 686 3497 quis
711 3428 905 3495 spreuit
937 3438 985 3480 te
1012 3427 1063 3479 in
1092 3426 1273 3480 diebus
1299 3427 1550 3495 pusillis?
1580 3440 1624 3482 et
1656 3428 1951 3497 gaudebunt
1976 3429 2028 3481 in

411 3528 479 3583 te,
512 3530 560 3573 et
604 3519 844 3573 ridebunt
875 3519 930 3571 in
969 3535 1125 3573 manu
1167 3517 1454 3572 Zorobabel
1495 3520 1725 3590 lapidem
1756 3532 2026 3574 startrteum

416 3610 603 3681 (Zuclr.
654 3625 728 3675 1v,
763 3612 816 3676 9,
862 3608 951 3679 10)
990 3628 1001 3663 :
1034 3610 1177 3679 quod
1213 3608 1378 3663 hodie
1409 3609 1804 3680 imperatores,
1831 3613 1884 3665 in
1914 3626 2028 3665 ma—

416 3720 487 3759 nu
516 3703 778 3769 dextera,
810 3701 974 3756 veluti
1020 3703 1279 3773 populum
1326 3701 1470 3757 ferre
1504 3705 1781 3758 videntur.
1811 3703 2030 3773 Repetit

413 3796 643 3865 angelus
664 3834 677 3859 ,
703 3803 758 3849 et
785 3795 861 3847 ait
897 3793 1102 3849 Danieli
1137 3802 1163 3830 ει
1192 3794 1261 3847 b2
1294 3792 1666 3849 hebdomadas
1709 3794 2024 3864 Dominum,
2056 3782 2060 3787 ’

421 3890 517 3945 hoc
544 3897 649 3951 est,
684 3889 736 3943 in
772 3888 972 3958 quibus
1008 3888 1265 3945 restituto
1315 3888 1521 3956 templo
1567 3898 1622 3943 et
1650 3889 1871 3945 civitate
1898 3889 2025 3946 Ilie-

416 3982 651 4037 rusaicm
680 4020 693 4045 ,
730 3980 784 4035 in
829 3978 1201 4033 oblationibus
1253 3982 1367 4032 suis
1419 3979 1650 4033 Domino
1696 3981 2022 4035 servierunt.

423 4074 548 4144 Qua:
582 4072 936 4130 hebdomade
968 4072 1039 4126 62
1078 4079 1208 4126 sunt
1248 4072 1375 4126 anni
1400 4072 1527 4134 454,
1567 4073 1659 4142 qui
1707 4074 1833 4126 anni
1871 4088 2025 4127 com-

421 4168 547 4237 pleti
578 4174 704 4221 sunt
733 4162 1071 4234 temporibus
1104 4162 1542 4218 Maehabmorum
1572 4180 1717 4217 anno
1750 4163 1845 4219 Ml
1876 4164 2026 4234 regni

414 4262 752 4317 Grarciirum.
784 4258 893 4314 Isto
924 4272 1158 4327 uanique
1185 4266 1453 4327 tempore,
1487 4255 1794 4313 Antiochus
1820 4256 2026 4313 Graecis

416 4355 652 4424 superba
688 4360 870 4407 mente
900 4352 1187 4421 regnabat.

486 4443 623 4499 XIII.
661 4443 729 4499 Et
759 4445 1006 4515 quamvis
1038 4442 1177 4498 ordo
1209 4442 1313 4496 iste
1339 4455 1605 4496 annorum
1637 4441 1836 4497 divina:
1865 4442 2019 4514 legis,

415 4553 445 4593 a
469 4538 858 4594 constitutione
881 4536 1070 4593 ntundi
1099 4536 1335 4591 sulliciat
1361 4534 1497 4600 sibi;
1523 4544 1704 4591 tamen
1724 4548 1779 4589 ut
1809 4536 2025 4591 lectoris

411 4633 592 4687 animo
622 4632 945 4688 satisfacere
976 4631 1285 4695 videamur,
1309 4628 1474 4683 etiam
1518 4644 1613 4698 per
1644 4644 1798 4700 reges
1827 4630 2023 4685 Persa-

2129 3426 2376 3481 domada:
2406 3440 2597 3480 omnes
2630 3425 2720 3488 70,
2752 3439 2886 3495 quas
2913 3424 3204 3479 decurrens
3230 3421 3517 3493 designavit
3548 3435 3701 3492 ange-

2129 3517 2213 3573 lus
2258 3518 2500 3583 Danieli,
2534 3518 2602 3572 de
2645 3504 2955 3572 turbatioise
3006 3515 3241 3572 civitatis
3282 3514 3605 3570 llierusalem
3649 3521 3699 3567 et

2129 3612 2314 3681 populi
2348 3611 2668 3673 eversione;
2703 3610 2770 3664 de
2811 3623 2914 3680 qua
2955 3623 3015 3663 re.
3058 3608 3216 3665 etiam
3263 3608 3374 3678 ipse
3406 3606 3601 3672 Daniel,
3634 3605 3698 3659 ad

2131 3703 2425 3758 Dominum
2456 3703 2855 3772 concupiscens
2885 3700 3213 3772 requirebat.

2206 3792 2342 3851 XVI.
2387 3795 2465 3850 Ex
2495 3794 2619 3850 hinc
2647 3809 2818 3864 usque
2849 3794 2902 3850 in
2937 3794 3034 3848 l7t
3080 3808 3278 3848 annum
3312 3791 3458 3863 regni
3488 3790 3698 3847 Grmcoe

2128 3905 2245 3945 ruta
2265 3905 2278 3955 ;
2302 3905 2408 3960 quo
2434 3899 2683 3958 tempore
2714 3886 2911 3942 Lucius
2940 3884 3181 3942 Licinius
3202 3884 3471 3947 Lucullus,
3490 3882 3576 3953 qui
3605 3880 3699 3937 fuit

2130 3982 2320 4037 consul
2361 3981 2726 4036 Romanorum
2753 4019 2769 4041 ,
2797 3980 2864 4035 de
2895 3979 3152 4035 Societate
3176 3988 3230 4033 et
3254 3976 3502 4033 amicitiis
3526 3976 3587 4031 ad
3618 3974 3699 4031 Si-

2131 4089 2347 4131 monem
2383 4076 2602 4130 l‘ratrem
2634 4073 2787 4129 Judae
2815 4073 3103 4128 Machabmi
3138 4072 3339 4128 litteras
3369 4072 3543 4136 dedit;
3574 4071 3691 4124 anni

2129 4177 2259 4223 sunt
2294 4167 2384 4223 26.
2419 4166 2500 4222 Ex
2538 4168 2697 4223 istius
2735 4182 2965 4237 namque
3009 4165 3290 4221 consulatu
3342 4179 3542 4220 mutuos
3588 4165 3691 4233 jam

2129 4264 2402 4330 consules,
2434 4263 2810 4335 requirentes;
2842 4261 3146 4317 invenimus
3175 4274 3340 4329 usque
3383 4258 3447 4314 ad
3503 4258 3694 4330 passio-

2128 4371 2252 4414 nem
2300 4355 2519 4411 Domini
2552 4355 2724 4411 nostri
2756 4352 2882 4410 Jcsu
2927 4352 3163 4418 tihristi,
3202 4367 3367 4423 usque
3397 4351 3461 4407 ad
3507 4364 3691 4405 annum

2130 4448 2399 4504 decimum
2429 4456 2644 4503 sextum
2674 4446 2884 4515 imperii
2908 4444 3109 4501 Tiberii
3138 4443 3392 4509 Caesaris,
3418 4441 3513 4497 179
3532 4453 3695 4495 annos

2130 4555 2255 4597 esse
2301 4540 2602 4610 completos
2627 4556 2640 4592 :
2665 4553 2726 4594 ac
2767 4552 2865 4610 per
2906 4536 3005 4593 hoc
3032 4552 3059 4591 a
3089 4535 3291 4592 fabrica
3322 4532 3496 4590 mundi
3534 4544 3695 4599 usque

2129 4633 2194 4689 ad
2229 4634 2538 4702 passionem
2583 4629 2784 4687 Christi
2831 4629 3125 4687 Salvatoris
3171 4625 3373 4688 nostri,
3418 4622 3535 4677 anni
3582 4630 3697 4675 sunt

410 4740 531 4779 rum
569 4733 887 4789 currentes,
920 4723 987 4778 de
1031 4721 1277 4777 historiis
1327 4721 1666 4789 publicarum
1719 4723 2021 4778 litterarum
2050 4698 2102 4759 Ῑ)
2134 4726 2295 4784 5550.
2332 4726 2566 4782 Proinde
2594 4726 2661 4780 ad
2693 4723 3101 4780 conclusionem
3146 4734 3239 4775 sex
3273 4716 3489 4773 millium
3537 4726 3695 4769 anno.

413 4821 755 4877 ostendimus
801 4834 831 4874 a
883 4819 1026 4890 Cyro
1075 4818 1146 4874 ΘΞ
1201 4817 1573 4873 hebdomadas
1620 4822 1724 4874 isto
1780 4829 2023 4890 tempore

416 4915 847 4972 Machnhceorum
881 4912 1051 4969 fuisse
1085 4912 1353 4982 impletas.
1391 4913 1563 4984 Cyrus
1588 4927 1821 4983 namque
1844 4914 2022 4971 Persis

410 5006 666 5077 regnavit
696 5008 852 5062 annis
886 5005 977 5072 50,
1006 5006 1345 5060 Artaxerxes
1371 5008 1617 5077 regnavit
1648 5006 1808 5061 annis
1835 5008 1889 5074 9,
1922 5011 2023 5063 Ar-

411 5116 511 5173 gus
550 5100 797 5170 regnavit
829 5101 1111 5155 mensibus
1150 5098 1201 5160 9,
1240 5097 1432 5151 Darius
1463 5103 1709 5169 regnavit
1739 5099 1897 5154 annis
1928 5101 2017 5165 56,

408 5194 750 5250 Artaxerxes
784 5192 1054 5250 secirndus
1080 5191 1330 5262 regnavit
1352 5192 1511 5245 annis
1548 5191 1633 5258 19,
1660 5194 1938 5247 mensiluts
1964 5193 2018 5256 2,

408 5288 714 5344 Sociilanus
759 5287 1037 5343 mensibus
1069 5288 1121 5345 7.
1157 5285 1363 5340 Xerxes
1395 5284 1536 5340 ﬁlius
1581 5288 1752 5355 major
1781 5288 2025 5356 regnavit

408 5385 568 5437 annis
596 5384 689 5446 20,
718 5382 1060 5437 Artaxerxes
1100 5383 1338 5447 regnavit
1376 5380 1465 5443 72,
1501 5382 1736 5437 Artahus
1781 5384 2026 5454 regnavit

410 5476 690 5532 mensibus
722 5477 774 5542 7,
824 5474 1015 5530 Darius
1048 5473 1258 5529 Nothus
1308 5476 1556 5543 regnavit
1600 5493 1727 5531 ann.
1760 5476 1851 5538 29,
1892 5479 2023 5533 Olus

410 5568 659 5639 regnavit
682 5584 807 5621 ann.
836 5567 929 5632 22,
957 5570 1123 5621 Arser
1161 5568 1409 5638 regnavit
1438 5584 1563 5623 ann.
1594 5570 1679 5630 17.
1712 5570 1903 5623 Darius
1938 5586 2021 5625 re-

410 5660 599 5728 gnavit
646 5674 775 5714 ann.
813 5657 866 5713 6.
907 5657 1058 5711 llunc
1109 5658 1389 5713 interfecit
1437 5661 1747 5717 Alexander
1800 5661 2022 5732 Magnus

411 5753 671 5821 Macedo;
714 5771 743 5809 a
794 5753 951 5824 cujus
996 5762 1243 5835 tempore
1298 5755 1525 5812 historia
1562 5757 2014 5826 Machabworum,

418 5875 582 5930 monis
605 5874 673 5928 ad
700 5875 1142 5943 respondendum.

2132 4838 2250 4879 rum
2287 4822 2555 4877 debentur
2586 4819 2713 4874 anni
2742 4816 2867 4872 470.
2900 4814 3133 4871 Necesse
3177 4824 3258 4870 eat
3298 4812 3459 4870 enim.
3489 4818 3540 4863 ut
3570 4821 3696 4879 quo-

2130 4915 2296 4971 modo
2326 4914 2418 4968 tilii
2451 4912 2643 4979 Israel,
2673 4926 2702 4966 a
2743 4907 3129 4980 pollicitatione
3175 4904 3381 4962 Domini
3426 4902 3515 4957 Dei
3563 4900 3693 4956 facta

2128 5006 2197 5062 ad
2231 5008 2530 5068 Abraham,
2566 5011 2686 5071 post
2722 5002 2827 5058 470
2880 5014 3051 5055 annos
3098 4992 3463 5069 promissionis
3505 5000 3687 5046 terram

2130 5114 2426 5171 accepere;
2468 5098 2546 5153 sic
2584 5097 2745 5152 etiam
2797 5110 2894 5150 nos
2937 5091 3269 5155 Christiani,
3320 5099 3436 5159 post
3483 5084 3689 5141 to'idem

2132 5208 2327 5258 annos,
2361 5192 2588 5260 primam
2620 5189 3079 5244 resurrectionem
3108 5183 3435 5239 habebimus.
3477 5178 3692 5249 Populus

2132 5287 2277 5343 enim
2309 5282 2587 5346 Judaicus,
2622 5281 2674 5335 in
2706 5280 2955 5335 omnibus
2985 5279 3202 5349 tiguram
3232 5281 3459 5329 nostram
3488 5279 3689 5342 portat:

2132 5381 2198 5437 In
2228 5398 2328 5452 quo
2356 5382 2487 5451 [inca
2513 5380 2813 5434 swculoru‘ot
2846 5379 3213 5431 concurrerunt
3256 5368 3313 5441 (Ι
3342 5366 3451 5424 Cor.
3485 5382 3532 5431 x,
3564 5364 3628 5419 15
3649 5362 3689 5435 ).

2134 5476 2275 5546 Ergo
2318 5491 2346 5529 a
2396 5475 2647 5544 passimie
2693 5472 2904 5527 Domini
2949 5467 3151 5524 Christi
3183 5469 3281 5534 (ex
3312 5480 3412 5535 quo
3460 5471 3690 5530 tempore

2135 5570 2239 5625 [ide
2270 5570 2319 5622 in
2349 5584 2406 5623 se
2438 5567 2814 5632 credentibus,
2848 5560 3292 5620 rcsurrecﬁonem
3337 5555 3586 5628 pollicitus
3614 5561 3690 5608 est

2132 5662 2226 5718 Dei
2262 5660 2466 5730 Filius)
2498 5662 2625 5716 anni
2674 5658 3047 5729 compleantur
3096 5666 3313 5709 necesse
3354 5656 3433 5704 est
3472 5647 3570 5702 1Ὶο
3594 5686 3609 5710 ,
3636 5653 3687 5697 nl

2130 5758 2485 5815 concludatur
2509 5771 2717 5814 summa
2747 5768 2841 5809 sex
2885 5748 3109 5807 millium
3142 5757 3419 5805 annorum.
3462 5738 3689 5811 Septimo

484 5955 508 5985 α
548 5945 775 6015 Melius,
830 5956 944 6019 post
986 5948 1054 6003 62
1112 5947 1459 6005 hebdomadas
1522 5949 1861 6008 occidendum
1920 5949 2219 6009 Dominum.
