3874 6476
239 441 378 499 “0‘5

1128 437 1526 494 EXPOSI'I‘UM
1569 435 1658 492 DE
1697 435 1808 491 DIE
1850 433 2146 492 PASCIIIE
2189 435 2274 491 ET
2315 433 2580 491 MENSIS.

3371 433 3512 490 “06

236 569 290 615 et
327 558 616 614 millesimo
664 572 805 612 anno
855 556 1178 625 incipiente,
1211 557 1315 611 tide
1363 570 1488 611 vera
1535 554 1817 609 credentes
1848 556 1896 615 Α
1925 551 2077 615 bunt,
2105 561 2162 606 et
2184 551 2236 605 bi
2266 565 2456 604 onmes
2478 549 2682 604 nubent
2705 557 2760 604 et
2780 550 3075 617 nubentur,
3096 557 3149 604 et
3177 550 3476 604 morientur
3503 567 3516 603 :

237 650 610 706 liberabuntur
653 665 683 704 e
732 651 964 711 mundo;
993 660 1114 702 tttne
1145 648 1292 702 enim
1341 650 1446 702 erit
1490 646 1817 702 resurrectio

240 744 408 816 prima
437 745 674 797 Omnium
709 741 1057 797 Sanctorum.

309 833 471 889 XVII.
504 835 578 890 De
601 835 703 888 400
728 849 855 887 vero
883 842 936 886 et
966 834 1301 901 septuaginta
1323 834 1478 887 annis
1507 849 1535 886 a
1567 832 1816 899 passione

239 929 482 990 Domini.
521 929 573 982 in
620 927 901 981 ennsulatu
953 927 1170 980 Ca-sarii
1223 937 1276 980 et
1319 928 1512 990 Attici;
1549 927 1634 981 die
1675 941 1817 980 nono

236 1022 498 1077 kalendas
523 1023 740 1089 Aprilis.
774 1023 898 1074 anni
932 1024 1263 1074 transierunt
1299 1021 1419 1075 309.
1456 1020 1674 1073 Restant
1711 1021 1808 1073 ita-

233 1132 337 1186 que
366 1115 489 1168 anni
525 1115 618 1169 lOl
657 1123 713 1167 ut
752 1126 1198 1168 causumtneutur
1227 1116 1350 1167 anni
1379 1115 1539 1176 6000,
1569 1113 1659 1182 qui
1689 1113 1815 1166 anni

233 1208 374 1264 6000
404 1223 509 1261 non
539 1217 660 1260 ante
687 1207 1044 1276 c0mplentur.
1071 1207 1167 1258 nisi
1203 1209 1348 1274 prius
1380 1221 1545 1274 prope
1571 1207 1814 1258 ultimum

236 1315 390 1365 reges
418 1301 604 1354 deCem
641 1301 871 1355 exierint
899 1298 952 1352 in
986 1303 1274 1358 mundum;
1308 1309 1356 1352 et
1385 1300 1543 1352 tiliam
1582 1299 1812 1368 Babylo-

232 1391 336 1445 nia:
365 1407 483 1459 qua:
517 1405 657 1444 nunc
685 1389 914 1452 obtinet,
945 1389 1010 1442 de
1041 1388 1218 1441 medio
1243 1389 1424 1442 mundi
1458 1389 1698 1442 tulerint.
1733 1387 1814 1442 Ad

229 1497 370 1552 quos
393 1481 569 1534 subito
595 1481 738 1534 exiet
771 1495 909 1533 unus
940 1489 1131 1547 puteus
1175 1495 1337 1545 super
1377 1494 1498 1543 eos,
1531 1479 1618 1548 qui
1649 1489 1733 1532 est
1762 1479 1813 1532 in

229 1572 563 1642 Apocalypsi
605 1573 776 1625 Draco
808 1573 1134 1632 nominatus,
1162 1583 1212 1625 et
1245 1573 1504 1626 obtinebit
1536 1586 1688 1640 reges
1717 1571 1812 1625 de-

228 1678 382 1727 cem;
408 1675 460 1717 et
487 1681 552 1718 ex
584 1665 664 1717 eis
695 1664 903 1731 aliquos
956 1664 1172 1730 perdet,
1203 1664 1292 1714 alii
1325 1664 1423 1715 sub
1465 1662 1580 1731 ejus
1611 1662 1814 1717 ditione

229 1757 590 1810 remanebunt
617 1773 628 1807 :
658 1753 805 1808 Tunc
829 1755 1137 1807 revelabitur
1166 1756 1251 1807 ille
1278 1756 1486 1824 impius,
1518 1754 1659 1822 filius
1699 1771 1813 1824 per-

225 1847 458 1909 ditionis,
477 1850 563 1916 qui
585 1851 746 1900 elatus
768 1858 841 1899 est
859 1850 1098 1900 adversus
1124 1864 1268 1900 omne
1289 1850 1425 1916 quod
1443 1849 1631 1900 dicitur
1652 1847 1806 1909 Deus,

1922 659 2083 712 super
2115 642 2232 706 hos,
2254 653 2308 697 et
2341 643 2504 712 plagae
2529 642 2629 695 illa:
2655 642 2942 711 descripta.-
2972 643 3022 695 in
3051 641 3380 711 Apocalypsi
3422 641 3518 696 ad-

1923 737 2174 797 venient,
2207 747 2259 788 et
2292 735 2534 804 pill‘llbUS
2573 734 2802 787 subinde
2853 733 3082 787 t-teditur
3131 734 3217 788 hic
3257 733 3511 788 mundus.

1922 827 2053 883 Nam
2079 828 2288 882 Sanctis
2319 829 2436 892 Dei,
2469 829 2522 880 in
2555 827 2954 881 resurrectione
2986 842 3122 880 Unus
3153 828 3256 881 erit
3287 826 3515 890 dies;et

1925 932 2126 975 tantum
2161 923 2267 976 erit
2300 921 2651 990 prolongatus
2681 920 2730 973 in
2780 920 2954 973 lucem
2987 918 3106 973 dies
3152 920 3252 974 iste
3287 919 3515 974 Sancto-

1923 1032 2073 1076 rum,
2127 1027 2386 1081 quantum
2432 1014 2612 1081 impiis
2667 1014 2807 1066 illius
2863 1014 2915 1066 in
2949 1013 3150 1066 mundn
3188 1027 3310 1066 cum
3356 1027 3512 1081 pmna

1920 1097 2254 1171 viventibus,
2286 1108 2430 1160 mille
2482 1109 2915 1160 numerahuntur
2951 1109 3102 1160 anni.
3139 1106 3242 1160 Iste
3286 1117 3368 1160 est
3394 1107 3512 1161 dies

1921 1204 2184 1265 septimus
2205 1240 2218 1260 ,
2243 1208 2296 1250 et
2328 1199 2583 1251 salibatus
2614 1208 2848 1252 a-ternus
2895 1209 2948 1253 et
2980 1213 3164 1262 verus,
3190 1200 3348 1267 cujus
3379 1201 3516 1252 ima-

1918 1294 2096 1362 ginem
2130 1304 2182 1345 et
2227 1290 2450 1360 ﬁguram
2498 1302 2644 1346 tenet
2691 1293 2946 1376 sabbatus
2973 1291 3075 1346 iste
3110 1293 3424 1360 temporalis
3457 1293 3512 1346 in

1918 1386 2086 1457 Moysi
2121 1387 2236 1456 lege
2271 1388 2638 1455 conscriptus.
2685 1387 2834 1442 Sicut
2865 1389 3007 1442 enim
3040 1390 3239 1457 p0pu|o
3286 1387 3514 1443 Judaico

1917 1477 2118 1531 dictum
2147 1495 2158 1529 :
2186 1480 2289 1532 Sex
2321 1477 2436 1531 dies
2462 1493 2690 1547 Operare
2717 1493 2883 1547 Opera
2918 1480 3100 1532 mundi
3128 1495 3140 1544 ;
3166 1481 3396 1548 septima
3419 1495 3514 1533 au-

1919 1579 2022 1622 tem
2065 1569 2152 1621 die
2183 1570 2273 1638 qui
2316 1571 2619 1637 appellatus
2651 1579 2732 1623 est
2763 1571 3074 1636 sabbatum,
3116 1572 3395 1640 requiesce
3443 1571 3511 1626 ab

1918 1663 2172 1730 operibus
2229 1665 2332 1716 tuis
2362 1661 2558 1733 (Exod.
2608 1663 2701 1728 25,
2753 1665 2882 1729 1'2):
2917 1664 2960 1718 si
3006 1665 3209 1718 sanctis
3254 1663 3508 1717 omnibus

1915 1758 2002 1826 qui
2052 1766 2176 1810 sunt
2222 1758 2288 1810 ab
2320 1757 2476 1810 initio
2511 1759 2798 1820 muudi,et
2829 1773 2972 1812 nunc
3018 1759 3070 1811 in
3116 1756 3332 1810 christn
3382 1770 3511 1810 vera

1916 1847 2017 1903 {ide
2040 1849 2416 1913 credentibus;
2445 1853 2737 1904 transactis
2762 1851 2970 1903 scilicet
2992 1863 3086 1903 sex
3111 1849 3299 1903 diebus
3326 1848 3402 1918 (id
3425 1856 3514 1902 est

221 1948 315 1989 aut
343 1940 478 2007 quod
501 1938 718 2000 colitur,
744 1940 813 1990 itu
847 1948 899 1989 ut
930 1939 980 1990 in
1006 1938 1189 2007 templo
1223 1936 1317 1990 Dei
1362 1941 1540 1991 sedens
1582 1938 1808 1991 ostendat
1842 1959 1888 2017 Β
1915 1954 2007 1994 ses
2039 1941 2267 1994 millium
2291 1941 2580 2009 annorum)
2606 1941 2881 2010 inquibus
2913 1943 2992 1995 eis
3019 1941 3172 1995 labor
3207 1951 3268 2017 et
3299 1939 3510 1996 crucia-

220 2047 278 2082 .-e
303 2041 556 2101 tamquam
585 2033 692 2099 ipse
734 2033 866 2085 Deus
891 2033 952 2098 (ll
977 2031 1151 2085 Thess.
1176 2048 1234 2094 tt,
1261 2034 1312 2094 8,
1339 2033 1412 2100 4).
1442 2032 1535 2086 llic
1558 2033 1656 2085 erit
1687 2048 1807 2100 pro-

222 2124 376 2192 prius
426 2125 812 2179 Antichri~tns.
862 2124 994 2178 IIuic
1051 2127 1454 2193 potentis-simus
1501 2126 1591 2178 ille
1641 2124 1809 2179 Draco

222 2218 315 2271 cui
349 2218 534 2272 decem
561 2227 843 2272 cesserunt
873 2233 1048 2286 reges,
1071 2221 1247 2272 tradet
1272 2221 1378 2271 vim
1409 2229 1462 2273 et
1489 2229 1808 2287 pnIeSIatem

219 2324 412 2375 suam,
447 2323 500 2363 et
548 2312 883 2364 mirabuntur
939 2311 1172 2364 universi
1221 2311 1498 2363 mortales.
1549 2309 1614 2362 Et
1652 2318 1813 2362 erunt

221 2403 548 2456 Anticlitisti
593 2412 834 2472 tempora
888 2404 1028 2470 (qnze
1083 2411 1347 2470 tempora,
1404 2402 1649 2454 mortalia
1705 2403 1811 2455 sint

221 2507 458 2548 necesse
499 2493 607 2563 est)
654 2496 832 2563 qualia
887 2510 1006 2547 cum
1041 2493 1336 2546 Antinchus
1369 2494 1468 2546 sub
1502 2509 1668 2563 regno
1710 2509 1810 2548 suo

219 2599 393 2640 unum
440 2585 690 2654 pupulum
722 2586 774 2639 in
819 2585 1086 2654 apostasia
1135 2585 1314 2640 facere
1365 2587 1696 2650 conabatur;
1725 2588 1808 2641 cui

221 2678 390 2747 (quia
426 2688 636 2747 tempus
666 2695 770 2732 nun
802 2678 942 2746 fuit)
977 2697 1079 2732 non
1111 2681 1237 2733 talia
1287 2691 1603 2744 evenerunt,
1631 2683 1809 2750 qualia

222 2770 457 2824 tentabit
493 2769 710 2824 t-flicere
740 2770 1120 2825 Antichristus.
1157 2771 1290 2824 Dum
1319 2773 1560 2834 venerit,
1594 2773 1658 2824 ad
1693 2788 1812 2841 pci-

215 2859 486 2914 ditinnem
520 2863 809 2915 inlidelium
845 2865 1025 2916 veniet
1055 2880 1066 2915 :
1102 2863 1254 2930 c-tjus
1280 2873 1522 2932 tempus,
1555 2879 1723 2934 grave
1750 2879 1812 2919 ac

223 2954 514 3007 nefandum
547 2955 681 3018 erit;
712 2972 860 3024 quem
885 2955 1022 3010 salus
1058 2953 1307 3010 Dominus
1335 2955 1568 3009 Christus
1614 2958 1812 3026 interﬁ-

215 3044 319 3096 ciet
373 3047 556 3111 spiritu
587 3047 688 3100 oris
739 3048 907 3111 sui,et
954 3049 1214 3100 evacuabit
1258 3050 1526 3118 pra'sentia
1567 3050 1812 3105 adventus

215 3136 303 3188 sui
331 3132 520 3204 (Ibid.,
557 3136 634 3206 4).

298 3227 482 3283 XVIII.
527 3232 794 3296 Superato
837 3231 994 3301 igitur
1035 3242 1087 3286 et
1135 3233 1420 3288 interfecto
1453 3234 1806 3300 Antichristo,

1916 2039 2000 2086 tus
2031 2034 2155 2096 fuit;
2188 2035 2331 2087 venit
2358 2033 2474 2087 dies
2496 2036 2761 2101 septimus
2783 2043 2836 2086 et
2858 2033 3114 2088 sabbatus
3141 2013 3324 2088 verus.

1986 2124 2125 2179 XIX.
2160 2127 2496 2195 Quapropter
2526 2141 2741 2180 omnem
2775 2128 3004 2178 animam
3047 2123 3367 2194 praemonuit
3399 2124 3507 2180 D0-

1916 2219 2093 2271 minns
2120 2217 2370 2272 Christus
2413 2218 2466 2272 in
2511 2219 2807 2288 Iivaugelio
2847 2219 2912 2272 ad
2963 2220 3293 2272 credendum
3349 2219 3399 2272 in
3449 2231 3510 2272 sc

1913 2320 2039 2362 ante
2077 2325 2196 2363 esse
2241 2310 2590 2372 currendum,
2627 2329 2730 2363 nun
2764 2325 2828 2365 eo
2859 2323 3104 2378 tempore
3135 2324 3241 2379 quo
3271 2319 3323 2363 et
3349 2325 3509 2377 pusna

1915 2414 2114 2458 mterna
2147 2405 2341 2473 impiis.
2369 2416 2421 2458 et
2451 2419 2660 2459 merces
2694 2405 2831 2456 bo.ta
2877 2405 3080 2458 sanetis
3133 2403 3386 2457 reddatur
3416 2418 3512 2458 ne-

1914 2509 2065 2549 cosse
2088 2509 2168 2548 est
2195 2510 2289 2562 pro
2317 2497 2525 2548 meritis
2550 2495 2884 2565 singulorum
2919 2513 2930 2545 :
2963 2493 3189 2564 Rogate,
3222 2496 3411 2562 inquit,
3443 2510 3506 2548 ne

1913 2588 2002 2654 ﬁat
2030 2589 2154 2657 fuga
2183 2597 2343 2640 vestra
2371 2586 2535 2641 ltieme
2561 2597 2649 2640 aut
2674 2588 2884 2640 sabbato
2927 2585 3144 2653 (Matth.
3199 2601 3343 2644 χχιιι.
3383 2585 3500 2653 20).

1917 2680 2348 2749 Postseptitnum
2390 2695 2442 2734 et
2475 2681 2824 2736 millesimum
2854 2695 3050 2734 annum
3084 2681 3324 2734 solvetur
3349 2678 3508 2733 Sata-

1915 2788 2012 2826 nas
2039 2772 2108 2826 de
2138 2786 2357 2826 carcere
2387 2788 2507 2833 suo,
2533 2783 2585 2827 et
2613 2774 2757 2826 exiet
2790 2772 3051 2826 sedurcrc
3081 2779 3269 2839 gentes
3310 2767 3424 2838 Gug
3453 2780 3508 2823 et

1916 2865 2100 2934 Magug
2123 2881 2136 2929 ;
2162 2874 2212 2918 et
2239 2880 2571 2934 congregans
2594 2881 2684 2919 eas
2707 2863 2771 2917 ad
2803 2874 2977 2916 castra
3003 2862 3323 2917 Sanctorum
3350 2862 3502 2927 quasi

1916 2968 2245 3027 pugnaturas
2277 2973 2289 3008 :
2316 2969 2368 3009 et
2396 2958 2685 3010 dest-.endet
2714 2957 2851 3026 ignis
2880 2957 2945 3009 de
2978 2956 3131 3016 coelo,
3166 2963 3218 3006 ct
3245 2967 3501 3006 consum-

1912 3053 2199 3106 mabuntur
2229 3066 2416 3105 omnes
2451 3052 2729 3104 homines:
2765 3062 2810 3101 et
2849 3059 2975 3102 tunc
3001 3051 3105 3102 erit
3147 3048 3384 3102 secunda
3415 3062 3503 3100 re-

1912 3146 2176 3200 surrectio
2211 3147 2354 3199 omni
2378 3146 2558 3209 carni;
2588 3143 3041 3212 etjudtcabantur
3069 3155 3262 3194 omnes
3297 3141 3504 3208 judicio

1915 3237 2008 3291 Dei
2039 3241 2180 3307 justo
2203 3254 2299 3306 pro
2323 3253 2387 3292 eo
2418 3237 2558 3306 qtmd
2588 3253 2692 3291 non
2727 3235 3100 3296 crediderunt,
3135 3234 3227 3286 St'd
3258 3232 3359 3285 sibi
3395 3230 3506 3300 pla-

213 3334 433 3375 summa
459 3324 726 3388 enmplcm
761 3339 1024 3378 annorum
1058 3341 1150 3378 sex
1179 3329 1399 3380 lllIIIllllll
1426 3330 1515 3381 liet
1537 3344 1812 3385 resnrrec-
1842 3330 1885 3393 C
1919 3340 2142 3386 cuerunt
2170 3333 2219 3384 in
2264 3330 2505 3400 justittis.
2550 3329 2610 3382 Et
2648 3339 2765 3396 pnst
2809 3332 2906 3380 huc
2931 3367 2944 3385 ,
2975 3327 3252 3379 auferetur
3299 3325 3498 3378 caelum

213 3412 298 3464 tio
321 3413 559 3467 untnium
585 3428 894 3471 sanctorum
928 3417 1100 3472 adhuc
1124 3421 1418 3487 superstite
1446 3421 1677 3484 mundo;
1711 3421 1805 3474 dc-

209 3503 564 3559 Currentibus
603 3508 766 3561 etiam
799 3509 956 3562 annis-
991 3511 1164 3575 mille,
1202 3512 1252 3563 in
1283 3514 1474 3580 quibus
1510 3513 1673 3568 draCo
1718 3513 1807 3566 ille

208 3604 472 3665 antiquus
521 3599 702 3668 (Apoc.
736 3615 824 3663 xx,
855 3601 932 3668 5),
964 3601 1211 3654 diabolus
1246 3612 1300 3655 et
1344 3617 1582 3669 satanas,
1615 3604 1807 3672 ligatus

208 3689 272 3742 in
305 3693 526 3759 abysso,
562 3704 935 3758 sequestratus
964 3695 1066 3747 erit
1097 3710 1162 3745 ue
1195 3694 1413 3746 scdurat
1438 3710 1761 3763 quemquam
1791 3737 1805 3759 ,

205 3781 393 3834 donec
423 3798 866 3838 consummentur
904 3786 1032 3838 anni
1083 3797 1220 3848 tres;
1254 3788 1340 3856 qui
1383 3789 1508 3840 anni
1565 3799 1678 3842 tres
1724 3787 1807 3841 his

204 3880 720 3932 annumerabimtur
751 3880 841 3948 qui
872 3881 970 3933 sub
1012 3885 1168 3948 signo
1198 3882 1511 3935 Antichristi
1566 3896 1811 3936 remane-

203 4013 541 4027 ———_

1917 3422 2016 3475 hoc
2055 3433 2108 3475 et
2153 3435 2295 3475 terra
2330 3423 2458 3485 ista;
2483 3433 2536 3474 et
2575 3419 2766 3474 civitas
2806 3420 2890 3471 illa
2920 3435 3036 3486 qum
3080 3419 3131 3470 in
3179 3416 3502 3484 Apocalypsi

1909 3512 2172 3582 descripta
2203 3525 2307 3580 est,
2340 3524 2524 3581 parata
2557 3516 2623 3566 de
2665 3516 2801 3567 cmln
2828 3511 3122 3564 descendet
3145 3525 3267 3563 eum
3298 3509 3503 3562 divitiis

1913 3605 2043 3668 Dei,
2072 3610 2120 3658 in
2154 3583 2252 3674 qua
2292 3606 2419 3672 justi
2468 3606 2783 3657 habitahuut
2811 3603 2836 3654 ε’
2859 3616 2910 3656 et
2940 3604 3042 3654 erit
3072 3605 3268 3656 malum
3301 3615 3497 3653 novum

1908 3706 1962 3751 et
1991 3710 2126 3751 terra
2164 3714 2320 3759 nova,
2347 3707 2402 3752 et
2434 3710 2664 3765 utraque
2694 3700 2742 3750 in
2779 3694 3135 3766 perpetuitate
3165 3693 3455 3746 manebunt
3485 3710 3497 3744 :

1911 3791 2058 3859 impii
2085 3793 2135 3843 in
2157 3791 2498 3845 ainbnstiune
2531 3790 2912 3858 a-terna;justi
2946 3798 3124 3842 autem
3151 3802 3272 3842 cum
3307 3785 3416 3840 Deo
3444 3784 3495 3839 in

1913 3885 2019 3937 vita
2046 3895 2266 3938 λειω-ιιι).
2289 3884 2480 3938 Amen.

739 4108 1189 4256 QUIN
1199 4110 1393 4217 TI
1469 4109 1959 4225 JULII
2038 4115 3054 4225 HILARIANI

469 4309 1192 4464 EXPIlSI'I‘UM
1299 4315 1454 4462 DE
1565 4318 1791 4468 DIE
1901 4319 2398 4470 PASCIIIE
2508 4320 2656 4469 ET
2766 4318 3280 4472 MENSIS.

283 4620 325 4676 Ι.
356 4618 412 4674 In
469 4637 654 4684 unum,
681 4623 898 4689 fratres,
927 4627 1175 4681 nonnulli
1202 4643 1262 4684 ac
1293 4632 1438 4686 servi
1471 4631 1590 4697 Dei,
1624 4630 1691 4684 de
1716 4629 1797 4683 di-
1828 4637 1874 4695 ι)
1903 4627 1997 4679 erit
2026 4627 2164 4680 vobis
2191 4629 2240 4679 in
2265 4628 2519 4681 mensibus
2542 4631 2684 4682 anni.
2706 4629 2840 4684 Fare
2860 4631 3028 4700 itaque
3053 4633 3119 4685 ad
3140 4648 3338 4689 onmem
3363 4637 3499 4708 Syn-

205 4713 353 4768 \'inis
381 4711 676 4782 Scripturis
705 4725 759 4767 ut
802 4718 979 4786 aliqua
1012 4728 1386 4786 tractaremus,
1425 4739 1568 4791 saepe
1600 4737 1801 4775 conve-

207 4807 417 4869 nimus,
444 4803 625 4872 ibique
673 4805 1113 4863 desiderantibus
1153 4815 1255 4874 eis,
1288 4813 1354 4866 de
1396 4814 1802 4868 pA‘CIIALICIII-

203 4911 346 4950 cum
378 4911 546 4963 pauca
578 4897 796 4951 interim
829 4900 1031 4964 locuti,
1066 4903 1276 4970 plenam
1321 4921 1406 4960 me
1435 4907 1801 4961 exhibiturum

203 4986 476 5040 rationem
505 4990 753 5054 promisi.
797 4991 1154 5060 Igitttrjussio
1189 4996 1416 5049 l'ratrnm
1471 5015 1647 5051 meum
1681 5015 1802 5068 pro-

204 5076 441 5132 missum
492 5081 684 5134 iterutn
734 5091 788 5136 et
840 5099 984 5149 saépe
1023 5085 1320 5149 admonuit,
1359 5101 1408 5140 nl
1444 5087 1604 5154 illud,
1657 5091 1801 5159 quod

202 5167 413 5223 dudum
436 5168 502 5222 de
535 5172 745 5225 ratione
782 5173 1006 5228 Paschze
1025 5177 1227 5228 sensim
1262 5180 1633 5249 patientetque
1662 5190 1802 5235 trac-

204 5260 467 5324 lavimus,
504 5260 555 5313 id
584 5261 694 5328 jatn
720 5265 922 5334 scriptu
949 5281 1071 5320 meo
1102 5267 1444 5334 deliniretur,
1478 5271 1580 5325 huc
1613 5282 1715 5337 est,
1745 5282 1803 5327 ut

203 5369 333 5408 cum
368 5369 476 5408 non
507 5354 650 5407 aliud
693 5356 954 5413 Dominus
982 5360 1124 5414 Deus
1172 5362 1340 5432 Ml-ysi
1370 5380 1529 5434 quam
1565 5369 1798 5433 primum

205 5461 458 5502 mensem
492 5447 802 5509 nominarit,
839 5459 892 5503 et
919 5453 969 5504 in
1001 5468 1066 5506 eo
1096 5453 1298 5508 Pascha
1345 5458 1613 5510 celebrari
1667 5475 1802 5527 prte-

206 5539 381 5610 cepit,
423 5539 612 5596 dicens
640 5560 652 5596 :
679 5540 873 5596 Mensis
918 5544 999 5596 hic
1042 5547 1243 5601 initium
1290 5552 1573 5617 mensium,
1606 5554 1800 5620 primus

287 5693 312 5762 f
354 5683 474 5762 _V_id.
511 5699 674 5754 supra
700 5685 996 5758 Prolegom.
1025 5706 1138 5759 cap.
1170 5691 1222 5756 9,
1251 5690 1313 5762 ξς
1345 5691 1369 5745 I
1399 5701 1444 5744 et
1467 5691 1522 5744 2.

286 5754 314 5794 δ
354 5754 451 5810 Ms.
483 5763 651 5809 tertiu.

288 5836 310 5866 ε
351 5826 448 5881 Ms.
483 5826 702 5891 Quarta.

1903 4735 2117 4789 agOg/tm
2150 4720 2378 4784 ﬁliorum
2419 4719 2611 4785 Israel,
2657 4734 2709 4774 ut
2748 4725 2938 4791 faciant
2983 4723 3219 4792 Pascha,
3251 4729 3496 4796 incipien-

1903 4819 1973 4863 tes
1999 4829 2029 4862 a
2083 4825 2261 4879 quarta
2295 4815 2487 4866 det-ima
2530 4820 2715 4867 mensis
2761 4818 2914 4888 hujus
2955 4820 3022 4870 atl
3052 4836 3311 4890 vesperam
3339 4840 3499 4892 usque

1905 4909 1956 4959 in
1986 4907 2272 4958 vicesimam
2307 4909 2522 4975 primam
2559 4907 2754 4978 (Exod.
2788 4925 2881 4971 XII,
2907 4911 2962 4975 9.,
3003 4913 3054 4971 3,
3091 4915 3176 4975 I8,
3207 4931 3308 4968 sec.
3343 4917 3496 4988 Lxx).

1907 4996 2060 5051 Unde
2090 5013 2219 5051 Vero
2251 5001 2456 5063 primus
2485 4999 2588 5054 iste
2631 5003 2832 5054 mensis
2866 5002 3108 5068 incipiat,
3141 5008 3222 5058 vel
3257 5007 3347 5060 ubi
3381 5019 3495 5062 ter-

1907 5093 2111 5142 minnm
2142 5091 2356 5152 haheat,
2389 5094 2658 5161 scriptura
2692 5095 2870 5146 divina
2904 5097 3045 5149 haud
3081 5097 3234 5152 nobis
3264 5099 3494 5154 eviden-

1908 5185 2110 5236 tissima
2140 5187 2504 5251 re~pnnsione
2545 5185 2860 5242 declaravit.
2902 5189 3011 5242 Cur
3041 5204 3170 5257 ergo
3209 5189 3369 5246 hodie
3397 5192 3496 5247 abs

1902 5274 1929 5313 δ
1963 5278 2123 5330 tertio
2179 5293 2440 5332 nonarum
2493 5278 2801 5333 Martiarum
2853 5296 3022 5348 usclue
3078 5282 3130 5335 in
3177 5293 3198 5320 ε
3239 5296 3493 5354 quartum

1907 5387 2170 5425 nonarum
2201 5374 2465 5440 Aprilium
2499 5370 2525 5408 ά
2557 5375 2700 5428 diem
2727 5375 2850 5427 luna
2885 5376 3058 5443 prima
3098 5391 3126 5428 a
3158 5378 3316 5431 nobis
3344 5393 3494 5446 quac-

1906 5465 2062 5529 ritur,
2094 5481 2188 5519 seu
2217 5482 2278 5520 es
2313 5476 2334 5502 ο
2357 5467 2549 5534 quinto
2596 5468 2811 5522 decimo
2849 5466 3200 5523 kalendarum
3225 5468 3494 5537 Aprilium

1907 5555 1958 5610 in
1992 5557 2226 5626 septimo
2257 5557 2470 5611 decimo
2510 5556 2860 5614 kalendarum
2901 5560 3156 5623 Maiarum
3185 5562 3294 5629 die,
3329 5573 3388 5619 ut
3423 5566 3494 5620 sit

1979 5693 2004 5729 ά
2047 5693 2142 5747 Ms.
2175 5697 2276 5749 die.

1987 5774 2008 5800 υ
2050 5764 2147 5841 Ms.
2180 5768 2356 5834 quintu
2375 5766 2595 5841 dccimn.
2623 5766 2696 5820 Ita
2723 5769 2922 5836 schius
2945 5783 3160 5839 quoque
3185 5770 3238 5825 in
3260 5786 3492 5841 sequen-

1912 5835 2054 5888 tibus
2086 5837 2183 5888 ista
2215 5841 2468 5905 exprimit
2498 5839 2668 5891 codex
2693 5854 2796 5893 ms.

348 5943 450 5999 lloc
485 5939 788 6007 Expositum
827 5943 1019 6014 legitur
1046 5945 1179 6020 apud
1214 5945 1552 6002 Gallandium
1584 5950 1632 6001 in
1666 5946 1966 6017 appendice
1989 5948 2114 6000 torni
2139 5963 2201 6002 ex
2239 5963 2341 6002 nuo
2375 5947 2634 6004 llllarianl
2659 5965 2816 6025 opera
2847 5956 3225 6013 excerpsimus.
3265 5959 3419 6015 Enn.
