4200 6438
577 419 709 473 ll“

1869 418 1935 486 Q.
1977 416 2147 474 JULll
2187 416 2542 478 HlLARlANl

3707 425 3827 483 ιιιι

569 531 670 586 bus
703 529 826 584 luna
880 531 1220 602 perexplicat
1245 545 1477 597 annum,
1513 530 1592 586 sol
1634 545 1770 586 vero
1811 532 1863 586 in
1911 531 2172 588 trecentis
2200 540 2253 599 Α
2278 535 2395 589 sine
2427 533 2534 588 ulla
2574 533 2981 592 intermissione
3025 535 3229 592 Pascha
3271 538 3452 594 lacere
3497 545 3716 606 oportet.
3749 540 3830 597 Sic

568 628 845 694 sexaginta
878 625 1121 696 quinque
1152 634 1206 678 et
1237 626 1500 695 quadran,
1534 624 1785 680 undecim
1811 625 2020 680 scilicet
2048 623 2166 681 dies

569 730 696 774 sunt
739 729 792 772 et
823 719 1066 788 quadran
1091 761 1104 784 ,
1146 734 1281 789 quos
1311 720 1462 788 quasi
1508 719 1688 773 minus
1721 718 1922 774 habere
1954 719 2166 773 videtur

568 813 712 867 ratio
758 813 898 866 quzc
946 828 975 866 a
1014 814 1228 868 ratione
1271 814 1420 868 solis.
1463 815 1568 868 Sex
1612 814 1733 868 dies
1780 822 2164 869 caVatnrarum

567 905 713 960 luna:
738 905 1024 960 duodecim
1055 905 1332 971 semisses,
1365 917 1418 961 et
1449 906 1685 977 quinque
1711 907 1809 972 illi,
1839 907 1927 978 qui
1963 907 2014 961 in
2048 922 2163 964 me-

567 1003 795 1054 moriam
823 1000 1044 1054 fabrica:
1069 1001 1179 1066 Dei,
1203 1000 1375 1055 vacivi
1401 1003 1839 1066 nominabantur,
1865 1016 2004 1072 quos
2025 1018 2166 1057 nunc

568 1092 888 1161 compositio
922 1093 1162 1146 Rniuana
1208 1108 1370 1162 super
1420 1095 1629 1163 aliquos
1681 1109 1892 1149 menses
1945 1095 2162 1162 divisit,

571 1203 708 1256 quos
737 1187 1094 1241 intercalares
1125 1187 1446 1247 nominavit.
1474 1197 1500 1224 οι
1523 1197 1574 1241 et
1599 1186 1958 1257 quadrantem
1991 1190 2161 1255 illum,

567 1298 727 1351 quem
763 1283 939 1351 potius
972 1285 1108 1336 ratio
1136 1285 1375 1338 continet
1403 1283 1554 1346 stilis,
1583 1284 1672 1353 qui
1701 1283 1942 1354 qnadran
1973 1300 2164 1354 snper-

569 1391 810 1448 putains,
844 1389 1035 1446 quater
1064 1394 1158 1446 per
1188 1392 1441 1432 accessus
1478 1385 1710 1447 quatuor
1753 1393 2018 1432 annorum
2046 1378 2162 1433 eili-

566 1471 719 1525 ciens
750 1485 925 1524 assem
956 1470 1020 1523 ad
1051 1485 1267 1524 cursum
1298 1469 1430 1524 solis
1457 1469 1668 1524 accedit
1696 1469 1778 1523 liis
1809 1471 1950 1525 sexti
1979 1469 2165 1524 kalen-

565 1563 760 1616 darum
794 1562 1126 1616 Martiarum.
1165 1563 1269 1618 Sed
1303 1565 1557 1630 qnoaiam
1592 1563 1674 1616 sol
1707 1573 1761 1617 et
1791 1565 1934 1625 ltitia,
1969 1563 2085 1617 dies
2112 1573 2164 1618 et

569 1669 672 1709 uox
706 1654 844 1708 alter
877 1653 926 1706 in
959 1654 1185 1708 alterius
1212 1668 1515 1709 connexam
1547 1655 1710 1708 habet
1738 1654 2161 1723 disputationem

567 1762 734 1816 super
757 1761 946 1802 cccuu
970 1747 1085 1801 dies
1109 1763 1306 1800 :unmm
1338 1747 1603 1812 lunarem,
1634 1746 1897 1801 accedunt
1923 1747 1976 1801 lii
2006 1747 2165 1802 unde-

567 1840 671 1894 cim
701 1839 816 1893 dies
847 1851 898 1892 et
939 1838 1182 1907 quadrau
1227 1837 1562 1900 bissextilis,
1596 1849 1650 1893 et
1695 1837 1772 1892 sic
1815 1854 1987 1892 annus
2034 1839 2163 1893 solis

2270 627 2414 680 enim
2444 626 2510 681 de
2537 641 2599 681 ea
2630 642 2691 682 re
2723 627 2982 682 Dominus
3019 631 3072 684 in
3115 629 3307 684 Exodo
3338 638 3572 685 testatur
3599 640 3649 687 et
3672 632 3788 686 dicit
3817 650 3828 686 :

2273 715 2420 771 Diem
2443 718 2628 784 festum
2661 718 2881 773 Pascha:
2903 721 3252 786 observabitis,
3281 733 3475 792 septem
3503 723 3670 778 diebus
3692 725 3832 781 edetis

2271 828 2472 882 azyma,
2501 814 2630 867 sicut
2659 816 2881 884 prwcepi
2913 815 3003 868 tibi
3032 831 3121 887 per
3150 826 3348 885 tempus
3380 816 3562 870 mensis
3592 832 3831 873 novorum.

2272 904 2337 957 In
2362 921 2424 959 eo
2453 907 2584 960 enim
2623 907 2792 960 extisti
2833 908 2897 961 de
2927 918 3064 962 terra
3109 907 3329 979 {Egypti
3363 908 3556 980 (Exod.
3589 891 3832 978 XXIII,.15,

2270 1014 2373 1053 sec.
2408 999 2559 1070 ιλιι).
2592 999 2722 1054 lteui
2756 1001 2808 1054 iu
2854 999 3091 1057 Levitico
3123 1003 3380 1070 praecepit
3411 1002 3664 1059 Dominus
3691 1012 3740 1058 et
3761 1004 3833 1059 di-

2269 1091 2342 1143 cit
2369 1107 2380 1142 :
2417 1090 2479 1144 In
2523 1091 2686 1160 primo
2717 1107 2886 1144 mense
2913 1093 2964 1146 in
2997 1109 3083 1147 xiv
3117 1095 3300 1148 mensis
3332 1094 3384 1147 in
3425 1095 3590 1148 medio
3618 1097 3840 1167 vesperti-

2270 1199 2454 1236 norum
2501 1181 2705 1237 Pascha
2760 1181 3005 1248 Domini,
3041 1197 3087 1238 et
3129 1189 3181 1239 in
3230 1201 3299 1240 xv
3336 1187 3524 1240 mensis
3565 1185 3712 1258 hujus
3747 1187 3839 1242 dies

2271 1280 2386 1346 [esti
2427 1295 2720 1349 azymorum
2755 1277 2974 1332 Domino
3008 1277 3194 1346 (Leuit.
3231 1295 3380 1341 χχιιι.
3414 1278 3468 1343 5,
3501 1278 3555 1343 6,
3584 1294 3680 1334 sec.
3707 1281 3838 1351 ιιι).

2270 1367 2401 1424 Item
2437 1373 2487 1424 in
2522 1372 2767 1425 Muneris
2797 1388 2809 1423 :
2842 1368 3073 1425 Locutus
3104 1382 3178 1425 est
3204 1369 3453 1424 Dominus
3484 1371 3549 1423 ad
3579 1370 3775 1441 Moysen
3798 1373 3842 1426 iit

2271 1463 2466 1517 deserto
2525 1463 2670 1534 Syna
2717 1479 2854 1516 anno
2904 1464 3127 1517 secundo
3183 1463 3522 1534 profectionis
3575 1478 3741 1518 eorum
3791 1480 3844 1518 es

2270 1555 2501 1627 As'gypto
2544 1558 2596 1610 in
2627 1573 2796 1611 mense
2823 1557 3012 1628 primo,
3055 1557 3270 1611 dicens:
3301 1554 3398 1610 Dic
3439 1566 3489 1610 et
3531 1557 3718 1627 faciant
3759 1557 3844 1626 ﬁlii

2274 1646 2292 1686 ί
2314 1647 2481 1702 Israel
2507 1648 2711 1704 Pascha
2731 1650 2784 1702 in
2812 1660 3036 1721 tempore
3061 1666 3176 1713 suo,
3199 1660 3385 1718 quarta
3411 1648 3611 1702 decima
3629 1649 3707 1703 die
3723 1664 3848 1702 mert-

2269 1747 2340 1798 sis
2375 1747 2526 1810 primi
2557 1745 2624 1799 ad
2656 1755 2679 1789 κ
2712 1761 2918 1816 vespera
2951 1746 3110 1813 [acies
3141 1744 3274 1797 illud
3305 1741 3589 1797 secundum
3620 1751 3846 1809 tempora,

2268 1839 2548 1892 secundum
2595 1839 2757 1907 legem
2805 1853 2986 1900 suam,
3037 1846 3082 1889 et
3135 1836 3414 1889 secundum
3468 1833 3849 1905 corporationem

563 1930 768 1984 habere
815 1932 1163 1998 cognoscitur
1205 1929 1322 1985 dies
1353 1944 1558 1984 ccccxv
1586 1940 1641 1985 et
1671 1933 1934 1998 quadrati.
1968 1930 2154 2001 lgitnr,
2189 1935 2236 1995 B
2263 1945 2406 1983 suam
2439 1929 2594 1999 facies
2623 1929 2775 1982 illud.
2808 1927 2870 1981 Et
2893 1929 3092 1982 locutus
3121 1935 3190 1980 est
3215 1925 3420 1996 Moyses
3447 1924 3571 1994 ﬁliis
3597 1922 3753 1977 Israel
3781 1925 3852 1991 [a-

564 2025 689 2091 qnia
723 2024 843 2076 luna
880 2025 1115 2092 primum
1159 2037 1313 2076 suum
1361 2023 1625 2092 explicuit
1674 2039 1907 2088 annum,
1954 2024 2004 2077 id
2051 2032 2164 2089 est,

563 2115 617 2167 in
663 2130 693 2166 ν
741 2130 1005 2168 nonarum
1059 2111 1397 2178 Martiarum,
1431 2129 1485 2167 ιιι
1537 2128 1804 2166 nonarum
1852 2112 2166 2168 Martiarum

564 2205 682 2259 dies
711 2205 776 2258 ad
811 2205 1041 2273 primum
1077 2221 1324 2260 mensem
1373 2203 1644 2274 pertinere
1674 2206 1910 2261 videtur.

633 2296 704 2352 Χ.
736 2298 841 2354 Sed
865 2298 1118 2367 quoniam
1143 2298 1322 2352 divina
1349 2299 1521 2369 pietas
1540 2297 1609 2352 ita
1634 2299 1837 2365 sanxit,
1865 2309 1922 2354 ut
1950 2299 2168 2356 Pascha:

566 2393 883 2448 solemuitas
934 2410 1037 2447 non
1071 2394 1230 2448 aliter
1258 2410 1419 2464 qnam
1464 2395 1515 2448 iu
1562 2394 1736 2464 primo
1768 2409 1954 2451 mense
1981 2395 2169 2464 procul

564 2483 734 2539 dubio
761 2486 1092 2549 celebretur,
1127 2501 1186 2540 ea
1217 2488 1430 2540 ratioiie
1462 2501 1568 2540 non
1600 2505 1626 2538 ει
1659 2501 1714 2540 tv
1745 2501 2004 2542 nonarum
2031 2486 2170 2542 Mar-

566 2577 762 2631 tiarum
796 2577 886 2631 die
917 2587 1137 2646 propter
1169 2576 1194 2614 δ
1228 2580 1496 2634 rationem
1531 2579 1750 2633 Pascha:
1782 2578 1949 2649 prima
1982 2581 2106 2633 luna
2140 2593 2169 2631 a

567 2671 727 2726 uoltis
759 2672 1056 2738 qumritttr;
1091 2672 1344 2739 quoniam
1375 2671 1428 2725 in
1461 2672 1564 2725 isto
1594 2671 1685 2726 die
1725 2687 1869 2726 anno
1911 2672 2027 2741 ipsi»
2053 2673 2166 2739 pri-

567 2781 659 2820 mo
691 2778 936 2820 vertente
985 2781 1092 2818 non
1143 2765 1279 2819 a>Si5
1311 2767 1536 2834 plenus,
1572 2766 1667 2819 sed
1713 2767 1876 2819 semis
1921 2767 2170 2834 apparuit

567 2859 727 2924 luna,
761 2859 866 2912 alia
895 2875 1022 2912 vero
1053 2857 1174 2922 die,
1212 2859 1263 2912 id
1295 2870 1377 2913 est
1401 2899 1414 2921 .
1448 2873 1504 2912 ιιι
1551 2875 1819 2913 nonarum
1853 2859 2167 2914 Martiarum

565 2951 620 3004 in
653 2966 776 3005 asse
809 2953 968 3020 pleno
1009 2953 1179 3017 prima
1229 2951 1400 3006 fuisse
1429 2953 1801 3021 Cognoscitur.
1839 2952 1994 3008 Unde
2027 2963 2048 2991 ο
2087 2954 2166 3007 in-

567 3042 884 3107 telligituus,
906 3059 1024 3096 eam
1053 3044 1268 3098 nonnisi
1294 3061 1321 3097 a
1347 3060 1396 3099 Iv
1426 3061 1688 3099 nonarum
1716 3045 2028 3100 Martiarum
2056 3045 2164 3113 die,

569 3146 626 3190 ut
653 3138 852 3191 rectius
875 3136 1030 3191 nobis
1054 3152 1108 3190 ιιι
1133 3153 1307 3191 nonas
1336 3137 1551 3192 Martias
1582 3139 1752 3207 prima
1782 3143 1952 3209 possit
1975 3155 2168 3194 occur-

565 3245 724 3295 rere,
760 3231 1092 3285 inet-eruenta
1127 3232 1266 3284 assis
1308 3232 1554 3297 ejusdem
1589 3235 1729 3286 Inlue
1759 3247 1936 3287 ortqu
1969 3234 2034 3286 ad
2072 3249 2167 3287 na-

2272 2037 2382 2076 ccre
2396 2021 2600 2075 Pascha
2623 2022 2672 2074 in
2700 2022 2896 2074 deserto
2916 2019 3084 2090 Syna,
3103 2027 3149 2071 et
3167 2018 3452 2072 secundum
3475 2015 3611 2083 quod
3631 2015 3851 2085 praecepit

2269 2112 2528 2168 Dominus
2559 2114 2748 2185 Moysi,
2772 2117 2844 2167 sic
2859 2117 3088 2184 fecerunt
3111 2112 3209 2181 filii
3237 2108 3406 2165 Israel
3433 2108 3622 2181 (Nam.
3651 2124 3723 2174 ix,
3744 2108 3851 2172 L5.

2270 2224 2369 2263 sec.
2394 2208 2540 2280 ιιι).
2575 2207 2639 2262 Et
2673 2208 2832 2277 paulo
2863 2218 2984 2278 post
3007 2222 3132 2261 cum
3165 2205 3593 2261 comminatione
3621 2202 3858 2274 pra-cepit

2275 2301 2530 2357 Dominus
2553 2313 2606 2356 et
2642 2301 2772 2356 dicit
2808 2317 2820 2354 :
2851 2299 3018 2355 llomo
3052 2303 3140 2371 qui
3163 2300 3321 2366 fuerit
3346 2299 3574 2352 mundus
3595 2339 3610 2360 ,
3643 2306 3686 2350 et
3718 2297 3764 2349 in
3789 2296 3858 2348 via

2271 2392 2427 2465 longa
2458 2409 2556 2446 non
2586 2393 2761 2464 fuerit,
2791 2401 2839 2446 et
2867 2393 3139 2447 cessaverit
3171 2393 3341 2464 facere
3377 2389 3606 2454 Pascha,
3638 2387 3860 2443 extermi-

2270 2491 2475 2542 nabitur
2502 2488 2673 2541 anima
2701 2489 2797 2542 illa
2826 2489 2888 2541 de
2920 2487 3113 2558 populo
3142 2502 3254 2550 suo,
3285 2486 3409 2556 quia
3436 2500 3626 2538 munus
3655 2479 3862 2536 Domino

2270 2591 2445 2634 nostro
2473 2596 2571 2633 non
2594 2579 2776 2632 obtulit
2806 2589 3032 2647 tempore
3058 2594 3174 2640 suo.
3203 2586 3250 2630 et
3276 2585 3544 2648 peccatum
3571 2589 3717 2627 suum
3740 2571 3862 2625 acci-

2268 2672 2370 2741 piet
2415 2671 2564 2723 homo
2606 2670 2693 2723 ille
2736 2667 2926 2738 (lbid.,
2961 2669 3071 2737 13).
3120 2666 3255 2722 llem
3325 2668 3377 2721 in
3454 2661 3866 2720 Dentcronomio

2271 2763 2482 2834 Moyses
2514 2763 2578 2817 ad
2611 2762 2867 2832 populum
2896 2759 3158 2830 loquitur.
3191 2759 3378 2814 dicens
3415 2777 3428 2812 :
3470 2758 3705 2812 Observa
3735 2771 3862 2809 men-

2269 2871 2375 2909 sem
2406 2870 2652 2908 novorum
2673 2896 2686 2916 ,
2714 2865 2759 2907 et
2791 2854 2950 2924 facies
2981 2852 3187 2907 Pascha
3219 2850 3445 2906 Domino
3476 2849 3590 2905 Deo
3619 2861 3728 2914 tuo,
3756 2849 3868 2916 quia

2269 2949 2323 3002 in
2351 2966 2516 3002 mense
2549 2964 2795 3003 novorum
2826 2948 2976 3002 existi
3004 2947 3067 3001 de
3098 2957 3231 3000 terra
3258 2944 3488 3019 {Egypti
3522 2953 3690 3008 nocte,
3713 2955 3756 2996 et
3781 2942 3870 2993 int-

2271 3041 2487 3096 molabis
2536 3039 2740 3095 Pascha
2789 3039 3000 3094 Domini
3054 3038 3158 3093 Deo
3203 3050 3289 3093 tuo
3331 3035 3535 3109 (Deut.
3584 3034 3867 3100 “1,1,9.

2269 3151 2370 3190 sec.
2417 3133 2563 3205 ιη).
2604 3135 2774 3189 Etiam
2830 3133 2881 3187 iii
2943 3133 3087 3186 liliru
3143 3134 3318 3201 primo
3372 3130 3568 3185 Esdrm
3639 3127 3870 3198 apertius

2270 3229 2531 3295 scriptum
2567 3237 2652 3282 est
2686 3243 2704 3281 :
2746 3225 2810 3279 Et
2841 3227 2942 3297 egit
2966 3225 3142 3280 Josias
3173 3223 3381 3278 Pascha
3411 3225 3466 3278 iis
3507 3221 3873 3293 Hierosolymis

564 3323 829 3375 tivitatem
856 3323 1056 3376 debere
1080 3322 1456 3377 tenere.Nuiic
1488 3326 1648 3388 igitur
1671 3337 1722 3377 tv
1753 3340 1924 3377 nonas
1949 3324 2166 3378 Martias
2196 3309 2240 3374 C
2273 3314 2518 3379 Domino,
2544 3330 2591 3371 ct
2619 3318 2900 3370 immolavit
2924 3313 3090 3372 Fasec
3122 3327 3304 3386 quarta
3343 3316 3551 3369 decima
3579 3317 3702 3368 luna
3732 3311 3873 3383 primi

564 3427 686 3467 cum
711 3414 1015 3466 occurrerit
1046 3412 1170 3466 luna
1201 3413 1393 3480 prima.
1422 3413 1626 3467 idcirciv
1654 3414 2016 3479 declinamus,
2042 3415 2166 3485 quia

565 3504 618 3556 in
651 3518 773 3556 xxiv
806 3505 968 3557 noras
1010 3505 1182 3558 noctis
1220 3515 1277 3558 et
1319 3505 1423 3559 diei
1458 3519 1592 3558 assis
1626 3506 1742 3573 ipse
1773 3508 2078 3570 coniicitur,
2113 3518 2167 3562 et

565 3593 634 3649 de
661 3593 749 3647 die
790 3593 964 3647 ultimi
1012 3595 1215 3648 mensis
1256 3596 1380 3649 anui
1415 3599 1672 3650 trausacti
1716 3597 1865 3665 cjus,
1912 3601 1999 3666 qui
2029 3611 2109 3652 i-st
2136 3615 2167 3653 ν

563 3702 740 3742 nouas
774 3688 987 3741 Marlias
1019 3689 1084 3741 ail
1117 3703 1294 3744 assem
1325 3703 1480 3743 suum
1515 3689 1700 3758 incipit
1732 3690 2163 3755 incrementum,

567 3790 623 3836 et
654 3796 719 3836 ne
749 3782 937 3834 ultimo
983 3796 1171 3836 mense
1201 3781 1409 3836 initium
1443 3792 1786 3838 accrementa
1831 3785 1957 3838 luna
1993 3785 2166 3853 prima

563 3874 769 3927 mensis
800 3873 957 3938 primi
991 3872 1195 3927 habere
1226 3873 1495 3928 videatur.
1528 3873 1637 3928 Iste
1668 3875 1783 3929 dies
1817 3891 1865 3928 tv
1901 3892 2164 3931 nonarum

567 3963 880 4019 Martiarum
909 3965 1116 4018 medius
1143 3981 1168 4017 a
1200 3969 1357 4020 nobis
1388 3967 1677 4031 retinetur,
1699 3977 1757 4021 ut
1783 3969 1852 4022 sit
1879 3969 2018 4025 inter
2041 3969 2169 4025 ddie

562 4057 742 4111 ultimi
774 4058 978 4112 mensis
1009 4060 1294 4122 transacti,
1315 4070 1367 4114 et
1394 4059 1538 4114 inter
1566 4076 1621 4114 ιιι
1657 4077 1785 4116 ιιοιι.
1811 4061 1940 4117 Mar.
1965 4075 2018 4117 ut
2045 4065 2169 4118 luna

564 4157 762 4223 prima,
783 4170 901 4221 qua-
927 4152 1088 4206 fuerit
1115 4169 1171 4207 ιιι
1200 4170 1327 4207 non.
1353 4153 1482 4208 Mar.
1509 4171 1572 4209 ex
1599 4155 1685 4210 die
1714 4171 1764 4208 tv
1795 4173 1925 4210 non.
1950 4174 2164 4213 carum-

564 4245 688 4300 dem
718 4245 926 4300 initium
961 4246 1159 4301 habeat
1201 4256 1626 4302 accrementum.
1676 4249 1730 4302 Ιιι
1765 4265 1828 4304 eo
1860 4252 2004 4304 enim
2040 4252 2128 4305 die
2151 4293 2165 4317 ,

563 4337 617 4392 id
651 4347 754 4402 est,
777 4338 829 4391 in
855 4354 909 4392 ιιι
941 4353 1068 4392 ιιοιι.
1099 4338 1229 4392 Mar.
1260 4339 1306 4393 si
1335 4340 1494 4394 fuerit
1523 4342 1647 4395 luna
1677 4342 1844 4410 prima
1873 4344 1991 4396 sine
2019 4358 2170 4398 scru-

565 4431 694 4499 pulo
721 4431 874 4494 auni,
900 4440 954 4483 et
981 4431 1032 4485 in
1059 4430 1143 4484 die
1167 4430 1326 4500 primi
1359 4435 1562 4485 mensis
1594 4432 1762 4500 prima
1804 4448 1928 4488 esse
1959 4434 2169 4488 inveni-

566 4531 672 4583 tur.
705 4531 762 4576 et
809 4522 876 4577 de
921 4522 1009 4576 die
1065 4523 1221 4593 primi
1257 4524 1458 4578 mensis
1513 4523 1581 4578 ad
1621 4525 1961 4581 nativitatem
2012 4542 2166 4581 suam

569 4616 768 4685 accipit
815 4617 1228 4672 incrementum.

2271 3414 2456 3465 mensis
2485 3411 2551 3463 ad
2583 3411 2607 3447 ιι
2630 3426 2888 3475 vesperam
2915 3409 2955 3480 (Ι
2985 3409 3139 3464 Esdr.
3173 3425 3210 3476 ι,
3241 3409 3293 3471 1.
3325 3425 3434 3463 sec.
3468 3423 3612 3475 Lxx;
3652 3407 3805 3481 Vulg.
3835 3404 3874 3460 ll

2271 3500 2453 3556 Par-ul.
2491 3519 2655 3564 xxxv,
2692 3503 2766 3572 1).

2345 3599 2455 3654 ΧΙΙ.
2493 3599 2598 3654 Sed
2645 3599 2771 3669 quid
2818 3599 2983 3653 multa
3033 3597 3436 3667 discurrimus,
3472 3613 3602 3654 cum
3647 3598 3789 3653 idem
3829 3597 3877 3651 iii

2271 3693 2522 3745 onmzlins
2553 3692 2835 3760 scripturis
2865 3691 3036 3745 sacris
3068 3700 3436 3746 memoratum
3466 3691 3577 3757 sit,
3625 3691 3678 3746 in
3712 3689 3878 3761 primo

2272 3798 2459 3838 mense
2491 3783 2697 3838 Pasdlu
2730 3783 2930 3839 debere
2970 3783 2983 3820 ί
3020 3784 3323 3840 celebrare.
3365 3784 3482 3840 Sed
3529 3799 3776 3840 mensem
3817 3783 3881 3837 is-

2274 3887 2383 3930 tum
2416 3877 2646 3945 primum
2681 3876 2804 3930 luna
2835 3879 2936 3931 ista
2958 3887 3129 3930 tntum
3157 3878 3636 3950 terminatumque
3666 3894 3770 3932 non
3796 3879 3881 3930 ha—

2274 3968 2382 4032 bet,
2414 3982 2471 4022 ut
2502 3970 2641 4023 idem
2666 3980 2718 4023 et
2751 3972 2865 4037 ipse
2898 3985 3111 4038 semper
3141 3981 3424 4036 occurrat,
3453 3973 3554 4026 sed
3588 3971 3732 4032 dies,
3756 3985 3881 4039 quos

2272 4075 2434 4129 supra
2463 4060 2902 4124 memoravimus,
2928 4076 3055 4114 xxix
3087 4076 3151 4115 ex
3181 4075 3237 4115 tu
3261 4075 3545 4116 noiiarum
3579 4061 3880 4116 Martiarum

2271 4151 2323 4205 in
2357 4167 2410 4204 ιν
2438 4166 2696 4207 nonarum
2730 4153 2994 4221 Aprilium
3028 4150 3041 4202 t'
3079 4152 3189 4213 die.
3219 4156 3271 4206 in
3298 4153 3514 4223 quibus
3543 4169 3692 4208 anno
3723 4167 3884 4223 primo

2273 4254 2546 4298 transacto
2578 4261 2605 4296 ει
2641 4245 2840 4298 fabrica
2885 4243 3072 4298 mundi
3099 4284 3112 4308 ,
3160 4245 3404 4314 primum
3453 4261 3619 4302 suum
3651 4247 3883 4302 exhibuit

2271 4348 2634 4404 meuseni,ut
2676 4354 2800 4393 cum
2845 4339 2896 4393 iu
2939 4356 3043 4393 uno
3089 4338 3177 4395 die
3221 4355 3286 4395 ex
3325 4342 3418 4397 his
3470 4343 3644 4399 l'nerit
3692 4344 3853 4411 prima

2271 4430 2465 4486 exinde
2493 4430 2606 4498 ipsa
2637 4431 2864 4499 primum
2898 4431 3054 4486 nobis
3077 4444 3301 4500 generat
3329 4449 3618 4490 mensem.
3642 4434 3765 4488 llaec
3785 4443 3887 4488 ete-

2273 4525 2381 4578 nim
2417 4525 2553 4578 ratio
2582 4525 2949 4596 etnbolysmos
2978 4533 3031 4578 ct
3059 4539 3393 4581 Communes
3436 4543 3626 4583 annos
3657 4526 3802 4582 facit.
3834 4525 3883 4580 Si

2272 4619 2486 4688 quando
2516 4619 2661 4674 enim
2690 4619 2745 4672 in
2775 4619 3107 4673 duodecimo
3136 4633 3326 4673 mense
3348 4631 3488 4678 ante
3512 4637 3574 4677 ιιι
3608 4639 3738 4678 ιιοιι.
3767 4620 3884 4676 Mar.

636 4705 728 4760 Xl.
764 4705 928 4775 Igitur
957 4723 1019 4761 es
1051 4707 1139 4761 die
1162 4709 1267 4761 isto
1293 4724 1349 4762 ιιι
1377 4723 1504 4763 non.
1540 4709 1674 4763 Mar.
1709 4725 1878 4779 usque
1913 4712 1963 4764 in
1998 4711 2084 4767 die
2115 4728 2165 4768 ιν
2194 4685 2246 4746 D
2273 4685 2360 4766 die
2392 4729 2515 4766 non.
2549 4713 2816 4777 explicitis
2856 4711 3049 4764 diebus
3094 4712 3217 4765 anni
3260 4715 3390 4778 sui,
3428 4731 3601 4786 quem
3653 4717 3887 4787 superius

565 4813 696 4853 non.
727 4798 901 4866 Λριὶι.
937 4799 1106 4866 qnzeri
1139 4814 1164 4850 a
1197 4800 1353 4853 nobis
1382 4799 1579 4859 debet.
1611 4809 1666 4852 ut
1697 4801 1770 4854 sit
1803 4801 1924 4854 luna
1958 4803 2160 4870 prima,

563 4891 690 4960 quia
721 4893 770 4942 in
800 4905 1144 4959 quocumque
1175 4890 1264 4945 die
1296 4908 1360 4945 ex
1394 4891 1477 4945 his
1511 4908 1647 4946 χχιχ
1680 4893 1873 4947 diebus
1902 4896 2024 4948 luna
2058 4897 2165 4964 pri-

565 4998 652 5035 ma
683 4997 804 5034 cum
847 4981 1041 5045 fuerit,
1081 4983 1205 5037 inde
1239 4983 1426 5052 incipit
1467 4988 1670 5051 primus
1704 4987 1906 5040 mensis
1937 4990 2161 5044 lunaris.

567 5073 645 5127 Ex
670 5074 756 5127 die
786 5089 913 5126 vero
942 5089 1007 5125 xv
1034 5073 1140 5126 kal.
1164 5076 1430 5143 Aprilium
1457 5091 1627 5144 usque
1659 5079 1709 5129 iii
1740 5093 1845 5131 xvu
1868 5077 1974 5131 kal.
2004 5079 2163 5134 Maia-

565 5183 686 5220 rum
723 5177 745 5202 θ
775 5167 918 5221 diem
954 5167 1200 5235 legaliter
1233 5171 1355 5221 lttna
1386 5178 1440 5222 ut
1463 5171 1530 5222 sit
1559 5178 1749 5237 qmria
1781 5172 2009 5236 decima,
2041 5189 2166 5228 vera

569 5261 778 5312 ratione
810 5263 1074 5314 lirmatnr.
1109 5260 1244 5314 llinc
1272 5276 1503 5331 namque
1542 5263 1924 5328 decurrentes,
1957 5265 2045 5319 tibi
2077 5282 2167 5322 oc-

565 5363 802 5408 currerit
834 5353 951 5406 dies
991 5362 1373 5408 sacrosanctus
1419 5354 1669 5418 Pascha),
1697 5371 1828 5411 sane
1877 5358 1927 5411 in
1972 5361 2163 5414 eodem

562 5445 777 5516 pridem
807 5446 986 5516 primo
1013 5461 1222 5513 mense,
1255 5462 1415 5517 quem
1461 5446 1588 5503 luna
1617 5451 1899 5519 genuerit,
1929 5451 2074 5520 juste
2102 5468 2165 5508 ac

637 5637 665 5667 ι
705 5628 805 5681 Ms.
845 5629 912 5681 ei.

636 5702 664 5741 δ
707 5699 806 5753 Ms.
849 5700 1066 5754 ratione.

644 5784 666 5810 ο
709 5772 810 5842 Ms.
853 5770 1208 5842 intelligimus.

639 5842 666 5878 ‘
707 5841 837 5910 Leg.
881 5841 1036 5895 diem.

644 5922 670 5950 '
708 5912 806 5968 Ms.
848 5910 951 5964 die.

2271 4805 2917 4869 memoravimus,eadem
2947 4802 3071 4857 luna
3090 4813 3424 4874 apparuerit
3453 4809 3661 4878 prima,
3686 4808 3887 4863 tertium

2270 4901 2542 4955 decimum
2587 4915 2825 4954 mensem
2858 4914 3080 4954 necesse
3107 4909 3189 4953 est
3231 4900 3478 4970 impleat
3521 4918 3580 4958 et
3614 4904 3776 4957 faciat
3800 4917 3889 4954 an-

2272 5007 2398 5044 umu
2446 4991 2867 5060 euiliolyqnnm.
2907 4988 2964 5046 Si
3005 5005 3152 5044 anno
3182 4993 3482 5061 completo
3515 5009 3620 5050 suo
3665 5003 3890 5061 tempore

2271 5081 2623 5150 Compctenli,
2654 5079 2705 5134 id
2748 5093 2851 5143 est,
2885 5081 2936 5134 iu
2966 5080 3178 5144 diebus,
3212 5085 3312 5150 qui
3360 5085 3434 5138 ad
3472 5088 3720 5156 primum
3755 5099 3890 5138 ineu-

2277 5188 2390 5228 seni
2423 5175 2692 5240 pertinere
2725 5173 2999 5234 videntur.
3032 5173 3332 5229 transactis
3361 5176 3592 5233 scilicet
3617 5176 3888 5232 duodecim

2277 5268 2556 5322 mensibus
2600 5269 2710 5322 suis
2755 5269 2915 5323 fuerit
2945 5267 3117 5338 prima
3159 5268 3292 5322 luna
3318 5309 3337 5336 ,
3367 5276 3692 5330 communis
3731 5285 3890 5328 annus

2276 5359 2504 5416 ellecms
2533 5368 2634 5414 est.
2672 5358 2734 5414 lli
2779 5376 3008 5430 namque
3051 5374 3215 5413 xxvm
3263 5360 3400 5420 dies
3447 5370 3822 5442 embolysmos
3845 5373 3891 5419 et

2273 5468 2597 5510 communes
2620 5469 2794 5510 annos
2819 5455 2898 5510 sic
2920 5452 3298 5511 manifestam.
3330 5457 3616 5520 Uudecim
3646 5463 3761 5518 dies
3781 5466 3891 5515 sunt

2347 5630 2365 5669 ι
2409 5633 2510 5704 ius.
2554 5631 2762 5687 Isti-aet.
2804 5633 2894 5689 Sic
2931 5641 2991 5690 et
3027 5646 3174 5704 saepe
3211 5634 3383 5697 alibi.

2341 5713 2366 5774 β
2409 5703 2536 5774 Leg.
2578 5720 2860 5774 vesperam.

2341 5770 2368 5808 ⁵
2410 5770 2507 5827 Ms:
2550 5770 2773 5838 vespera.

2347 5846 2365 5880 ⁸
2410 5845 2535 5912 Leg.
2576 5846 2842 5898 celebrari.

2344 5913 2364 5967 ι
2407 5915 2536 5973 Scil.
2580 5931 2688 5970 esse
2726 5926 2785 5973 ut
2821 5918 3040 5988 passim.
