3900 6446
162 267 297 324 220

578 381 808 441 CODEX
851 382 1379 444 VERCELLENSIS.

161 473 278 558 '59.
333 477 456 531 tiae.
483 475 734 558 Inimicus
1022 494 1082 558 _ro
1108 481 1372 536 absconso

163 556 398 622 autem,
430 551 521 616 qui
543 562 632 603 se-
1023 551 1076 605 in
1105 566 1232 622 agro
1256 569 1270 604 :
1298 564 1456 621 quem

162 616 522 680 minavitea,
1018 616 1219 676 eum'in
1261 660 1275 674 .
1316 616 1333 676 ζ
1379 661 1392 674 .
1439 663 1451 674 .
1497 661 1510 674 .
1556 660 1568 674 .

161 685 442 757 diabolus
467 697 570 742 est.
1023 731 1037 746 .
1084 732 1096 744 .
1139 691 1181 744 it
1207 692 1390 757 homo,
1421 693 1488 748 ab
1529 729 1545 745 .
1591 731 1603 744 .

163 754 566 824 Messisvero,
1023 801 1036 811 .
1117 801 1130 814 .
1213 800 1226 812 .
1307 801 1320 813 .
1376 754 1415 815 ⁷.
1497 801 1509 814 .
1591 802 1604 815 .
1685 803 1697 827 ,

160 831 538 898 consumma-
1018 839 1072 884 et
1099 845 1225 898 prae
1267 871 1282 884 .
1327 871 1339 884 .
1385 871 1397 883 .
1445 873 1456 885 .
1504 872 1516 885 .
1564 870 1576 885 .
1623 871 1635 882 .
1682 871 1694 884 .

1015 900 1104 954 dio
1127 900 1270 954 illius
1296 916 1388 954 va-

1015 969 1112 1033 dit,
1137 971 1317 1024 vendit
1341 973 1461 1024 uni.

1013 1053 1167 1094 versa
1188 1056 1326 1110 quae
1357 1041 1538 1106 habet,

1135 1148 1150 1163 .
1193 1148 1208 1162 .
1251 1151 1265 1163 .
1308 1111 1404 1164 mit
1428 1125 1613 1182 agrum

1013 1179 1187 1234 illum.

1017 1248 1108 1303 45.
1145 1249 1344 1304 Iterum
1375 1248 1524 1304 simi-

1014 1318 1065 1372 le
1092 1328 1178 1389 est
1205 1336 1428 1389 regnum

1015 1388 1284 1443 caelorum

161 895 252 948 tio
284 896 494 951 saeculi
514 904 617 952 est.

161 964 463 1024 Messores
490 982 581 1021 au-

161 1042 320 1106 tem,
345 1034 520 1106 angeli

159 1101 271 1160 40.
321 1101 471 1160 sunt.
505 1106 656 1162 Sicut
681 1123 768 1163 er-

159 1189 243 1249 go
265 1177 603 1249 colliguntur
715 1195 717 1198 ‘

159 1246 426 1318 zizania,
446 1257 500 1302 et
528 1249 606 1318 ig-

160 1314 228 1368 ni
252 1314 594 1371 comburun-

162 1392 266 1439 tur
302 1403 320 1439 :
358 1387 437 1441 sic
465 1387 567 1441 erit
590 1387 642 1442 in

157 1467 538 1536 consumma-
1016 1456 1218 1515 homini
1247 1474 1408 1530 nego-

161 1532 336 1580 tione
360 1540 548 1581 saecu-
1018 1564 1033 1580 .
1077 1567 1090 1580 .
1137 1567 1152 1582 .
1198 1568 1211 1581 .
1257 1569 1272 1584 .
1315 1566 1332 1583 ο
1374 1568 1389 1583 ο
1435 1570 1450 1583 .
1495 1543 1662 1585 .038-

157 1592 265 1648 41.
315 1595 381 1649 li.
412 1595 716 1650 Mittetﬁli-
1015 1637 1028 1650 .
1074 1636 1089 1651 .
1134 1636 1148 1650 .
1193 1637 1207 1651 .
1254 1638 1268 1652 .
1314 1637 1328 1651 .
1374 1639 1387 1652 .
1433 1638 1447 1652 .
1493 1640 1507 1654 .
1554 1641 1568 1655 .
1605 1614 1728 1654 nam

161 1704 179 1720 .
231 1695 248 1718 ε
303 1704 318 1718 .
368 1667 601 1726 hominis
1009 1669 1371 1732 margaritam.

156 1736 410 1805 angelos
437 1751 584 1801 suos,
1008 1738 1100 1791 46.
1127 1737 1342 1792 Inventa
1370 1754 1463 1793 au-

156 1814 218 1879 et
247 1806 458 1875 collige
499 1847 513 1860 .
558 1846 571 1858 .
617 1846 630 1859 .
677 1845 692 1861 .
1010 1817 1116 1862 tem
1141 1807 1216 1879 (a)
1244 1812 1474 1876 praetiu—

156 1873 236 1930 de
266 1873 497 1946 regnoe
539 1914 553 1928 .
600 1914 614 1926 .
659 1915 673 1930 .
717 1915 732 1930 .
1013 1918 1027 1932 .
1072 1918 1084 1930 .
1129 1873 1388 1948 {marga-

157 1959 684 2000 omn...scan-
1011 1950 1684 2013 ......iit,etven-

155 2015 316 2085 dala,
355 2025 413 2070 et
431 2030 527 2071 eos
551 2017 643 2085 qui
1006 2017 1040 2071 d
1080 2058 1095 2072 .
1143 2058 1155 2071 .
1200 2057 1213 2070 .
1260 2055 1272 2069 .
1315 2056 1330 2072 .
1372 2035 1613 2074 uaecum-

155 2083 516 2156 [aciiintini-
569 2083 585 2085 ⁷
1005 2101 1109 2156 que
1153 2129 1164 2140 .
1211 2126 1225 2140 .
1271 2127 1281 2139 .
1330 2129 1343 2142 .
1386 2089 1523 2155 buit,

154 2152 256 2208 42.
282 2157 471 2224 quitat
505 2195 520 2210 .
565 2195 579 2210 .
624 2193 638 2207 .
674 2171 689 2207 :
723 2165 773 2212 et
1003 2152 1058 2210 et
1085 2157 1213 2211 emit
1233 2163 1370 2212 eam.

154 2224 325 2278 mitte
371 2264 388 2277 .
433 2264 446 2278 .
492 2264 505 2278 .
549 2264 563 2278 .
605 2239 667 2280 os
1001 2227 1091 2280 47.
1124 2226 1318 2280 lterum
1345 2229 1493 2282 siuti-

156 2292 214 2366 in
241 2293 538 2366 caminum
1004 2296 1054 2351 le
1083 2309 1162 2350 est
1190 2312 1408 2366 regnum

152 2361 328 2420 ittnis.
361 2362 443 2419 Ibi
465 2364 566 2418 erit
1003 2361 1273 2420 caelorum

195 2443 354 2495 etus.
389 2442 444 2488 et
469 2445 520 2487 st
559 2470 573 2485 .
619 2472 634 2486 .
678 2469 692 2485 .
1002 2437 1170 2490 retiae
1201 2436 1326 2489 mis-

154 2501 263 2556 dor
291 2502 567 2558 dentium.
1002 2519 1094 2558 sae
1119 2506 1170 2558 in
1198 2506 1353 2569 mari,

151 2572 250 2627 45.
296 2572 458 2628 Tunc
479 2569 609 2642 justi
639 2569 743 2625 ful-
1001 2587 1138 2640 quae
1163 2589 1230 2627 ex
1257 2575 1400 2628 omni

154 2644 372 2712 gebunt
399 2643 541 2698 sicut
997 2655 1198 2710 genere
1234 2645 1393 2712 pisci-

154 2713 239 2783 sol
276 2715 336 2766 in
368 2728 537 2783 regno
998 2727 1150 2783 umc
1190 2755 1202 2767 .
1250 2753 1262 2765 .
1309 2751 1322 2763 .
1370 2752 1381 2764 .
1429 2752 1440 2764 .
1487 2712 1607 2783 .(b)

153 2780 342 2854 ljatris
368 2780 586 2854 eorum.
995 2781 1088 2836 48.
1120 2782 1254 2837 Cum
1286 2791 1376 2835 aut
1416 2821 1430 2835 .
1478 2823 1488 2833 .
1538 2780 1549 2834 ζ
1590 2780 1608 2836 ⁷.
1640 2783 1679 2854 τ

155 2850 258 2916 Qui
288 2851 461 2923 habet
488 2868 576 2906 au-
996 2866 1104 2923 ess.
1150 2892 1162 2905 .
1210 2893 1222 2905 .
1273 2891 1286 2904 .
1334 2892 1345 2904 .
1390 2861 1460 2914 ta,
1494 2854 1648 2923 (eje-

997 2921 1266 2976 duxerunt
1294 2937 1410 2975 eam
1441 2923 1484 2992 -ιι

996 2992 1076 3062 (d)
1104 2993 1168 3046 ad
1201 2994 1326 3046 litus
1352 2992 1392 3062 -ι-
1420 3008 1503 3047 se-

997 3063 1210 3128 dentes,
1243 3063 1362 3134 eleg
1403 3104 1414 3115 .
1464 3101 1477 3116 .
1514 3104 1534 3134 _.

993 3141 1120 3206 runt
1147 3135 1220 3202 (e)
1243 3132 1476 3202 optimos
1497 3132 1537 3202 ἦ

590 3265 821 3322 CODEX
851 3264 1320 3322 CORBEIENSIS.

157 3376 420 3433 Inimicus
446 3388 645 3442 autem,
678 3382 766 3447 qui
801 3368 1090 3434 seminavit
1120 3382 1136 3412 ¹
1158 3421 1170 3442 ,
1203 3387 1289 3433 est
1314 3379 1576 3434 diabolus.
1608 3380 1750 3438 Mes-

159 3450 232 3500 sis
259 3465 416 3514 vero,
458 3450 855 3504 consummatio
900 3449 1095 3503 saeculi
1122 3452 1141 3480 ¹
1165 3457 1266 3501 est.
1302 3449 1565 3503 Messores
1592 3465 1742 3518 vero,

156 3519 335 3586 angeli
383 3527 530 3573 sunt.
587 3520 734 3585 Sicut
764 3534 892 3587 ergo
927 3520 1250 3588 colliguntur
1279 3519 1502 3589 zizania,
1554 3530 1606 3573 et
1638 3521 1744 3589 igni

157 3593 552 3641 comburuntur
581 3606 596 3640 :
630 3589 708 3642 sic
751 3594 855 3642 erit
911 3589 959 3642 in
1018 3587 1480 3642 consummatione
1521 3587 1741 3643 saeculi.

160 3655 334 3710 Miltet
387 3657 527 3709 ﬁlius
571 3656 799 3709 hominis
834 3659 1049 3728 angelos
1089 3672 1234 3722 suos,
1281 3669 1334 3711 et
1390 3660 1642 3726 etilligent
1671 3660 1738 3713 de

159 3739 326 3793 regno
355 3727 477 3792 ejus
505 3728 682 3797 omnia
714 3727 958 3779 scandala
988 3739 1041 3782 et
1091 3729 1292 3797 eosoqui
1324 3729 1519 3781 faciunt
1544 3729 1736 3797 iniqui-

161 3802 323 3847 tatem
360 3811 373 3846 :
406 3804 462 3847 et
498 3796 708 3848 mittent
734 3810 830 3849 eos
853 3797 902 3849 in
925 3793 1191 3850 caminum
1221 3793 1379 3862 ignis.
1417 3799 1486 3849 Ibi
1521 3793 1737 3853 erit'lle-

161 3867 347 3935 tusfet
392 3864 594 3935 stridor
644 3865 900 3919 dentium.
933 3866 1233 3934 Tuncjusti
1270 3865 1548 3935 fulgebunt
1595 3871 1738 3922 sicut

160 3933 236 4004 sol
260 3933 279 3964 ³
302 3933 356 3987 in
388 3949 555 4004 regno
581 3934 751 3988 Patris
773 3951 978 3989 eorum.
1011 3933 1117 4001 Qui
1137 3937 1296 3989 habet
1325 3933 1481 3990 aures
1513 3939 1732 3991 audien-

161 4001 234 4066 di,
262 4001 475 4057 audiatI
500 4005 686 4060 Simile
710 4015 790 4058 est
813 4020 1034 4074 regnum
1057 4007 1328 4060 eoelorum
1355 4007 1605 4060 thesauro
1641 4010 1734 4061 ab-

160 4086 355 4128 sconso
379 4077 436 4127 in
468 4089 595 4145 agro
627 4093 639 4127 :
674 4089 831 4144 quem
861 4078 951 4145 qui
980 4076 1183 4130 invenit
1216 4078 1396 4138 homo,
1430 4077 1732 4140 abscondit,

161 4151 212 4213 et
243 4159 374 4211 prae
425 4142 618 4213 gaudio
656 4142 796 4198 illius
825 4142 990 4206 vadit,
1024 4154 1078 4197 et
1105 4147 1284 4196 vendit
1324 4149 1568 4197 universa
1597 4163 1737 4212 quae

163 4209 406 4276 liabet,et
426 4209 554 4267 émit
569 4229 750 4282 agrum
769 4215 938 4265 illum.
963 4222 988 4250 ι
1003 4213 1200 4266 Iterum
1233 4214 1406 4265 simile
1420 4223 1501 4266 est
1516 4209 1730 4279 regnum

162 4283 433 4337 coelorum
462 4283 664 4336 homini
713 4284 1049 4350 negotiatori,
1086 4283 1358 4348 quaerenti
1401 4283 1563 4333 bonas
1597 4299 1733 4332 inar-

163 4354 375 4418 garitas.
404 4354 621 4406 Inventa
651 4351 671 4381 ⁸
691 4362 864 4404 autem
891 4365 990 4403 una
1015 4353 1244 4418 pretiosa
1271 4352 1572 4418 margarita,
1603 4353 1733 4404 abiit

164 4429 214 4473 et
233 4423 473 4477 vendidit
499 4423 676 4475 omnia
699 4421 869 4489 l’quae
897 4421 1096 4482 habuit,
1131 4429 1184 4472 et
1214 4422 1339 4473 emit
1368 4436 1501 4473 eam.
1533 4420 1729 4473 Iterum

164 4491 330 4544 simile
363 4506 445 4546 est
468 4506 688 4561 regnum
719 4492 990 4561 coelorum
1022 4490 1042 4520 °
1069 4505 1294 4558 sagenae
1325 4496 1520 4561 missae
1543 4493 1590 4561 in
1619 4505 1733 4542 ma-

165 4571 238 4619 re,
271 4571 324 4612 et
364 4577 429 4614 ex
461 4559 604 4614 onini
633 4575 829 4628 genere
857 4559 1077 4626 piscium
1119 4559 1484 4626 etingreganti.
1535 4560 1728 4627 Quam,

164 4640 317 4698 quum
347 4631 563 4698 impleta
586 4642 686 4696 est,
709 4631 1013 4694 educentes,
1040 4641 1092 4683 et
1116 4644 1270 4684 secus
1294 4633 1438 4683 littus
1456 4634 1730 4695 sedentes,

167 4695 439 4765 elegerunt
479 4699 650 4753 bonos

155 2936 269 2986 res,
296 2922 508 2976 audiat.

153 2988 246 3045 44.
281 2992 481 3064 Simile
509 2995 744 3064 est’reg-

155 3075 287 3115 num
316 3062 503 3117 caelo-

155 3144 281 3187 rum
315 3131 581 3189 thensau-

1168 272 1612 333 EVANGEIJUM
1650 272 2020 332 SECUNDUM
2058 274 2487 334 MATTIUEUM.

3345 275 3449 334 230

2292 387 2522 444 CODEK
2561 385 3006 444 VERONENSIS.

1871 482 1959 537 59.
1990 481 2241 535 Inimicus
2279 491 2479 548 autem,
2694 495 2853 549 gnum
2885 481 3158 534 caelorum

1872 554 1959 618 qui
1990 550 2272 606 seminavit
2697 551 2986 604 thensauro
3015 551 3112 603 ab-

1871 635 1934 674 ca
1954 662 1968 686 ,
1993 621 2238 674 diabolus
2557 676 2568 689 ,
2693 634 2887 675 sconso
2915 621 2968 674 in
2990 635 3158 689 agro:

1872 703 1973 745 est.
2005 690 2194 745 Messis
2227 704 2375 758 vero,
2693 705 2852 759 quem
2881 705 3002 745 cum
3028 691 3112 744 in-

1873 759 2264 815 consummatio
2691 760 2899 816 venerit
2923 761 3104 826 homo,

1872 831 2068 884 saeculi
2101 839 2204 885 est.
2607 867 2610 870 .
2690 829 2970 884 abscondit
2998 845 3144 897 eum,

1872 901 2134 955 Messores
2172 907 2370 965 autem,
2693 907 2746 952 et
2776 917 2897 967 prae
2926 900 3120 968 gaudio

1871 971 2044 1039 angeli
2070 980 2214 1025 sunt.
2693 968 2832 1024 illius
2859 971 3023 1035 vadit,

1871 1042 1960 1096 40.
1990 1039 2140 1094 Sicut
2169 1053 2297 1110 ergo
2691 1048 2746 1093 et
2776 1040 2953 1094 vendit
2983 1041 3101 1094 uni-

1871 1111 2198 1177 colliguntur
2316 1156 2321 1160 .
2691 1123 2844 1164 versa
2876 1125 3012 1179 quae

1871 1180 2092 1244 zizania,
2121 1188 2176 1233 et
2695 1181 2874 1243 habet,
2898 1190 2951 1232 et
2970 1180 3102 1234 emit

1871 1250 1979 1320 igni
2009 1250 2230 1320 combu-
2692 1267 2875 1320 agrum
2903 1250 3074 1320 illum.

1870 1328 2060 1374 runtur
2089 1336 2102 1371 :
2134 1319 2211 1373 sic
2240 1321 2344 1374 erit
2691 1319 2782 1375 45.
2812 1321 3007 1374 lterum
3029 1319 3204 1374 simile

1871 1391 1922 1443 in
1955 1392 2366 1445 consummatio—
2691 1400 2777 1446 est
2807 1405 3025 1459 regnum

1870 1475 1990 1513 nem
2017 1459 2236 1512 saeculi.
2689 1461 2956 1514 caelorum
2985 1460 3079 1513 ho-

1869 1529 1957 1582 41.
2002 1529 2170 1582 Mittet
2197 1529 2334 1584 [ilius
2690 1530 2819 1582 mini
2850 1528 3162 1598 negotianti,

1867 1598 2100 1652 hominis
2127 1613 2288 1667 ange-
2689 1598 2966 1666 quaerenti
2988 1600 3178 1652 bonam

1863 1671 1945 1724 los
1973 1684 2118 1733 suos,
2148 1677 2203 1722 et
2693 1670 3052 1736 margaritam.
3117 1734 3119 1736 η

1865 1739 2120 1807 eolligent
2150 1737 2218 1792 de
2682 1739 2774 1793 46.
2806 1737 3020 1807 Inventa

1866 1805 2030 1877 regno
2055 1812 2172 1876 ejus
2216 1877 2221 1878 ί
2683 1819 2861 1862 autem
2891 1805 2966 1878 (α)

1865 1879 2044 1932 omnia
2069 1877 2335 1946 scandala,
2685 1877 2950 1948 praetiosa
2984 1891 3194 1947 marga-

1864 1959 1920 2003 et
1945 1963 2042 2003 eos
2064 1951 2154 2016 qui
2686 1947 2808 2012 rita,
2839 1947 2990 2012 abiit,
3019 1959 3074 2000 et

1860 2020 2062 2073 faciunt
2093 2019 2287 2086 iniqui-
2685 2018 2926 2073 vendidit
2947 2017 3126 2070 omnia

1857 2089 1946 2141 42.
1979 2097 2139 2141 tatem
2173 2104 2186 2139 :
2683 2102 3050 2156 quaecumque

1859 2169 1913 2212 et
1942 2160 2067 2212 mit-
2683 2157 2886 2219 habuit,
2913 2164 2968 2209 et
2989 2156 3119 2210 emit

2679 2223 2768 2281 47.
2803 2242 2939 2282 eam.
2976 2226 3173 2280 lterum

2680 2296 2858 2351 simile
2887 2305 2971 2350 est
3001 2311 3088 2349 re-

2679 2381 2842 2435 gnum
2871 2366 3146 2420 caelorum

2681 2438 2851 2490 retiae
2878 2438 3072 2489 missae

2684 2505 2737 2558 iit
2771 2506 2926 2568 mari,
2956 2519 3095 2572 quae

1859 2237 1974 2282 tent
2001 2241 2093 2280 eos
2122 2227 2173 2278 in
2201 2241 2288 2280 ca-

1861 2300 2063 2350 minum
2096 2297 2252 2364 ignis.

1859 2367 1936 2422 lbi
1967 2367 2072 2422 erit
2101 2366 2278 2432 ﬂetus,

1860 2447 1915 2492 et
1939 2435 2138 2493 stridor
2159 2437 2290 2490 den-

1859 2509 1948 2562 45.
1994 2508 2145 2560 tium.
2177 2505 2327 2561 Tunc

1854 2577 1982 2646 justi
2012 2576 2288 2646 fulgebunt
2681 2589 2752 2646 ex
2778 2576 2922 2627 omni
2948 2589 3148 2646 genere

1859 2643 1996 2700 Sicut
2021 2643 2109 2698 sol
2133 2645 2184 2697 in
2684 2645 2906 2711 piscium
2930 2643 3162 2712 collegit.
3191 2643 3266 2713 (ti)

1858 2731 2024 2784 regno
2064 2715 2236 2784 Patris
2681 2715 2770 2768 48.
2803 2713 2937 2767 Cum
2962 2725 3139 2784 autem
3161 2712 3234 2784 ξιτ

1856 2783 2062 2838 eorum.
2094 2783 2196 2847 Qui
2614 2826 2616 2829 τ
2681 2793 2824 2837 εδει-ι
2846 2783 3088 2852 impleta,
3124 2786 3172 2851 (c

1860 2855 2021 2907 habet
2042 2869 2219 2916 aures,

1857 2924 2056 2977 audiat.
2092 2922 2270 2976 Aliam

1856 2993 2261 3048 similitudinem

1856 3063 2073 3133 adjecit,
2101 3064 2287 3117 dicens
2314 3078 2326 3113 :

1855 3132 1946 3189 44⁷.
1979 3133 2165 3190 Simile
2190 3140 2272 3188 est
2298 3146 2384 3187 re-

2298 3263 2532 3322 OODEX
2569 3264 2962 3324 BRIXIANUS.

1853 3379 2105 3437 Inimicus
2154 3386 2329 3434 autem
2360 3378 2447 3448 qui
2490 3377 2773 3433 seminavit
2817 3393 2879 3433 ea
2924 3388 3006 3435 est
3031 3377 3276 3434 diabolus
3297 3377 3435 3434 Mes-

1853 3453 1930 3507 sis
1960 3465 2086 3503 vero
2130 3449 2517 3502 consummatio
2547 3457 2630 3502 est
2681 3449 2901 3502 saeculi.
2940 3450 3206 3503 Messores
3256 3459 3432 3504 autem

1853 3521 2027 3588 angeli
2071 3528 2212 3571 sunt.
2265 3519 2412 3588 Sicut
2443 3533 2570 3586 ergo
2596 3519 2916 3587 colliguntur
2960 3519 3181 3574 zizania.
3231 3529 3281 3572 et
3314 3521 3433 3588 igne

1851 3587 2258 3644 comburuntur.
2315 3587 2391 3640 sic
2442 3599 2543 3640 erit
2589 3588 2640 3639 in
2709 3591 3168 3642 consummatione
3233 3587 3429 3642 saeCuli

1849 3662 2027 3728 hujus.
2059 3661 2227 3712 Mittet
2259 3658 2398 3710 lilius
2422 3657 2652 3728 hominis
2675 3659 2895 3727 angelos
2924 3675 3074 3712 suos.
3105 3668 3157 3711 et
3179 3659 3430 3728 colligant

1845 3727 2100 3799 deregno
2123 3732 2257 3796 ejus.
2289 3731 2465 3781 omnia
2488 3727 2760 3781 scandala.
2789 3736 2843 3781 et
2866 3745 2958 3780 eos
2985 3730 3073 3796 qui
3104 3728 3299 3799 iaciunt
3327 3727 3427 3799 ini-

1844 3795 2101 3864 quitatem
2151 3795 2203 3853 et
2236 3805 2445 3853 mittent
2485 3813 2578 3851 eos
2625 3799 2674 3850 iii
2707 3802 2973 3852 caminum
3004 3795 3163 3865 ignis.
3200 3795 3274 3848 lbi
3323 3797 3427 3847 erit

1844 3870 2002 3923 ﬂetus
2029 3879 2083 3922 et
2138 3869 2335 3922 stridor
2361 3869 2625 3920 dentium.
2657 3868 2804 3920 Tunc
2825 3869 2954 3936 justi
2989 3865 3425 3936 lulgehtnttsicut

1842 3941 1923 3993 sol
1955 3942 2005 3992 in
2037 3955 2198 4006 regno
2223 3937 2390 3991 Patris
2417 3940 2516 3990 sui.
2549 3937 2646 4002 Qui
2685 3933 2842 3988 habet
2864 3948 3021 4006 aures
3048 3933 3296 4006 audiendi
3328 3950 3423 3986 au-

1844 4010 1975 4063 diat.
2011 4005 2206 4062 lterum
2231 4009 2404 4060 simile
2432 4015 2514 4060 est
2542 4021 2757 4074 regnum
2790 4005 3088 4058 caelorum.
3137 4005 3426 4074 thensauro

1844 4083 2110 4131 alisconso
2140 4079 2190 4128 in
2221 4091 2370 4144 agro.
2400 4090 2557 4142 quem
2587 4073 2863 4128 inveniens
2899 4074 3097 4144 homo.
3117 4073 3420 4126 abscondit.

1843 4157 1897 4199 et
1927 4161 2049 4213 prae
2083 4143 2276 4210 gaudio
2301 4146 2416 4213 ejus
2454 4145 2813 4213 vaditiomuia
2841 4159 2977 4210 quae
3017 4143 3176 4195 habet
3207 4144 3422 4198 vendet.

1839 4223 1896 4267 et
1933 4212 2095 4266 emet
2142 4228 2324 4280 agrum
2382 4212 2549 4271 illum.
2603 4212 2796 4266 lterum
2852 4213 3028 4266 simile
3074 4223 3154 4266 est
3201 4229 3422 4280 regnum

1839 4283 2133 4335 caelorum.
2168 4283 2366 4334 homini
2393 4283 2706 4349 negotianti.
2737 4285 2993 4350 querenti
3023 4283 3188 4336 bonas
3221 4299 3424 4351 marga-

1838 4354 1989 4404 ritas.
2014 4353 2110 4417 Qui
2131 4353 2426 4405 inveniens.
2461 4368 2616 4406 unam
2648 4367 2738 4420 pra
2767 4351 2792 4388 ι’
2811 4353 3034 4406 etinsam
3059 4354 3420 4420 margaritam.

1836 4423 2009 4491 tabiit.
2041 4432 2094 4474 et
2125 4421 2363 4476 vendidit
2405 4424 2582 4474 omnia
2613 4437 2746 4491 quae
2783 4422 2965 4476 habuit
3003 4434 3055 4476 et
3092 4429 3220 4475 emit
3253 4422 3419 4474 illam.

1845 4482 2040 4544 herum
2071 4493 2243 4545 simile
2277 4503 2358 4546 est
2395 4482 2642 4560 regnum'
2664 4495 2932 4546 caelorum
2968 4505 2987 4530 ε
3022 4493 3185 4545 retiae
3228 4491 3421 4560 intissae

1841 4560 1895 4614 in
1922 4561 2075 4614 mari.
2113 4577 2250 4629 quae
2277 4577 2340 4615 ex
2371 4558 2512 4614 omni
2539 4577 2735 4630 genere
2767 4562 2989 4630 pi~ciuni
3020 4563 3252 4625 collo-git.
3285 4558 3418 4612 Cum

1841 4643 2020 4685 autem
2053 4634 2250 4700 inpleta
2273 4643 2411 4685 esset
2441 4633 2740 4685 eduxerunt
2760 4648 2876 4686 eam
2907 4633 2970 4685 ad
2998 4632 3122 4683 litus
3149 4639 3202 4683 et
3228 4630 3422 4683 sedeti-

1844 4709 1926 4756 tes
1953 4703 2229 4771 elegerunt
2267 4703 2435 4754 bonos

2681 2854 2981 2923 eduxerunt
3002 2868 3119 2923 eam
3145 2853 3186 2923 f

2677 2922 2759 2992 (α)
2793 2923 2857 2975 ad
2889 2923 3041 2986 litus,
3073 2922 3114 2992 αξη

2677 3001 2733 3046 et
2759 2992 3028 3056 sedentes,

2680 3062 2978 3132 cllegerunt
3007 3063 3079 3132 (e)

2678 3135 2912 3202 Optimos
2933 3131 2974 3201 -j°
3003 3131 3078 3201 pi-

870 4834 1253 4889 VARIANTES
1291 4834 1673 4892 LECTIONES
1703 4833 1962 4891 CUDICIS
1997 4835 2109 4889 MS.
2153 4835 2207 4888 S.
2252 4831 2753 4888 GERMANENSIS.

227 4920 242 4950 ί
277 4932 332 4950 nu
381 4935 436 4950 an

227 4928 242 4950 ι
277 4932 332 4968 ea
381 4935 436 4969 e'

204 4981 243 5071 ,ξ
273 4928 475 5071 saecuii.
509 4982 753 5071 Messores
772 4993 934 5058 autem

273 5044 322 5105 in
344 5057 550 5105 regnum
569 5044 724 5096 Patris
746 5048 840 5095 sui.

199 5087 210 5173 ξ
223 5099 245 5130 ⁸
274 5087 891 5170 tuiéii’ié'iiii'eﬁi'ﬁréitiisa
914 5111 1173 5173 margarita
1190 5149 1203 5173 ,
1226 5111 1361 5162 abiit.

1904 4929 1925 4958 ⁸
1959 4937 2296 4986 quaecumque

1906 4988 1929 5050 ξ
1963 4985 2122 5050 reciag
2150 4987 2322 5033 missae
2357 4985 2406 5032 in
2428 4997 2582 5050 mare,
2603 4997 2728 5050 quae
2764 4996 2827 5050 ett
2852 4988 2978 5034 omni
3005 5000 3192 5050 genere
3219 4989 3418 5050 piscium

1839 5046 2053 5110 eollcxit.
2083 5045 2199 5094 Cum
2219 5054 2380 5110 autem
2402 5054 2534 5110 esset
2556 5045 2770 5110 impleta,
2789 5045 3038 5099 duxerunt
3059 5062 3167 5099 eam
3192 5045 3248 5098 ad
3266 5050 3417 5110 littus;

1841 5116 1894 5158 et
1914 5107 2148 5155 sedentes
2171 5108 2376 5167 Optimos
2401 5107 2667 5170 elegerunt
2689 5108 2741 5157 in
2759 5107 3014 5184 'vasis
3025 5148 3043 5176 ,

1465 5209 1828 5268 BLANCHINI
1868 5209 2095 5265 ΝΟΤᾸΞ.

237 5298 432 5373 “Quod
463 5300 543 5373 de
561 5300 786 5368 pretiosa
835 5307 1119 5373 margarita
1149 5305 1353 5360 dictum
1395 5316 1498 5367 est,
1531 5304 1726 5358 omitti-

171 5371 248 5419 tur
272 5370 470 5425 ineuria
494 5371 756 5426 librariiin
780 5387 879 5426 ms.
902 5370 1086 5428 codice
1106 5376 1439 5430 Corbeiensi.
1467 5375 1723 5430 Proclivis

170 5446 331 5493 autem
356 5441 652 5510 luitlapsus
679 5451 892 5510 propter
919 5457 1103 5498 vocem
1132 5444 1354 5512 Iterum,
1379 5458 1718 5511 consequen-

1834 5309 1916 5357 ter
1938 5303 2206 5358 iteratam.

1902 5373 1929 5411 δ
1961 5375 2012 5428 in
2044 5376 2352 5454 praeliorum
2379 5377 2577 5456 extrita
2603 5388 2706 5433 est.

1908 5454 1928 5481 ε
1961 5455 2138 5508 retiae,
2176 5461 2268 5512 pro
2294 5454 2408 5498 reti.

186 5650 202 5676 ζ
233 5569 469 5676 igjaAttte
501 5587 775 5676 praetium,
803 5588 1300 5676 deest-ultimetiarm
1351 5592 1401 5644 in
1452 5589 1570 5673 cod.
1597 5586 1762 5676 ‘Ca‘nt.
1785 5619 1858 5676 τ-
1989 5594 2061 5648 Ita
2084 5604 2136 5676 et
2159 5595 2277 5676 cod.
2303 5593 2569 5676 Cantuarii
2601 5595 2675 5652 δέ.
2722 5626 2790 5676 —_-
2923 5595 2994 5648 Ita
3020 5603 3070 5650 et
3102 5595 3221 5652 cod.
3245 5598 3404 5653 Cant.

175 5655 472 5725 ἀνεβίβασαν
498 5659 672 5717 αὐτὴν.
701 5657 779 5729 (d)
811 5655 883 5712 Ita
927 5667 982 5712 et
1017 5666 1195 5714 textus
1239 5661 1475 5725 Gratcus,
1528 5661 1608 5714 ἐπὶ
1642 5661 1721 5715 τὸν

1850 5655 2003 5722 ισίλῦν.
2020 5693 2086 5705 -
2105 5665 2174 5734 (e)
2199 5665 2271 5720 Ita
2296 5674 2349 5720 et
2377 5666 2496 5722 cod.
2523 5665 2676 5722 Cant.
2705 5668 2767 5721 τὰ
2793 5655 3046 5723 κάλλιστα.
