3874 6426
226 423 367 480 1115

1169 421 1560 482 EXPOSITUM
1602 423 1693 481 DE
1735 425 1847 482 DIE
1887 424 2180 485 PASCllE
2224 426 2311 484 ET
2349 426 2616 487 MENSIS.

3357 430 3496 487 MM

223 551 292 594 ex
335 551 394 593 ιιι
426 549 551 592 ιιοιι.
587 532 891 591 Martiarum
938 534 990 591 in
1035 535 1122 592 die
1151 534 1333 592 iduum
1375 538 1724 603 earumdem,
1755 538 1806 594 in
1834 550 1888 610 Α
1910 550 1992 597 est
2017 540 2091 596 ab
2115 541 2246 610 ipsis
2277 549 2516 596 nostrum
2540 540 2770 613 denique
2792 548 3332 611 sacramentum,nec
3361 542 3503 599 sicut

222 630 418 702 quibus
444 631 612 698 prima
636 630 679 684 si
713 627 875 683 fuerit
898 627 1042 695 luna,
1062 628 1184 699 quia
1213 639 1332 692 post
1353 629 1641 686 duodecim
1663 645 1812 686 men-

222 737 314 779 ses
371 733 491 777 nata
541 724 857 790 videbitur,
914 724 1222 793 praeteritos
1275 739 1447 781 annos
1497 739 1812 781 communes

222 814 391 870 fuisse
421 816 677 881 ostendit,
708 830 1000 883 przesemes
1030 830 1176 876 vero.
1205 815 1256 870 in
1287 817 1484 887 quibus
1511 828 1632 872 nata
1665 833 1812 872 men-

222 920 337 962 sem
385 922 613 976 primum
649 907 806 966 facit.
843 907 1209 978 embolysmos
1237 907 1502 978 designat.
1531 910 1664 964 Octo
1695 910 1810 964 dies

219 1009 349 1055 sunt
375 1015 438 1055 ex
469 1000 554 1054 die
588 1015 691 1054 xvtt
722 999 828 1055 Ital.
855 1002 1142 1067 Aprilium,
1169 1002 1222 1056 in
1249 1001 1336 1056 die
1366 1019 1393 1057 ιι
1420 1001 1528 1058 kal.
1557 1004 1730 1074 April.
1758 1005 1807 1059 in

220 1091 416 1162 quibus
440 1091 562 1145 luna
586 1091 630 1145 si
655 1093 967 1162 apparuerit
987 1093 1179 1162 prima.
1197 1105 1251 1148 et
1275 1096 1577 1164 praeteritos
1600 1105 1656 1151 et
1684 1112 1809 1166 prae-

219 1190 405 1239 Ientt-s
445 1197 618 1236 annos
658 1198 974 1238 communes
1021 1184 1310 1253 significat.
1345 1186 1536 1240 Decem
1584 1188 1810 1255 proinde

219 1275 340 1332 dies
367 1285 578 1332 suntex
610 1295 700 1334 vnt
730 1279 944 1333 kalend.
975 1280 1145 1348 April.
1180 1279 1232 1334 in
1263 1296 1317 1336 ιιι
1343 1295 1469 1335 non.
1497 1282 1805 1336 earumdem

219 1369 387 1434 diem,
421 1369 472 1424 in
498 1371 694 1440 quibus
728 1372 773 1426 si
805 1370 962 1425 fuerit
993 1373 1162 1441 prima
1195 1372 1352 1439 luna,
1385 1375 1692 1442 prasteritos
1715 1389 1809 1427 an-

219 1474 320 1515 nos
348 1461 715 1532 etnbolysmos
746 1462 873 1517 facit
896 1505 908 1525 ,
946 1477 1242 1532 przesentes
1273 1483 1587 1522 communes
1629 1476 1808 1523 osten-

216 1555 331 1622 dit,
363 1556 451 1624 qui
502 1558 628 1608 anni
679 1572 996 1610 communes
1044 1557 1243 1612 habent
1297 1560 1412 1615 dies
1461 1571 1806 1616 treCentenos

217 1651 630 1719 quinquagenos
677 1663 1006 1720 quaternos,
1038 1663 1127 1704 aut
1168 1653 1309 1706 enim
1361 1654 1609 1708 undecim
1651 1653 1803 1720 dies,

218 1739 398 1796 minus
428 1738 589 1796 habet
636 1743 772 1796 ratio
814 1742 957 1796 luna‘,
1003 1757 1030 1796 a
1062 1742 1272 1799 ratione
1301 1745 1431 1800 solis
1461 1755 1512 1799 et
1555 1746 1682 1801 facit
1713 1763 1807 1800 an-

217 1848 348 1889 num
377 1849 750 1902 communem,
783 1845 874 1890 aut
917 1853 945 1891 κ
992 1847 1044 1892 et
1087 1853 1136 1893 ιι
1186 1838 1553 1906 transcendit,
1583 1851 1634 1895 et
1681 1839 1805 1896 facit

214 1927 640 2000 embolysmum.

287 2016 425 2074 Xlll.
460 2019 584 2074 Inde
617 2035 708 2089 per
736 2037 906 2077 annos
950 2023 1190 2094 singulos
1222 2025 1320 2081 hac
1355 2025 1669 2082 diversitate
1698 2026 1815 2082 dies

211 2126 483 2167 annorum
534 2112 674 2166 luna:
723 2129 843 2168 eum
889 2115 1080 2171 diebus
1121 2118 1276 2180 solis.
1315 2119 1404 2187 qui
1451 2120 1502 2173 in
1551 2121 1813 2174 trecentis

210 2204 499 2274 sexaginta
531 2205 770 2274 quinque
807 2216 860 2261 et
901 2209 1140 2276 quailran
1174 2210 1391 2264 conficit
1422 2225 1623 2265 annum
1647 2251 1660 2276 ,
1698 2228 1804 2265 non

209 2296 315 2352 sibi
339 2298 670 2351 concordare
692 2297 961 2352 vi-lentur.
995 2297 1225 2353 Proinde
1249 2302 1409 2352 etiam
1437 2301 1538 2354 hoc
1570 2301 1814 2354 ostendi-

209 2403 354 2456 mus,
388 2399 445 2443 ιιι
476 2401 738 2460 appareat
767 2391 1018 2445 omnibus
1049 2392 1281 2461 aequales
1307 2406 1402 2447 eos
1433 2391 1664 2446 invii-em
1695 2393 1811 2448 dies

212 2481 440 2548 habere,
470 2491 523 2536 et
551 2481 618 2536 ab
648 2483 799 2538 initio
829 2499 1021 2538 cursus
1048 2499 1235 2538 eorum
1265 2485 1371 2539 isto
1402 2485 1592 2540 ordine
1619 2501 1811 2541 cucur-

209 2575 373 2638 tisse.
403 2585 456 2630 et
485 2575 682 2630 damna
704 2575 1074 2631 communium
1098 2591 1361 2631 annorum
1392 2577 1579 2632 eadem
1605 2578 1726 2633 luna
1757 2580 1808 2634 in

209 2667 373 2723 annis
401 2668 747 2739 embolysmis
771 2683 1176 2738 compensasse.
1193 2669 1329 2724 Octo
1354 2686 1617 2724 annorum
1643 2670 1806 2724 ratio-

210 2776 364 2822 nem.
397 2777 515 2832 qum
546 2761 780 2831 perfecta
814 2762 926 2816 fore
956 2763 1191 2825 videtur,
1218 2765 1270 2817 in
1304 2764 1539 2818 medium
1570 2765 1807 2832 profera-

212 2870 356 2910 mus.
407 2852 462 2909 In
514 2865 636 2910 octo
684 2856 892 2910 srilieet
941 2871 1112 2910 annos
1171 2856 1294 2910 luna
1347 2858 1584 2928 quinque
1631 2873 1808 2912 annos

212 2945 380 3000 halwt
406 2960 722 3002 Communes
745 2957 798 3002 et
822 2960 929 3002 tres
943 2949 1329 3020 embolysmus.
1358 2948 1500 3020 Ergo
1521 2948 1806 3020 quinquies

211 3052 400 3095 cccuv
447 3047 471 3076 ι
522 3039 721 3094 faciunt
774 3054 1016 3106 occux,
1069 3049 1123 3095 et
1181 3053 1260 3095 ter
1311 3056 1599 3096 ccccssxtv
1645 3038 1671 3077 δ
1724 3040 1800 3096 fa-

212 3132 370 3187 ciunt
392 3146 554 3196 ICLII;
583 3132 894 3187 fiuntsimul
925 3133 1040 3187 dies
1063 3132 1172 3187 duo
1201 3133 1367 3188 millia
1397 3148 1691 3189 bccceutt.
1713 3132 1802 3188 Sic

214 3221 415 3278 deinde
436 3233 486 3278 et
511 3224 638 3278 solis
660 3236 783 3278 octo
811 3241 1072 3279 annorum
1093 3240 1360 3279 summam
1392 3227 1441 3279 itt
1471 3241 1631 3280 unum
1653 3226 1804 3280 colli-

1913 632 1989 687 illi
2019 631 2220 686 Pascha
2252 631 2482 687 Domino
2508 633 2871 699 celebramus,
2893 633 3038 704 quod
3069 635 3120 689 in
3151 634 3386 691 lectione
3413 649 3500 693 se-

1913 723 2096 794 quenti
2125 725 2270 778 clara
2301 725 2504 780 ratione
2537 734 2888 780 monstratur.

1982 815 2100 871 XV.
2131 816 2330 883 Quinto
2366 817 2577 873 decimo
2606 834 2836 890 namque
2869 834 3010 876 anno
3038 819 3249 890 imperii
3290 820 3495 877 Tiberii

1911 907 2143 963 Cmsaris
2177 911 2429 965 Dominus
2455 910 2734 976 Christus,
2763 926 2883 966 cum
2914 921 3060 968 esset
3089 913 3244 984 quasi
3278 915 3496 982 triginta

1910 1015 2199 1075 annorum,
2222 1003 2489 1072 incipiens
2513 1018 2542 1057 a
2563 1003 2835 1070 baptismo
2856 1003 3085 1059 Joannis
3109 1005 3356 1060 accessit.
3382 1004 3507 1061 Haec

1912 1095 2255 1165 Evangelista
2313 1105 2560 1152 testatur.
2613 1095 2732 1153 Uno
2788 1098 3014 1168 proinde
3064 1112 3208 1153 anno
3262 1097 3502 1155 Judaicae

1908 1192 2083 1260 genti,
2102 1189 2166 1242 ad
2195 1205 2350 1260 quam
2375 1199 2620 1254 venerat,
2657 1190 2984 1258 praedicavit,
3014 1191 3066 1245 in
3097 1206 3204 1261 quo
3229 1205 3372 1246 anno
3395 1206 3500 1246 non

1909 1279 2084 1333 Solum
2113 1294 2332 1349 regnum
2362 1279 2622 1334 caelorum
2653 1279 2909 1335 advenire
2936 1279 3206 1350 praedixit,
3232 1280 3326 1335 sed
3354 1291 3430 1346 et,
3452 1291 3508 1335 ut

1908 1371 2217 1435 crederent,
2243 1371 2297 1425 in
2326 1373 2616 1426 virtutibus
2643 1371 2985 1426 manifestum
3011 1388 3071 1428 se
3099 1372 3390 1428 Dominum
3419 1387 3509 1428 os-

1910 1464 2101 1530 tendit,
2121 1464 2222 1520 hoc
2248 1479 2415 1534 usque
2445 1465 2498 1518 in
2526 1479 2726 1519 annum
2749 1472 2960 1519 Sextum
2984 1463 3255 1519 decimum
3284 1466 3500 1534 imperii

1908 1555 2112 1610 Tiberii
2146 1566 2165 1592 ε
2201 1554 2456 1621 Caesaris,
2493 1557 2545 1610 in
2588 1572 2695 1624 quo
2738 1559 2846 1625 jam
2898 1571 3004 1610 non
3030 1597 3044 1621 ,
3075 1566 3132 1610 ut
3180 1556 3380 1611 assolet
3420 1555 3511 1611 Ju-

1908 1650 2079 1706 daicze
2112 1649 2445 1705 solemnitati
2477 1665 2646 1720 agnus
2672 1665 2735 1705 ex
2766 1650 2978 1716 ovibus,
3009 1649 3103 1705 sed
3133 1651 3247 1721 ipse
3278 1666 3374 1720 pro
3404 1665 3506 1706 no-

1908 1742 1988 1798 bis
2039 1744 2290 1798 Dominus
2333 1743 2640 1798 itnmolatus
2693 1753 2774 1799 est
2826 1743 3113 1811 Christus;
3170 1752 3231 1798 ut
3281 1759 3388 1798 non
3434 1759 3500 1799 ex

1908 1834 2164 1907 Egypso,
2197 1835 2291 1891 sed
2322 1849 2390 1890 ex
2419 1835 2619 1890 mundo
2649 1845 2704 1890 et
2733 1835 2880 1889 vitiis
2905 1833 3026 1904 ejus
3055 1835 3342 1891 credentes
3369 1834 3505 1890 libe-

1840 1936 1888 1996 Β
1917 1931 2024 1984 rari
2077 1929 2365 1998 possimus.
2415 1927 2494 1982 Eo
2536 1929 2732 1998 quippe
2777 1941 2952 1994 anno,
3001 1937 3058 1982 ut
3103 1927 3505 1999 supputationis

1919 2021 2053 2076 fides
2100 2019 2362 2085 ostendit,
2396 2027 2450 2074 et
2493 2021 2630 2074 ratio
2678 2020 2791 2090 ipsa
2839 2017 3155 2090 persuadet,
3191 2034 3384 2089 passus
3423 2026 3509 2074 est

1917 2112 2052 2168 idem
2083 2113 2340 2168 Daminus
2363 2110 2612 2167 Christus
2640 2112 2763 2166 luna
2796 2127 3007 2178 x1v,vttt
3031 2109 3139 2167 kal.
3165 2110 3338 2181 April.
3372 2110 3506 2166 feria

1915 2215 2085 2260 sexta.
2145 2204 2328 2259 Tertio
2356 2218 2485 2258 vero
2513 2205 2598 2260 die
2623 2204 2969 2260 illucescente
2998 2202 3126 2258 feria
3157 2206 3352 2272 priora,
3383 2218 3503 2272 qua:

1915 2309 1997 2354 est
2028 2307 2148 2369 post
2167 2297 2456 2354 Sabbatum
2484 2297 2823 2364 Iudaeorum,
2851 2297 2967 2352 dies
2992 2295 3285 2360 dominica,
3308 2295 3502 2351 sabba-

1917 2399 2023 2445 tum
2051 2391 2256 2445 scilicet
2285 2398 2528 2445 nostrum
2559 2401 2612 2446 et
2637 2405 2824 2446 verum
2852 2388 3078 2453 Pascha,
3113 2389 3164 2443 in
3208 2401 3316 2457 quo
3359 2387 3500 2442 idem

1915 2481 2172 2536 Dominus
2197 2480 2449 2536 Christus
2488 2490 2658 2536 morte
2686 2479 2901 2536 devicta
2932 2477 3265 2549 resurgendo
3298 2474 3504 2531 Pascha

1911 2585 2149 2630 nostrum
2183 2574 2560 2641 sanctificavit,
2596 2573 2648 2628 id
2677 2582 2781 2640 est,
2810 2573 3052 2627 vivorum
3080 2582 3132 2627 et
3160 2581 3495 2626 mortuorum

1909 2681 1939 2719 a
1987 2664 2179 2719 \'Plt'l‘i3
2230 2665 2464 2720 hominis
2510 2668 2780 2719 sententia
2829 2662 3163 2719 liberationis
3209 2661 3496 2716 transitum

1911 2755 2054 2814 fecit.
2086 2770 2341 2827 ortusque
2381 2765 2462 2810 est
2505 2757 2815 2811 timentibus
2849 2756 3157 2820 Dominum,
3190 2765 3244 2809 et
3270 2752 3501 2808 creden-

1911 2847 2056 2903 tibus
2083 2846 2325 2912 Christo,
2349 2848 2427 2902 sol
2459 2862 2620 2903 verus
2648 2847 2900 2917 justitim,
2925 2855 2981 2901 et
3001 2847 3202 2900 sanitas
3234 2846 3285 2898 in
3320 2844 3500 2914 pinnis

1909 2942 2045 3008 ejus.
2082 2938 2233 2996 Unde
2268 2955 2363 2995 nos
2391 2939 2550 2995 hodie
2579 2939 2874 2994 Christiani
2908 2939 2960 2994 in
3001 2938 3324 2994 memoriam
3353 2936 3493 2992 libe-

1909 3034 2134 3088 ratinnis
2162 3045 2360 3088 nostra:
2382 3033 2492 3104 jam
2528 3048 2635 3088 non
2668 3044 2723 3087 ut
2751 3032 2918 3088 Juda-i
2949 3033 3001 3087 in
3034 3047 3172 3103 agno
3204 3031 3407 3094 occiso,
3441 3038 3499 3085 et

1905 3125 2111 3194 azymis
2144 3123 2358 3189 similae,
2385 3131 2440 3178 et
2471 3124 2523 3178 in
2546 3124 2794 3194 quolibet
2821 3123 2928 3188 die,
2975 3123 3071 3177 sed
3103 3122 3168 3175 ad
3205 3122 3379 3176 instar
3411 3137 3497 3176 re-

1907 3215 2264 3270 surrectionis
2285 3214 2528 3284 ejusdem
2559 3213 2774 3268 Domini
2803 3213 2971 3268 nostri
3003 3212 3132 3268 feria
3166 3215 3361 3283 prima,
3396 3211 3500 3266 huc

214 3329 409 3385 gamus
435 3317 603 3370 octies
632 3331 834 3372 cccuv
865 3317 1127 3382 quadrati.
1161 3317 1266 3371 duo
1300 3318 1464 3372 millia
1495 3332 1791 3373 occccxxtt.
1827 3314 1874 3379 C
1905 3324 2009 3381 est,
2039 3314 2127 3370 die
2155 3314 2426 3370 dominica
2457 3315 2688 3382 primum
2733 3311 3108 3366 tantummodo
3139 3324 3380 3365 mensem
3427 3322 3495 3364 ex

215 3407 299 3464 Ita
327 3408 487 3477 igitur
512 3411 859 3479 cengregavit
887 3409 1022 3464 solis
1054 3424 1115 3464 ac
1147 3409 1291 3464 luna:
1318 3424 1509 3466 cursus
1540 3425 1659 3465 cum
1691 3410 1804 3466 die-

215 3499 324 3555 bus
355 3503 756 3570 suprascriptis.

293 3588 432 3646 XIV.
469 3591 851 3649 Euan-ravimus
881 3595 971 3663 qui
1002 3595 1071 3649 sit
1102 3593 1218 3650 dies
1245 3595 1449 3659 mundi,
1481 3610 1636 3665 quem
1664 3595 1804 3652 Deus

213 3687 563 3751 omnipotens
609 3686 840 3739 creando
887 3687 1057 3742 lucem
1099 3687 1407 3755 constituit,
1452 3698 1505 3743 et
1537 3689 1716 3743 lunam
1750 3688 1803 3742 in

213 3774 563 3830 inchoatione
594 3777 766 3830 noctis
807 3777 980 3845 qualis
1010 3778 1077 3831 sit
1107 3776 1277 3842 facta,
1315 3780 1394 3834 vel
1439 3781 1526 3833 ubi
1571 3781 1802 3849 primum

213 3880 417 3920 annum
455 3883 610 3922 suum
662 3869 1016 3937 explicuerit,
1051 3878 1104 3923 et
1148 3884 1314 3938 quare
1359 3871 1454 3925 abs
1506 3887 1562 3926 ιιι
1610 3886 1800 3926 nonar.

213 3957 456 4014 Martiar.
488 3961 574 4014 die
603 3961 772 4029 prima
806 3962 926 4014 luna
955 3976 984 4014 a
1018 3961 1173 4015 nobis
1200 3963 1482 4031 quaeritur,
1513 3974 1566 4018 et
1596 3980 1660 4019 ex
1686 3965 1804 4035 qui-

211 4049 318 4106 bus
342 4050 532 4106 diebus
552 4052 954 4122 quartadecima
978 4053 1484 4122 comprehemlatttr,
1509 4056 1668 4110 etiam
1693 4071 1806 4111 etn-

209 4141 580 4212 bolysmorutn
629 4153 683 4197 et
726 4145 1090 4198 communium
1126 4160 1391 4201 annorum
1438 4148 1701 4201 rationem
1737 4147 1803 4203 ad

211 4231 430 4303 plenam
465 4234 896 4300 instructionem,
929 4247 982 4289 ut
1024 4235 1188 4290 etiam
1223 4237 1379 4290 istum
1411 4251 1627 4292 cursum
1662 4238 1804 4293 luna:

210 4339 341 4380 cum
369 4323 556 4380 diebus
570 4324 790 4380 Pascha:
807 4328 1004 4395 posteri
1040 4329 1209 4382 nostri
1242 4344 1336 4398 per
1364 4329 1604 4384 infinitos
1634 4345 1804 4385 annos

209 4425 519 4482 currentes,
551 4425 606 4472 et
636 4415 810 4470 futura
842 4428 1081 4486 tempora
1117 4417 1331 4474 facilius
1356 4433 1418 4474 ac
1449 4420 1686 4475 veridice
1722 4425 1795 4475 in-

209 4513 482 4581 vestigare
506 4523 842 4580 percurram.
873 4521 932 4565 ut
958 4524 1126 4580 quoto
1172 4511 1279 4567 kal.
1327 4514 1520 4568 idusve
1552 4515 1719 4580 foret;
1751 4526 1807 4571 ut

211 4606 307 4675 qui
336 4603 453 4659 dies
483 4605 565 4660 vel
597 4615 756 4674 quota
789 4604 910 4659 luna
947 4603 1121 4674 primo
1153 4619 1336 4659 mense
1363 4619 1651 4662 occurrere
1682 4623 1807 4677 pos-

1905 3409 2024 3478 lege
2055 3413 2392 3465 retinentes.
2423 3422 2584 3476 quem
2623 3407 2744 3460 luna
2791 3405 3059 3461 currendo
3100 3403 3211 3456 suis
3253 3401 3496 3455 numeris

1905 3501 2095 3570 gignit,
2128 3497 2268 3554 sicut
2307 3502 2569 3568 scriptum
2602 3506 2685 3552 est
2731 3515 2743 3549 :
2794 3498 2834 3550 A
2864 3504 3054 3564 quarta
3094 3493 3302 3548 decima
3335 3493 3491 3562 plena

1905 3590 1972 3645 ad
2007 3606 2289 3660 vespermn
2315 3603 2486 3660 usque
2515 3587 2581 3643 ad
2615 3587 2928 3644 vicesimam
2956 3588 3183 3657 primam
3215 3587 3264 3639 in
3292 3585 3494 3655 azymis

1905 3683 2236 3738 sinceritatis
2265 3693 2319 3736 et
2351 3680 2596 3736 veritatis
2618 3722 2632 3747 ,
2668 3679 2867 3734 mentis
2909 3679 3123 3733 scilicet
3160 3673 3185 3713 ἀ
3219 3677 3493 3749 puritate,

1908 3773 2110 3828 Pascha
2144 3773 2372 3828 Domino
2397 3770 2758 3827 celebramus.

2520 3862 2882 3920 EPILUCUS.

1981 3957 2271 4024 Universa,
2304 3958 2416 4014 Deo
2447 3956 2684 4021 favente,
2727 3958 3081 4012 decurrentes
3111 3955 3492 4026 explicuimus,

1908 4052 2167 4124 quidquid
2194 4053 2258 4106 ad
2289 4052 2554 4108 rationem
2581 4051 2800 4106 Pascha:
2830 4051 3009 4106 fuerat
3035 4051 3349 4106 dicendum.
3373 4050 3492 4106 Jam

1909 4145 2066 4198 finem
2111 4144 2196 4198 hic
2239 4144 2510 4198 faciamus
2568 4155 2753 4200 nostro
2796 4144 3058 4208 sermoni,
3100 4145 3495 4198 consummavi-

1909 4249 2133 4304 musilue
2163 4235 2262 4288 hoc
2291 4235 2613 4289 laboriosmn
2643 4235 2794 4305 Opus
2819 4235 2871 4290 in
2898 4236 2985 4289 die
3010 4239 3112 4288 isto
3141 4250 3198 4288 tu
3225 4250 3489 4290 nonarum

1910 4327 2219 4381 Martiarum
2266 4337 2386 4394 post
2419 4337 2440 4360 “
2483 4327 2822 4380 consulatum
2868 4327 3085 4382 Areadii
3125 4343 3174 4381 tv
3216 4336 3271 4381 et
3313 4328 3492 4382 IIOno-

1910 4418 1974 4473 rii
2006 4433 2082 4472 tu.
2112 4418 2455 4488 QuaprOpler
2483 4416 2834 4473 admonemus
2863 4433 2974 4480 eos,
3006 4419 3094 4486 qui
3124 4427 3250 4472 ante
3278 4434 3307 4470 a
3339 4418 3498 4472 nobis

1911 4526 2016 4566 non
2049 4511 2332 4566 emendata
2361 4510 2475 4565 hare
2499 4513 2697 4580 scripta
2728 4510 2975 4580 accipere
2997 4511 3411 4576 festinaverunt,
3442 4519 3497 4562 ut

1909 4603 2208 4659 secundum
2245 4604 2406 4657 istum
2452 4604 2692 4658 ordinem
2737 4603 3082 4659 etnendatmn
3111 4601 3257 4672 Opus
3289 4601 3491 4657 habere

211 4695 307 4759 sit,
341 4706 396 4749 ut
422 4695 524 4750 hoc
552 4698 880 4766 Opusculum
913 4709 1157 4752 nostrum
1189 4699 1438 4752 omnibus
1468 4699 1586 4753 sine
1619 4698 1802 4754 labore
1828 4699 1880 4758 D
1908 4707 2200 4761 conentur,
2244 4695 2477 4766 ideoque
2508 4707 2560 4750 et
2604 4696 2745 4751 diem
2795 4705 2849 4750 et
2890 4695 3164 4758 consules,
3196 4691 3340 4762 quod
3383 4706 3490 4747 non

212 4787 288 4842 sit
309 4787 680 4853 constitutum,
709 4804 829 4843 cum
860 4801 912 4843 et
938 4791 1074 4843 ratio
1103 4805 1229 4844 vera
1256 4790 1508 4858 superius
1533 4791 1805 4858 praemissa

211 4881 307 4942 sit,
337 4887 392 4931 et
413 4879 528 4932 sine
559 4878 741 4934 labore
768 4881 852 4935 vel
878 4885 995 4935 sine
1021 4881 1349 4936 offendicula
1382 4883 1634 4937 falsitatis
1658 4899 1685 4935 a
1709 4883 1804 4937 du-

215 4969 515 5024 bitantibus
533 4978 693 5038 atque
721 4971 1089 5040 ignorantibus
1113 4974 1296 5026 multis
1321 4973 1439 5028 (lies
1463 4975 1561 5043 ipsi
1589 4973 1807 5028 Pascha:

216 5077 322 5117 suo
361 5078 575 5132 quoque
614 5073 855 5133 tempore
897 5075 1310 5133 cognoscantur.
1345 5066 1505 5120 Aliud
1548 5077 1632 5121 est
1663 5067 1805 5121 enim

218 5152 424 5209 Pascha
448 5165 714 5221 nostrum,
739 5155 881 5210 aliud
902 5154 1235 5211 Judaeorum.
1261 5154 1444 5226 Longe
1474 5158 1638 5212 etiam
1665 5156 1806 5212 aliud

297 5322 321 5349 α
362 5312 460 5368 Ms.
482 5327 581 5383 pro
597 5316 763 5369 verbo
785 5317 979 5386 faciunt
1001 5314 1167 5386 habet
1186 5314 1394 5382 signum
1425 5313 1530 5369 l><l
1563 5315 1611 5369 id
1639 5316 1800 5386 signi-

218 5386 409 5456 lienus,
443 5397 501 5438 ιιι
536 5385 1004 5454 apparet.Prarr.
1033 5415 1101 5426 —
1130 5385 1394 5440 Numerus
1434 5400 1621 5441 cccuv
1643 5385 1800 5456 quin-

219 5455 376 5526 quies
426 5456 811 5528 ttmlttplicatus
840 5459 1044 5528 ‘reddit
1091 5471 1411 5520 crooccux,
1465 5466 1522 5510 ut
1570 5455 1801 5528 proinde

219 5528 400 5582 littera
431 5527 543 5581 l><l
573 5543 736 5596 quam
769 5526 934 5582 refert
980 5544 1078 5584 nis.
1122 5543 1216 5596 pro
1258 5543 1342 5583 εις)
1371 5526 1682 5594 accipienda
1716 5529 1799 5583 vi-

220 5598 403 5653 detur.
435 5596 640 5653 Editori
670 5611 849 5653 autem
871 5613 968 5654 seu
996 5602 1285 5666 typotheta:
1314 5599 1582 5654 exciderit
1612 5599 1798 5666 hujus-

221 5615 403 5653 detur.
435 5615 640 5653 LUIIIII'I
670 5615 849 5653 autem
871 5615 968 5654 seu
996 5615 1008 5652 l
1057 5615 1285 5665 pttlllelm
1314 5615 1582 5654 exetuertt
1612 5615 1798 5666 11111118-

221 5667 372 5726 modi
403 5680 529 5726 nuta
558 5683 643 5726 (ιιι)
669 5670 974 5727 millenarii.
1009 5615 1162 5741 auod
1191 5668 1408 5742 quidem
1448 5683 1600 5726 meus
1627 5668 1799 5725 Galli-

1911 4788 2190 4857 posuimus
2223 4791 2416 4858 primo,
2444 4804 2585 4842 nunc
2613 4789 2738 4842 huic
2763 4787 2959 4842 rationi
2991 4785 3286 4848 infiximus,
3317 4792 3374 4838 ut
3400 4799 3492 4838 ex-

1912 4879 2037 4935 hinc
2067 4882 2200 4936 seiat
2231 4883 2353 4951 quis
2380 4880 2724 4936 emendatum
2761 4881 2866 4935 hoc
2897 4896 3014 4935 esse
3046 4881 3212 4948 (lpus.

1982 4973 2212 5040 Quintus
2263 4972 2436 5027 Julius
2487 4972 2788 5028 llilarianns
2841 4972 3128 5042 explicuit,
3183 4970 3490 5025 emendavit

1910 5065 1999 5121 die
2027 5082 2081 5121 ιιι
2113 5083 2374 5122 nonarum
2406 5068 2713 5122 Martiarum
2742 5066 2977 5122 Ciesariu
3005 5073 3060 5122 et
3087 5063 3266 5120 Attico
3297 5078 3493 5120 consu-

1909 5157 2072 5214 libus.

1909 5317 2102 5387 ciolius
2131 5317 2297 5387 probe
2322 5317 2572 5372 advertit.

1980 5385 2008 5426 δ
2054 5385 2273 5441 Faciunt
2313 5405 2419 5442 non
2458 5397 2636 5445 exstat
2673 5390 2725 5445 in
2769 5405 2871 5446 ms.

1988 5469 2008 5496 ο
2054 5459 2153 5513 Ms.
2195 5457 2452 5513 Cttmrh's.

1984 5526 2009 5564 ἰ
2050 5529 2150 5583 Ms.
2193 5531 2485 5596 puritatem.

1989 5612 2008 5637 ε
2051 5598 2150 5656 Ms.
2191 5598 2473 5658 Consulatu
2512 5603 2722 5660 Arcadi.

1613 5879 2128 5931 τευ-εοΘε--ι
