3874 6420
215 407 355 463 1117

293 524 371 577 Ισῖπ
400 521 696 579 Constantio
720 522 891 592 Epist.
919 523 1072 579 Rom.
1102 522 1256 578 Pont.
1291 534 1416 579 tom.
1445 522 1487 591 Ι,
1516 540 1563 578 c.
1598 523 1724 580 621.

289 660 515 716 Siricius
536 676 678 715 anno
704 660 808 715 584
833 671 1071 715 exeunte
1094 659 1350 714 Romana:
1384 658 1632 715 ecclesiae
1658 659 1800 729 regi-

214 769 339 807 men
368 756 630 822 suscepit,
662 769 768 822 quo
796 754 906 819 die,
962 756 1255 817 incertum;
1304 763 1357 807 et
1406 767 1548 805 anno
1586 751 1691 805 598
1730 766 1796 806 ex

213 846 316 900 hac
364 846 470 899 vita
518 847 789 915 migravit.
846 846 901 900 In
959 846 1231 899 nonnullis
1300 845 1423 900 libri
1472 843 1796 914 pontiﬁcalis

210 938 610 1008 exemplaribus
642 956 730 993 vttt
758 939 1000 993 kalendas
1033 937 1231 1004 Martii,
1260 940 1311 993 in
1356 939 1473 993 aliis
1499 953 1569 1004 lx,
1608 938 1661 992 in
1684 952 1795 993 ca:—

209 1031 444 1085 meterio
475 1030 731 1085 Priscilla:
758 1032 1000 1101 sepultus
1028 1043 1265 1085 notatur.
1314 1031 1791 1102 Hieronymianum

208 1124 684 1194 martyrologium,
711 1126 796 1180 cui
826 1138 877 1179 et
906 1126 1347 1196 martyrologium
1391 1124 1547 1179 Bcdzc
1596 1124 1788 1178 suffra-

206 1222 387 1284 gatur,
420 1227 645 1270 mortem
676 1219 793 1287 ejus
820 1219 906 1272 die
927 1218 996 1273 26
1020 1218 1339 1272 Novembris
1362 1220 1431 1271 ita
1466 1218 1746 1287 etinsignat
1775 1235 1786 1270 :

207 1304 388 1359 Romtv
436 1308 683 1377 depositio
725 1310 902 1363 Siricii
938 1311 1184 1378 episcopi.
1228 1309 1306 1363 Eo
1354 1320 1509 1378 pacto
1546 1310 1789 1379 quamvis

205 1398 609 1453 Siriciusannis
636 1400 915 1455 dumtaxat
948 1399 1036 1465 M,
1069 1411 1121 1455 et
1168 1401 1231 1453 iis
1259 1400 1473 1468 quidem
1511 1415 1616 1454 non
1639 1402 1786 1467 totis,

205 1493 501 1548 Ecclesiam
547 1496 962 1559 administrarit,
996 1499 1037 1551 si
1066 1507 1245 1552 tamen
1274 1510 1328 1552 et
1359 1499 1487 1553 anni
1538 1498 1645 1555 584
1675 1501 1789 1555 exi-

202 1597 314 1652 tus,
343 1597 397 1642 et
425 1589 547 1642 anni
574 1590 677 1644 598
703 1591 932 1644 maxima
985 1604 1131 1659 pars,
1166 1599 1221 1643 ut
1250 1605 1391 1659 saepe
1418 1594 1496 1655 lit,
1532 1606 1627 1661 pro
1655 1592 1788 1646 duo-

202 1679 307 1734 bus
334 1682 490 1735 annis
520 1691 926 1751 computentur,
950 1699 1057 1735 non
1085 1682 1222 1735 l'also
1251 1683 1304 1737 in
1324 1684 1560 1752 antiquis
1590 1684 1783 1737 Roma-

200 1787 398 1827 norum
431 1773 737 1842 pontiﬁcum
766 1774 1028 1843 catalogis
1065 1774 1193 1826 anni
1233 1774 1537 1844 quindecim
1580 1777 1785 1831 sedisse

195 1863 413 1925 dicitur,
460 1864 663 1917 eisdem
692 1866 1011 1918 concinente
1072 1874 1253 1918 vetere
1304 1865 1461 1934 hujus
1508 1868 1782 1935 pontilicis

196 1953 497 2024 epitaphio,
528 1958 578 2009 in
610 1971 715 2025 quo
745 1956 996 2025 legimus,

317 2063 417 2130 Ier
441 2066 614 2124 quinos
641 2064 865 2130 populum
892 2067 940 2111 in
965 2076 1113 2130 annos
1146 2066 1225 2126 qtti
1252 2069 1382 2115 rexit
1408 2080 1592 2130 amore,

320 2126 459 2175 Nunc
488 2131 709 2188 requiem
733 2129 898 2182 sentit,
922 2126 1138 2175 coelestia
1158 2141 1313 2189 rcgna
1334 2132 1531 2191 potitus.

270 2250 419 2305 Unde
452 2252 614 2304 etiam
641 2269 764 2306 eum
790 2268 977 2308 amore
1006 2256 1205 2322 potius,
1232 2270 1390 2323 quam
1419 2256 1773 2322 auctoritate,

192 2346 456 2414 populum
502 2350 707 2400 rexisse
754 2349 1141 2418 comperimus.
1187 2347 1363 2417 Ipsum
1420 2347 1779 2420 llierOnytnus

190 2438 344 2491 velut
372 2437 676 2505 simplicem
708 2450 1079 2508 repraasentat,
1107 2442 1193 2506 qui
1224 2442 1286 2493 de
1316 2457 1408 2493 suo
1447 2441 1649 2511 ingenio
1680 2456 1779 2494 cte-

185 2536 323 2581 teros
351 2529 631 2581 trstimubat
661 2528 833 2597 (Ilier.
868 2532 957 2583 lib.
990 2546 1045 2584 ιιι
1086 2531 1236 2599 Apol.
1268 2532 1511 2584 adversus
1543 2529 1770 2601 litt/im).

183 2619 319 2685 Qurc
345 2632 522 2672 autem
548 2622 611 2673 ad
646 2636 740 2673 nos
772 2634 1133 2690 pervenerunt
1162 2625 1331 2691 ipsius
1361 2624 1589 2692 scripta,
1620 2638 1770 2676 sum-

188 2726 336 2762 mum
364 2710 487 2764 lidei
516 2711 820 2777 catholicae,
848 2724 901 2767 et
930 2714 1200 2767 canonica-
1230 2714 1531 2784 disciplina:
1554 2728 1773 2769 servan-

184 2800 268 2854 da:
298 2800 540 2856 studium
577 2801 806 2872 spirant.

510 2918 590 2972 Ex
622 2920 1047 2986 Scltmnemamto,
1081 2920 1253 2985 tom.l,
1278 2940 1329 2991 p.
1361 2921 1486 2977 506.

256 3030 504 3091 Siricius.
533 3032 826 3098 Romanus,
858 3041 1009 3102 patre
1060 3048 1219 3088 natus
1245 3034 1511 3101 Tiliurtio,
1540 3035 1767 3104 primum

181 3121 441 3176 Ιιοιιιιιιιςυ
468 3124 715 3178 ecclesize
740 3127 1044 3195 presbyter,
1068 3126 1264 3179 deinde
1292 3125 1523 3179 Damaso
1554 3137 1767 3181 nnirtuo

178 3228 271 3266 an.
306 3212 433 3277 584,
463 3215 749 3283 episcopus
783 3216 1036 3270 Romana:
1067 3215 1210 3269 sedis
1240 3220 1445 3271 electus
1487 3226 1569 3270 est
1621 3226 1764 3272 tanta

176 3305 397 3374 quidem
444 3320 755 3363 cunctormn
798 3309 1171 3377 suffragiorum
1209 3309 1496 3363 concordia
1523 3351 1535 3372 ,
1568 3320 1624 3362 ιιι
1663 3310 1763 3364 hoc

178 3400 297 3466 ipso
320 3400 499 3453 statim
532 3401 602 3455 de
652 3403 959 3470 integritate
1008 3419 1069 3457 ac
1114 3402 1403 3457 virtutibus
1451 3404 1761 3473 przejudicio

177 3490 585 3545 Valentinianus
608 3492 907 3563 imperator
928 3496 976 3548 ei
1021 3495 1425 3561 conciliaretur,
1462 3507 1514 3548 ιιι
1542 3494 1756 3565 quidem

173 3583 403 3636 Piniano
439 3584 591 3639 Praef.
629 3586 666 3641 U
698 3587 764 3641 de
794 3588 910 3655 ejus
951 3588 1223 3641 electione
1252 3588 1562 3642 rescribeus
1596 3596 1758 3639 testa-

172 3683 260 3726 tus
306 3684 390 3727 est
441 3676 522 3728 bis
562 3676 740 3729 verbis
789 3694 802 3728 :
857 3676 1141 3742 Quoniam,
1195 3678 1405 3745 inquit,
1462 3678 1756 3745 religiosum

170 3764 423 3815 Siricium
470 3767 745 3819 antistitem
791 3767 1076 3819 sanctitatis
1102 3768 1175 3820 sic
1204 3784 1423 3836 prmesse
1471 3770 1754 3821 sacerdotio

170 3855 442 3918 coluerint,
469 3867 522 3908 ut
555 3855 792 3909 Ursinum
818 3859 1101 3928 improbum
1128 3861 1578 3912 accltmtutimiibus
1601 3862 1756 3914 rio/a-

164 3957 313 4011 rent;
354 3959 541 4015 nostro
587 3964 703 4001 cum
743 3950 931 4018 gaudio
979 3961 1284 4003 memoratus
1328 3953 1596 4018 epismpus
1649 3952 1755 4015 ipse

163 4048 464 4106 permaneat
499 4057 510 4091 :
546 4040 793 4108 siquidem
827 4058 1063 4109 maguum
1093 4043 1395 4095 imtoceutiw
1423 4060 1483 4095 ac
1528 4044 1754 4112 probita-

160 4129 227 4180 tis
256 4130 546 4197 exentplunt
571 4142 643 4183 est
674 4133 725 4183 in
758 4149 860 4184 una
899 4133 1263 4185 acclamatione
1290 4142 1335 4184 et
1368 4135 1537 4201 ipsum
1568 4134 1684 4203 eligi
1704 4143 1752 4187 et

158 4231 377 4272 (releras
420 4222 719 4289 improbari.
747 4222 851 4277 Nec
878 4222 1047 4278 defuit
1080 4223 1201 4276 huic
1248 4224 1633 4276 existimationi
1666 4223 1751 4277 Si—

158 4311 330 4363 ricius
375 4309 502 4363 Nam
527 4326 648 4365 cum
674 4327 701 4364 a
732 4326 920 4366 natura
951 4313 1083 4367 mite
1111 4314 1161 4367 ci
1201 4314 1474 4384 ingenium
1523 4316 1743 4382 inesset,

159 4403 326 4469 idque
378 4403 571 4472 insigni
613 4416 821 4457 morum
852 4406 1199 4474 simplicitate
1230 4407 1600 4477 conjunctum,
1637 4419 1745 4464 tum

156 4496 363 4550 nemini
414 4496 870 4564 praadccessttrum
902 4512 1121 4552 suorum
1165 4502 1439 4570 vigilantia
1489 4514 1542 4558 et
1568 4505 1746 4559 studio

154 4583 289 4638 ﬁdei
324 4588 601 4640 catholica:
632 4598 687 4642 et
714 4588 1010 4658 disciplina:
1051 4591 1433 4647 ecclesiastica:
1463 4596 1742 4650 servandae

152 4676 485 4745 tumideque
513 4680 809 4735 secundum
836 4696 895 4736 se
926 4682 1089 4737 videri
1122 4698 1314 4753 passus
1334 4697 1437 4740 est.
1492 4690 1663 4758 Atque
1686 4691 1737 4743 in

147 4766 279 4835 ipso
305 4772 488 4821 statim
525 4774 765 4826 muneris
790 4773 1013 4828 introitu
1046 4775 1343 4845 disciplina:
1362 4780 1739 4837 ecclesiastica:

147 4872 283 4912 cura
308 4874 428 4913 eum
454 4863 752 4932 occupavit.
782 4865 993 4920 Etenim
1035 4867 1308 4923 Ilimerius
1338 4871 1576 4941 quidam,
1607 4873 1737 4927 Tar-

147 4954 473 5009 raconensis
500 4958 801 5025 cpisc0pus,
832 4959 898 5012 de
940 4961 1104 5014 variis
1128 4963 1474 5019 ecclesiarum
1511 4967 1562 5019 in
1618 4966 1735 5021 His-

144 5048 310 5117 pania
371 5051 858 5105 consuetudinibus
906 5054 1113 5108 consilii
1168 5056 1403 5113 incertus
1445 5059 1731 5115 Damasum

144 5153 248 5205 per
266 5138 473 5194 litteras
511 5142 941 5213 interrogaverat
959 5146 1297 5216 consilioque
1328 5151 1430 5205 sibi
1457 5152 1734 5208 subveniri

148 5236 440 5295 aptaverat
468 5247 481 5296 ;
509 5232 704 5301 quibus
752 5232 847 5287 illo
880 5220 1097 5289 interim
1126 5248 1342 5293 mortuo
1389 5241 1453 5295 ad
1485 5242 1738 5297 Siriciutn

140 5320 373 5391 perlatis
404 5333 698 5394 coactaque
742 5326 973 5381 aliorum
1006 5328 1385 5398 episcoporum
1418 5343 1469 5387 et
1513 5335 1737 5405 presby-

141 5421 387 5465 terorum
413 5428 634 5469 suorum
659 5418 866 5489 synodo
888 5420 1181 5488 recognitis
1206 5438 1271 5476 ex
1301 5428 1569 5480 communi
1606 5442 1732 5498 syn-

135 5503 230 5557 odi
263 5504 533 5559 sententia
572 5507 639 5561 ab
663 5524 729 5563 eo
754 5526 1072 5579 reSponsum
1102 5524 1204 5577 est,
1235 5516 1309 5569 ita
1356 5529 1532 5573 tamen
1564 5529 1639 5582 ut,
1674 5520 1727 5575 ni

133 5611 167 5649 ε
196 5598 588 5654 communione
610 5602 823 5673 collegii
851 5606 1003 5661 istius
1026 5612 1296 5677 segregari
1329 5609 1512 5677 vellet,
1543 5612 1611 5668 ab
1642 5628 1722 5668 ea.

214 5803 291 5881 (ii)
319 5801 377 5881 in
404 5802 734 5881 appendad
751 5802 945 5860 Leonis
968 5804 1038 5881 Μ.
1069 5820 1232 5881 opera
1262 5808 1393 5881 diss.
1433 5808 1515 5866 15.

213 5871 291 5950 (b)
318 5871 373 5931 in
406 5871 662 5947 singulari
684 5876 899 5933 dissert.
947 5878 1014 5933 de
1050 5871 1281 5937 co'ncilio
1307 5879 1615 5954 Telcptensi
1641 5881 1733 5940 ad-

1604 408 2134 467 PROLEGOMENA.

1828 527 1877 587 Α
1903 525 2024 580 dem
2057 525 2316 582 recedere
2337 524 2739 595 prohiberetur.
2768 526 2915 581 llaud
2938 526 3105 583 multo
3124 534 3313 597 postea
3337 526 3395 582 Pi
3411 528 3483 583 is-

3345 414 3484 472 “18

1898 619 2099 672 cilliani
2123 633 2339 674 errores
2378 617 2431 672 in
2459 618 2630 673 Gallia
2668 620 2828 674 latius
2852 623 3023 692 spargi
3064 622 3263 676 certior
3288 621 3478 688 factus,

1900 709 2191 765 Maximum
2225 720 2519 783 tyrannum
2545 713 2768 780 imperio
2797 728 2913 767 eam
2937 725 3061 768 tunc
3083 725 3362 767 tenentem
3394 729 3486 782 per

1900 802 2102 858 litteras
2119 804 2357 859 incitavit
2374 817 2428 859 et
2455 806 2757 874 impetravit
2779 807 2961 869 etiam,
2986 819 3041 861 ut
3063 823 3161 863 nec
3186 808 3359 874 ipsum
3380 823 3481 862 sea

1898 896 1999 950 ﬁde
2027 897 2289 952 catholica
2327 898 2511 953 seduci
2553 909 2825 967 pateretur
2860 909 2914 953 et
2946 899 3475 954 I’riscillianistarnm

1893 990 2163 1045 licentiam
2196 994 2535 1063 reprimeret.
2572 992 2727 1058 Quod
2768 993 3109 1048 l’riscilliano
3159 994 3379 1063 quidem
3428 1002 3484 1048 et

1894 1067 2474 1136 nonnullissociorum
2508 1084 2626 1151 ejus
2671 1083 2835 1137 exilio
2866 1084 2983 1149 fuit,
3018 1100 3113 1139 nec
3144 1098 3319 1137 tamen
3348 1086 3479 1140 doc-

1895 1173 2085 1227 trinam
2118 1190 2304 1227 eorum
2337 1176 2475 1229 intra
2510 1178 2774 1231 arctiores
2817 1177 2950 1230 ﬁnes
2993 1176 3251 1235 cohibere
3284 1176 3476 1244 potuit.

1893 1265 2062 1321 Porro
2089 1282 2236 1321 anno
2258 1270 2363 1324 589
2394 1268 2743 1322 Jovinianum
2776 1270 3017 1340 synodali
3049 1271 3317 1324 si-ntcntia
3340 1271 3483 1324 dam-

1891 1359 2040 1412 navit
2068 1370 2228 1429 atque
2258 1360 2389 1414 urbe
2444 1361 2606 1414 etiam
2638 1362 2846 1428 expulit
2874 1370 2929 1415 et
2982 1360 3340 1416 Mediolanum
3398 1363 3479 1416 ftt-

1888 1452 2124 1521 gientem
2153 1452 2346 1506 litteris
2374 1452 2440 1506 ad
2470 1454 2813 1507 Ambrosium
2857 1464 3192 1521 ca~terosque
3226 1455 3294 1507 ibi
3348 1468 3478 1508 con-

1887 1552 2141 1613 gregatos
2161 1544 2447 1613 episctqios
2475 1547 2787 1607 antevertit,
2816 1561 2884 1599 ne
2909 1546 2992 1599 vel
3018 1548 3161 1614 ipsos
3191 1548 3269 1600 vel
3296 1546 3476 1601 Theo-

1888 1635 2099 1688 dosium
2159 1634 2229 1688 ibi
2286 1646 2713 1689 connnorantem
2771 1651 2932 1690 causa
2987 1637 3240 1690 simulata
3289 1639 3475 1693 fallere

1889 1737 2087 1795 posset.
2133 1728 2371 1797 lniqnius
2394 1743 2453 1782 se
2478 1730 2647 1799 gessit
2702 1731 2751 1783 ιιι
2805 1728 3135 1794 Flavianum,
3169 1730 3473 1784 Antiochia:

1887 1818 2219 1887 episcopum,
2244 1834 2477 1889 quorum
2509 1830 2629 1889 post
2659 1831 2889 1875 mortem
2914 1820 3126 1874 Paulini
3156 1821 3294 1875 adeo
3323 1837 3470 1876 com-

1810 1906 2194 1966 Bmunionem
2252 1911 2453 1965 habere
2507 1911 2824 1975 recusabat,
2878 1922 3039 1981 atque
3082 1913 3479 1983 Theodosium,

1883 2016 2203 2071 quamquam
2239 2003 2456 2067 frustra,
2492 2018 2655 2072 super
2696 2020 2760 2057 co
2793 2004 2862 2058 de
2906 2005 3208 2058 Antiochia:
3258 2023 3469 2073 cpisco-

1883 2102 2005 2160 patu
2058 2094 2431 2147 snlnnovendo
2487 2095 2849 2158 Sollicitavit,
2912 2098 3203 2165 paucisque
3248 2098 3465 2151 tlcnmm

1880 2194 2003 2238 ante
2037 2186 2160 2239 vitte
2203 2184 2359 2239 linem
2388 2187 2662 2240 mensibus
2712 2186 3081 2257 Cbryso~tomi
3118 2198 3232 2242 arte
3278 2198 3467 2255 captus

1878 2291 1998 2329 cum
2024 2292 2088 2330 eo
2112 2278 2548 2331 communicavit.
2576 2278 2935 2345 Quamobrem
2970 2279 3035 2332 de
3083 2279 3273 2332 Bonosi
3302 2295 3462 2334 causa

1878 2370 2200 2422 sententiam
2233 2367 2372 2423 ferre
2421 2372 2777 2433 recusaverit,
2812 2386 2915 2423 non
2947 2370 3134 2438 liquet.
3186 2370 3331 2426 Obiit
3373 2371 3461 2426 die

1876 2458 1911 2512 2
1940 2458 2281 2524 Novembris,
2314 2472 2462 2515 certe
2491 2462 2590 2515 sub
2618 2460 2778 2515 ﬁnem
2812 2480 2861 2513 a.
2894 2476 3172 2516 cccxcvnt.

1947 2628 2233 2686 SCRIPTA
2267 2674 2280 2697 ,
2322 2632 2413 2687 ET
2463 2632 2700 2688 EORUM
2742 2634 3119 2702 EDITIONES,
3159 2634 3380 2691 SIRICII

2556 2725 2777 2779 I’APJS.

2232 2853 2314 2908 Ex
2336 2855 2764 2925 Scltwnemamto,
2805 2860 2889 2913 ubi
2914 2875 3092 2929 supra.

2516 2994 2562 3042 1.
2599 2993 2807 3057 Scripta.

1941 3133 2247 3201 Supersunt
2277 3133 2526 3204 Epistola:
2570 3137 2743 3191 Siticii
2793 3155 2904 3203 scr,
2955 3156 3278 3208 quamquam
3312 3141 3453 3197 haud

1869 3240 2058 3278 omnes
2089 3224 2191 3279 (ide
2221 3226 2353 3280 satis
2379 3240 2520 3280 certa
2550 3230 2598 3283 ei
2631 3230 2807 3284 all‘erri
2842 3246 3001 3300 posse
3037 3233 3341 3287 vidcantur.

1939 3315 2140 3381 Prima,
2184 3318 2251 3371 ad
2308 3317 2602 3372 Himerium
2648 3321 3077 3377 Turracoueusem
3132 3325 3449 3395 episwpum,

1864 3412 2095 3464 maxime
2120 3411 2373 3476 celebris,
2405 3414 2545 3481 qttod
2594 3414 2763 3482 ptima
2795 3425 2900 3480 est,
2933 3427 3081 3470 certe
3109 3419 3301 3485 prima,
3330 3434 3451 3486 qua:

1860 3502 1923 3555 ad
1955 3517 2052 3555 nos
2106 3505 2370 3571 pervenit,
2428 3508 2778 3574 epistularum
2829 3507 3205 3573 decretalimn,
3254 3511 3451 3577 quibus

1861 3593 2087 3648 Romani
2135 3598 2395 3664 praesules
2442 3595 2507 3650 ad
2537 3597 2875 3651 diversarum
2926 3599 3283 3654 ecclesiarum
3317 3616 3447 3655 con-

1858 3688 2179 3741 snltationcs
2200 3689 2616 3756 responderunt.
2647 3690 2855 3761 Scripta
2889 3692 3004 3760 ipso
3046 3708 3187 3745 anno
3215 3694 3446 3749 eli-ctio-

1857 3780 1939 3833 nis
1972 3781 2089 3846 ejus
2109 3778 2235 3835 585.

1928 3873 2198 3939 Secunda,
2228 3876 2295 3926 ad
2317 3875 2565 3945 .lnysium
2591 3874 3092 3930 Tltessalmiiccuscnt
3123 3879 3437 3949 episcopum.

1856 3964 2093 4034 Tempus
2121 3975 2270 4019 certo
2301 3966 2512 4019 definiri
2562 3968 2764 4036 nequit.
2794 3968 2965 4036 l’rnpc
3006 3978 3185 4023 tamen
3220 3974 3437 4025 missam

1856 4070 1977 4111 esse
2014 4068 2251 4123 constat,
2285 4066 2572 4126 antequam
2604 4059 2670 4110 de
2703 4059 2898 4111 Bonosi
2930 4074 3092 4111 causa
3144 4061 3437 4128 quidquam

1858 4150 2040 4203 ltomie
2072 4150 2368 4204 inauditum
2396 4161 2570 4214 esset;
2598 4152 2829 4221 alioquin
2861 4152 2928 4203 de
2956 4167 3018 4206 ea
3045 4152 3296 4207 Siriciutn
3329 4170 3436 4210 non

1853 4242 2138 4294 taciturum
2169 4242 2358 4306 fuisse,
2396 4253 2540 4310 putat
2572 4241 2921 4297 Constantius
2956 4262 2967 4295 :

1928 4351 1947 4383 ι
1976 4331 2085 4386 Nec
2117 4334 2411 4397 immerito,
2461 4336 2652 4404 inquit,
2707 4337 2770 4389 ad
2813 4354 3017 4392 annum
3050 4338 3157 4393 585
3183 4341 3430 4395 retuleri-

1853 4440 1972 4478 mus
2000 4425 2209 4480 litteras
2264 4426 2383 4480 illas
2413 4427 2602 4496 quibus
2657 4428 2883 4485 Siricius
2930 4430 3156 4501 Anysio,
3208 4449 3323 4502 qum
3380 4435 3430 4488 in

1849 4514 2044 4586 illyrici
2074 4518 2322 4572 ecclesiis
2370 4529 2706 4587 gererentur.
2737 4523 3107 4591 eogtiosccnda
3141 4525 3431 4579 cinnmise-

1850 4617 1952 4661 rat.
1986 4628 2004 4660 ι
2041 4608 2133 4663 Ille
2166 4623 2294 4664 vero
2319 4609 2418 4663 ltas
2446 4612 2713 4666 secundas
2740 4616 2903 4677 misit,
2933 4628 3056 4666 cum
3079 4654 3091 4676 ,
3133 4623 3307 4668 utrum
3341 4631 3429 4669 ac-

1850 4709 2023 4769 ceptze
2049 4712 2227 4755 essent
2258 4702 2471 4771 primae,
2522 4706 2746 4758 necdum
2778 4708 2979 4759 rescire
3020 4708 3301 4776 potuisset.
3354 4707 3429 4762 Ex

1848 4807 1956 4860 qtto
1983 4807 2319 4862 consequens
2367 4803 2469 4861 est,
2502 4797 2642 4865 quod
2674 4798 2788 4851 ista:
2834 4798 3087 4854 secunda:
3125 4801 3312 4853 saltem
3360 4801 3428 4855 ad

1846 4897 1896 4936 a.
1928 4882 2033 4937 586
2061 4886 2384 4952 pertineant.

1916 4976 2120 5042 Tertia,
2150 4978 2218 5030 ad
2240 4980 2501 5047 episcopus
2533 4981 2740 5049 Alricw.‘
2765 4981 2881 5035 Scr.
2915 4997 2964 5034 ιι.
2994 4982 3119 5037 586.
3141 4982 3197 5037 d.
3229 4998 3277 5036 γι
3302 4982 3421 5037 Jan.

1844 5067 2043 5123 Metttio
2079 5069 2196 5138 ejus
2221 5071 2329 5139 jaut
2364 5075 2500 5139 apud
2548 5071 2871 5126 Ferrmtdttm
2904 5073 3045 5127 diae.
3104 5076 3155 5128 in
3208 5075 3424 5127 Brevia-

1844 5159 1993 5213 tione
2015 5174 2281 5214 canonum
2312 5173 2415 5215 art.
2442 5164 2493 5226 (i,
2530 5163 2650 5224 130,
2690 5164 2785 5218 158
2818 5176 2865 5218 et
2906 5164 3021 5231 174,
3052 5174 3242 5219 exstat.
3276 5169 3424 5219 Atta-

1840 5266 1964 5304 men
2000 5254 2278 5308 veritatem
2313 5257 2431 5323 cjus
2459 5256 2509 5309 in
2540 5256 2760 5311 dubium
2802 5272 3059 5312 vocarunt
3100 5258 3421 5326 ltloudcllus,

1842 5340 2224 5411 I’apebrocltitts
2252 5345 2473 5415 aliique,
2506 5351 2840 5418 argnttu-ntis
2864 5361 3044 5403 autem
3075 5352 3422 5405 validissimis

1841 5434 2169 5499 Qucsnellius
2198 5436 2298 5508 (ll).
2346 5439 2493 5506 Quos
2526 5451 2711 5493 eontra
2758 5441 2873 5495 ιιιὶιί
2906 5451 3029 5495 sunt
3075 5444 3419 5497 Scite/struteu

1832 5536 1884 5579 et
1910 5525 2159 5582 Baluzius
2182 5528 2285 5599 (b);
2317 5533 2625 5599 neutiquam
2648 5540 2826 5585 tamen
2853 5534 2918 5586 ab
2937 5534 3080 5586 otnni
3108 5532 3415 5600 suspicione

1829 5631 1859 5670 a
1887 5617 2196 5685 Qucsnellio
2222 5620 2416 5689 injecta
2439 5622 2669 5678 liberare
2695 5633 3002 5693 potuerunt.

1843 5829 2028 5871 versus
2058 5816 2330 5886 Quesncll.
2380 5821 2445 5875 ad
2479 5825 2676 5879 calcem
2718 5826 2808 5879 ed.
2862 5828 2977 5883 libri
3019 5828 3080 5880 de
3125 5822 3405 5881 Concordia

1843 5888 2111 5943 sacerdotii
2141 5902 2184 5945 et
2205 5892 2406 5967 imperii
2432 5910 2615 5951 recu-a
2653 5898 2810 5967 1706,
2839 5917 2888 5973 p.
2921 5899 3074 5957 1559.
