3874 6456
157 438 284 495 ’1121

153 646 219 701 ad
263 647 522 715 Anysittm
573 647 1119 702 Thessalonicensem
1165 649 1462 703 antistitem
1510 649 1744 714 littertc,

153 740 470 795 Candidiaui
521 741 755 810 episcopi
806 755 969 808 Opera
1018 742 1263 812 perlatre,
1293 745 1486 814 quibus
1517 743 1747 800 Siricios

154 833 359 904 Anysio
390 848 516 888 suas
550 850 642 900 per
666 834 935 906 Illyricum
975 837 1122 890 vices
1149 839 1523 893 committebat
1547 838 1745 910 (Epist.

154 925 229 994 tv)
255 967 270 989 ,
297 926 722 995 nominatimque
747 929 1113 995 przccipiebat,
1135 930 1266 984 utin
1297 931 1406 985 illis
1432 932 1746 999 regionibus

153 1018 284 1071 nulli
334 1020 619 1088 episcopos
664 1019 920 1076 ordinare
951 1021 1055 1076 nisi
1083 1037 1204 1077 cum
1248 1023 1420 1091 ipsius
1471 1037 1746 1082 consensu

154 1105 363 1164 liceret.

917 1205 1005 1261 IV.

229 1334 281 1388 4.
305 1335 428 1391 Post
465 1354 587 1391 arm.
610 1337 715 1394 586
746 1339 921 1393 Siricii
953 1340 1016 1393 de
1047 1337 1440 1394 Ithacianorum
1473 1359 1628 1397 causa
1663 1342 1748 1396 lit-

156 1436 300 1480 teraz.
335 1458 402 1470 -—
431 1428 687 1495 ltltacius,
715 1440 770 1485 ttt
797 1433 934 1501 apud
975 1433 1272 1499 Sulpicium
1320 1434 1580 1489 Severum
1614 1437 1748 1504 legi-

152 1527 258 1582 tur,
284 1521 666 1588 Sussubensis,
697 1539 790 1577 seu
823 1527 999 1592 potius
1022 1525 1424 1582 Ossonobensis
1451 1527 1503 1581 in
1538 1527 1749 1582 Lusita-

151 1611 240 1665 nia
292 1612 602 1679 episcopus,
658 1616 1060 1669 incottsidct-ato
1107 1619 1370 1672 adversus
1421 1618 1745 1672 Priscilliani

151 1702 406 1758 htcrttsim
437 1706 618 1758 studio
650 1706 928 1772 abreptus,
959 1709 1096 1776 aptttl
1135 1709 1418 1763 Maxitttttm
1449 1712 1748 1777 imp-rato-

148 1806 267 1845 reut
298 1793 576 1856 clTecerat,
613 1805 668 1848 ιιι
696 1795 932 1860 pritnarii
963 1797 1183 1852 llLBI’CSlS
1218 1801 1372 1866 hujus
1405 1801 1569 1854 duces
1597 1817 1739 1856 anno

148 1884 256 1940 383
288 1897 458 1940 morte
492 1887 834 1956 punirentur.
883 1889 1196 1958 llojusmodi
1241 1892 1433 1960 agendi
1469 1894 1740 1949 ratiooem

147 1979 216 2031 ab
247 1979 558 2047 evangelica
586 1982 699 2049 lege
724 1981 1144 2050 abhort'erejam
1173 1995 1382 2038 notarat
1409 1985 1582 2040 Julius
1611 2004 1744 2056 papa

146 2081 203 2126 et
233 2070 550 2125 Eusebiauis
581 2074 824 2127 eaunletn
872 2078 1175 2128 tenentibus
1219 2077 1511 2144 scripserat
1548 2075 1742 2148 (Epist.

151 2178 193 2227 ι,
222 2162 388 2227 p.99.)
418 2180 427 2214 :
461 2183 476 2211 ι
503 2162 544 2215 0
568 2163 771 2226 dilecti,
801 2180 902 2216 non
925 2164 1033 2234 jam
1059 2167 1523 2235 ecclesimjudicia
1555 2185 1746 2222 secun-

151 2256 280 2310 dum
321 2255 692 2326 Evattgelitttn,
719 2256 809 2309 sed
836 2257 899 2310 ad
931 2260 1100 2311 exsilii
1132 2273 1192 2312 ac
1226 2262 1412 2313 mortis
1446 2276 1630 2327 poenas
1659 2260 1748 2314 tle-

149 2357 473 2401 Cernttntnr.
515 2368 528 2399 ι
572 2348 833 2416 Quocirca
887 2351 1056 2403 sancti
1106 2360 1159 2404 et
1189 2352 1436 2406 Catholici
1469 2355 1745 2422 episcopi,

151 2440 378 2494 crudele
405 2439 586 2494 ltltacii
621 2456 681 2493 ac
706 2444 977 2495 sociorum
1006 2445 1213 2496 facinus
1237 2453 1606 2508 exsecrantes,
1628 2461 1747 2500 Cum

154 2529 435 2599 ipsorum,
480 2541 588 2585 ιιιιιι
625 2531 841 2596 Felicis,
875 2533 965 2599 qui
999 2535 1062 2585 ab
1095 2534 1283 2589 itSdt'n]
1313 2553 1453 2587 anno
1484 2537 1589 2590 580
1614 2537 1748 2593 'l're-

155 2636 413 2676 verorum
439 2625 730 2691 cpiscopus
761 2624 1041 2678 ordinatus
1073 2625 1272 2688 fuerat,
1315 2627 1588 2682 communi
1615 2644 1750 2683 mem

155 2717 536 2782 repudiarunt.
564 2719 687 2771 Erat
716 2719 928 2785 quidem
963 2718 1136 2780 l-‘eliv,
1170 2731 1305 2774 teste
1336 2721 1576 2787 Sulpicio
1610 2720 1746 2789 (Lib.

156 2819 192 2860 tt
240 2805 340 2860 ιλιι.
372 2807 431 2861 S.
462 2806 666 2875 Mart),
703 2809 783 2860 vir
815 2809 1210 2871 sanctissimus,
1255 2819 1309 2864 et
1353 2811 1508 2878 plane
1557 2811 1754 2880 dignus

151 2899 246 2967 qui
279 2899 487 2951 meliori
517 2903 1034 2967 teutpuresacerdos
1067 2902 1216 2956 ﬁeret
1251 2920 1261 2954 :
1295 2903 1386 2956 sed
1413 2918 1533 2958 cum
1565 2903 1632 2959 ab
1663 2905 1752 2969 iis,

152 2991 247 3058 qui
279 2990 464 3045 lthtcii
497 3007 555 3043 ac
587 2994 856 3046 sociorum
905 2992 1144 3049 facinora
1195 2995 1598 3064 improbabant,
1634 3013 1756 3066 pro-

157 3082 278 3136 bari
310 3098 413 3138 ιιοιι
443 3093 626 3152 posset
647 3086 762 3151 ejus
791 3085 1080 3150 ordinatio,
1118 3087 1242 3142 binc
1275 3100 1454 3141 natum
1483 3099 1564 3143 est
1586 3090 1757 3145 sirltis-

156 3193 273 3231 ma.
309 3177 476 3244 llujtts
498 3179 856 3248 componendi
903 3181 1070 3247 gratia
1106 3181 1322 3245 scripsit
1345 3182 1573 3235 Siricius
1608 3184 1757 3238 litte-

155 3285 287 3329 ras.
339 3285 456 3338 qua:
511 3271 560 3324 in
591 3272 822 3325 concil.o
870 3270 1194 3327 Taurinensi
1236 3273 1372 3327 circa
1420 3289 1617 3326 annum
1648 3273 1753 3330 398

161 3361 353 3416 habitu
381 3377 500 3416 ean.
524 3362 579 3426 6,
605 3373 976 3416 memorantur
999 3379 1059 3417 ac
1086 3365 1380 3432 probantur
1403 3365 1453 3417 ιιι
1483 3365 1623 3417 hunc
1643 3381 1754 3418 mo-

152 3453 293 3508 dum
330 3476 340 3507 :
382 3475 397 3502 ι
434 3453 567 3508 111ιιι1
600 3468 859 3521 ρτίῐειριρτι
888 3456 1132 3510 decrevit
1176 3467 1362 3511 sancta
1393 3457 1668 3525 synodus,
1703 3467 1760 3513 ttt

153 3545 422 3614 quoniam
447 3546 648 3614 legatos
681 3549 921 3616 episc0pi
967 3547 1262 3602 Galliarum
1294 3549 1382 3616 qui
1417 3548 1584 3603 Felici
1612 3564 1760 3605 com-

155 3637 446 3690 muuicaut
477 3638 837 3699 destinarant,
866 3639 909 3692 si
936 3643 1024 3708 qui
1051 3640 1118 3693 ab
1149 3642 1263 3708 ejus
1285 3644 1670 3695 communione
1703 3657 1759 3696 se

155 3730 836 3798 voluerintscqttestrare.
884 3730 934 3784 itt
986 3743 1184 3785 nostrm
1234 3733 1388 3799 pacis
1426 3733 1760 3787 COllSHI'llllm

159 3826 560 3892 suscipiantur,
585 3827 738 3895 juxta
762 3825 967 3880 litteras
992 3828 1318 3882 venerabilis
1338 3831 1612 3884 memoria:
1636 3832 1764 3883 Am-

163 3917 335 3970 brosii
366 3916 630 3986 episcopi,
673 3919 756 3972 vel
780 3919 1035 3973 Rontanm
1064 3921 1311 3975 ecclesiae
1342 3922 1638 3977 sacerdotis
1665 3922 1764 3976 du-

158 4007 299 4064 dum
327 4007 485 4072 latas,
526 4025 644 4079 qum
676 4009 726 4062 in
757 4010 990 4065 concilio
1024 4013 1214 4081 legatis
1244 4013 1603 4082 praesentibus
1631 4013 1767 4068 reci-

156 4108 297 4155 tatzc
329 4111 473 4153 sunt.
512 4121 529 4152 ι
559 4099 665 4156 llas
692 4113 873 4157 autem
909 4104 1115 4158 litteras
1144 4104 1215 4158 ita
1250 4105 1446 4158 dudum
1471 4115 1594 4160 ante
1621 4105 1763 4160 Tau-

156 4195 393 4248 rinettse
417 4197 705 4250 (‘OllCllillm
741 4197 932 4251 missas
963 4211 1083 4252 esse
1111 4199 1521 4254 comedendum
1555 4209 1636 4254 est
1663 4239 1676 4262 ,
1712 4208 1767 4254 ut

159 4302 271 4342 nec
305 4302 506 4342 annum
539 4289 644 4344 586
666 4289 1013 4355 antecedant,
1045 4305 1165 4346 cunt
1205 4290 1403 4346 Felicis
1430 4290 1768 4346 ordinatione

159 4379 286 4435 sint
321 4381 674 4449 posteriores.

982 4494 1040 4546 ι’.

243 4631 303 4688 5.
356 4631 580 4687 Siricitts
604 4631 922 4686 conditiones
952 4629 1236 4696 prtescribit
1278 4629 1459 4699 quibus
1488 4645 1591 4696 pax
1623 4628 1766 4682 Pris-

1526 439 2056 498 PROLEGOMENA.

153 552 494 622 pontiﬁcatus
533 553 710 610 Siricii
745 552 1006 624 principia
1048 553 1366 611 differenda:
1411 563 1536 610 sunt
1579 557 1746 626 ipsius
1776 565 1826 624 Α

3301 447 3441 503 1122

2563 557 2651 613 γι.

1923 649 1976 703 6.
2019 649 2164 703 Λιιηο
2181 647 2306 706 392.
2343 648 2519 719 Anysii
2536 658 2582 702 et
2601 647 2859 701 sociorum
2882 648 2948 701 ad
2968 647 3211 702 Siricium
3233 649 3439 704 Iittcrtr.

1849 741 2178 809 —Capuana
2207 742 2449 814 synodus
2473 742 2670 796 Bonosi
2694 740 3037 797 Sardicensis
3062 743 3327 811 episc0pi,
3353 743 3446 811 qui

1850 834 2124 888 haereseos
2153 833 2534 898 accusabatur,
2569 847 2790 889 causam
2823 833 3029 906 Anysio
3062 835 3290 902 aliisque
3315 833 3442 905 Illy-

1849 924 1946 979 rici
1978 926 2247 995 episcopis
2272 927 2705 995 cognoscendam
2738 924 3015 995 delegarat
3037 925 3232 994 (Epist.
3259 931 3310 990 9,
3335 927 3430 980 n.l

1847 1028 1896 1072 et
1919 1017 1996 1086 5).
2033 1017 2092 1070 lli
2121 1034 2250 1074 vero
2281 1032 2380 1072 seu
2403 1032 2584 1072 causa:
2617 1015 2992 1087 magnitudine
3026 1018 3297 1082 deterriti,
3347 1031 3446 1072 seu

1849 1122 1963 1178 prae
2008 1096 2269 1164 modestia
2301 1119 2356 1163 et
2396 1109 2651 1174 singulari
2691 1123 2822 1178 erga
2866 1109 3049 1162 sedent
3094 1109 3446 1178 apostolicam

1849 1199 2216 1264 observantia,
2249 1201 2315 1254 ad
2351 1201 2604 1255 Siricium
2652 1205 2921 1254 miserunt
2963 1199 3192 1263 litteras,
3249 1200 3446 1268 quibus

1850 1292 2018 1360 ipsius
2046 1291 2113 1346 de
2167 1292 2260 1345 illo
2305 1293 2561 1361 episcono
2618 1294 2944 1346 sententiam
2991 1291 3441 1346 sciscitabantur.

1851 1383 2049 1439 Iisdem
2075 1383 2270 1438 litteris
2309 1383 2552 1455 quazdatn
2581 1384 3134 1455 atljunxerantgesm,
3195 1383 3444 1438 nornina-

1850 1477 2056 1542 tituque
2077 1476 2238 1530 Basso
2263 1480 2522 1546 episcopo
2549 1478 2603 1530 iit
2627 1478 2960 1531 consortium
2987 1475 3238 1545 regenda:
3267 1477 3445 1529 eccle-

1849 1571 1943 1623 Slil:
1975 1569 2332 1624 Senecionem
2373 1570 2558 1624 datum
2602 1584 2723 1625 esse
2748 1568 3146 1637 signiﬁcabant.
3206 1566 3274 1621 lis
3315 1567 3440 1638 quid

1850 1662 2189 1732 rescripserit
2221 1660 2468 1726 Siricius,
2503 1662 2671 1731 ipsius
2700 1660 2929 1730 epistola
2972 1660 3003 1716 9
3036 1675 3132 1716 nos
3162 1659 3344 1716 docet.

2581 1773 2688 1828 V'll.

1926 1867 1977 1923 7.
2007 1867 2183 1922 Siricii
2212 1870 2396 1924 littera:
2436 1869 2503 1921 ad
2557 1867 2901 1922 Theodosium
2942 1868 3068 1931 imp.
3101 1876 3282 1921 contra
3322 1865 3451 1921 Fla-

1855 1959 2077 2011 vianum.
2111 1959 2599 2020 —-Theodoretus,
2643 1959 2735 2013 lib.
2783 1974 2811 2011 ν
2863 1960 2997 2014 llist.
3049 1961 3211 2025 eccl.,
3260 1973 3307 2014 c.
3352 1959 3445 2026 24,

1852 2060 2034 2106 narrat
2061 2051 2394 2107 simultatem
2426 2067 2545 2120 qua:
2576 2050 2850 2105 Romanos
2877 2049 3017 2106 inter
3051 2061 3106 2106 et
3133 2051 3445 2107 Orientales

1851 2145 2097 2199 ecclesia:
2128 2144 2487 2200 Antiochonte
2531 2148 2826 2203 occasione
2875 2145 3268 2208 intercedebat,
3327 2144 3450 2201 aliis

1853 2235 2098 2302 Paulino,
2131 2237 2249 2289 aliis
2275 2235 2532 2290 Flaviano
2565 2237 2767 2292 Meletii
2794 2240 3096 2292 successori
3117 2237 3446 2302 fatentibus,

1855 2342 1954 2381 nec
1987 2328 2190 2382 Paulini
2221 2343 2394 2384 morte
2422 2340 2741 2385 exstutcuttn
2769 2329 2956 2385 fuisse.
3031 2330 3167 2385 Tum
3203 2330 3346 2385 enim
3396 2330 3450 2385 in

1856 2419 2002 2474 illius
2043 2420 2226 2474 locum
2270 2424 2566 2490 subrogato
2605 2422 2832 2491 Evagrio
2877 2441 2896 2471 ιι
2940 2420 3200 2475 adversus
3244 2419 3455 2476 Flavia~

1857 2527 2007 2570 num.
2049 2533 2065 2560 ι
2101 2512 2271 2582 inquit
2321 2513 2459 2568 idem
2516 2512 2895 2568 Theodoretns
2928 2553 2942 2577 ,
2992 2511 3371 2566 Occidentales
3402 2521 3456 2568 et.

1858 2604 2118 2675 Egyptii,
2157 2624 2174 2653 ι
2206 2603 2498 2659 Theodosii
2531 2604 2876 2673 imperatoris
2903 2605 3127 2658 auribus
3153 2605 3452 2672 subrepere

1858 2703 2152 2750 tentarunt.
2185 2694 2283 2761 Qui
2317 2698 2512 2764 smpins
2542 2697 2940 2761 interpellatus,
2992 2695 3454 2765 Constantinopo-

1857 2789 1948 2842 lim
1973 2803 2095 2842 eunt
2122 2787 2314 2843 accivit
2339 2829 2353 2852 ,
2388 2797 2552 2856 utque
2573 2787 2795 2841 Romam
2825 2786 3266 2856 proﬁcisceretur
3298 2802 3452 2840 tuan-

1859 2878 2024 2933 davit.
2060 2878 2166 2934 Sed
2199 2877 2510 2944 Flavianus,
2541 2894 2663 2934 cum
2698 2888 2752 2934 et
2780 2879 3065 2933 hibernum
3088 2888 3300 2945 tempus
3325 2892 3453 2933 cau-

1861 2981 2008 3027 satus
2039 2980 2205 3036 esset,
2257 2981 2313 3026 et
2350 2972 2566 3026 ineunte
2624 2987 2750 3026 vere
2800 2971 3063 3025 facturum
3093 2986 3151 3025 se
3197 2971 3457 3040 imperata

1863 3061 2228 3132 protuisisSet,
2261 3060 2310 3114 in
2348 3061 2572 3123 tatriam
2604 3076 2857 3116 reversus
2880 3071 2982 3114 est.
3016 3059 3188 3114 Porro
3207 3075 3327 3115 cum
3356 3059 3463 3114 llo-

1865 3169 2038 3208 mana:
2071 3153 2217 3206 urbis
2248 3151 2488 3222 episeopi
2517 3167 2623 3206 non
2658 3154 2834 3206 solum
2886 3152 3231 3206 admirandus
3262 3151 3455 3206 Dama-

1863 3258 1973 3302 sus.
2009 3243 2100 3298 scd
2130 3253 2183 3298 et
2211 3258 2492 3298 successor
2521 3247 2638 3313 ejus
2663 3245 2915 3310 Siricius,
2969 3253 3024 3300 et
3049 3255 3170 3313 post
3199 3245 3452 3298 Siricium

1784 3321 1828 3384 C
1861 3335 2178 3388 Anastasius
2206 3335 2348 3403 pitttn
2381 3339 2767 3402 Imperatorem
2790 3335 2968 3389 acrius
2986 3334 3454 3403 perstrinxissettt,

1861 3425 2009 3479 illttttt
2044 3437 2301 3497 tyrannos
2326 3425 2538 3495 quidem
2572 3467 2584 3488 ,
2641 3427 2730 3496 qui
2763 3426 3025 3481 adversus
3061 3429 3234 3496 ipsum
3277 3427 3458 3483 insur-

1859 3529 2081 3589 gerent,
2109 3520 2415 3588 opprimere
2445 3518 2716 3584 dicentes,
2766 3535 2862 3576 eos
2895 3535 3018 3575 vero
3048 3521 3136 3591 qtti
3167 3521 3272 3590 legi
3300 3519 3457 3576 Chri-

1862 3610 1931 3665 sti
1963 3611 2289 3666 insultarent
2317 3653 2330 3676 ,
2370 3611 2479 3681 pati
2511 3615 2853 3682 tyrannieatn
2878 3612 3282 3668 damnationem
3309 3627 3468 3668 excr-

1862 3714 2067 3771 ceutcs,
2103 3720 2291 3759 rursus
2315 3720 2436 3760 eum
2471 3707 3006 3777 Constantinopolim
3041 3717 3318 3763 evocatum
3340 3748 3353 3774 ,
3398 3717 3459 3764 ut

1862 3795 2085 3851 Romam
2118 3796 2424 3865 navigaret,
2454 3813 2646 3867 cogere
2675 3799 2928 3855 instituit.
2963 3819 2984 3852 μ

1932 3889 1985 3943 8.
2027 3889 2082 3943 In
2119 3888 2303 3944 multis
2330 3889 2548 3959 quidem
2595 3901 2783 3960 peccat
2811 3890 2927 3946 lucc
2953 3891 3281 3949 Theodoreti
3331 3906 3456 3949 nar-

1864 3983 2021 4039 ratio.
2051 3982 2184 4038 Nam
2211 3991 2266 4038 et
2294 3993 2420 4040 ante
2441 3983 2842 4042 ordinationem
2866 3986 3080 4056 Evagrii
3113 3989 3216 4042 vita
3243 3988 3460 4044 functus

1865 4086 1945 4132 est
1981 4077 2256 4140 Damasus,
2281 4087 2337 4131 et
2361 4077 2427 4132 ad
2461 4079 2728 4134 Anastasii
2757 4095 2908 4151 papa:
2932 4089 3173 4150 tempora
3200 4082 3454 4137 Theodo-

1866 4169 1979 4224 sius
2006 4172 2300 4239 imperator
2327 4185 2435 4225 non
2463 4173 2726 4240 pervenit.
2765 4173 2966 4228 Deinde
2989 4189 3054 4230 ex
3089 4174 3357 4229 Ambrosii
3387 4175 3455 4228 ad

1867 4259 2225 4329 Theophilum
2257 4261 2485 4330 epistola
2527 4261 2596 4316 56
2623 4271 2836 4317 constat
2865 4261 3103 4319 Flaviani
3129 4264 3452 4335 Evagriique

1869 4367 2086 4408 causam
2117 4368 2144 4406 a
2172 4352 2381 4424 synodo
2410 4351 2665 4423 Capuana
2713 4369 2818 4409 non
2864 4353 3113 4412 Romano
3165 4358 3421 4427 episcopo
3450 4397 3465 4424 .

1869 4444 1964 4498 sed
1996 4443 2296 4514 Tlteopbilo
2337 4445 2705 4501 Alexandrino
2759 4445 3138 4518 Egyptiisque
3188 4451 3462 4521 episcopis

1871 4535 2037 4590 fuisse
2066 4535 2388 4607 delegatum,
2442 4555 2460 4587 ιι
2488 4536 2632 4606 quod
2683 4538 2862 4592 neutri
2900 4540 3033 4607 parti
3071 4541 3276 4594 sociata
3321 4556 3471 4597 eont-

1873 4629 2149 4690 munione,
2182 4627 2364 4698 aIiQuo
2394 4626 2577 4684 favore
2608 4629 3032 4700 propenderent.
3087 4651 3105 4682 ι
3137 4631 3288 4688 Unde
3347 4648 3467 4688 rur-

163 4725 472 4779 cillianistis
503 4725 768 4778 reddatur.
795 4753 865 4765 —
892 4693 1078 4791 Neque
1112 4721 1176 4776 iis
1202 4693 1368 4777 etiam
1414 4693 1642 4776 Siricius
1672 4719 1765 4775 de-
1802 4693 1848 4753 D
1873 4731 1989 4773 sum
2018 4693 2305 4789 corrigitur
2326 4693 2719 4786 Theodoreius,
2751 4723 2840 4791 qui
2865 4720 3147 4794 [Egyptios
3172 4736 3225 4777 ttt
3253 4722 3465 4780 Flavia-

162 4816 300 4879 fuit,
333 4818 481 4886 quia
515 4817 841 4873 Priscilliani
891 4817 1086 4872 haeresi
1135 4817 1200 4870 ad
1251 4815 1544 4871 Ecclesiam
1589 4813 1771 4870 redire

163 4907 505 4962 voluissent.
563 4908 784 4978 Hispani
817 4911 1017 4980 quippe
1042 4908 1093 4963 io
1118 4909 1287 4978 gestis
1316 4908 1580 4963 Toletano
1605 4923 1619 4961 t
1646 4921 1775 4963 con-

165 5001 311 5058 cilio
341 5000 604 5056 subnexis
631 5002 906 5057 Ambrosii
939 5001 1161 5056 laudant
1184 5003 1396 5057 litteras
1419 5013 1539 5072 post
1567 5003 1773 5057 Caesar-

165 5107 541 5163 augustanum
573 5094 901 5156 concilium,
952 5093 1053 5147 hoc
1099 5103 1220 5159 est,
1255 5103 1374 5160 post
1428 5109 1625 5148 annum
1673 5093 1770 5148 581

166 5187 440 5254 scriptas.
497 5202 558 5241 ac
602 5186 799 5242 deinde
833 5186 1151 5242 Priscilliani
1177 5187 1403 5241 asseclis
1431 5201 1615 5256 pacein
1649 5200 1779 5241 con-

167 5279 481 5337 cedendam
535 5281 879 5349 pollicentur,
918 5299 935 5331 ι
970 5279 1014 5334 si
1043 5280 1633 5349 condcnmassentquae
1657 5294 1780 5347 per-

177 5366 369 5445 perant
401 5385 644 5442 egerant,
680 5383 732 5428 et
766 5373 1085 5442 implessent.
1115 5371 1457 5426 conditiones
1487 5384 1618 5440 quas
1641 5383 1781 5438 pra:-

171 5464 420 5532 scriptas
447 5463 750 5533 (Ambrosii)
795 5465 988 5520 littera:
1022 5464 1388 5528 continebant,
1440 5463 1501 5517 iis
1533 5461 1732 5516 additis
1761 5502 1776 5530 ,

167 5571 304 5625 qure
359 5566 565 5609 sanctae
626 5557 906 5610 memoriae
965 5556 1189 5611 Siricins
1257 5569 1388 5623 papa
1438 5553 1772 5609 suasisset.»

175 5644 340 5704 Unde
365 5645 622 5716 colligere
645 5656 728 5701 est
773 5647 1002 5715 scriptas
1047 5663 1164 5702 esse
1213 5662 1243 5701 a
1292 5645 1488 5701 Siricio
1533 5644 1774 5710 litteras,

171 5737 382 5810 quibus
411 5737 797 5806 pra-scribebat
829 5748 990 5807 atque
1033 5739 1440 5808 suadebatqurc
1482 5751 1508 5790 a
1550 5735 1775 5791 Priscil-

179 5828 423 5886 lianistis
460 5830 764 5898 praestanda
792 5841 969 5897 erant,
1004 5841 1062 5886 ut.
1110 5831 1172 5886 ad
1232 5830 1486 5887 Ecclesiae
1525 5842 1772 5884 commu-

189 5922 410 5980 nionem
442 5921 878 5981 admitterentur.

1874 4826 1944 4866 no
1991 4810 2238 4867 infensos
2271 4822 2645 4881 rtepresentat.
2696 4812 2804 4869 Sed
2851 4813 2902 4869 in
2948 4830 3012 4869 eo
3053 4816 3196 4887 quod
3225 4815 3387 4873 habet
3422 4818 3465 4873 is

1869 4906 2104 4972 scriptor
2130 4905 2196 4960 de
2222 4905 2386 4975 jussis
2427 4907 2798 4975 imperialibus
2827 4922 2858 4962 a
2889 4907 3150 4963 Flaviano
3176 4910 3456 4980 neglectis,

1873 5011 1935 5052 ac
1961 4997 2028 5052 de
2056 4997 2311 5053 facultate
2335 5011 2491 5067 quam
2519 5012 2547 5050 a
2577 4997 2890 5055 Theodosio
2918 5009 2976 5054 ut
3002 4999 3067 5054 ad
3121 5001 3348 5069 patriam
3382 5017 3468 5058 re-

1872 5090 2011 5145 diret
2043 5091 2377 5161 impetravit,
2402 5092 2871 5163 consentitaliqoo
2895 5092 3055 5150 modo
3085 5109 3207 5149 cum
3237 5095 3466 5151 Ambro-

1880 5185 1979 5246 sio,
2006 5185 2096 5252 qui
2132 5184 2442 5239 Flavianum
2473 5203 2491 5236 ι
2514 5200 2612 5240 nec
2640 5186 3012 5254 imperialibus
3045 5188 3279 5244 decretis
3303 5210 3320 5239 ι»
3352 5189 3472 5256 ιιιιί-

1880 5275 1978 5330 bus
2007 5276 2146 5344 apud
2193 5275 2403 5345 judices
2439 5278 2770 5348 prmstitutos
2800 5278 2995 5334 sistere
3043 5294 3101 5335 se
3144 5280 3469 5348 jubebatur,

1885 5385 1904 5418 ι’
1936 5381 2034 5422 nec
2057 5367 2398 5423 sacerdotum
2422 5369 2712 5424 conventui
2757 5371 3095 5440 praesentiam
3119 5374 3201 5424 sui
3235 5369 3411 5427 facere
3447 5391 3465 5421 ι

1880 5459 2138 5525 voluisse,
2164 5461 2331 5516 itntno
2360 5477 2484 5516 eum
2519 5480 2534 5512 ο
2569 5460 2763 5516 iterum
2808 5461 2874 5515 ad
2920 5477 3140 5532 precum
3179 5463 3376 5518 auxilia
3420 5474 3474 5520 et

1881 5549 2238 5617 itnperialittm
2255 5552 2642 5623 rescriptorum
2659 5551 2908 5624 suﬁ‘ragia
2933 5554 3282 5609 remeaviSset
3311 5555 3474 5611 tradit.

1886 5641 2144 5710 (Ambros.
2179 5644 2425 5710 epist.56.
2452 5661 2504 5698 η.
2541 5646 2574 5700 5
2601 5654 2648 5697 et
2679 5645 2760 5710 4).
2788 5643 2943 5700 Tunc
2969 5659 3098 5700 vero
3120 5645 3170 5699 id
3198 5647 3473 5704 accidisse

1891 5735 2244 5800 probabiliter
2263 5736 2570 5802 credamus,
2602 5745 2659 5791 ut
2690 5735 2917 5794 Sirit-ius
2945 5738 3010 5792 de
3036 5737 3198 5792 variis
3217 5738 3322 5794 illis
3347 5739 3472 5794 Fla-

1883 5827 2024 5881 viani
2066 5828 2277 5898 effugiis
2300 5829 2628 5891 admonitus,
2660 5845 2818 5886 acres
2849 5831 3055 5884 litteras
3078 5845 3106 5883 a
3134 5830 3473 5887 'l'beodoreto

1885 5932 2211 5978 memoratas
2258 5921 2324 5978 ad
2371 5922 2736 5980 Theodosium
2767 5922 3072 5995 scripserit,
3114 5923 3305 5994 quibus
3347 5938 3470 5983 eum
