3874 6462
494 428 627 485 1123
1706 424 2023 487 SANCTUS

2180 422 2357 486 lClUS
2395 426 2596 486 PAPA.
3604 440 3619 492 l
3640 438 3710 495 124

482 552 717 611 rogaret,
745 551 804 598 ut
834 544 1129 599 Flavianus
1157 561 1262 602 non
1283 545 1537 612 Romam,
1561 543 1658 600 sed
1692 543 2075 600 Alexandriam
2106 542 2156 603 Α
2184 556 2324 608 cem,
2352 543 2403 598 in
2433 544 2627 614 quibus
2655 541 2787 598 dicit
2806 556 2867 599 se
2892 557 3015 599 eum
3043 544 3325 616 (Joannem
3350 548 3540 621 Jeros.)
3565 564 3710 607 coram

480 634 545 690 ad
597 639 930 705 prmstitutos
965 639 1180 708 judices
1227 640 1481 695 conferre
1523 653 1583 694 se
1638 636 2075 707 compelleretur.
2186 635 2368 690 multis
2391 637 2619 691 testibus
2643 642 3708 712 arguentemnonmeruisseresponsum.i

479 728 637 783 Certe
664 731 755 800 qui
792 747 945 785 suam
982 731 1048 786 de
1102 732 1315 787 Bonoso
1363 734 1691 789 sententiam
1734 732 1818 786 vel
1858 737 2081 800 rogatus
2186 727 2255 782 Et
2283 737 2411 784 ante
2436 729 2671 785 medium
2710 730 2955 800 ejusdem
3002 734 3245 804 epistolae
3288 735 3508 792 Joannis
3547 740 3715 807 jactan-

482 821 663 877 dicere
687 824 883 889 noluit,
930 826 1054 895 quia
1097 825 1351 897 Capuana
1392 827 1637 899 synodus
1671 827 1772 879 hoc
1804 824 2078 895 negotium
2186 819 2337 885 tiam,
2380 838 2482 891 qua
2516 822 2873 892 Epiphanium
2906 833 2963 879 et
2990 839 3086 881 sua
3118 827 3285 897 ipsius
3324 830 3484 900 verba
3508 831 3714 884 miratum

480 915 612 987 ipsis
643 918 734 987 qui
764 919 1046 990 rogabant,
1084 920 1384 989 delegarat,
1419 922 1605 991 procul
1631 920 1843 983 aberat,
1878 927 2081 972 utcau-
2184 925 2326 975 esse.
2370 921 2427 968 et
2462 915 2731 971 catholica
2788 915 3096 974 declarasse
3153 921 3504 986 venditabat,
3540 923 3715 977 inanem

481 1021 555 1063 ειη
598 1010 667 1063 ab
698 1011 889 1067 eadem
940 1015 1155 1084 synodo
1201 1014 1419 1087 [Egypti
1460 1015 1731 1085 episcopis
1774 1012 2081 1068 commissa:
2185 1018 2306 1059 esse
2329 1007 2569 1061 ostendit
2596 1007 2682 1062 his
2721 1010 2937 1065 verbis:
2975 1029 2994 1063 ι
3023 1011 3237 1066 Littcrze
3291 1014 3594 1086 (Epiphanii
3621 1016 3635 1083 )
3662 1015 3716 1068 ad

475 1105 848 1173 cognitionem
881 1107 983 1161 sibi
1039 1109 1393 1164 adscisceret.
1456 1109 1521 1164 Et
1549 1123 1678 1163 vero
1706 1106 2001 1161 Ambrosiu

2187 1112 2378 1166 papam
2408 1099 2656 1154 Siricium
2688 1102 2920 1169 probant
2950 1121 2961 1157 :
3004 1118 3137 1174 quas
3158 1105 3198 1158 si
3224 1105 3435 1175 legeris,
3458 1108 3717 1177 pervidebis

477 1198 566 1267 qui
592 1196 1206 1267 Capuatueinterfuerat
1230 1201 1461 1273 synodo,
1507 1211 1562 1256 et
1585 1202 1824 1256 omnium
1867 1214 1986 1267 quae
2027 1197 2079 1251 in
2182 1192 2456 1260 quomodo
2487 1201 2575 1247 tua
2600 1194 2741 1249 dicta
2770 1196 2996 1250 miratus
3025 1199 3093 1252 sit
3146 1210 3197 1253 et
3238 1200 3495 1257 catholica
3521 1204 3718 1257 declara-

478 1291 581 1346 hoc
611 1294 830 1363 negotio
867 1295 1203 1363 gerebantur
1246 1296 1520 1366 particeps
1566 1305 1688 1350 erat
1718 1337 1733 1361 ,
1776 1292 2080 1362 Theophila
2184 1285 2342 1337 verit.
2376 1303 2396 1336 ›
2424 1284 2685 1340 Nimirum
2715 1289 2948 1357 quodam
2982 1290 3036 1343 in
3068 1298 3210 1345 cmtu
3255 1292 3564 1362 Epiphanius
3585 1294 3718 1349 Joan-

473 1395 663 1439 auctor
692 1397 797 1451 est,
829 1403 937 1442 non
972 1400 1026 1442 ut
1058 1390 1363 1463 delegatarn
1391 1391 1492 1445 sibi
1517 1404 1739 1445 causam
1777 1387 1843 1442 ad
1876 1386 2078 1441 Roma-
2184 1373 2288 1442 "is:
2338 1375 2430 1445 (Ιυί
2479 1375 2741 1433 “mersus
2788 1378 3373 1452 Α¹¹ί¹¹ΐορυ¹η⁰¹Ῥ¹¹ίι³⁵
3440 1386 3718 1454 βττυΙοουιυε

470 1495 598 1534 num
621 1483 920 1537 antistitem
953 1484 1185 1552 rejiciat,
1225 1486 1319 1540 sed
1354 1498 1412 1540 ut
1439 1485 1757 1540 Flavianum
1788 1498 1996 1538 conven

2186 1464 2381 1529 fuerat,
2413 1482 2722 1524 sermonem
2755 1471 3031 1541 excipiens
3063 1487 3125 1527 ac
3152 1488 3479 1543 prosequens
3504 1476 3716 1532 dixerat:

472 1572 613 1640 ipse,
636 1587 698 1627 ac
730 1596 745 1625 ε
778 1575 822 1627 si
856 1575 907 1628 iu
940 1591 1005 1631 eo
1038 1580 1472 1646 perseveraverit
1502 1576 1946 1647 quovcniendum
1972 1591 1999 1628 u

2188 1574 2206 1608 ι
2237 1556 2367 1625 Qua:
2390 1557 2599 1615 locutus
2620 1570 2704 1614 est
2734 1561 2959 1632 collegio
2989 1563 3179 1628 frater,
3212 1574 3368 1621 mtate
3394 1565 3529 1621 ﬁlius
3552 1584 3680 1623 meus
3706 1611 3717 1636 ,

475 1674 622 1732 putet
648 1663 847 1736 (Ibid.,
875 1684 927 1719 η.
949 1667 981 1722 6
1007 1678 1054 1721 et
1084 1669 1161 1735 7),
1203 1689 1220 1722 ι
1250 1669 1519 1740 ejusmodi
1546 1670 1783 1739 proferat
1810 1665 2005 1738 judicit

2190 1664 2368 1706 contra
2394 1653 3080 1726 Anthropomorphitarum
3106 1657 3373 1729 hmresim,
3398 1661 3529 1718 bene
3548 1672 3595 1717 et
3614 1663 3720 1719 lide-

471 1755 612 1824 quod
634 1755 892 1812 Romanae
923 1759 1171 1814 ecclesiae
1209 1775 1312 1814 non
1343 1761 1631 1829 displiceat
1653 1760 1957 1825 sacerdoti,

2186 1744 2305 1800 liter
2335 1746 2546 1803 locutus
2577 1758 2683 1816 est,
2717 1766 2836 1821 quae
2891 1766 3007 1806 mea
3040 1768 3251 1822 quoque
3280 1753 3552 1810 damnatur
3590 1771 3716 1810 voce.

470 1862 634 1919 quem
660 1850 793 1905 illud
825 1852 1167 1908 referendum
1201 1855 1517 1910 arbitratur.
2179 1836 2284 1891 scd
2316 1854 2526 1909 ωψιυιιι
2574 1849 2658 1896 εει
2684 1853 2740 1895 υῑ
2765 1842 3037 1911 τιυοιηυάο
3060 1843 3197 1899 hanc
3224 1844 3469 1901 Ιιίὲΐοδῑιη
3500 1846 3723 1901 CODdem‘

539 1943 591 1998 9.
621 1944 674 1999 Si
702 1946 864 2014 igitur
897 1949 1167 2002 Ambrosii
1201 1951 1401 2018 scripta
1449 1963 1569 2004 cum
1623 1946 1952 2005 Theodoreti
1991 1946 2069 2002 di-

2192 1947 2395 1999 tamns,
2433 1934 2595 1988 etiam
2643 1934 2892 2006 Origcnis
2927 1951 3179 2007 perversa
3220 1937 3463 2008 dogmata
3502 1939 3722 1994 condem-

463 2037 565 2091 ctis
590 2053 1007 2107 ρωιηροητιιηυες,
1027 2056 1090 2094 ex
1110 2042 1189 2096 eis
1217 2043 1625 2110 comperiemus
1664 2041 1902 2095 Flaviani
1936 2039 1993 2094 Et

2191 2041 2391 2080 tentus.
2427 2046 2446 2080 ι
2481 2026 2635 2083 Unde
2665 2028 2836 2099 liquet
2856 2030 2935 2084 sic
2975 2031 3041 2084 ab
3075 2029 3375 2101 Epiphanio
3395 2031 3597 2103 probari
3623 2048 3721 2101 qua!

460 2129 675 2197 griiqne
706 2145 926 2184 causam
951 2131 1017 2186 ad
1042 2132 1332 2200 Capueuse
1374 2135 1667 2188 concilium
1715 2134 1881 2187 fuisse
1925 2133 1990 2186 de

2192 2117 2414 2176 loanues
2452 2121 2714 2177 adversus
2746 2124 3330 2195 Anthropomorphitas
3368 2126 3722 2193 edisseruerat,

463 2228 594 2286 tam,
624 2221 805 2291 ibique
835 2233 1093 2277 statutum
1115 2240 1237 2279 esse
1269 2236 1346 2291 ut,
1383 2240 1513 2295 pace
1542 2224 1758 2293 utrique
1784 2225 1921 2293 parti
1942 2239 2072 2279 con-
2176 2224 2235 2267 ιιι
2261 2225 2313 2268 el
2364 2216 2477 2286 Pari
2515 2216 2723 2272 ralione
2752 2218 2819 2271 ab
2849 2233 2914 2274 eo
2947 2234 3202 2289 perversa
3233 2220 3477 2290 Origenis
3503 2222 3723 2292 dogmata

466 2328 637 2379 cessa,
686 2316 787 2369 utri
821 2316 1217 2383 adjudicandus
1258 2328 1404 2374 esset
1435 2320 1815 2375 Antiochenus
1852 2320 1996 2388 episc

2194 2306 2524 2362 :ondemnari
2565 2309 2914 2366 desiderarit.
2976 2311 3143 2366 immo
3188 2313 3272 2368 illa
3315 2314 3566 2371 damnare
3592 2315 3724 2372 diil‘e-

467 2414 637 2475 putus,
661 2407 1000 2477 Theophilus
1030 2409 1383 2481 Egyptiitllje
1404 2413 1670 2481 episcopi,
1696 2412 1865 2466 salvis
1896 2411 2071 2466 Nica}-
2174 2412 2382 2456 rentetu
2420 2420 2438 2454 ι
2475 2415 2659 2473 aperte
2690 2404 2870 2459 missis
2909 2404 3107 2461 litteris
3129 2406 3436 2463 baereticum
3477 2410 3682 2463 vocabat
3708 2450 3721 2475 ,

465 2514 541 2554 na:
568 2502 760 2571 synodi
787 2504 1123 2567 constitutis,
1155 2503 1551 2573 decernerent;
1588 2503 1908 2559 Flavianum
1936 2519 1995 2558 ve

2191 2500 2227 2545 ει
2253 2501 2376 2547 octo
2418 2493 2519 2561 ipsi
2544 2494 2609 2547 de
2642 2509 2735 2564 spe
2765 2495 2887 2550 ﬁdei
2916 2494 3238 2552 Christianze
3262 2501 3606 2569 qmestionutn
3636 2501 3721 2555 ob-

464 2590 584 2646 huic
605 2592 845 2661 Capuani
876 2597 1089 2650 concilii
1110 2596 1337 2652 decreto
1361 2599 1583 2653 minime
1608 2607 1865 2661 stantem,
1891 2599 1994 2653 ccc}

2194 2583 2385 2638 iciebat
2416 2586 2611 2654 capita,
2642 2602 2760 2654 qua:
2782 2587 3205 2659 llierouymusin
3224 2590 3404 2645 eadem
3430 2592 3639 2661 cpistola
3665 2592 3721 2647 38

457 2686 736 2741 siasticum
760 2686 1063 2743 declinasse
1090 2689 1375 2759 judicium.
1398 2702 1447 2743 el
1469 2684 1772 2758 imperialia
1805 2691 2065 2759 rescripta
2169 2679 2409 2745 exponit.
2440 2694 2501 2733 ac
2535 2680 2738 2735 I‘orlein
2764 2683 3078 2737 memoratis
3105 2682 3383 2752 Epirhallii
3405 2684 3469 2739 ad
3496 2682 3721 2741 Siriciuin

463 2793 671 2832 rursum
704 2781 979 2835 ambiisse.
1009 2780 1161 2836 Unde
1189 2782 1390 2837 Siricio
1417 2783 1669 2852 quaedam
1703 2783 1951 2853 imposita
1983 2799 1993 2834 ι

2195 2770 2366 2825 itteris
2396 2775 2917 2843 perstringchantur.
2960 2774 3051 2830 lla:
3094 2784 3270 2830 autem
3323 2777 3508 2834 littera:
3535 2789 3585 2833 et
3621 2789 3725 2847 post

457 2871 744 2925 COnaIihus
772 2872 917 2941 Illius
960 2875 1337 2929 intercedendi
1378 2875 1696 2929 necessitas.
1746 2876 1880 2929 Hinc
1913 2883 2066 2930 aeres
2171 2879 2370 2918 annum
2415 2864 2540 2931 594.
2594 2881 2700 2936 (ιυο
2731 2867 3016 2936 Epiphanii
3062 2883 3183 2923 cum
3218 2867 3418 2925 Joanne
3454 2869 3718 2925 desidium

456 2965 582 3030 illae,
608 2981 731 3036 quae
759 2981 787 3019 a
815 2967 1160 3022 Theodoreto
1190 2979 1583 3035 memorantur,
1613 2969 1675 3022 ad
1698 2969 1986 3023 Theodosii

2194 2957 2358 3026 rapit,
2412 2967 2468 3012 et
2514 2963 2734 3029 propius
2781 2961 2846 3015 ad
2890 2976 3006 3016 eam
3049 2964 3175 3017 anni
3226 2974 3430 3034 partem
3470 2965 3600 3029 596,
3631 2980 3724 3034 qua

458 3056 678 3121 litterse,
712 3072 847 3128 quas
895 3076 999 3113 non
1047 3061 1207 3130 longe
1254 3073 1374 3130 post
1406 3060 1715 3129 Capuanam
1760 3061 1988 3131 synodo:

2192 3050 2410 3106 'oanncs
2432 3053 2738 3123 apologiam
2779 3056 2860 3109 sui
2888 3054 2954 3111 ad
2981 3056 3331 3127 TheOphilum
3356 3059 3516 3126 misit,
3562 3059 3722 3114 consi-

456 3154 705 3226 adeoque
753 3171 897 3213 anno
949 3157 1055 3213 392
1090 3157 1429 3228 eonscriptas
1483 3157 1624 3213 haud
1677 3166 1883 3214 temere
1930 3172 2061 3214 cen-
2166 3144 2399 3213 snaudm
2429 3144 2702 3202 νίάειιιυΐο

456 3259 693 3303 ερςιωιιε.

2920 3241 2987 3297 Χ.

1194 3341 1329 3397 VIII.
2089 3323 2135 3386 C
2241 3329 2326 3383 1‘2.
2379 3330 2522 3385 Anno
2573 3331 2695 3388 597.
2740 3331 2948 3388 Littera:
2991 3333 3236 3406 Afrorum
3281 3337 3346 3388 ad
3376 3337 3632 3391 Siricium.
3664 3367 3725 3377 —

436 3442 438 3444 '
530 3431 973 3487 lO.Circurmnum
990 3434 1110 3489 3H6.
1132 3433 1409 3504 T/tmpltili
1424 3434 1673 3488 adversus
1694 3434 2058 3504 Epiphaniam
2162 3422 2299 3488 Arrio
2334 3439 2480 3480 3"“0
2500 3426 2865 3497 597.Aususli
2898 3426 2969 3482 '38
2995 3427 3107 3492 dico
3140 3428 3193 3482 ίη
3232 3426 3630 3499 δδι¹¹¹¹⁵³8ί¹¹θ¹¹⁵ί
3674 3445 3724 3485 ¹¹¹

443 3524 649 3581 liuerw.
686 3557 755 3567 —
779 3528 1071 3591 Palladius,
1103 3528 1231 3582 dial.
1263 3530 1331 3582 tle
1359 3529 1474 3583 Vita
1489 3530 1895 3602 Chrysostomi,
1928 3546 1973 3586 c:

2192 3518 2397 3574 oncilio
2446 3523 2780 3591 c0ngregati,
2827 3536 2949 3576 can.
2988 3521 3078 3588 $8,
3116 3522 3257 3578 istud
3302 3525 3719 3579 constituerunt:

448 3618 536 3682 ιδ,
574 3633 691 3689 mg,
724 3619 825 3673 150
855 3630 907 3673 αι
942 3620 1068 3683 ιδι,
1104 3620 1469 3690 Theophilum
1502 3621 1940 3677 Alexandrinum
1974 3624 2055 3679 ιε-
2167 3630 2184 3664 ι
2222 3616 2297 3668 De
2328 3612 2627 3668 Donatistis
2679 3614 2922 3683 placuit,
2980 3625 3036 3669 ut
3069 3617 3404 3671 consulamus
3448 3616 3635 3671 fratres
3676 3625 3725 3672 et

445 3712 630 3764 vitalis
655 3711 835 3780 arguit
865 3712 914 3765 in
952 3711 1093 3766 hunc
1127 3713 1344 3768 mndum
1402 3729 1416 3766 ;
1478 3730 1496 3764 ς
1528 3714 1630 3781 Qui
1673 3714 1892 3768 beatum
1925 3714 2057 3785 Epi.
2158 3704 2584 3760 consacerdotes
2606 3716 2823 3762 nostros
2852 3704 3104 3761 Siricium
3146 3717 3200 3763 et
3237 3709 3633 3779 Simplicianum
3663 3708 3725 3764 de

448 3803 702 3871 phauium
726 3803 1061 3858 Constantia:
1092 3806 1142 3859 in
1175 3806 1351 3876 Cypro
1378 3806 1719 3876 episcopum,
1745 3809 1835 3877 qui
1861 3807 1930 3863 36
1960 3823 1978 3861 ε

2194 3795 2289 3849 olis
2320 3795 2614 3852 infantibus
2658 3798 2751 3869 qui
2800 3799 3139 3869 baptizantur
3162 3817 3328 3871 penes
3359 3804 3610 3867 eosdem,
3661 3818 3724 3859 ne

450 3897 535 3951 uis
570 3896 826 3950 Ecclesiae
852 3898 1089 3964 praal'uit,
1124 3899 1335 3966 probris
1357 3895 1614 3952 aﬂ‘ecerat
1641 3909 1697 3951 ut
1736 3898 1975 3954 Ιιωτειὶοι

2195 3887 2298 3941 uod
2331 3902 2429 3942 suo
2461 3906 2565 3944 non
2610 3889 2854 3947 fecerunt
2880 3892 3088 3962 judicio
3114 3934 3131 3959 ,
3164 3908 3282 3949 cum
3325 3895 3387 3950 ad
3434 3896 3721 3950 Ecclesiam

450 3997 543 4040 aut
575 3986 983 4042 schismaticutn
1028 3988 1129 4041 sub
1192 3990 1420 4042 Damaso
1476 3989 1563 4043 vel
1608 3989 1774 4044 beato
1813 3990 2046 4057 Sit-icio,
2157 3981 2253 4037 Dei
2305 3984 2506 4039 salubri
2565 3987 2841 4056 proposito
2893 3986 3092 4043 fuerint
3128 3992 3721 4059 comershpareulum

452 4088 635 4148 postea
664 4079 716 4133 iu
745 4095 841 4133 sua
861 4080 1314 4135 adlnuocentium
1347 4096 1535 4151 papam
1562 4082 1793 4150 epistola
1814 4082 1869 4135 Β.
1889 4082 2053 4137 JOan-
2157 4077 2279 4132 illos
2309 4094 2463 4134 error
2486 4080 2763 4151 impediat,
2796 4099 2862 4138 ne
2885 4085 3244 4153 provehantur
3266 4085 3401 4140 sacri
3421 4087 3601 4139 altaris
3628 4086 3722 4140 mi-

449 4188 571 4227 nem
591 4174 924 4243 vituperans,
946 4173 1305 4243 Epiphanium
1321 4172 2043 4229 nominatsanetissimum.»
2154 4172 2331 4225 nistri.
2366 4190 2383 4224 ι
2418 4174 2603 4229 Cudici
2635 4189 2756 4230 can.
2788 4176 2923 4232 eccl.
2954 4175 3149 4244 Afric.,
3180 4192 3229 4232 c.
3273 4176 3361 4247 47,
3393 4178 3620 4233 insertus
3642 4188 3722 4233 cst

445 4263 544 4320 Ubi
569 4266 615 4319 si
642 4265 930 4334 epistolam
986 4266 1187 4320 indicat
1229 4280 1257 4319 a
1306 4264 1611 4334 Theophila
1641 4265 1708 4320 ad
1760 4265 2046 4321 Damasum
2151 4263 2254 4319 iste
2281 4280 2475 4321 canon.

442 4374 537 4413 seu
569 4358 823 4412 Siricium
848 4360 1127 4427 scriptam,
1181 4359 1309 4413 licet
1359 4359 1602 4413 incertus
1654 4358 1906 4419 videatur
1938 4357 2046 4413 utri
2226 4358 2310 4413 15.
2348 4357 2523 4413 Siricii
2548 4359 2617 4412 ad
2638 4361 2793 4432 Afros
2823 4363 3142 4432 rescriptum.
3174 4392 3243 4403 —
3267 4362 3509 4420 Siricium
3533 4373 3712 4420 autem

441 4452 784 4507 attribuenda
815 4454 885 4506 sit
912 4453 1026 4507 haec
1070 4454 1321 4519 epistola,
1391 4454 1664 4508 incertum
1706 4462 1886 4507 tamen
1936 4468 2045 4507 non
2150 4466 2271 4506 cum
2311 4452 2545 4507 Venerio
2583 4453 2648 4508 ad
2683 4453 2820 4509 hanc
2848 4456 3300 4513 consultationem
3333 4458 3674 4529 respondisse
3698 4497 3713 4521 ,

437 4559 539 4608 εει,
568 4561 686 4600 eam
719 4547 768 4600 iu
790 4561 954 4600 unum
982 4546 1237 4600 Siricium
1269 4547 1564 4601 convenire
1585 4560 1770 4616 posse,
1797 4559 1919 4599 cum
1940 4546 2045 4599 hoc
2148 4557 2203 4598 et
2243 4543 2387 4613 quod
2430 4543 2546 4600 Afri
2602 4546 2861 4615 petebant
2894 4563 3119 4619 negasse
3149 4565 3213 4605 ex
3252 4550 3433 4605 eodem
3484 4552 3711 4614 codice,

442 4648 648 4692 tantum
684 4641 939 4707 pontilice
985 4638 1344 4708 Theophilum
1387 4640 1530 4694 inter
1576 4648 1630 4693 et
1682 4638 2040 4709 Epiphanium
2069 4703 2113 4713 _
2146 4652 2196 4693 c.
2223 4637 2312 4703 56,
2340 4638 2673 4710 colligimus.
2722 4641 2797 4697 lbi
2822 4641 2964 4697 enim
2988 4644 3168 4713 legere
3199 4653 3281 4699 est
3319 4643 3471 4698 Afros
3495 4659 3713 4699 rursum

437 4703 814 4787 controversia
858 4731 1059 4787 oboriri
1106 4703 1358 4800 coeperit.
1412 4730 1577 4800 Cujus
1633 4703 1762 4786 vero
1785 4703 2041 4785 'haeresis
2068 4703 2120 4764 Β
2146 4729 2477 4801 Carthagine
2506 4748 2651 4788 anno
2679 4733 2807 4800 401,
2836 4734 2981 4789 Junii
3005 4734 3091 4789 die
3116 4734 3202 4802 16,
3253 4735 3553 4791 decrevisse
3575 4736 3712 4792 utad

439 4825 774 4897 Epiphanius
803 4825 1104 4895 postulatus
1137 4824 1322 4889 fuerit,
1377 4825 1631 4880 Socrates
1661 4824 1757 4878 lib.
1790 4839 1865 4890 tv,
1898 4838 1948 4879 c.
1983 4823 2036 4889 7,
2145 4822 2322 4879 Siricii
2352 4822 2794 4897 Simplicianique
2818 4841 3161 4883 successores
3190 4826 3527 4883 Anastasium
3550 4838 3712 4899 atque

437 4927 491 4973 et
517 4918 857 4972 Suzutnenus
890 4916 984 4971 lib.
1014 4932 1127 4983 vnt,
1162 4931 1212 4972 c.
1249 4917 1338 4983 14,
1365 4917 1587 4983 docent,
1620 4915 1707 4971 ubi
1744 4931 1868 4971 eum
1892 4916 2042 4971 velut
2148 4916 2439 4972 Venerium
2485 4917 2794 4975 mitteretur
2844 4919 3041 4991 legatio
3083 4923 3282 4976 strenui
3334 4922 3591 4991 episwpi,
3618 4920 3713 4991 qui

440 5009 1051 5081 Anthropomorphitam
1129 5026 1158 5064 a
1235 5009 1543 5081 Theophila
1636 5009 2038 5065 conclamatum
2140 5008 2380 5081 graviter
2409 5012 2658 5068 ecclesiae
2687 5013 2950 5070 Africanae
2976 5016 3711 5084 necessitatessunnoamquc

439 5106 679 5160 tradunt.
2140 5102 2465 5159 clericorum
2513 5106 2751 5176 inopiam
2784 5107 3284 5177 valeretexponere
3308 5147 3323 5171 ,
3371 5106 3611 5176 adeoque
3640 5106 3710 5160 ab

1194 5197 1286 5265 IX.
2137 5197 2241 5263 eis,
2272 5210 2329 5252 ut
2352 5197 2587 5255 infantes
2617 5200 2917 5270 baptizatos
2936 5200 3077 5271 apud
3105 5200 3401 5255 Donatistas
3422 5201 3469 5252 in
3494 5200 3707 5253 clerum

502 5296 587 5349 Η.
620 5292 774 5348 Circa
804 5293 939 5346 idem
963 5302 1180 5357 tempus.
1241 5291 1525 5364 Epiphanii
1556 5291 1624 5344 ad
1653 5290 1902 5347 Siricium
1947 5288 2036 5345 lit-
2139 5306 2466 5359 promovere
2488 5294 2592 5350 sibi
2621 5295 2830 5361 liceret,
2863 5295 3174 5365 impetrare.
3206 5293 3339 5349 Tum
3365 5294 3457 5348 ista
3484 5294 3706 5363 petitio-

428 5393 569 5439 teraz.
595 5386 860 5453 ——-lpsius
893 5385 1057 5439 etiam
1101 5384 1397 5454 Epiphanii
1450 5382 1745 5439 Salamina:
1791 5383 2032 5454 episcopi
2138 5385 2221 5440 nis
2251 5386 2408 5456 hujus
2448 5388 2737 5459 subjicitur
2782 5389 2962 5445 ratio:
2992 5406 3011 5440 t
3050 5387 3128 5444 Ex
3178 5386 3258 5442 his
3295 5388 3436 5443 enim
3477 5386 3705 5441 sedibus

424 5480 488 5534 ad
518 5480 767 5534 Siricium
802 5495 997 5549 papam
1029 5479 1296 5534 adversus
1318 5478 1587 5533 Joannem
1616 5477 2033 5549 Jerosolymita-
2136 5475 2239 5532 hoc
2260 5477 2435 5533 fuerat
2465 5480 2815 5548 prohibitum,
2844 5500 2863 5533 ι
2896 5488 3172 5550 postquam
3210 5480 3425 5543 scilicet,
3456 5488 3510 5532 ut
3539 5492 3703 5531 nemo

425 5586 551 5626 nnm
580 5574 774 5626 littera:
796 5572 865 5626 ab
888 5571 1217 5643 Hieronymo
1250 5586 1355 5625 non
1384 5570 1555 5625 semel
1586 5570 1898 5625 laudantur.
1960 5569 2029 5625 Et
2133 5572 2374 5642 prudens
2419 5576 2719 5642 negaverit,
2776 5588 2807 5628 a
2832 5573 3032 5630 Siricio
3059 5587 3121 5629 ac
3141 5572 3364 5628 Venerio
3391 5569 3440 5625 id
3464 5569 3697 5639 primum

422 5665 486 5719 ad
518 5668 721 5722 calcem
753 5665 980 5736 quidem
1034 5665 1279 5736 epistola
1326 5665 1456 5719 olim
1491 5664 1579 5733 61,
1636 5680 1782 5721 nunc
1807 5665 1898 5728 58,
1946 5667 2025 5721 sic
2128 5668 2414 5736 quaesitum
2445 5666 2564 5723 fuit.
2608 5667 2757 5724 Istud
2788 5682 2917 5722 sane
2942 5684 3047 5722 non
3069 5663 3529 5734 satisemenderat
3559 5662 3693 5717 Pas—

422 5756 785 5831 Hieronymus
808 5760 1045 5830 loquitur
1074 5776 1085 5811 :
1124 5777 1142 5810 ιι
1181 5759 1387 5814 Praesto
1416 5769 1544 5813 sunt
1576 5758 1758 5829 plures
1782 5758 2025 5827 epistolae
2129 5757 2347 5815 cliasius
2371 5761 2701 5827 Quesuellus
2727 5802 2739 5823 ,
2766 5774 2886 5815 cum
2907 5759 3125 5815 dissert.
3152 5773 3241 5821 xv,
3268 5758 3318 5811 in
3349 5755 3537 5810 Leonis
3558 5768 3693 5823 ope-

429 5850 728 5922 Epiphanii,
758 5866 862 5905 una
888 5850 955 5906 ad
977 5850 1154 5920 ipsum
1183 5848 1522 5921 (Joannem),
1576 5851 1700 5905 alia
1721 5849 1783 5905 ad
1816 5851 2023 5921 episco-
2128 5866 2352 5922 ra,cap.
2382 5853 2439 5919 ὅ,
2464 5869 2517 5908 n.
2553 5853 2587 5909 6
2617 5893 2631 5918 ,
2682 5852 2918 5908 asseruit
2948 5870 2961 5907 :
3007 5870 3024 5904 ε
3063 5850 3277 5907 Certum
3321 5858 3397 5903 est
3444 5863 3542 5919 per
3568 5860 3689 5901 eam

422 5954 517 6008 pos
546 5942 885 6011 Palestina,
936 5950 993 5999 et
1024 5938 1283 6012 nuperad
1315 5939 1577 5999 Romana:
1617 5942 1766 6000 urbis
1794 5943 2019 6014 pontifi-
2125 5941 2353 6017 (Siricii)
2380 5954 2592 6003 aetatem
2639 5941 2920 6001 Africanos
2963 5956 3175 6002 suarum
3211 5939 3544 6001 ecclesiarum
3590 5937 3689 5991 ad-
