3874 6460
198 452 319 511 1125

192 652 281 709 bus
308 648 546 718 gessisse
572 687 585 712 ,
641 661 738 701 nec
792 645 942 714 leges
979 645 1366 700 ecclesiastica:
1394 642 1694 712 disciplinae
1735 655 1765 695 ι

194 743 563 801 transmarinis
612 740 925 810 regionibus
976 740 1175 809 imponi
1218 739 1325 793 sibi
1379 752 1583 807 passos.
1624 756 1643 789 ι
1692 738 1766 791 Ita

191 838 325 895 enim
355 836 455 890 lioe
482 836 599 889 loco
627 848 722 888 eos
750 832 851 887 sibi
887 830 1192 901 lmjustnodi
1244 831 1389 898 leges
1442 830 1645 897 imponi
1694 828 1770 883 si-

191 933 325 984 visse
371 934 607 989 constat,
641 934 699 978 ut
744 940 843 979 nec
874 935 1065 979 contra
1096 937 1189 977 eas
1211 922 1504 992 quidquam
1533 962 1545 983 ,
1590 937 1656 975 ne
1685 936 1771 974 ur-

191 1033 342 1095 gente
371 1020 587 1091 quidem
611 1020 957 1081 necessitate,
992 1017 1334 1070 committere
1366 1014 1483 1067 ausi
1511 1013 1641 1077 sint,
1671 1013 1770 1067 nisi

190 1130 253 1171 ex
273 1126 541 1170 consensu
569 1125 754 1163 eorum
782 1111 870 1179 qui
902 1124 992 1162 eas
1028 1108 1414 1177 imposuerant.

262 1208 343 1261 M.
378 1206 479 1259 Cur
526 1204 576 1257 in
617 1204 871 1272 prtedictis
920 1202 1101 1254 litteris
1152 1200 1342 1254 Siricio
1372 1198 1775 1252 Medionalensis

193 1302 458 1369 episcopus
487 1298 823 1366 adjungatur.
851 1324 919 1334 —
942 1294 995 1347 Si
1024 1294 1124 1357 eis,
1159 1309 1277 1361 qua:
1304 1295 1354 1345 in
1386 1292 1488 1345 hoc
1519 1306 1773 1359 paragra-

192 1389 293 1460 pho
322 1390 680 1442 disseruimus
711 1428 725 1452 ,
780 1386 883 1440 alia
918 1401 1038 1453 qua:
1082 1384 1132 1436 iu
1164 1394 1361 1451 quarto
1387 1393 1441 1436 et
1462 1382 1650 1452 quinto
1682 1396 1775 1436 ex-

192 1482 386 1554 plicata
419 1489 546 1534 sunt
583 1480 945 1549 adjungatttur
970 1519 983 1540 ,
1049 1468 1175 1529 hinc
1226 1475 1478 1530 oboritur
1504 1475 1732 1540 qttzestio
1758 1513 1773 1537 ,

194 1574 329 1627 unde
362 1572 453 1625 illa
500 1570 801 1633 Gallorum,
857 1569 1217 1636 llispanorum
1259 1566 1621 1635 Al'rorumque
1650 1578 1782 1618 con—

192 1667 437 1736 spiratio,
464 1679 565 1734 qua
596 1680 654 1717 se
683 1678 790 1717 non
810 1662 970 1716 modo
1006 1662 1368 1714 Romanorum
1398 1700 1412 1723 ,
1472 1660 1565 1714 sed
1614 1658 1777 1714 etiam

191 1758 675 1816 Mcdionalensium
743 1755 1032 1825 praesulum
1071 1754 1137 1805 de
1183 1752 1348 1807 rebus
1395 1750 1782 1805 ecclesiasticis

191 1853 515 1909 sententiam
546 1850 852 1913 consulere,
882 1849 1029 1915 sequi
1063 1855 1493 1913 autexspectare
1526 1845 1782 1913 proﬁten-

1532 437 1890 496 PROLEGOM
1902 438 2031 495 ENA
2046 475 2060 492 .

193 557 636 616 ministrationem
667 569 734 610 ex
781 553 1121 623 propriarum
1168 550 1497 623 synodorum
1539 551 1765 606 canoni-
1794 554 1845 612 Α

3319 432 3461 493 1126

2618 544 2736 601 XII.

1942 642 2029 696 16.
2060 641 2191 696 Alias
2219 641 2288 694 ad
2309 640 2536 696 eumdem
2551 657 2642 695 seu
2664 640 2735 693 ad
2762 640 2870 708 ejus
2901 641 3068 696 socios
3114 645 3465 696 communica-

1870 735 2015 788 toria:
2042 736 2243 789 litteris.
2276 763 2342 777 —-
2366 735 2518 790 Circa
2553 735 2697 789 idem
2728 745 2938 803 tempus
2954 749 3051 789 seu
3080 734 3329 797 Rulinus,
3366 751 3464 790 seu

1869 828 2026 893 socii,
2050 829 2246 898 quibus
2272 828 2524 897 Origenis
2553 831 2674 905 πιρὶ
2699 830 2885 903 ἀρχῶν
2916 828 3056 882 liber
3082 828 3150 880 ab
3198 828 3317 897 ipso
3362 845 3464 881 utt-

1874 933 1971 987 per
1998 919 2261 973 latinitate
2289 920 2521 974 donatus
2552 922 2855 989 placuerat,
2890 921 3409 975 connnunicatorias
3439 935 3469 974 a

1875 1009 2073 1064 Siricio
2106 1010 2317 1065 litteras
2337 1011 2711 1075 obtinuerunt,
2745 1024 2882 1080 quas
2914 1010 3278 1081 Hieronymus
3305 1012 3468 1079 epist.

1878 1101 1967 1166 16,
1988 1103 2055 1155 ad
2077 1098 2431 1171 Principiam,
2458 1112 2611 1156 notat
2640 1104 2723 1157 his
2746 1102 2957 1157 verbis:
2992 1121 3010 1151 εί
3031 1101 3336 1157 Cernentes
3356 1104 3469 1157 luc-

1876 1195 2028 1250 retici
2055 1194 2122 1248 de
2155 1211 2313 1263 parva
2339 1196 2576 1249 scintilla
2602 1196 2835 1249 maxima
2885 1195 3137 1251 incendia
3185 1194 3470 1259 concitari,

1879 1298 1934 1342 et
1955 1288 2287 1355 suppositam
2317 1288 2521 1342 dudum
2553 1286 2823 1342 ﬂammam
2846 1288 2957 1357 jam
2989 1288 3055 1341 ad
3088 1288 3327 1343 culmina
3350 1303 3468 1354 per-

1879 1380 2116 1441 venlsse,
2151 1389 2342 1449 petunt
2373 1390 2429 1435 et
2452 1382 2745 1449 impetrant
2772 1383 2824 1449 (a
2862 1381 3081 1451 Siricio)
3137 1380 3476 1436 ecclesiaSti-

1880 1488 1974 1527 cas
2000 1474 2276 1542 epistolas,
2309 1489 2365 1526 ut
2389 1475 2889 1529 communicatores
2914 1474 3169 1528 Ecclesiae
3189 1474 3277 1541 (ex
3308 1470 3476 1540 Urbe)

1881 1565 2202 1619 discessisse
2234 1565 2568 1619 viderentur.
2592 1563 2709 1619 Non
2743 1564 2971 1618 multum
3022 1574 3232 1632 tempus
3264 1564 3316 1616 in
3365 1578 3479 1616 mc-

1883 1657 1976 1710 dio
2001 1673 2016 1710 :
2047 1659 2313 1712 successit
2333 1657 2384 1710 in
2404 1656 2871 1726 ponitilicatuntvir
2889 1654 3114 1725 insignis
3131 1656 3473 1718 Anastasius,

1886 1754 1991 1802 etc.
2034 1767 2043 1799 t

1962 1839 2049 1892 17.
2069 1838 2160 1893 Sic
2189 1850 2384 1894 notans
2419 1840 2775 1910 Hieronymus
2803 1839 2983 1895 Siricii
3016 1838 3354 1900 facilitatem,
3403 1837 3479 1891 si-

193 1953 297 1998 tur.
334 1943 644 1997 ltliacianos
681 1941 883 2007 quippe
934 1938 983 1989 in
1017 1938 1249 1990 concilio
1286 1934 1612 1989 Taurincnsi
1652 1934 1779 2001 jux-
1814 1934 1862 1993 B
1891 1933 2000 1986 mul
2030 1933 2257 1987 ca‘titne
2284 1935 2409 2002 quis
2441 1933 2563 1986 hinc
2585 1948 2706 1987 eum
2750 1932 2944 1986 hzr-resi
2998 1946 3283 1985 assensqu
3344 1943 3481 2010 pra—

191 2045 241 2090 ta
268 2037 473 2089 litteras
495 2031 767 2085 Ambrosii
790 2029 1211 2082 Mediolaneusis
1241 2036 1295 2080 et
1318 2026 1496 2081 Siricii
1520 2025 1779 2079 Romanae

193 2126 441 2184 ecclesim
493 2122 795 2177 sacerdotis
830 2121 1134 2175 audivimus
1185 2128 1484 2185 susceptos.
1545 2118 1677 2173 Item
1728 2120 1781 2171 in

193 2221 430 2292 vulgatis
453 2217 698 2273 Toletani
726 2234 739 2270 ι
763 2216 977 2269 eoricilii
1005 2217 1176 2284 gestis
1201 2215 1525 2283 promissam
1557 2213 1784 2282 legimus

192 2328 381 2383 pacem
416 2308 865 2370 Priscillianistis,
898 2308 943 2360 si
983 2308 1145 2359 modo
1176 2306 1514 2360 conditiones
1554 2305 1621 2358 ab
1657 2304 1787 2359 Amo

192 2407 377 2463 brosio
406 2419 469 2458 ac
502 2402 697 2456 biricio
734 2400 1079 2468 pracscriptas
1109 2398 1387 2465 impleant.
1418 2395 1643 2449 Demum
1676 2393 1790 2485 Afri

192 2497 261 2551 de
292 2495 528 2564 parvulis
557 2492 698 2561 apud
728 2492 1035 2543 [)onatistas
1059 2488 1343 2555 biptizatis
1366 2487 1418 2540 in
1438 2488 1644 2539 clerum
1670 2502 1793 2553 pro-

194 2586 506 2648 movendis,
536 2581 787 2636 Siriciotn
844 2580 1226 2644 Attlbrosiique
1275 2592 1648 2631 successorem
1692 2575 1794 2629 V'e-

195 2675 413 2729 nerium
441 2671 755 2733 consulunt,
788 2685 887 2723 nec
917 2680 1104 2721 contra
1136 2683 1321 2722 eorum
1342 2667 1664 2721 sententiam
1690 2664 1794 2719 sibi

196 2781 415 2822 sumere
440 2764 733 2833 quidquam
760 2763 984 2823 audent,
1017 2761 1194 2829 quoad
1225 2761 1538 2813 earumdem
1583 2759 1793 2814 sedium

198 2871 503 2911 consensus
526 2855 768 2909 accedat.
800 2854 856 2909 ld
890 2868 1070 2923 porro,
1103 2864 1159 2907 ut
1190 2853 1331 2922 quod
1356 2868 1416 2906 ea
1446 2852 1513 2907 de
1540 2867 1597 2906 re
1618 2854 1794 2907 sentio

201 2948 388 3019 paucis
415 2947 683 3016 aperiam,
713 2947 941 2999 forsitan
973 2945 1170 2998 factum
1203 2953 1323 3007 est,
1356 2944 1486 3012 quia
1508 2958 1629 2997 cum
1662 2943 1797 2998 Siri-

198 3041 318 3095 cius
337 3040 685 3093 Ambrosium
708 3038 775 3093 de
803 3037 1037 3107 negotiis
1064 3036 1455 3091 ecclesiasticis
1477 3038 1763 3092 consulere
1780 3077 1795 3103 ,

196 3132 428 3201 ejusque
459 3132 667 3185 litteras
700 3145 823 3184 cum
854 3131 968 3182 suis
1002 3129 1069 3182 ad
1110 3129 1375 3183 ceclesias
1422 3128 1641 3183 mittere
1666 3143 1795 3183 con-

199 3226 508 3287 suevisset;
551 3225 756 3278 caulem
785 3224 1038 3276 ecclesia:
1081 3234 1264 3290 postea
1298 3236 1401 3275 non
1448 3221 1514 3275 ad
1546 3221 1796 3277 Siriciutn

1888 2023 2071 2079 buisse
2094 2024 2484 2094 suspicaretur.
2516 2023 2531 2076 Ι
2544 2038 2635 2093 pse
2683 2022 2928 2078 favorem
2959 2023 3208 2093 Origenis
3256 2026 3483 2083 asseclis

1884 2118 1952 2171 ab
1981 2116 2075 2171 illo
2114 2118 2417 2187 impensum
2448 2134 2554 2171 non
2598 2118 2690 2170 ulli
2724 2119 2775 2171 in
2811 2132 3121 2185 perversam
3181 2117 3482 2172 doctrinam

1888 2210 2259 2279 propensioni,
2288 2209 2380 2265 sed
2416 2211 2751 2278 simplicitati
2799 2210 3007 2276 tribuit,
3033 2209 3176 2279 quod
3228 2210 3481 2265 nimirum

1891 2299 2116 2355 Rulinus
2173 2321 2192 2351 ι
2250 2302 2583 2370 simplicitati
2630 2302 2883 2358 illuderet
2936 2303 3163 2356 Romani
3219 2304 3482 2374 episcopi,

1893 2391 1982 2459 qui
2007 2390 2072 2445 de
2093 2394 2421 2462 suoingenio
2442 2401 2673 2447 caeteros
2693 2392 3019 2447 aestimabat.
3056 2413 3073 2443 ,κ
3107 2394 3183 2447 Eo
3207 2402 3383 2449 autem
3412 2396 3479 2449 fa-

1894 2482 2051 2535 cilius
2082 2482 2306 2538 Roﬁnus
2335 2484 2436 2538 sibi
2460 2499 2524 2538 ac
2545 2484 2944 2540 sociislitteras
2990 2500 3017 2535 a
3065 2485 3262 2539 Siricio
3316 2487 3486 2552 impe-

1900 2574 2057 2627 travit
2081 2573 2440 2629 humanitatis
2464 2591 2528 2628 ac
2557 2575 2949 2631 benevolentia:
2987 2578 3192 2645 plenas,
3225 2579 3365 2646 quod
3401 2578 3487 2632 ille.

1900 2665 2110 2718 virtutis
2138 2681 2200 2720 ac
2222 2667 2465 2721 scientia:
2488 2667 2626 2721 fama
2655 2668 2856 2732 clarus,
2882 2670 3111 2722 necdum
3134 2668 3274 2723 male
3295 2670 3491 2722 audiiso

1899 2765 2001 2810 set.
2036 2758 2150 2823 Qua
2180 2759 2230 2812 in
2262 2774 2317 2813 re
2346 2760 2390 2812 si
2417 2758 2717 2827 culpandus
2775 2758 3029 2821 Siricius,
3079 2772 3281 2827 quanto
3323 2762 3492 2828 magis

1900 2849 2153 2918 culpandi
2180 2859 2366 2906 essent.
2390 2867 2509 2906 cum
2558 2852 2917 2921 Augustinus.
2953 2862 3062 2905 tum
3092 2852 3205 2915 alii,
3242 2854 3334 2921 qui
3397 2853 3490 2907 Pe-

1900 2941 2042 3011 lagio
2062 2941 2175 3012 jam
2214 2944 2435 2998 hmresis
2462 2955 2717 3013 suspeeto
2752 2943 2959 2998 similes
3010 2959 3115 2998 non
3160 2944 3498 3014 denegartmt

1902 3034 2183 3103 epistolas,
2209 3036 2404 3106 quibus
2433 3036 2526 3091 ille
2552 3036 2619 3091 ad
2643 3036 3028 3106 depellendum
3058 3053 3088 3091 a
3116 3053 3176 3091 se
3219 3036 3497 3091 barreseos

1904 3126 2105 3181 crimen
2139 3127 2505 3196 Diospolitauo
2536 3129 2586 3183 in
2619 3129 2853 3184 concilio
2884 3129 3084 3185 abusus
3127 3130 3238 3184 est!
3290 3128 3497 3199 Nempe

1909 3220 1963 3275 in
1987 3222 2261 3276 sinistram
2290 3224 2654 3293 suspicionem
2690 3239 2795 3279 non
2836 3224 2989 3278 facile
3017 3224 3133 3278 abit
3184 3222 3497 3278 Christiana

199 3328 439 3381 tantum,
470 3316 562 3371 sed
594 3326 648 3371 et
679 3317 743 3369 ad
790 3314 1136 3369 Ambrosium
1170 3315 1472 3369 rescribere
1512 3315 1797 3383 coeperint,
1827 3309 1872 3371 C
1907 3312 2264 3382 simplicitas;
2305 3330 2404 3369 nec
2435 3314 2576 3370 male
2614 3314 2684 3375 de
2716 3329 2987 3385 quoquam
3046 3316 3284 3381 iudicare
3327 3322 3494 3381 amat,

198 3410 846 3480 eodemquelocoipsius
894 3408 1167 3462 Ambrosii
1219 3422 1569 3462 successores
1599 3408 1799 3462 habere

197 3506 568 3559 assueveriut.
600 3502 692 3557 \ch
720 3501 900 3571 potius
930 3500 1221 3555 Ambrosio
1251 3500 1484 3568 ejusque
1512 3514 1797 3555 successo-

200 3595 361 3651 ribus
404 3594 809 3648 observantiam
844 3592 1001 3645 istam
1042 3589 1352 3645 conciliavit
1406 3590 1797 3658 linperatorum

199 3690 259 3744 in
286 3686 505 3741 civitate
536 3684 926 3740 Mediolanensi
954 3684 1136 3749 sedes,
1178 3699 1245 3738 ex
1279 3698 1385 3752 qua
1422 3684 1578 3752 hujus
1605 3684 1798 3737 civita-

199 3778 277 3831 tis
316 3777 621 3829 antistitum
656 3774 957 3827 auctoritas
997 3788 1246 3827 crescere
1300 3790 1407 3826 non
1457 3774 1801 3830 mediocriter

196 3872 394 3937 C(Bpil.
445 3867 607 3921 Certe
640 3883 704 3920 ex
735 3883 821 3931 eo,
850 3866 994 3934 quod
1028 3865 1143 3919 Afri
1167 3866 1233 3919 ad
1278 3866 1636 3935 Imperatores
1660 3867 1802 3936 lega-

201 3962 415 4016 tionem
458 3960 795 4013 dcstiuantes
849 3960 1134 4013 scribunt:
1200 3978 1215 4007 ε
1256 3958 1476 4013 Litterae
1524 3961 1688 4013 etiam
1735 3959 1801 4013 ad

197 4053 527 4124 episcopum
583 4051 843 4107 Romana:
891 4052 1135 4105 ecclesia:
1185 4065 1281 4119 pro
1330 4051 1806 4106 commendatione

196 4144 514 4214 legatorum
546 4142 821 4197 mittenda:
850 4150 996 4207 sunt,
1029 4142 1114 4196 vel
1140 4142 1205 4195 ad
1237 4142 1374 4195 alios
1407 4142 1495 4196 ubi
1520 4142 1680 4198 fuerit
1701 4144 1807 4199 lm-

197 4247 431 4310 perator
461 4234 616 4306 (Cod.
647 4252 763 4289 can.
798 4235 923 4288 ccci.
955 4234 1097 4304 Ain,
1123 4251 1169 4287 ι’.
1203 4234 1331 4304 93),
1364 4253 1383 4287 ι
1418 4237 1541 4304 quis
1571 4244 1680 4291 tum
1707 4237 1807 4291 ob.

197 4330 413 4384 tinerct
436 4342 586 4392 usus,
613 4326 755 4381 ltaud
791 4326 942 4381 latet.

960 4480 1052 4537 XI.

290 4616 373 4671 15.
408 4616 555 4671 Anno
572 4616 697 4672 398.
728 4617 908 4672 Siricii
928 4619 995 4670 ad
1026 4616 1275 4685 Ruﬁnum
1322 4616 1562 4686 ofﬁciosa
1615 4619 1807 4689 episto-

197 4710 283 4763 la.
310 4737 383 4748 —
412 4708 642 4763 Siricius
686 4710 869 4764 audita
916 4709 1095 4764 Rulini
1136 4708 1443 4780 presbyteri
1500 4688 1663 4773 fama,
1714 4711 1808 4763 lto-
1834 4688 1888 4749 D

198 4802 495 4857 noriticam
516 4803 582 4856 ad
615 4818 736 4857 eum
770 4804 917 4858 misit
944 4806 1254 4873 epistolam,
1283 4818 1386 4871 qua
1417 4803 1569 4857 illum
1599 4803 1807 4869 Roma},

199 4904 268 4951 ut
297 4894 437 4948 hanc
466 4894 656 4948 urbem
689 4897 979 4962 praesentia
1015 4897 1448 4961 illustraretsua,
1475 4912 1694 4951 manere
1716 4895 1812 4950 ob-

202 4986 538 5041 testabatur.
572 4986 637 5039 Et
661 4986 801 5041 hanc
828 4987 1043 5057 quidem
1076 4988 1364 5057 epistolam
1397 4988 1621 5044 llut‘tuus
1648 4990 1806 5043 alteri

200 5078 394 5131 minus
422 5077 725 5141 favOrabili,
746 5094 906 5147 quam
938 5090 1122 5147 postea
1148 5079 1332 5133 Siricii
1360 5081 1806 5135 succesSorAua-

199 5172 416 5224 stasius
444 5170 511 5225 de
544 5172 659 5240 ipso
683 5172 924 5239 scripsit,
955 5186 1233 5240 opponere
1284 5172 1515 5227 solebat.
1549 5175 1809 5239 Quocirca

204 5262 586 5333 Hieronymus
616 5266 831 5335 apolog.
868 5266 961 5319 lib.
996 5266 1029 5319 5
1060 5266 1139 5320 sic
1167 5280 1290 5320 eum
1320 5265 1649 5335 alloquitur:
1684 5267 1812 5337 Epi-

200 5358 413 5412 Stolam
444 5356 712 5413 Anastasii
742 5360 794 5413 in
822 5359 1041 5415 dubium
1072 5374 1294 5421 vocans,
1332 5381 1351 5409 ει
1374 5361 1583 5414 etiamsi
1614 5361 1813 5431 scripta

199 5448 282 5503 sit
307 5448 376 5501 ab
409 5448 521 5508 illo.
556 5452 639 5503 vel
674 5466 778 5504 non
807 5453 1028 5522 scripta,
1061 5451 1127 5505 ad
1161 5462 1210 5504 te
1235 5451 1371 5505 nihil
1396 5452 1670 5520 pertinere
1702 5464 1809 5508 tes-

201 5540 370 5603 taris;
400 5540 490 5609 qui
523 5542 869 5609 pratcessoris
893 5544 1008 5612 ejus
1036 5544 1429 5607 tesdmonium,
1454 5554 1508 5599 ct
1533 5555 1812 5613 rOgautem

198 5630 466 5694 Romam,
494 5640 693 5684 nteant
730 5632 1036 5690 illustrares
1070 5637 1353 5705 praesentia
1412 5645 1520 5700 tua,
1572 5637 1814 5706 Oppiduli

202 5723 290 5778 tui
316 5738 504 5778 amore
528 5725 940 5792 contempseris.
970 5748 991 5777 r
1027 5728 1086 5782 Et
1106 5731 1284 5797 paucis
1311 5728 1641 5797 interiectis:
1682 5748 1699 5781 υ
1726 5729 1813 5785 Si-

201 5814 337 5872 ricii
372 5814 423 5867 in
463 5815 689 5868 Domino
712 5816 1032 5871 dormientis
1064 5820 1273 5889 profers
1305 5821 1607 5890 epistolam,
1643 5831 1698 5877 et
1728 5823 1806 5877 vi-

203 5907 397 5963 ventis
425 5902 695 5960 Anastasii
730 5906 871 5964 dicta
900 5912 1224 5968 contemnis.
1258 5933 1277 5964 ›

1905 3408 2202 3474 ριέιεεετιὶιη
2234 3408 2302 3462 de
2330 3408 2440 3473 illo,
2474 3408 2541 3463 de
2572 3424 2680 3478 quo
2708 3408 2784 3463 nil
2817 3424 2877 3465 se
2899 3408 3067 3464 menti
3118 3407 3300 3472 oﬂert,
3352 3408 3495 3464 unde

1904 3511 2007 3551 non
2035 3506 2182 3552 recte
2204 3498 2273 3552 de
2307 3499 2397 3552 lllo
2443 3501 2661 3553 sentiat.
2717 3498 2987 3555 Interdum
3032 3502 3197 3555 etiam
3248 3499 3495 3555 nonnihil

1901 3590 2353 3646 dissimulandum
2422 3603 2629 3659 censet,
2699 3603 2757 3648 ut
2799 3606 3067 3649 errantem
3121 3594 3506 3663 praevenienti-

1904 3681 2003 3737 bus
2045 3682 2365 3741 demulceus
2417 3684 2631 3751 ciliciis,
2678 3700 2800 3742 eum
2825 3686 2890 3740 ad
2945 3685 3228 3741 veritatem
3275 3685 3500 3742 allicere

1903 3781 2085 3842 queat.

2617 3867 2759 3923 XIII.

1979 3978 2067 4033 18.
2126 3976 2340 4048 Legatio
2385 3983 2551 4050 ferens
2610 3978 2832 4034 Romam
2866 3981 3124 4035 decretum
3158 3983 3499 4038 ordinationis

1907 4069 2124 4127 Joannis
2149 4070 2287 4125 C.P.
2320 4103 2386 4113 —
2409 4077 2565 4128 Anno
2595 4073 2701 4129 '098
2757 4072 2996 4128 Fehrarii
3020 4075 3212 4138 28dic,
3233 4076 3503 4131 Constan-

1911 4164 2177 4234 tinopolit.
2217 4164 2475 4220 Ecclesiae
2501 4166 2787 4235 episcopus
2817 4166 3098 4220 ordinatus
3120 4176 3204 4222 est
3225 4166 3496 4221 Joannes:

1909 4254 2211 4321 exindeque
2251 4256 2469 4309 decreta
2526 4265 2609 4310 est
2659 4257 2879 4325 legatio,
2932 4274 3051 4327 qua:
3101 4258 3497 4312 ordinationem

1910 4345 2027 4415 ejus
2050 4345 2235 4400 Roma:
2266 4347 2919 4416 nuntiaret.Quapropter
2948 4349 3014 4402 ad
3045 4348 3225 4404 Siricii
3259 4360 3501 4421 tempora

1911 4434 2105 4491 referri
2134 4445 2313 4505 potest
2336 4436 2451 4491 haec
2476 4437 2694 4508 legatio,
2728 4440 2961 4494 maxime
2988 4442 3029 4494 si
3057 4442 3101 4495 is
3149 4457 3285 4512 papa
3335 4443 3498 4497 vitam

1911 4528 1977 4582 ad
2009 4544 2247 4584 mensem
2282 4529 2643 4586 Novembrem
2671 4534 2794 4586 anni
2818 4533 2922 4588 398
2979 4534 3257 4605 produxit.
3314 4536 3500 4606 Neque

1914 4620 2056 4673 enim
2086 4622 2196 4675 veri
2224 4632 2310 4676 est
2331 4623 2509 4679 simile
2538 4624 2799 4679 Joannem
2831 4626 2897 4680 ad
2930 4626 3159 4681 alterum
3174 4629 3499 4685 aunumdis-

1915 4715 2120 4781 tulisse,
2155 4730 2260 4785 quo
2293 4715 2594 4772 Romanum
2623 4720 2929 4787 pontiﬁcem
2958 4721 3027 4775 dc
3046 4723 3383 4778 ordinatione
3406 4739 3501 4778 sua

1912 4807 2203 4862 certiorem
2234 4807 2458 4865 faceret.
2490 4810 2730 4865 Celebris
2775 4812 2931 4881 hujus
2980 4814 3265 4884 legationis
3312 4817 3500 4870 memi-

1914 4913 2045 4953 nere
2071 4899 2337 4954 Palladius
2368 4900 2496 4955 dial.
2532 4901 2598 4954 de
2628 4900 2746 4955 Vita
2779 4901 3060 4973 Chrysost.
3095 4921 3213 4974 cap.
3263 4906 3319 4973 4,
3377 4920 3496 4976 pag.

1913 4989 2004 5055 59,
2037 5000 2089 5044 et
2110 5006 2228 5061 cap.
2254 4992 2306 5056 6,
2340 5007 2456 5062 pag.
2484 4991 2552 5047 50
2580 5003 2633 5047 et
2654 4993 2717 5047 51
2746 5010 2757 5057 ;
2787 4992 3165 5050 Tlieodoretus
3188 4998 3281 5051 lib.
3309 5014 3338 5052 v
3371 4997 3500 5057 hist.

1913 5083 2049 5136 eecl.
2070 5098 2116 5136 c.
2140 5082 2230 5149 2'5,
2262 5094 2317 5139 et
2339 5084 2671 5139 Sozomcnus
2695 5085 2785 5139 lib.
2813 5102 2927 5150 vui,
2948 5101 2998 5141 c.
3027 5088 3079 5141 5.
3108 5089 3171 5142 Ει
3204 5089 3253 5141 lii
3286 5090 3503 5159 quidem

1914 5176 2160 5243 quamvis
2188 5178 2439 5231 nonnulla
2473 5177 2824 5243 confundant,
2858 5184 3163 5249 przesertim
3184 5183 3499 5240 Theodore-

1915 5278 2021 5335 tus,
2054 5270 2109 5326 in
2139 5272 2238 5327 lioc
2264 5283 2438 5328 tamen
2459 5276 2799 5329 causentiunt
2820 5276 2961 5331 inter
2982 5293 3060 5341 se,
3081 5278 3219 5346 quod
3245 5280 3498 5335 Acacium

1914 5364 2102 5420 Beroa:
2132 5367 2441 5435 episcopum
2483 5366 2769 5437 legationis
2801 5368 2959 5437 ltujus
2993 5370 3290 5439 principem
3337 5375 3497 5427 exsti-

1916 5457 2051 5513 tisse
2076 5459 2305 5513 tradant.
2342 5458 2416 5515 De
2445 5460 2533 5514 illo
2578 5462 2893 5515 nominatim
2929 5462 3207 5519 Palladius
3265 5481 3381 5535 pag.
3432 5466 3501 5521 59

1921 5551 1990 5605 ita
2018 5552 2293 5623 loquitur:
2330 5572 2347 5601 ιι
2377 5552 2507 5618 Quis
2540 5555 2704 5622 magis
2724 5568 2891 5609 canus
2922 5566 3015 5610 aut
3040 5559 3161 5627 quis
3211 5559 3331 5612 visu
3384 5573 3499 5613 mo-

1917 5642 2124 5697 destior
2146 5642 2339 5697 Acacio
2362 5642 2647 5697 Beroensi.
2681 5682 2695 5698 .
2725 5682 2738 5695 .
2769 5645 2924 5715 cujus
2952 5648 3032 5701 vel
3067 5661 3224 5702 nares
3260 5649 3388 5717 ipsa:
3417 5663 3507 5703 ca-

1915 5747 2016 5787 nos
2046 5733 2312 5788 habebant
2342 5734 2478 5802 pilos
2511 5732 2879 5803 longissimos,
2923 5753 3041 5791 cum
3077 5738 3302 5794 Romam
3355 5742 3504 5795 venit

1912 5824 2091 5880 ferens
2122 5824 2483 5880 ordinationis
2504 5823 2730 5883 Joannis
2756 5828 2995 5900 episcopi
3025 5830 3345 5886 decretum?
3379 5852 3399 5884 ρ

1984 5918 2066 5971 19.
2106 5917 2302 5972 Eadem
2334 5915 2638 5973 Flavianum
2689 5921 2929 5976 Antioch.
2991 5920 3224 5980 Romano
3255 5924 3487 5996 pontiﬁci
