3874 6442
440 409 572 468 1127

1623 408 1944 468 SANCTUS
1984 406 2274 468 SIRICIUS
2314 409 2514 468 PAPA.

3578 420 3685 478 “28

434 524 749 582 reconciliet.
773 552 840 566 —
867 523 1055 595 Neque
1080 522 1204 581 ideo
1218 530 1427 580 tantum
1452 521 1659 581 electus
1678 533 1760 580 est
1783 524 2036 590 Aeacius,
2069 525 2115 585 A
2147 539 2266 595 quae
2297 524 2365 580 ab
2395 523 2623 581 ecclesia
2646 535 2830 583 nostra
2877 534 3027 600 gesta
3072 538 3218 595 sunt,
3261 531 3457 589 nemini
3499 532 3684 591 dubium

433 630 492 676 ut
513 619 878 676 ordinationis
899 620 1122 676 Joannis
1145 619 1425 676 decretum
1455 619 1641 687 ferret,
1672 620 1765 676 sed
1795 621 1957 675 etiam
1980 628 2036 675 ut

434 711 750 768 Flavianum
777 713 1095 784 episcopum
1126 713 1529 769 Antiochenum
1564 713 1812 768 Romano
1860 712 2036 784 ponti-

431 804 520 861 fici
551 807 958 863 reconciliaret.
985 807 1155 876 Quam
1177 807 1248 861 ob
1269 821 1488 862 causam
1518 822 1544 860 a
1571 806 1781 862 Joanne
1801 805 1919 876 ipso
1948 819 2037 860 ro-

432 907 591 970 gatus
618 898 954 971 Theophilus
981 900 1400 968 Alexandrinus,
1451 899 1714 956 Isidorum
1772 912 2036 955 veneran-

433 992 558 1049 dum
592 993 838 1053 ecclesiae
864 994 1256 1052 Alexandrinae
1287 995 1694 1067 presbyterum,
1755 993 1823 1049 ab
1862 993 2034 1049 Allia-

432 1090 584 1145 nasio
611 1088 886 1161 quondam
916 1087 1254 1156 ordinatum,
1285 1087 1542 1159 legationi
1599 1087 1724 1142 huic
1755 1085 2031 1156 adjunxit.

432 1181 565 1239 Rem
603 1181 942 1238 Sozomenus
974 1181 1054 1237 sic
1091 1189 1313 1236 narrat:
1355 1202 1373 1232 α
1411 1179 1650 1236 Joannes
1684 1180 1736 1236 in
1772 1179 1894 1248 ipso
1924 1177 2037 1250 epi-

437 1287 690 1347 scopatus
722 1277 805 1332 sui
839 1275 1085 1338 exordio,
1116 1291 1237 1332 cum
1276 1274 1656 1332 Occidentales
1701 1283 1757 1329 et
1794 1271 2036 1345 Egyptii

437 1368 752 1425 sacerdotes
778 1370 990 1424 Paulini
1037 1369 1214 1440 gratia
1237 1369 1304 1423 ab
1345 1367 1718 1424 Orientalibus
1765 1365 2037 1437 episcOpis

433 1463 611 1519 adhuc
632 1443 989 1527 dissiderent,
1017 1461 1376 1532 TlteOphiluoi
1410 1460 1641 1532 rogavit,
1677 1471 1735 1515 ut
1763 1457 2038 1528 suamipsi

431 1572 655 1630 operam
679 1558 1073 1624 commodaret,
1105 1566 1157 1612 et
1202 1555 1504 1610 Romanum
1553 1554 1869 1625 episc0puni
1915 1552 2039 1608 Fla-

427 1649 583 1704 viano
617 1648 1013 1705 reconciliaret.
1049 1649 1203 1717 Quod
1229 1663 1350 1704 cum
1383 1647 1696 1719 placuisset,
1729 1646 1884 1702 electi
1913 1653 2040 1700 sunt

434 1742 500 1800 ad
543 1743 592 1799 id
626 1746 900 1815 negotium
931 1741 1164 1800 Aeacius
1195 1743 1487 1812 episcopus
1539 1740 1728 1796 Beroe
1778 1749 1831 1795 et
1863 1737 2037 1794 lsido-

437 1852 554 1900 rus,
583 1835 629 1892 is
658 1835 812 1908 cujus
842 1837 1012 1909 gratia
1040 1835 1378 1908 TheOphilus
1427 1834 1652 1891 Joannis
1705 1833 2036 1890 ordinationi

2141 629 2222 673 est
2244 617 2555 675 Flavianum
2579 621 2973 677 communionis
3003 625 3227 694 gratiam
3253 627 3555 694 recepisse;
3600 644 3684 700 qua

2141 712 2192 767 in
2229 722 2544 784 perpetuum
2576 724 2846 781 caruerat,
2877 715 2978 771 nisi
3002 715 3138 772 Hinc
3193 735 3343 789 super
3395 721 3488 776 Isoc
3530 723 3686 796 scripta

2140 817 2477 898 manassent,
2516 829 2534 859 ei
2561 806 2697 864 Tum
2723 809 3021 866 Romanum
3050 813 3370 880 antistitem,
3409 817 3481 870 uti
3521 816 3684 887 (Epist.

2141 899 2231 963 56.
2263 916 2317 966 η,
2352 899 2406 970 7)
2464 902 2793 972 praedixerat
2821 904 3293 973 Amlirosiusfore,
3317 907 3506 964 imitati
3530 910 3686 980 plures

2138 991 2540 1059 Occidentales,
2594 996 2950 1054 Antiochenae
2998 999 3244 1056 ecclesias
3292 1001 3479 1074 legatis
3517 1002 3688 1060 similes

2141 1085 2347 1142 litteras
2378 1087 2741 1157 tradiderunt,
2763 1107 2896 1159 quas
2917 1092 3249 1151 Sozontenus
3280 1095 3372 1151 lib.
3402 1097 3454 1162 8,
3484 1098 3688 1169 c.3,ge-

2141 1181 2371 1235 neratim
2400 1181 2641 1240 indicare
2667 1185 2799 1240 satis
2827 1185 3012 1254 habet,
3037 1188 3225 1246 dicens
3253 1189 3502 1248 Acacium
3544 1192 3685 1248 Roma

2141 1271 2192 1327 in
2225 1273 2436 1346 Syriam
2467 1292 2742 1334 reversum
2776 1278 3151 1354 Egyptiorum
3181 1283 3682 1360 Occidentaliumque

2141 1366 2395 1437 pacificas
2420 1368 2627 1424 litteras
2661 1370 2920 1429 Flaviano
2949 1374 3223 1433 retulisse.

2140 1481 2188 1530 Ξ.
2214 1481 2426 1534 Decreta
2470 1484 2712 1557 nonnulla_
2738 1486 2910 1537 Siricio
2947 1503 3083 1557 papae
3107 1492 3150 1540 in
3170 1491 3292 1543 libro
3316 1493 3690 1557 pontiﬁcaliattri-

2699 1548 2813 1599 buta
2842 1548 3172 1603 excutiuntur.

2216 1651 2455 1708 LSiricii
2471 1655 2801 1710 constitutum
2813 1668 2992 1713 contra
3017 1676 3188 1716 omnes
3203 1662 3692 1735 hiemem—Quam-

2143 1742 2223 1797 vis
2264 1741 2386 1799 libri
2417 1745 2742 1817 pontificalis
2771 1763 2890 1804 cum
2942 1751 2992 1805 in
3039 1752 3241 1819 multis,
3276 1763 3382 1809 tuin
3415 1758 3464 1812 in
3486 1757 3545 1813 iis
3587 1773 3692 1824 quae

2144 1849 2172 1889 a
2197 1834 2454 1892 Romanis
2474 1840 2823 1909 pontitieibus
2853 1844 3141 1898 constituta
3165 1859 3282 1903 esse
3298 1847 3473 1914 tradit,
3499 1850 3616 1904 levis
3640 1864 3693 1906 ac

435 1932 753 1988 adversatus
786 1929 985 1987 fuerat.
1029 1952 1048 1983 ι)
1077 1931 1153 1987 De
1185 1930 1395 1988 lsidoro
1417 1931 1611 1987 eodem
1654 1929 1932 1987 Palladius
1981 1929 2034 1985 in
2065 1923 2114 1984 B
2142 1927 2379 1983 sublesta
2410 1927 2480 1984 sit
2526 1933 2849 1999 auctoritas;
2880 1949 2998 2006 quae
3025 1944 3197 1992 tamen
3256 1937 3444 1996 Siricio
3474 1942 3690 2007 ascribit,

434 2027 648 2100 dialogo
677 2043 799 2085 cum
833 2028 1123 2085 Theodoro
1176 2027 1439 2084 Romanae
1491 2026 1741 2084 ecclesiae
1799 2026 2032 2081 diacono

434 2124 749 2194 Colloquens
773 2124 879 2179 ait:
922 2144 939 2173 ’(
978 2122 1058 2179 Tu
1105 2137 1234 2178 vero
1276 2134 1330 2177 et
1379 2122 1496 2188 ipse
1541 2122 1682 2175 nosti
1733 2118 2030 2183 hominem,

436 2216 651 2288 quando
679 2230 800 2271 cum
825 2216 1025 2271 Aeacio
1056 2215 1284 2271 veniens
1314 2213 1552 2268 Flaviani
1584 2228 1704 2268 cum
1729 2210 2033 2282 Theophilo

436 2309 871 2364 communionem
895 2307 1284 2376 attulitviginti
1337 2321 1511 2362 annos
1551 2307 1837 2377 abruptam
1886 2305 2032 2361 beati

436 2399 653 2471 Evagrii
679 2415 864 2457 causa.
904 2422 922 2453 ιν
955 2401 1136 2472 Neque
1161 2400 1249 2456 hic
1292 2400 1599 2465 tacendum,
1631 2399 1772 2469 quod
1802 2399 1868 2454 de
1892 2399 2034 2467 lega-

439 2491 585 2547 tione
612 2493 701 2548 illa
733 2493 1112 2549 Theodoretus
1145 2493 1328 2548 habet.
1370 2520 1384 2542 γι
1418 2491 1733 2556 Flavianus,
1768 2511 1785 2540 3
1838 2491 2030 2559 inquit,

443 2604 461 2633 ι
497 2585 750 2656 egregios
781 2588 1046 2655 quosdam
1102 2587 1390 2655 episcopos
1439 2584 1665 2639 Romani
1723 2584 1872 2637 misit
1927 2597 2031 2637 una

434 2693 557 2736 cum
598 2679 805 2750 aliquot
860 2681 1194 2750 presbyteris
1235 2692 1299 2733 ac
1345 2677 1591 2732 diaconis
1646 2674 2030 2732 Antiochensis

430 2771 694 2826 ecclesiae.
728 2770 929 2825 llorutn
959 2772 1199 2825 omnium
1233 2770 1489 2838 princeps
1519 2777 1641 2824 erat
1669 2767 1900 2824 Aeacius
1935 2767 2030 2822 lie-

441 2878 547 2918 roa:
584 2861 737 2918 uvbis
766 2862 938 2935 Syriae
971 2863 1335 2934 episcOpus...
1366 2861 1462 2917 llic
1490 2877 1592 2916 tina
1634 2877 1755 2916 cum
1808 2860 2030 2932 reliquis

436 2955 661 3010 Romam
695 2950 920 3012 veniens
943 2956 1255 3011 diuturnam
1274 2955 1630 3018 simultatem,
1647 2970 1766 3025 qua:
1790 2963 2032 3024 septem-

430 3047 606 3104 decim
653 3062 829 3103 annos
877 3047 1192 3113 duraverat,
1245 3048 1483 3113 sedavit,
1540 3061 1840 3118 pacemque
1891 3046 2032 3100 inter

431 3139 688 3198 ecclesias
715 3142 1049 3209 composuit.
1078 3159 1098 3191 ιι
1124 3139 1287 3195 Addit
1319 3140 1538 3211 quidem
1561 3140 1745 3195 statim
1778 3137 2030 3194 Theodo-

433 3244 604 3300 retus,
638 3255 653 3287 τ(
678 3235 916 3292 Praeerat
943 3245 1070 3290 tunc
1101 3233 1358 3303 temporis
1386 3232 1633 3289 ecclesiae
1661 3231 1919 3287 Romanae
1948 3229 2032 3285 ln-

2137 2019 2351 2077 silentio
2401 2025 2677 2092 praeterire
2728 2042 2831 2081 non
2873 2028 3016 2092 licet.
3068 2032 3297 2089 maxime
3344 2049 3460 2089 cum
3509 2050 3597 2091 nec
3633 2037 3692 2091 ab

2139 2123 2298 2171 aetate
2321 2132 2419 2172 nec
2445 2132 2475 2172 a
2504 2121 2901 2176 consuetudine
2931 2121 3073 2178 illius
3116 2126 3335 2180 omnino
3372 2127 3691 2186 abhorreant.

2138 2206 2322 2264 Primo
2347 2209 2563 2280 quidem
2593 2211 2658 2268 de
2689 2212 2784 2267 illo
2832 2213 2884 2269 in
2927 2213 3034 2271 hoc
3063 2215 3201 2272 libro
3231 2217 3489 2289 legimus:
3524 2241 3541 2270 ε
3569 2219 3694 2277 Cou-

2137 2301 2382 2358 stitutum
2415 2302 2540 2360 fecit
2572 2304 2640 2362 de
2664 2307 2814 2362 omni
2839 2306 3083 2365 Ecclesia
3114 2321 3166 2366 et
3190 2323 3372 2368 contra
3397 2329 3576 2370 omnes
3600 2315 3695 2370 ha:-

2138 2408 2312 2460 reses,
2339 2403 2396 2470 et
2420 2395 2678 2466 dispersit
2710 2414 2808 2470 per
2862 2401 3171 2456 universum
3233 2405 3480 2460 mundum
3509 2422 3566 2461 ac
3610 2421 3694 2476 per

2139 2503 2324 2543 omnes
2348 2489 2678 2558 provincias,
2714 2503 2769 2546 ut
2799 2491 2851 2547 in
2879 2495 3025 2548 omni
3051 2495 3265 2550 areliivo
3295 2496 3532 2552 ecclesia:
3576 2513 3692 2553 cono

2136 2591 2450 2636 servaretur
2474 2582 2542 2637 ob
2575 2587 3035 2654 oppugnationem
3065 2599 3248 2643 contra
3297 2605 3484 2646 omnes
3534 2589 3693 2647 haere-

2136 2685 2245 2726 ses.
2286 2691 2302 2721 ι
2334 2671 2441 2728 Sed
2479 2672 2562 2728 his
2587 2676 2765 2731 verbis
2795 2677 3065 2750 designari
3097 2689 3299 2735 tantum
3325 2683 3526 2739 videtur
3547 2700 3692 2754 supe-

2138 2762 2250 2816 rior
2275 2764 2498 2832 epistola
2527 2764 2577 2826 5,
2611 2782 2771 2836 quam
2795 2768 2918 2825 ideo
2947 2785 2977 2825 a
2999 2770 3260 2841 scriptore
3275 2775 3443 2830 minus
3462 2786 3694 2832 accurato

2138 2867 2316 2909 contra
2345 2871 2517 2911 omnes
2548 2858 2766 2914 Inrreses
2792 2861 2986 2918 dietatn
3011 2867 3500 2937 suspiramnr,quia
3524 2868 3694 2938 inejus

2137 2945 2375 3000 clausula
2405 2946 2628 3018 legerit:
2654 2969 2673 3002 ιι
2711 2950 2836 3006 Haec
2859 2953 3059 3024 itaque.
3091 2954 3380 3021 fratres,.si
3409 2958 3555 3026 plena
3574 2960 3694 3030 vigi-

2137 3035 2300 3091 lantia
2330 3038 2612 3096 tuerintab
2635 3043 2883 3100 omnibus
2911 3046 3215 3110 observata.
3263 3051 3492 3106 cessabit
3537 3053 3696 3107 ιιιηιιὶ-

2137 3128 2231 3194 tio.
2282 3129 2550 3190 dissensio
2603 3138 2972 3208 conquiescet,
3025 3139 3251 3198 Hareses
3295 3153 3346 3199 ct
3421 3144 3695 3202 schismata

2137 3238 2242 3277 non
2297 3235 2604 3297 emergent,
2655 3227 2836 3286 locum
2882 3245 2991 3289 non
3035 3233 3259 3305 accipiet
3309 3235 3546 3293 diabolus
3598 3252 3696 3293 sae-

435 3327 741 3384 noceutius.
783 3347 803 3380 ιι
837 3325 1060 3392 Verum,
1091 3325 1766 3389 utiValesiusobservat,a
1790 3321 2027 3377 Flaviani
2062 3313 2107 3377 C
2141 3316 2341 3372 viendi.
2366 3336 2384 3368 ι

433 3420 795 3482 ordinatione,
831 3434 950 3488 quae
978 3433 1121 3474 anno
1160 3418 1256 3474 38I
1315 3418 1566 3488 contigit.
1620 3424 1868 3486 emperat
1913 3415 2032 3471 haec

433 3512 702 3569 simultas.
728 3509 882 3567 Unde
911 3509 1156 3581 sequitur
1180 3519 1238 3564 ιιι
1268 3509 1310 3564 si
1343 3517 1469 3580 post
1490 3509 1888 3578 septemdecim
1938 3522 2032 3562 an-

434 3619 534 3662 nos
566 3603 747 3660 sedata
777 3610 862 3659 est
914 3602 1201 3673 legationis
1251 3601 1526 3672 praedictae
1582 3599 1864 3656 beneficio.
1918 3603 2030 3671 ipsa

433 3698 630 3770 legatio
657 3712 799 3752 anno
832 3696 957 3758 398.
987 3694 1230 3766 adeoque
1248 3702 1539 3764 antequam
1568 3692 1922 3749 Innocentius
1945 3707 2034 3748 ec-

431 3792 613 3850 clesia:
643 3791 904 3847 Romanae
935 3797 1215 3859 praeesset,
1242 3789 1500 3859 illiganda
1539 3789 1632 3844 sit.
1667 3789 1848 3857 Quare
1902 3803 2032 3844 con-

425 3886 662 3944 fundere
684 3885 898 3941 videtur
925 3883 1307 3940 Theodoretus
1333 3883 1504 3948 aliud,
1537 3883 1681 3954 quod
1722 3884 1825 3938 sub
1871 3883 2030 3939 Inno-

427 3982 612 4037 centio
634 3990 847 4050 gestum
873 3988 974 4034 est.
1005 3976 1139 4033 Nam
1175 3993 1276 4048 pax
1297 3977 1387 4032 illa
1406 3977 1658 4034 ecclesiae
1672 3977 2032 4034 Antiocheam

428 4090 550 4148 quae
579 4087 722 4128 anno
751 4072 856 4128 398
888 4073 1100 4127 initium
1138 4071 1370 4142 accepit,
1398 4071 1719 4128 Innocentio
1771 4071 2031 4140 pontifice

426 4164 662 4238 perfecta
694 4173 855 4234 atque
882 4164 1157 4218 cumulata
1182 4163 1283 4218 fuit
1312 4205 1326 4230 ,
1347 4179 1469 4219 cum
1502 4175 1625 4233 post
1648 4171 1882 4219 mortem
1908 4163 2033 4220 Fla-

425 4257 593 4322 viani,
646 4256 873 4327 ejusque
929 4256 1262 4310 successoris
1319 4255 1653 4328 Porphyrii,
1707 4256 2030 4313 Alexander

427 4351 592 4406 etiam
634 4346 1040 4412 Eustathianos,
1069 4347 1161 4419 qni
1186 4347 1447 4403 hactenus-
1474 4362 1596 4403 cum
1651 4348 1867 4405 caeteris
1894 4363 2028 4404 con-

432 4441 616 4500 venire
642 4447 957 4507 renuerant,
989 4439 1089 4496 sibi
1118 4442 1378 4496 sociavit.
1415 4439 1550 4496 Hinc
1584 4441 1753 4511 liquet
1783 4442 1856 4507 id,
1886 4441 2028 4509 quod

426 4535 680 4606 Capuana
713 4535 953 4608 synodus
1012 4534 1354 4599 decreverat,
1396 4533 1650 4605 quodque
1705 4534 2027 4590 nominatim

427 4629 801 4687 Ambrosiusa
855 4627 1163 4700 'l‘heophilo
1207 4637 1485 4700 exegerat,
1535 4642 1658 4684 esse
1715 4627 2023 4698 impletum,

428 4737 550 4779 cum
589 4723 758 4794 ipsius
787 4737 978 4794 opera,
1011 4720 1114 4777 etsi
1145 4720 1372 4776 forsitan
1408 4720 1560 4775 nullo
1613 4720 1853 4789 judiciall
1899 4736 2026 4778 exa-

427 4819 571 4874 mine
596 4816 975 4882 antecedente,
1010 4813 1081 4871 ita
1112 4814 1410 4884 composita
1441 4825 1525 4870 est
1548 4829 1649 4884 pax
1667 4813 2023 4872 Antiochenam:

424 4913 690 4976 ecclesiae,
750 4921 807 4967 ut
830 4924 950 4967 eam
991 4917 1162 4966 ratam
1213 4907 1413 4965 habere
1465 4907 1741 4966 Romanus
1782 4909 2020 4981 pontifex

427 5019 531 5061 non
561 5002 839 5059 dubitarit.

1157 5073 1298 5130 ιιιν.

492 5172 585 5230 20.
610 5169 832 5228 Romani
878 5168 1122 5225 antistitis
1154 5171 1387 5242 paci/ira:
1417 5170 1600 5227 liturae
1626 5172 1694 5226 ad
1714 5170 2025 5228 Fiat-ianum

425 5264 662 5319 Antioch.
691 5293 762 5306 --
797 5283 814 5317 ιι
853 5261 948 5320 Vel
976 5263 1137 5334 igitur
1159 5262 1382 5330 Siricio,
1413 5267 1496 5320 vel
1552 5266 1669 5336 ejus
1715 5267 2023 5324 successori

423 5357 710 5414 Anastasio
735 5358 1095 5415 attribuenda:
1124 5368 1251 5414 sunt
1308 5359 1546 5431 pacificate
1588 5361 1652 5417 ad
1710 5363 2021 5420 Flavinium

420 5453 822 5510 Amiochenum
853 5455 1070 5520 litterae,
1100 5469 1236 5526 quas
1264 5454 1578 5512 Bonifacius
1600 5455 1620 5511 Ι
1644 5460 1800 5528 epist.
1840 5458 1925 5527 15,
1962 5475 2016 5515 ιι.

421 5547 475 5613 6,
506 5558 654 5601 notat
679 5545 762 5600 his
786 5545 995 5601 verbis:
1029 5567 1046 5596 ε
1088 5548 1217 5601 Cum
1275 5548 1610 5606 Antiochena
1642 5551 1871 5606 ecclesia
1926 5568 2020 5623 per

418 5639 644 5694 multum
670 5638 933 5710 temporis
958 5636 1342 5705 laboraret,ita
1375 5650 1431 5695 ut
1463 5641 1651 5698 tierent
1678 5643 1829 5700 illinc
1860 5659 2020 5716 prop-

417 5739 499 5788 ter
530 5732 828 5802 hocipsutlt
859 5747 1003 5802 saepe
1033 5731 1333 5797 disCUl‘Stts,
1391 5736 1565 5804 primo
1619 5737 1721 5792 sub
1771 5737 2013 5806 Meletio,

413 5836 601 5894 postea
625 5825 727 5882 sub
753 5822 1031 5891 Flaviano,
1059 5826 1417 5892 apostolicam
1449 5827 1634 5885 srdem
1668 5829 2012 5889 manifestum

415 5929 640 5978 estesse
665 5917 1000 5978 consultam:
1021 5916 1086 5973 ud
1106 5917 1260 5988 cujus
1277 5934 1300 5977 a
1315 5922 1682 5994 uctoritatem,
1705 5933 1827 5994 post
1844 5925 2012 5985 multa

2206 3409 2258 3466 2.
2288 3409 2621 3467 Fermentum
2651 3413 2714 3469 ab
2742 3416 2980 3490 episcopo
3009 3419 3312 3493 presbyteris
3365 3423 3590 3479 missum.
3633 3453 3698 3466 -

2135 3503 2231 3559 His
2257 3503 2406 3560 addit
2439 3506 2579 3562 idem
2608 3507 2747 3564 liber
2772 3527 2784 3563 :
2808 3530 2825 3559 ι
2853 3510 2946 3567 Hic
2968 3517 3271 3582 constituit,
3292 3525 3346 3572 nt
3369 3519 3535 3574 nullus
3559 3534 3700 3591 pres—

2135 3595 2291 3670 byter
2314 3599 2504 3654 Missas
2553 3600 2854 3659 celebraret
2901 3620 2996 3675 per
3043 3623 3254 3664 onmem
3301 3608 3697 3678 hebdomadam,

2136 3690 2241 3745 nisi
2268 3704 2644 3748 consecratum
2675 3694 2920 3768 episcOpi
2968 3698 3069 3755 loci
3105 3701 3363 3774 designati
3418 3707 3701 3776 susciperet

2133 3782 2493 3853 declaratum,
2518 3786 2664 3858 quod
2697 3790 3007 3847 nominatur
3055 3793 3393 3851 fermentum.
3435 3817 3452 3851 ι
3507 3797 3699 3855 Verum

2133 3875 2180 3930 is
2201 3875 2318 3946 ipse
2337 3877 2475 3933 liber
2504 3895 2630 3935 usus
2661 3879 2819 3951 hujus
2845 3883 3232 3944 institutionem
3256 3887 3524 3945 Melchiadi
3551 3891 3701 3947 attri-

2133 3966 2271 4035 buit,
2293 3970 2656 4041 eumdemque
2685 3989 2827 4029 nunc
2847 3976 2912 4031 ad
2930 3976 3176 4032 Siriciunt
3201 3979 3454 4048 referens,
3474 3999 3575 4037 non
3600 3998 3699 4037 una

2133 4060 2346 4116 ratione
2376 4072 2562 4117 contra
2596 4064 2884 4120 veritatem
2915 4079 3218 4125 accuratam
3252 4086 3464 4140 peccare
3484 4075 3702 4130 convin-

2139 4153 2305 4219 citur,
2331 4155 2789 4227 quemadmodum
2814 4175 2996 4229 supra,
3031 4178 3148 4234 pag.
3180 4164 3282 4221 239
3307 4179 3359 4222 et
3383 4167 3499 4230 ειο.
3521 4168 3704 4225 obser-

2134 4247 2398 4302 vavimus.
2442 4248 2574 4317 Quae
2599 4257 2777 4306 autem
2822 4251 2894 4308 ibi
2935 4256 3330 4322 attinetavinius,
3397 4259 3698 4329 praedictum

2133 4354 2288 4396 usum
2324 4340 2523 4398 Siricio
2557 4345 2915 4403 recentiorem
2945 4363 3048 4404 non
3078 4364 3197 4407 esse
3229 4353 3558 4423 persuadent.

2203 4436 2256 4490 5.
2275 4434 2332 4489 Μ
2336 4435 2554 4492 artic/mai
2571 4438 2624 4492 in
2644 4440 2880 4495 exsiliunt
2896 4444 3272 4514 pulsi.—-lstttd
3303 4447 3542 4515 alterum,
3561 4448 3699 4516 quod

2131 4525 2331 4583 ibidem
2366 4528 2681 4599 subjicitur,
2719 4550 2738 4584 ι
2779 4531 2874 4590 llic
2898 4537 3098 4592 invenit
3127 4536 3455 4603 Μςςιιίοιιωοι.
3488 4555 3620 4611 quos
3648 4543 3699 4597 in

2132 4619 2325 4676 exsilio
2341 4621 2664 4693 deportavit.
2691 4645 2710 4678 ι
2734 4625 2780 4683 si
2802 4628 3151 4687 subaudiatnr
3172 4651 3191 4682 ‹
3217 4630 3493 4688 Theodosii
3515 4645 3701 4688 aucto.

2053 4699 2107 4761 D
2134 4714 2313 4779 ritate,
2347 4733 2364 4766 ι
2397 4715 2530 4772 nihil
2556 4716 2718 4775 habet
2742 4720 2884 4790 quod
2913 4735 3034 4777 cuin
3055 4722 3304 4780 ItistOt‘iCI
3326 4724 3545 4781 veritate
3597 4740 3694 4797 pu-

2133 4818 2282 4879 gnet,
2313 4808 2654 4867 Theodosius
2683 4811 2882 4884 quippe
2931 4830 3074 4871 anno
3114 4816 3238 4885 589,
3289 4817 3426 4875 Junii
3475 4818 3538 4874 17
3587 4822 3696 4886 die,

2133 4901 3156 4975 adversushaereticosillosconstituit,
3194 4932 3214 4965 κ
3251 4923 3305 4968 ιιι
3328 4929 3388 4969 ex
3415 4914 3556 4969 omni
3583 4914 3702 4981 qui-

2133 4996 2256 5053 dem
2285 4997 2418 5052 orbe
2441 5007 2733 5069 terrarum,
2768 5001 2862 5058 sed
2896 5004 3128 5061 maxime
3150 5006 3216 5061 de
3238 5004 3332 5061 hac
3351 5005 3481 5062 Urbe
3495 5007 3702 5077 pellan-

2134 5098 2238 5144 tur.
2271 5109 2288 5139 ι
2322 5088 2475 5160 (Cod.
2513 5090 2609 5149 Tlt.
2641 5093 2736 5150 tib.
2770 5094 2857 5159 16.
2892 5097 2970 5150 tit.
3001 5097 3054 5164 5,
3080 5100 3160 5168 leg
3210 5096 3317 5169 i8.)

2207 5182 2262 5238 4.
2301 5183 2582 5242 Manichaei
2615 5203 2677 5243 ne
2693 5204 2805 5243 cum
2832 5189 3071 5260 ﬁdelibus
3097 5191 3488 5246 communionem
3533 5192 3702 5261 percio

2127 5281 2290 5350 piant.
2324 5278 2494 5336 Iidem
2520 5286 2748 5339 conversi
2780 5285 2829 5339 in
2855 5286 3173 5343 monasteriis
3196 5285 3456 5355 probentur
3481 5287 3531 5339 in
3561 5287 3698 5340 exitu

2127 5373 2242 5428 vitae
2269 5374 2509 5430 viaticum
2533 5379 2823 5447 percepturi
2867 5407 2938 5420 —
2961 5379 3038 5434 Ad
3069 5378 3204 5435 idem
3231 5391 3424 5449 tempus
3445 5393 3697 5435 revocare

2123 5468 2273 5534 licet,
2293 5470 2439 5540 quod
2460 5471 2510 5526 in
2531 5471 2721 5529 eodem
2739 5473 2878 5529 libro
2895 5472 3088 5529 exinde
3107 5482 3449 5530 memoratur:
3468 5492 3485 5524 ε
3512 5475 3574 5527 Et
3595 5473 3696 5527 hoc

2123 5563 2432 5631 constituit,
2474 5572 2659 5620 utnon
2693 5565 3074 5636 participarent
3105 5565 3417 5636 (Manirhrei)
3465 5579 3584 5619 cum
3631 5563 3695 5617 li-

2127 5653 2345 5711 delibus
2367 5657 2810 5714 communionem
2833 5674 2846 5712 :
2866 5660 2990 5727 quia
3020 5674 3111 5713 ore
3137 5658 3332 5731 polluto
3362 5672 3460 5712 non
3502 5655 3695 5712 lieeret

2126 5759 2374 5806 sanctum
2401 5765 2598 5824 corpus
2623 5751 2953 5807 dominicum
2978 5767 3192 5808 vexare.
3219 5751 3308 5806 llic
3331 5763 3531 5822 qucque
3567 5765 3691 5806 cort-

2126 5844 2324 5909 stituit.
2355 5853 2414 5900 ut
2439 5845 2482 5901 sl
2507 5846 2628 5919 quis
2655 5860 2953 5904 conversus
2980 5844 3046 5902 de
3077 5843 3370 5900 Maniclueis
3395 5843 3591 5899 rediret
3620 5842 3688 5898 ad

2128 5936 2450 6009 Eeclesiam,
2500 5941 2814 6001 nullatenus
2847 5938 3284 6010 communicaret,
3331 5938 3428 5999 nisi
3480 5949 3685 5997 tantum
