  <div class='ocr_page' id='page_1' title='image "/cluster/home/n/w/nwhite01/storage/ocr_20150623/12-13/uc1.31175013632818/1228.png"; bbox 0 0 3874 6420; ppageno 0'>
   <div class='ocr_carea' id='block_1_1' title="bbox 210 409 354 466">
    <p class='ocr_par' dir='ltr' id='par_1_1' title="bbox 210 409 354 466">
     <span class='ocr_line' id='line_1_1' title="bbox 210 409 354 466; baseline 0.014 -2"><span class='ocrx_word' id='word_1_1' title='bbox 210 409 354 466; x_wconf 69' lang='lat'><strong>“29</strong></span> 
     </span>
    </p>
   </div>
   <div class='ocr_carea' id='block_1_2' title="bbox 209 619 1797 706">
    <p class='ocr_par' dir='ltr' id='par_1_2' title="bbox 209 619 1797 706">
     <span class='ocr_line' id='line_1_2' title="bbox 209 619 1797 706; baseline 0.011 -32"><span class='ocrx_word' id='word_1_2' title='bbox 209 619 354 686; x_wconf 81' lang='lat' dir='ltr'><strong>xius,</strong></span> <span class='ocrx_word' id='word_1_3' title='bbox 388 629 448 675; x_wconf 91' lang='lat' dir='ltr'><strong>ut</strong></span> <span class='ocrx_word' id='word_1_4' title='bbox 467 621 689 690; x_wconf 88' lang='lat' dir='ltr'><strong>jejuniis</strong></span> <span class='ocrx_word' id='word_1_5' title='bbox 714 631 769 677; x_wconf 91' lang='lat' dir='ltr'><strong>et</strong></span> <span class='ocrx_word' id='word_1_6' title='bbox 798 627 1135 683; x_wconf 91' lang='lat' dir='ltr'><strong>orationibus</strong></span> <span class='ocrx_word' id='word_1_7' title='bbox 1176 642 1504 701; x_wconf 75' lang='lat' dir='ltr'><strong>maceratus,</strong></span> <span class='ocrx_word' id='word_1_8' title='bbox 1540 639 1797 706; x_wconf 87' lang='lat' dir='ltr'><strong>probatus</strong></span> 
     </span>
    </p>
   </div>
   <div class='ocr_carea' id='block_1_3' title="bbox 209 713 1798 790">
    <p class='ocr_par' dir='ltr' id='par_1_3' title="bbox 209 713 1798 790">
     <span class='ocr_line' id='line_1_3' title="bbox 209 713 1798 790; baseline 0.013 -25"><span class='ocrx_word' id='word_1_9' title='bbox 209 713 470 770; x_wconf 74' lang='lat' dir='ltr'><strong>subomni</strong></span> <span class='ocrx_word' id='word_1_10' title='bbox 491 716 890 775; x_wconf 77' lang='lat' dir='ltr'><strong>examinatione</strong></span> <span class='ocrx_word' id='word_1_11' title='bbox 910 736 1078 790; x_wconf 89' lang='lat' dir='ltr'><strong>usque</strong></span> <span class='ocrx_word' id='word_1_12' title='bbox 1091 721 1159 777; x_wconf 91' lang='lat' dir='ltr'><strong>ad</strong></span> <span class='ocrx_word' id='word_1_13' title='bbox 1177 725 1422 780; x_wconf 91' lang='lat' dir='ltr'><strong>ultimum</strong></span> <span class='ocrx_word' id='word_1_14' title='bbox 1443 727 1584 782; x_wconf 92' lang='lat' dir='ltr'><strong>diem</strong></span> <span class='ocrx_word' id='word_1_15' title='bbox 1599 730 1798 785; x_wconf 80' lang='lat' dir='ltr'><strong>transi-</strong></span> 
     </span>
    </p>
   </div>
   <div class='ocr_carea' id='block_1_4' title="bbox 211 813 1796 897">
    <p class='ocr_par' dir='ltr' id='par_1_4' title="bbox 211 813 1796 897">
     <span class='ocr_line' id='line_1_4' title="bbox 211 813 1796 897; baseline 0.011 -33"><span class='ocrx_word' id='word_1_16' title='bbox 211 820 298 866; x_wconf 88' lang='lat' dir='ltr'><strong>tus</strong></span> <span class='ocrx_word' id='word_1_17' title='bbox 326 813 430 878; x_wconf 89' lang='lat' dir='ltr'><strong>sui,</strong></span> <span class='ocrx_word' id='word_1_18' title='bbox 465 813 796 870; x_wconf 69' lang='lat' dir='ltr'><strong>humanitate</strong></span> <span class='ocrx_word' id='word_1_19' title='bbox 827 815 1084 873; x_wconf 74' lang='lat' dir='ltr'><strong>Ecclesiae</strong></span> <span class='ocrx_word' id='word_1_20' title='bbox 1139 822 1396 879; x_wconf 85' lang='lat' dir='ltr'><strong>viaticum</strong></span> <span class='ocrx_word' id='word_1_21' title='bbox 1451 824 1532 879; x_wconf 90' lang='lat' dir='ltr'><strong>eis</strong></span> <span class='ocrx_word' id='word_1_22' title='bbox 1575 825 1796 897; x_wconf 84' lang='lat' dir='ltr'><strong>largire-</strong></span> 
     </span>
    </p>
   </div>
   <div class='ocr_carea' id='block_1_5' title="bbox 210 903 1793 982">
    <p class='ocr_par' dir='ltr' id='par_1_5' title="bbox 210 903 1793 982">
     <span class='ocr_line' id='line_1_5' title="bbox 210 903 1793 982; baseline 0.011 -24"><span class='ocrx_word' id='word_1_23' title='bbox 210 912 318 959; x_wconf 88' lang='lat' dir='ltr'><strong>tur.</strong></span> <span class='ocrx_word' id='word_1_24' title='bbox 353 925 370 956; x_wconf 77' lang='grc' dir='ltr'><strong>ι</strong></span> <span class='ocrx_word' id='word_1_25' title='bbox 407 903 509 961; x_wconf 86' lang='lat' dir='ltr'><strong>Ubi</strong></span> <span class='ocrx_word' id='word_1_26' title='bbox 538 905 646 961; x_wconf 92' lang='lat' dir='ltr'><strong>duo</strong></span> <span class='ocrx_word' id='word_1_27' title='bbox 673 918 801 963; x_wconf 87' lang='lat' dir='ltr'><strong>sunt</strong></span> <span class='ocrx_word' id='word_1_28' title='bbox 825 910 1056 965; x_wconf 90' lang='lat' dir='ltr'><strong>notanda</strong></span> <span class='ocrx_word' id='word_1_29' title='bbox 1085 914 1374 982; x_wconf 90' lang='lat' dir='ltr'><strong>:primum,</strong></span> <span class='ocrx_word' id='word_1_30' title='bbox 1407 917 1793 974; x_wconf 75' lang='lat' dir='ltr'><strong>luereticorum</strong></span> 
     </span>
    </p>
   </div>
   <div class='ocr_carea' id='block_1_6' title="bbox 207 995 1793 1068">
    <p class='ocr_par' dir='ltr' id='par_1_6' title="bbox 207 995 1793 1068">
     <span class='ocr_line' id='line_1_6' title="bbox 207 995 1793 1068; baseline 0.012 -19"><span class='ocrx_word' id='word_1_31' title='bbox 207 995 262 1051; x_wconf 91' lang='lat' dir='ltr'><strong>in</strong></span> <span class='ocrx_word' id='word_1_32' title='bbox 295 998 646 1064; x_wconf 91' lang='lat' dir='ltr'><strong>monasteria,</strong></span> <span class='ocrx_word' id='word_1_33' title='bbox 679 1009 737 1055; x_wconf 91' lang='lat' dir='ltr'><strong>ut</strong></span> <span class='ocrx_word' id='word_1_34' title='bbox 765 1003 1140 1059; x_wconf 82' lang='lat' dir='ltr'><strong>conversionis</strong></span> <span class='ocrx_word' id='word_1_35' title='bbox 1163 1021 1352 1063; x_wconf 90' lang='lat' dir='ltr'><strong>eorum</strong></span> <span class='ocrx_word' id='word_1_36' title='bbox 1379 1011 1668 1067; x_wconf 78' lang='lat' dir='ltr'><strong>sinceritas</strong></span> <span class='ocrx_word' id='word_1_37' title='bbox 1719 1012 1793 1068; x_wconf 89' lang='lat' dir='ltr'><strong>ibi</strong></span> 
     </span>
    </p>
   </div>
   <div class='ocr_carea' id='block_1_7' title="bbox 205 1086 1790 1161">
    <p class='ocr_par' dir='ltr' id='par_1_7' title="bbox 205 1086 1790 1161">
     <span class='ocr_line' id='line_1_7' title="bbox 205 1086 1790 1161; baseline 0.012 -22"><span class='ocrx_word' id='word_1_38' title='bbox 205 1086 484 1155; x_wconf 89' lang='lat' dir='ltr'><strong>probetur,</strong></span> <span class='ocrx_word' id='word_1_39' title='bbox 512 1089 798 1161; x_wconf 71' lang='lat' dir='ltr'><strong>relegatio;</strong></span> <span class='ocrx_word' id='word_1_40' title='bbox 832 1093 1088 1158; x_wconf 90' lang='lat' dir='ltr'><strong>alterum,</strong></span> <span class='ocrx_word' id='word_1_41' title='bbox 1108 1111 1279 1152; x_wconf 71' lang='lat' dir='ltr'><strong>sacra:</strong></span> <span class='ocrx_word' id='word_1_42' title='bbox 1299 1101 1700 1156; x_wconf 83' lang='lat' dir='ltr'><strong>communionis</strong></span> <span class='ocrx_word' id='word_1_43' title='bbox 1721 1102 1790 1158; x_wconf 90' lang='lat' dir='ltr'><strong>ad</strong></span> 
     </span>
    </p>
   </div>
   <div class='ocr_carea' id='block_1_8' title="bbox 198 1179 1795 1260">
    <p class='ocr_par' dir='ltr' id='par_1_8' title="bbox 198 1179 1795 1260">
     <span class='ocr_line' id='line_1_8' title="bbox 198 1179 1795 1260; baseline 0.012 -28"><span class='ocrx_word' id='word_1_44' title='bbox 198 1179 405 1235; x_wconf 88' lang='lat' dir='ltr'><strong>exitum</strong></span> <span class='ocrx_word' id='word_1_45' title='bbox 436 1181 560 1238; x_wconf 65' lang='lat' dir='ltr'><strong>vita:</strong></span> <span class='ocrx_word' id='word_1_46' title='bbox 588 1183 796 1241; x_wconf 88' lang='lat' dir='ltr'><strong>dilatio.</strong></span> <span class='ocrx_word' id='word_1_47' title='bbox 828 1185 941 1242; x_wconf 87' lang='lat' dir='ltr'><strong>Hoc</strong></span> <span class='ocrx_word' id='word_1_48' title='bbox 989 1197 1172 1244; x_wconf 90' lang='lat' dir='ltr'><strong>autem</strong></span> <span class='ocrx_word' id='word_1_49' title='bbox 1216 1202 1551 1260; x_wconf 90' lang='lat' dir='ltr'><strong>postremum</strong></span> <span class='ocrx_word' id='word_1_50' title='bbox 1595 1193 1795 1251; x_wconf 85' lang='lat' dir='ltr'><strong>Siricio</strong></span> 
     </span>
    </p>
   </div>
   <div class='ocr_carea' id='block_1_9' title="bbox 197 1272 1787 1354">
    <p class='ocr_par' dir='ltr' id='par_1_9' title="bbox 197 1272 1787 1354">
     <span class='ocr_line' id='line_1_9' title="bbox 197 1272 1787 1354; baseline 0.011 -29"><span class='ocrx_word' id='word_1_51' title='bbox 197 1272 456 1328; x_wconf 90' lang='lat' dir='ltr'><strong>usitatum</strong></span> <span class='ocrx_word' id='word_1_52' title='bbox 486 1275 648 1332; x_wconf 82' lang='lat' dir='ltr'><strong>fuisse</strong></span> <span class='ocrx_word' id='word_1_53' title='bbox 675 1278 844 1347; x_wconf 88' lang='lat' dir='ltr'><strong>prima</strong></span> <span class='ocrx_word' id='word_1_54' title='bbox 872 1280 992 1349; x_wconf 87' lang='lat' dir='ltr'><strong>ejus</strong></span> <span class='ocrx_word' id='word_1_55' title='bbox 1021 1281 1251 1351; x_wconf 89' lang='lat' dir='ltr'><strong>epistola</strong></span> <span class='ocrx_word' id='word_1_56' title='bbox 1299 1298 1420 1354; x_wconf 86' lang='lat' dir='ltr'><strong>cap.</strong></span> <span class='ocrx_word' id='word_1_57' title='bbox 1469 1287 1525 1350; x_wconf 77' lang='lat'><strong>5,</strong></span> <span class='ocrx_word' id='word_1_58' title='bbox 1554 1286 1588 1342; x_wconf 79' lang='lat'><strong>5</strong></span> <span class='ocrx_word' id='word_1_59' title='bbox 1627 1297 1683 1342; x_wconf 92' lang='lat' dir='ltr'><strong>et</strong></span> <span class='ocrx_word' id='word_1_60' title='bbox 1733 1287 1787 1354; x_wconf 86' lang='lat'><strong>6,</strong></span> 
     </span>
    </p>
   </div>
   <div class='ocr_carea' id='block_1_10' title="bbox 203 1364 1788 1446">
    <p class='ocr_par' dir='ltr' id='par_1_10' title="bbox 203 1364 1788 1446">
     <span class='ocr_line' id='line_1_10' title="bbox 203 1364 1788 1446; baseline 0.01 -27"><span class='ocrx_word' id='word_1_61' title='bbox 203 1364 364 1420; x_wconf 86' lang='lat' dir='ltr'><strong>fidem</strong></span> <span class='ocrx_word' id='word_1_62' title='bbox 391 1366 537 1422; x_wconf 82' lang='lat' dir='ltr'><strong>facit.</strong></span> <span class='ocrx_word' id='word_1_63' title='bbox 570 1369 649 1424; x_wconf 81' lang='lat' dir='ltr'><strong>An</strong></span> <span class='ocrx_word' id='word_1_64' title='bbox 673 1386 803 1425; x_wconf 93' lang='lat' dir='ltr'><strong>vero</strong></span> <span class='ocrx_word' id='word_1_65' title='bbox 834 1373 1063 1438; x_wconf 90' lang='lat' dir='ltr'><strong>primum</strong></span> <span class='ocrx_word' id='word_1_66' title='bbox 1091 1379 1293 1445; x_wconf 90' lang='lat' dir='ltr'><strong>pariter</strong></span> <span class='ocrx_word' id='word_1_67' title='bbox 1323 1375 1374 1430; x_wconf 92' lang='lat' dir='ltr'><strong>in</strong></span> <span class='ocrx_word' id='word_1_68' title='bbox 1409 1377 1530 1446; x_wconf 91' lang='lat' dir='ltr'><strong>ejus</strong></span> <span class='ocrx_word' id='word_1_69' title='bbox 1565 1387 1788 1436; x_wconf 72' lang='lat' dir='ltr'><strong>.rctatem</strong></span> 
     </span>
    </p>
   </div>
   <div class='ocr_carea' id='block_1_11' title="bbox 197 1460 1790 1530">
    <p class='ocr_par' dir='ltr' id='par_1_11' title="bbox 197 1460 1790 1530">
     <span class='ocr_line' id='line_1_11' title="bbox 197 1460 1790 1530; baseline 0.011 -17"><span class='ocrx_word' id='word_1_70' title='bbox 197 1460 505 1524; x_wconf 85' lang='lat' dir='ltr'><strong>conveniat,</strong></span> <span class='ocrx_word' id='word_1_71' title='bbox 539 1475 632 1517; x_wconf 90' lang='lat' dir='ltr'><strong>seu</strong></span> <span class='ocrx_word' id='word_1_72' title='bbox 656 1478 721 1518; x_wconf 91' lang='lat' dir='ltr'><strong>an</strong></span> <span class='ocrx_word' id='word_1_73' title='bbox 752 1464 928 1520; x_wconf 84' lang='lat' dir='ltr'><strong>Siricii</strong></span> <span class='ocrx_word' id='word_1_74' title='bbox 953 1483 1068 1521; x_wconf 74' lang='lat' dir='ltr'><strong>mvo</strong></span> <span class='ocrx_word' id='word_1_75' title='bbox 1099 1469 1382 1525; x_wconf 67' lang='lat' dir='ltr'><strong>haereticos</strong></span> <span class='ocrx_word' id='word_1_76' title='bbox 1413 1472 1464 1525; x_wconf 91' lang='lat' dir='ltr'><strong>in</strong></span> <span class='ocrx_word' id='word_1_77' title='bbox 1519 1481 1790 1530; x_wconf 76' lang='lat' dir='ltr'><strong>monaste-</strong></span> 
     </span>
    </p>
   </div>
   <div class='ocr_carea' id='block_1_12' title="bbox 199 1550 1756 1632">
    <p class='ocr_par' dir='ltr' id='par_1_12' title="bbox 199 1550 1756 1632">
     <span class='ocr_line' id='line_1_12' title="bbox 199 1550 1756 1632; baseline 0.009 -28"><span class='ocrx_word' id='word_1_78' title='bbox 199 1550 278 1605; x_wconf 83' lang='lat' dir='ltr'><strong>ria</strong></span> <span class='ocrx_word' id='word_1_79' title='bbox 307 1551 538 1623; x_wconf 84' lang='lat' dir='ltr'><strong>relegari</strong></span> <span class='ocrx_word' id='word_1_80' title='bbox 566 1567 664 1608; x_wconf 92' lang='lat' dir='ltr'><strong>usu</strong></span> <span class='ocrx_word' id='word_1_81' title='bbox 693 1556 920 1617; x_wconf 81' lang='lat' dir='ltr'><strong>venerit.</strong></span> <span class='ocrx_word' id='word_1_82' title='bbox 947 1557 1065 1613; x_wconf 91' lang='lat' dir='ltr'><strong>aliis</strong></span> <span class='ocrx_word' id='word_1_83' title='bbox 1091 1559 1453 1629; x_wconf 81' lang='lat' dir='ltr'><strong>indagandum</strong></span> <span class='ocrx_word' id='word_1_84' title='bbox 1481 1563 1756 1632; x_wconf 91' lang='lat' dir='ltr'><strong>permitto.</strong></span> 
     </span>
    </p>
   </div>
   <div class='ocr_carea' id='block_1_13' title="bbox 271 1644 1785 1724">
    <p class='ocr_par' dir='ltr' id='par_1_13' title="bbox 271 1644 1785 1724">
     <span class='ocr_line' id='line_1_13' title="bbox 271 1644 1785 1724; baseline 0.009 -26"><span class='ocrx_word' id='word_1_85' title='bbox 271 1644 324 1698; x_wconf 83' lang='lat'><strong>5.</strong></span> <span class='ocrx_word' id='word_1_86' title='bbox 367 1645 606 1716; x_wconf 87' lang='lat' dir='ltr'><strong>Denique</strong></span> <span class='ocrx_word' id='word_1_87' title='bbox 637 1659 968 1715; x_wconf 89' lang='lat' dir='ltr'><strong>postremum</strong></span> <span class='ocrx_word' id='word_1_88' title='bbox 994 1647 1094 1703; x_wconf 91' lang='lat' dir='ltr'><strong>hoc</strong></span> <span class='ocrx_word' id='word_1_89' title='bbox 1123 1650 1424 1716; x_wconf 87' lang='lat' dir='ltr'><strong>decretum,</strong></span> <span class='ocrx_word' id='word_1_90' title='bbox 1458 1653 1598 1724; x_wconf 92' lang='lat' dir='ltr'><strong>quod</strong></span> <span class='ocrx_word' id='word_1_91' title='bbox 1643 1655 1785 1711; x_wconf 90' lang='lat' dir='ltr'><strong>idem</strong></span> 
     </span>
    </p>
   </div>
   <div class='ocr_carea' id='block_1_14' title="bbox 200 1732 1785 1810">
    <p class='ocr_par' dir='ltr' id='par_1_14' title="bbox 200 1732 1785 1810">
     <span class='ocr_line' id='line_1_14' title="bbox 200 1732 1785 1810; baseline 0.01 -23"><span class='ocrx_word' id='word_1_92' title='bbox 200 1732 340 1789; x_wconf 86' lang='lat' dir='ltr'><strong>liber</strong></span> <span class='ocrx_word' id='word_1_93' title='bbox 388 1735 584 1792; x_wconf 89' lang='lat' dir='ltr'><strong>Siricio</strong></span> <span class='ocrx_word' id='word_1_94' title='bbox 629 1739 874 1803; x_wconf 85' lang='lat' dir='ltr'><strong>ascribit,</strong></span> <span class='ocrx_word' id='word_1_95' title='bbox 925 1762 942 1786; x_wconf 76' lang='grc' dir='ltr'><strong>ι</strong></span> <span class='ocrx_word' id='word_1_96' title='bbox 994 1741 1092 1796; x_wconf 93' lang='lat' dir='ltr'><strong>llic</strong></span> <span class='ocrx_word' id='word_1_97' title='bbox 1141 1743 1440 1810; x_wconf 84' lang='lat' dir='ltr'><strong>constituit,</strong></span> <span class='ocrx_word' id='word_1_98' title='bbox 1495 1745 1785 1803; x_wconf 62' lang='lat' dir='ltr'><strong>hereticos</strong></span> 
     </span>
    </p>
   </div>
   <div class='ocr_carea' id='block_1_15' title="bbox 187 1825 1784 1908">
    <p class='ocr_par' dir='ltr' id='par_1_15' title="bbox 187 1825 1784 1908">
     <span class='ocr_line' id='line_1_15' title="bbox 187 1825 1784 1908; baseline 0.011 -29"><span class='ocrx_word' id='word_1_99' title='bbox 187 1825 292 1880; x_wconf 89' lang='lat' dir='ltr'><strong>sub</strong></span> <span class='ocrx_word' id='word_1_100' title='bbox 311 1842 499 1883; x_wconf 90' lang='lat' dir='ltr'><strong>manus</strong></span> <span class='ocrx_word' id='word_1_101' title='bbox 522 1829 864 1900; x_wconf 89' lang='lat' dir='ltr'><strong>impositione</strong></span> <span class='ocrx_word' id='word_1_102' title='bbox 889 1833 1053 1903; x_wconf 92' lang='lat' dir='ltr'><strong>recipi</strong></span> <span class='ocrx_word' id='word_1_103' title='bbox 1074 1843 1127 1888; x_wconf 93' lang='lat' dir='ltr'><strong>et</strong></span> <span class='ocrx_word' id='word_1_104' title='bbox 1151 1836 1494 1890; x_wconf 91' lang='lat' dir='ltr'><strong>reconciliari</strong></span> <span class='ocrx_word' id='word_1_105' title='bbox 1513 1848 1784 1908; x_wconf 66' lang='lat' dir='ltr'><strong>praesente</strong></span> 
     </span>
    </p>
   </div>
   <div class='ocr_carea' id='block_1_16' title="bbox 187 1921 1779 2003">
    <p class='ocr_par' dir='ltr' id='par_1_16' title="bbox 187 1921 1779 2003">
     <span class='ocr_line' id='line_1_16' title="bbox 187 1921 1779 2003; baseline 0.011 -29"><span class='ocrx_word' id='word_1_106' title='bbox 187 1930 382 1976; x_wconf 90' lang='lat' dir='ltr'><strong>cuncta</strong></span> <span class='ocrx_word' id='word_1_107' title='bbox 412 1921 674 1989; x_wconf 82' lang='lat' dir='ltr'><strong>Ecclesia,</strong></span> <span class='ocrx_word' id='word_1_108' title='bbox 722 1945 740 1974; x_wconf 86' lang='grc'>›</span> <span class='ocrx_word' id='word_1_109' title='bbox 784 1926 850 1980; x_wconf 82' lang='lat' dir='ltr'><strong>ad</strong></span> <span class='ocrx_word' id='word_1_110' title='bbox 884 1927 1015 1982; x_wconf 83' lang='lat' dir='ltr'><strong>illud</strong></span> <span class='ocrx_word' id='word_1_111' title='bbox 1039 1928 1271 1986; x_wconf 84' lang='lat' dir='ltr'><strong>attinere</strong></span> <span class='ocrx_word' id='word_1_112' title='bbox 1301 1931 1534 1998; x_wconf 89' lang='lat' dir='ltr'><strong>videtur,</strong></span> <span class='ocrx_word' id='word_1_113' title='bbox 1561 1933 1701 2003; x_wconf 71' lang='lat' dir='ltr'><strong>quod</strong></span> <span class='ocrx_word' id='word_1_114' title='bbox 1733 1933 1779 1991; x_wconf 89' lang='lat' dir='ltr'><strong>is</strong></span> 
     </span>
    </p>
   </div>
   <div class='ocr_carea' id='block_1_17' title="bbox 185 2015 1777 2098">
    <p class='ocr_par' dir='ltr' id='par_1_17' title="bbox 185 2015 1777 2098">
     <span class='ocr_line' id='line_1_17' title="bbox 185 2015 1777 2098; baseline 0.011 -31"><span class='ocrx_word' id='word_1_115' title='bbox 185 2029 323 2086; x_wconf 90' lang='lat' dir='ltr'><strong>papa</strong></span> <span class='ocrx_word' id='word_1_116' title='bbox 348 2015 577 2088; x_wconf 90' lang='lat' dir='ltr'><strong>epistola</strong></span> <span class='ocrx_word' id='word_1_117' title='bbox 611 2019 663 2084; x_wconf 84' lang='lat' dir='ltr'><strong>l,</strong></span> <span class='ocrx_word' id='word_1_118' title='bbox 693 2033 812 2089; x_wconf 88' lang='lat' dir='ltr'><strong>cap.</strong></span> <span class='ocrx_word' id='word_1_119' title='bbox 845 2022 897 2086; x_wconf 83' lang='grc'><strong>1,</strong></span> <span class='ocrx_word' id='word_1_120' title='bbox 927 2022 994 2078; x_wconf 89' lang='lat' dir='ltr'><strong>de</strong></span> <span class='ocrx_word' id='word_1_121' title='bbox 1030 2025 1272 2092; x_wconf 81' lang='lat' dir='ltr'><strong>Arianis,</strong></span> <span class='ocrx_word' id='word_1_122' title='bbox 1305 2041 1372 2085; x_wconf 90' lang='lat' dir='ltr'><strong>an</strong></span> <span class='ocrx_word' id='word_1_123' title='bbox 1406 2027 1777 2098; x_wconf 77' lang='lat' dir='ltr'><strong>rebaptizandi</strong></span> 
     </span>
    </p>
   </div>
   <div class='ocr_carea' id='block_1_18' title="bbox 179 2108 1775 2186">
    <p class='ocr_par' dir='ltr' id='par_1_18' title="bbox 179 2108 1775 2186">
     <span class='ocr_line' id='line_1_18' title="bbox 179 2108 1775 2186; baseline 0.011 -24"><span class='ocrx_word' id='word_1_124' title='bbox 179 2108 290 2163; x_wconf 90' lang='lat' dir='ltr'><strong>sint</strong></span> <span class='ocrx_word' id='word_1_125' title='bbox 331 2111 632 2177; x_wconf 91' lang='lat' dir='ltr'><strong>consultus,</strong></span> <span class='ocrx_word' id='word_1_126' title='bbox 671 2115 1002 2184; x_wconf 87' lang='lat' dir='ltr'><strong>respondet:</strong></span> <span class='ocrx_word' id='word_1_127' title='bbox 1050 2138 1067 2169; x_wconf 84' lang='lat'><strong>(</strong></span> <span class='ocrx_word' id='word_1_128' title='bbox 1114 2117 1264 2186; x_wconf 87' lang='lat' dir='ltr'><strong>Quos</strong></span> <span class='ocrx_word' id='word_1_129' title='bbox 1294 2135 1393 2174; x_wconf 90' lang='lat' dir='ltr'><strong>nos</strong></span> <span class='ocrx_word' id='word_1_130' title='bbox 1424 2135 1546 2176; x_wconf 93' lang='lat' dir='ltr'><strong>cum</strong></span> <span class='ocrx_word' id='word_1_131' title='bbox 1595 2121 1775 2179; x_wconf 81' lang='lat' dir='ltr'><strong>Nova-</strong></span> 
     </span>
    </p>
   </div>
   <div class='ocr_carea' id='block_1_19' title="bbox 179 2203 1774 2285">
    <p class='ocr_par' dir='ltr' id='par_1_19' title="bbox 179 2203 1774 2285">
     <span class='ocr_line' id='line_1_19' title="bbox 179 2203 1774 2285; baseline 0.01 -28"><span class='ocrx_word' id='word_1_132' title='bbox 179 2203 340 2260; x_wconf 88' lang='lat' dir='ltr'><strong>tianis</strong></span> <span class='ocrx_word' id='word_1_133' title='bbox 371 2205 587 2276; x_wconf 76' lang='lat' dir='ltr'><strong>aliisque</strong></span> <span class='ocrx_word' id='word_1_134' title='bbox 611 2209 888 2273; x_wconf 73' lang='lat' dir='ltr'><strong>luet-elicis,</strong></span> <span class='ocrx_word' id='word_1_135' title='bbox 914 2211 1054 2265; x_wconf 90' lang='lat' dir='ltr'><strong>sicut</strong></span> <span class='ocrx_word' id='word_1_136' title='bbox 1086 2223 1168 2266; x_wconf 89' lang='lat' dir='ltr'><strong>est</strong></span> <span class='ocrx_word' id='word_1_137' title='bbox 1193 2213 1243 2267; x_wconf 91' lang='lat' dir='ltr'><strong>in</strong></span> <span class='ocrx_word' id='word_1_138' title='bbox 1273 2215 1484 2285; x_wconf 84' lang='lat' dir='ltr'><strong>synodo</strong></span> <span class='ocrx_word' id='word_1_139' title='bbox 1507 2217 1774 2272; x_wconf 85' lang='lat' dir='ltr'><strong>constitu-</strong></span> 
     </span>
    </p>
   </div>
   <div class='ocr_carea' id='block_1_20' title="bbox 177 2298 1767 2379">
    <p class='ocr_par' dir='ltr' id='par_1_20' title="bbox 177 2298 1767 2379">
     <span class='ocr_line' id='line_1_20' title="bbox 177 2298 1767 2379; baseline 0.009 -29"><span class='ocrx_word' id='word_1_140' title='bbox 177 2303 315 2364; x_wconf 89' lang='lat' dir='ltr'><strong>tum,</strong></span> <span class='ocrx_word' id='word_1_141' title='bbox 351 2313 445 2365; x_wconf 90' lang='lat' dir='ltr'><strong>per</strong></span> <span class='ocrx_word' id='word_1_142' title='bbox 485 2298 881 2355; x_wconf 81' lang='lat' dir='ltr'><strong>invocationem</strong></span> <span class='ocrx_word' id='word_1_143' title='bbox 930 2303 1101 2356; x_wconf 87' lang='lat' dir='ltr'><strong>solam</strong></span> <span class='ocrx_word' id='word_1_144' title='bbox 1135 2305 1469 2372; x_wconf 85' lang='lat' dir='ltr'><strong>septifurmis</strong></span> <span class='ocrx_word' id='word_1_145' title='bbox 1505 2308 1767 2379; x_wconf 76' lang='lat' dir='ltr'><strong>Spir..&#39;ts,</strong></span> 
     </span>
    </p>
   </div>
   <div class='ocr_carea' id='block_1_21' title="bbox 173 2390 1767 2465">
    <p class='ocr_par' dir='ltr' id='par_1_21' title="bbox 173 2390 1767 2465">
     <span class='ocr_line' id='line_1_21' title="bbox 173 2390 1767 2465; baseline 0.008 -21"><span class='ocrx_word' id='word_1_146' title='bbox 173 2390 510 2459; x_wconf 83' lang='lat' dir='ltr'><strong>episcopalis</strong></span> <span class='ocrx_word' id='word_1_147' title='bbox 557 2408 749 2448; x_wconf 87' lang='lat' dir='ltr'><strong>manus</strong></span> <span class='ocrx_word' id='word_1_148' title='bbox 797 2394 1145 2465; x_wconf 90' lang='lat' dir='ltr'><strong>impositione</strong></span> <span class='ocrx_word' id='word_1_149' title='bbox 1189 2395 1594 2455; x_wconf 90' lang='lat' dir='ltr'><strong>Catholicorum</strong></span> <span class='ocrx_word' id='word_1_150' title='bbox 1635 2416 1767 2457; x_wconf 87' lang='lat' dir='ltr'><strong>con-</strong></span> 
     </span>
    </p>
   </div>
   <div class='ocr_carea' id='block_1_22' title="bbox 174 2483 750 2540">
    <p class='ocr_par' dir='ltr' id='par_1_22' title="bbox 174 2483 750 2540">
     <span class='ocr_line' id='line_1_22' title="bbox 174 2483 750 2540; baseline 0.012 -6"><span class='ocrx_word' id='word_1_151' title='bbox 174 2483 360 2537; x_wconf 87' lang='lat' dir='ltr'><strong>ventui</strong></span> <span class='ocrx_word' id='word_1_152' title='bbox 389 2485 681 2540; x_wconf 87' lang='lat' dir='ltr'><strong>sociamus.</strong></span> <span class='ocrx_word' id='word_1_153' title='bbox 733 2505 750 2535; x_wconf 71' lang='grc' dir='ltr'><strong>ι</strong></span> 
     </span>
    </p>
   </div>
   <div class='ocr_carea' id='block_1_23' title="bbox 319 2594 1620 2669">
    <p class='ocr_par' dir='ltr' id='par_1_23' title="bbox 319 2594 1620 2669">
     <span class='ocr_line' id='line_1_23' title="bbox 319 2594 1620 2669; baseline 0.008 -26"><span class='ocrx_word' id='word_1_154' title='bbox 319 2594 366 2644; x_wconf 79' lang='grc'><strong>3.</strong></span> <span class='ocrx_word' id='word_1_155' title='bbox 401 2595 507 2645; x_wconf 79' lang='lat' dir='ltr'><strong>Alia</strong></span> <span class='ocrx_word' id='word_1_156' title='bbox 528 2597 730 2648; x_wconf 89' lang='lat' dir='ltr'><strong>decreta</strong></span> <span class='ocrx_word' id='word_1_157' title='bbox 757 2599 918 2650; x_wconf 88' lang='lat' dir='ltr'><strong>eidem</strong></span> <span class='ocrx_word' id='word_1_158' title='bbox 944 2615 1079 2666; x_wconf 68' lang='lat' dir='ltr'><strong>papa:</strong></span> <span class='ocrx_word' id='word_1_159' title='bbox 1106 2614 1366 2667; x_wconf 85' lang='lat' dir='ltr'><strong>perperam</strong></span> <span class='ocrx_word' id='word_1_160' title='bbox 1390 2607 1620 2669; x_wconf 83' lang='lat' dir='ltr'><strong>ascripta.</strong></span> 
     </span>
    </p>
   </div>
   <div class='ocr_carea' id='block_1_24' title="bbox 251 2697 1768 2771">
    <p class='ocr_par' dir='ltr' id='par_1_24' title="bbox 251 2697 1768 2771">
     <span class='ocr_line' id='line_1_24' title="bbox 251 2697 1768 2771; baseline 0.009 -18"><span class='ocrx_word' id='word_1_161' title='bbox 251 2699 294 2753; x_wconf 94' lang='lat' dir='ltr'><strong>l.</strong></span> <span class='ocrx_word' id='word_1_162' title='bbox 337 2697 392 2754; x_wconf 92' lang='lat' dir='ltr'><strong>In</strong></span> <span class='ocrx_word' id='word_1_163' title='bbox 422 2699 656 2771; x_wconf 91' lang='lat' dir='ltr'><strong>quodam</strong></span> <span class='ocrx_word' id='word_1_164' title='bbox 688 2703 875 2758; x_wconf 91' lang='lat' dir='ltr'><strong>codice</strong></span> <span class='ocrx_word' id='word_1_165' title='bbox 905 2705 972 2759; x_wconf 91' lang='lat' dir='ltr'><strong>ab</strong></span> <span class='ocrx_word' id='word_1_166' title='bbox 1001 2706 1159 2760; x_wconf 88' lang='lat' dir='ltr'><strong>annis</strong></span> <span class='ocrx_word' id='word_1_167' title='bbox 1187 2707 1411 2764; x_wconf 90' lang='lat' dir='ltr'><strong>circiter</strong></span> <span class='ocrx_word' id='word_1_168' title='bbox 1439 2709 1544 2764; x_wconf 74' lang='lat'><strong>700</strong></span> <span class='ocrx_word' id='word_1_169' title='bbox 1575 2725 1768 2766; x_wconf 85' lang='lat' dir='ltr'><strong>exara-</strong></span> 
     </span>
    </p>
   </div>
   <div class='ocr_carea' id='block_1_25' title="bbox 166 2790 1765 2867">
    <p class='ocr_par' dir='ltr' id='par_1_25' title="bbox 166 2790 1765 2867">
     <span class='ocr_line' id='line_1_25' title="bbox 166 2790 1765 2867; baseline 0.009 -22"><span class='ocrx_word' id='word_1_170' title='bbox 166 2799 223 2845; x_wconf 93' lang='lat' dir='ltr'><strong>to</strong></span> <span class='ocrx_word' id='word_1_171' title='bbox 262 2790 354 2862; x_wconf 89' lang='lat' dir='ltr'><strong>qui</strong></span> <span class='ocrx_word' id='word_1_172' title='bbox 379 2791 656 2862; x_wconf 91' lang='lat' dir='ltr'><strong>quondam</strong></span> <span class='ocrx_word' id='word_1_173' title='bbox 704 2793 1024 2863; x_wconf 82' lang='lat' dir='ltr'><strong>Herovallii,</strong></span> <span class='ocrx_word' id='word_1_174' title='bbox 1068 2807 1191 2867; x_wconf 90' lang='lat' dir='ltr'><strong>post</strong></span> <span class='ocrx_word' id='word_1_175' title='bbox 1235 2797 1418 2865; x_wconf 89' lang='lat' dir='ltr'><strong>Petiti,</strong></span> <span class='ocrx_word' id='word_1_176' title='bbox 1454 2815 1516 2856; x_wconf 91' lang='lat' dir='ltr'><strong>ac</strong></span> <span class='ocrx_word' id='word_1_177' title='bbox 1549 2802 1765 2859; x_wconf 88' lang='lat' dir='ltr'><strong>demum</strong></span> 
     </span>
    </p>
   </div>
   <div class='ocr_carea' id='block_1_26' title="bbox 163 2882 1765 2955">
    <p class='ocr_par' dir='ltr' id='par_1_26' title="bbox 163 2882 1765 2955">
     <span class='ocr_line' id='line_1_26' title="bbox 163 2882 1765 2955; baseline 0.009 -17"><span class='ocrx_word' id='word_1_178' title='bbox 163 2882 459 2938; x_wconf 89' lang='lat' dir='ltr'><strong>clarissimi</strong></span> <span class='ocrx_word' id='word_1_179' title='bbox 490 2883 648 2955; x_wconf 84' lang='lat' dir='ltr'><strong>hujus</strong></span> <span class='ocrx_word' id='word_1_180' title='bbox 678 2886 778 2942; x_wconf 89' lang='lat' dir='ltr'><strong>viri</strong></span> <span class='ocrx_word' id='word_1_181' title='bbox 823 2896 1155 2944; x_wconf 90' lang='lat' dir='ltr'><strong>testamento</strong></span> <span class='ocrx_word' id='word_1_182' title='bbox 1181 2889 1526 2948; x_wconf 63' lang='lat' dir='ltr'><strong>bibliothecae</strong></span> <span class='ocrx_word' id='word_1_183' title='bbox 1564 2905 1765 2952; x_wconf 62' lang='lat' dir='ltr'><strong>nostra:</strong></span> 
     </span>
    </p>
   </div>
   <div class='ocr_carea' id='block_1_27' title="bbox 163 2974 1762 3056">
    <p class='ocr_par' dir='ltr' id='par_1_27' title="bbox 163 2974 1762 3056">
     <span class='ocr_line' id='line_1_27' title="bbox 163 2974 1762 3056; baseline 0.009 -26"><span class='ocrx_word' id='word_1_184' title='bbox 163 2974 524 3032; x_wconf 86' lang='lat' dir='ltr'><strong>Gcrmaneusi</strong></span> <span class='ocrx_word' id='word_1_185' title='bbox 556 2977 784 3036; x_wconf 89' lang='lat' dir='ltr'><strong>relictus</strong></span> <span class='ocrx_word' id='word_1_186' title='bbox 813 2991 918 3047; x_wconf 90' lang='lat' dir='ltr'><strong>est,</strong></span> <span class='ocrx_word' id='word_1_187' title='bbox 955 2982 1060 3038; x_wconf 90' lang='lat' dir='ltr'><strong>sub</strong></span> <span class='ocrx_word' id='word_1_188' title='bbox 1090 2982 1158 3038; x_wconf 74' lang='lat'><strong>92</strong></span> <span class='ocrx_word' id='word_1_189' title='bbox 1190 2984 1361 3040; x_wconf 87' lang='lat' dir='ltr'><strong>titulis</strong></span> <span class='ocrx_word' id='word_1_190' title='bbox 1399 2986 1550 3056; x_wconf 89' lang='lat' dir='ltr'><strong>plura</strong></span> <span class='ocrx_word' id='word_1_191' title='bbox 1583 2990 1762 3044; x_wconf 85' lang='lat' dir='ltr'><strong>conti-</strong></span> 
     </span>
    </p>
   </div>
   <div class='ocr_carea' id='block_1_28' title="bbox 162 3069 1762 3151">
    <p class='ocr_par' dir='ltr' id='par_1_28' title="bbox 162 3069 1762 3151">
     <span class='ocr_line' id='line_1_28' title="bbox 162 3069 1762 3151; baseline 0.011 -32"><span class='ocrx_word' id='word_1_192' title='bbox 162 3075 362 3121; x_wconf 90' lang='lat' dir='ltr'><strong>nentur</strong></span> <span class='ocrx_word' id='word_1_193' title='bbox 403 3069 662 3138; x_wconf 82' lang='lat' dir='ltr'><strong>capitula,</strong></span> <span class='ocrx_word' id='word_1_194' title='bbox 715 3086 744 3125; x_wconf 91' lang='lat' dir='ltr'><strong>e</strong></span> <span class='ocrx_word' id='word_1_195' title='bbox 788 3072 955 3126; x_wconf 89' lang='lat' dir='ltr'><strong>variis</strong></span> <span class='ocrx_word' id='word_1_196' title='bbox 997 3073 1246 3129; x_wconf 90' lang='lat' dir='ltr'><strong>conciliis</strong></span> <span class='ocrx_word' id='word_1_197' title='bbox 1285 3075 1762 3151; x_wconf 85' lang='lat' dir='ltr'><strong>Romanorumque</strong></span> 
     </span>
    </p>
   </div>
   <div class='ocr_carea' id='block_1_29' title="bbox 160 3158 1764 3238">
    <p class='ocr_par' dir='ltr' id='par_1_29' title="bbox 160 3158 1764 3238">
     <span class='ocr_line' id='line_1_29' title="bbox 160 3158 1764 3238; baseline 0.009 -25"><span class='ocrx_word' id='word_1_198' title='bbox 160 3158 478 3228; x_wconf 82' lang='lat' dir='ltr'><strong>pcntillcum</strong></span> <span class='ocrx_word' id='word_1_199' title='bbox 523 3161 769 3231; x_wconf 86' lang='lat' dir='ltr'><strong>epistolis</strong></span> <span class='ocrx_word' id='word_1_200' title='bbox 815 3163 961 3219; x_wconf 87' lang='lat' dir='ltr'><strong>haud</strong></span> <span class='ocrx_word' id='word_1_201' title='bbox 993 3179 1207 3220; x_wconf 89' lang='lat' dir='ltr'><strong>summa</strong></span> <span class='ocrx_word' id='word_1_202' title='bbox 1257 3182 1473 3238; x_wconf 88' lang='lat' dir='ltr'><strong>semper</strong></span> <span class='ocrx_word' id='word_1_203' title='bbox 1520 3169 1627 3225; x_wconf 85' lang='lat' dir='ltr'><strong>llde</strong></span> <span class='ocrx_word' id='word_1_204' title='bbox 1669 3187 1764 3227; x_wconf 90' lang='lat' dir='ltr'><strong>ex-</strong></span> 
     </span>
    </p>
   </div>
   <div class='ocr_carea' id='block_1_30' title="bbox 159 3251 1760 3324">
    <p class='ocr_par' dir='ltr' id='par_1_30' title="bbox 159 3251 1760 3324">
     <span class='ocr_line' id='line_1_30' title="bbox 159 3251 1760 3324; baseline 0.009 -19"><span class='ocrx_word' id='word_1_205' title='bbox 159 3262 366 3320; x_wconf 89' lang='lat' dir='ltr'><strong>cerpta.</strong></span> <span class='ocrx_word' id='word_1_206' title='bbox 394 3251 538 3308; x_wconf 89' lang='lat' dir='ltr'><strong>inter</strong></span> <span class='ocrx_word' id='word_1_207' title='bbox 560 3253 592 3307; x_wconf 95' lang='grc' dir='ltr'><strong>Ιι</strong></span> <span class='ocrx_word' id='word_1_208' title='bbox 611 3268 674 3308; x_wconf 69' lang='lat' dir='ltr'><strong>tre</strong></span> <span class='ocrx_word' id='word_1_209' title='bbox 701 3254 948 3324; x_wconf 62' lang='lat' dir='ltr'><strong>quasdam</strong></span> <span class='ocrx_word' id='word_1_210' title='bbox 981 3256 1352 3314; x_wconf 89' lang='lat' dir='ltr'><strong>admiscentur</strong></span> <span class='ocrx_word' id='word_1_211' title='bbox 1379 3261 1545 3316; x_wconf 89' lang='lat' dir='ltr'><strong>veluti</strong></span> <span class='ocrx_word' id='word_1_212' title='bbox 1578 3261 1760 3319; x_wconf 87' lang='lat' dir='ltr'><strong>Siricii</strong></span> 
     </span>
    </p>
   </div>
   <div class='ocr_carea' id='block_1_31' title="bbox 157 3343 1049 3416">
    <p class='ocr_par' dir='ltr' id='par_1_31' title="bbox 157 3343 1049 3416">
     <span class='ocr_line' id='line_1_31' title="bbox 157 3343 1049 3416; baseline 0.004 -20"><span class='ocrx_word' id='word_1_213' title='bbox 157 3359 310 3413; x_wconf 74' lang='lat' dir='ltr'><strong>papa:</strong></span> <span class='ocrx_word' id='word_1_214' title='bbox 333 3343 386 3397; x_wconf 87' lang='lat' dir='ltr'><strong>in</strong></span> <span class='ocrx_word' id='word_1_215' title='bbox 416 3343 634 3416; x_wconf 76' lang='lat' dir='ltr'><strong>epistola</strong></span> <span class='ocrx_word' id='word_1_216' title='bbox 659 3346 728 3399; x_wconf 80' lang='lat' dir='ltr'><strong>ad</strong></span> <span class='ocrx_word' id='word_1_217' title='bbox 754 3343 1049 3401; x_wconf 79' lang='lat' dir='ltr'><strong>Genesium.</strong></span> 
     </span>
    </p>
   </div>
   <div class='ocr_carea' id='block_1_32' title="bbox 224 3434 1758 3516">
    <p class='ocr_par' dir='ltr' id='par_1_32' title="bbox 224 3434 1758 3516">
     <span class='ocr_line' id='line_1_32' title="bbox 224 3434 1758 3516; baseline 0.009 -27"><span class='ocrx_word' id='word_1_218' title='bbox 224 3434 557 3490; x_wconf 80' lang='lat' dir='ltr'><strong>Numinatim</strong></span> <span class='ocrx_word' id='word_1_219' title='bbox 575 3451 704 3491; x_wconf 88' lang='lat' dir='ltr'><strong>vero</strong></span> <span class='ocrx_word' id='word_1_220' title='bbox 722 3438 823 3493; x_wconf 88' lang='lat' dir='ltr'><strong>sub</strong></span> <span class='ocrx_word' id='word_1_221' title='bbox 849 3438 1011 3493; x_wconf 89' lang='lat' dir='ltr'><strong>titulo</strong></span> <span class='ocrx_word' id='word_1_222' title='bbox 1035 3439 1104 3494; x_wconf 70' lang='grc'><strong>54</strong></span> <span class='ocrx_word' id='word_1_223' title='bbox 1126 3440 1388 3512; x_wconf 89' lang='lat' dir='ltr'><strong>legimus:</strong></span> <span class='ocrx_word' id='word_1_224' title='bbox 1413 3461 1432 3494; x_wconf 76' lang='grc' dir='ltr'><strong>ι</strong></span> <span class='ocrx_word' id='word_1_225' title='bbox 1454 3444 1513 3500; x_wconf 89' lang='lat' dir='ltr'><strong>In</strong></span> <span class='ocrx_word' id='word_1_226' title='bbox 1527 3446 1758 3516; x_wconf 91' lang='lat' dir='ltr'><strong>epistola</strong></span> 
     </span>
    </p>
   </div>
   <div class='ocr_carea' id='block_1_33' title="bbox 152 3527 1756 3608">
    <p class='ocr_par' dir='ltr' id='par_1_33' title="bbox 152 3527 1756 3608">
     <span class='ocr_line' id='line_1_33' title="bbox 152 3527 1756 3608; baseline 0.008 -24"><span class='ocrx_word' id='word_1_227' title='bbox 152 3527 336 3584; x_wconf 84' lang='lat' dir='ltr'><strong>Siricii</strong></span> <span class='ocrx_word' id='word_1_228' title='bbox 370 3542 521 3598; x_wconf 65' lang='lat' dir='ltr'><strong>papa</strong></span> <span class='ocrx_word' id='word_1_229' title='bbox 547 3529 613 3583; x_wconf 92' lang='lat' dir='ltr'><strong>ad</strong></span> <span class='ocrx_word' id='word_1_230' title='bbox 638 3529 935 3587; x_wconf 87' lang='lat' dir='ltr'><strong>Genesium</strong></span> <span class='ocrx_word' id='word_1_231' title='bbox 964 3534 1280 3606; x_wconf 86' lang='lat' dir='ltr'><strong>episcopum</strong></span> <span class='ocrx_word' id='word_1_232' title='bbox 1309 3551 1432 3608; x_wconf 87' lang='lat' dir='ltr'><strong>cap.</strong></span> <span class='ocrx_word' id='word_1_233' title='bbox 1460 3555 1555 3595; x_wconf 97' lang='lat' dir='ltr'><strong>xu.</strong></span> <span class='ocrx_word' id='word_1_234' title='bbox 1587 3540 1643 3596; x_wconf 91' lang='lat' dir='ltr'><strong>Si</strong></span> <span class='ocrx_word' id='word_1_235' title='bbox 1669 3557 1756 3597; x_wconf 91' lang='lat' dir='ltr'><strong>sa-</strong></span> 
     </span>
    </p>
   </div>
   <div class='ocr_carea' id='block_1_34' title="bbox 151 3618 1753 3698">
    <p class='ocr_par' dir='ltr' id='par_1_34' title="bbox 151 3618 1753 3698">
     <span class='ocr_line' id='line_1_34' title="bbox 151 3618 1753 3698; baseline 0.01 -26"><span class='ocrx_word' id='word_1_236' title='bbox 151 3633 254 3674; x_wconf 86' lang='lat' dir='ltr'><strong>nus</strong></span> <span class='ocrx_word' id='word_1_237' title='bbox 283 3618 365 3674; x_wconf 88' lang='lat' dir='ltr'><strong>vir</strong></span> <span class='ocrx_word' id='word_1_238' title='bbox 386 3619 657 3690; x_wconf 87' lang='lat' dir='ltr'><strong>leprosam</strong></span> <span class='ocrx_word' id='word_1_239' title='bbox 681 3620 898 3677; x_wconf 84' lang='lat' dir='ltr'><strong>duxerit</strong></span> <span class='ocrx_word' id='word_1_240' title='bbox 927 3639 1182 3692; x_wconf 75' lang='lat' dir='ltr'><strong>uvorem,</strong></span> <span class='ocrx_word' id='word_1_241' title='bbox 1209 3637 1302 3682; x_wconf 92' lang='lat' dir='ltr'><strong>aut</strong></span> <span class='ocrx_word' id='word_1_242' title='bbox 1331 3629 1676 3698; x_wconf 89' lang='lat' dir='ltr'><strong>postmodum</strong></span> <span class='ocrx_word' id='word_1_243' title='bbox 1703 3634 1753 3689; x_wconf 91' lang='lat' dir='ltr'><strong>ei</strong></span> 
     </span>
    </p>
   </div>
   <div class='ocr_carea' id='block_1_35' title="bbox 152 3712 1752 3792">
    <p class='ocr_par' dir='ltr' id='par_1_35' title="bbox 152 3712 1752 3792">
     <span class='ocr_line' id='line_1_35' title="bbox 152 3712 1752 3792; baseline 0.009 -27"><span class='ocrx_word' id='word_1_244' title='bbox 152 3712 538 3782; x_wconf 82' lang='lat' dir='ltr'><strong>supervenerit</strong></span> <span class='ocrx_word' id='word_1_245' title='bbox 590 3712 780 3782; x_wconf 89' lang='lat' dir='ltr'><strong>lepra;</strong></span> <span class='ocrx_word' id='word_1_246' title='bbox 834 3725 1185 3785; x_wconf 87' lang='lat' dir='ltr'><strong>separentur,</strong></span> <span class='ocrx_word' id='word_1_247' title='bbox 1237 3733 1307 3774; x_wconf 91' lang='lat' dir='ltr'><strong>ne</strong></span> <span class='ocrx_word' id='word_1_248' title='bbox 1350 3723 1602 3792; x_wconf 88' lang='lat' dir='ltr'><strong>concepti</strong></span> <span class='ocrx_word' id='word_1_249' title='bbox 1655 3723 1752 3779; x_wconf 83' lang='lat' dir='ltr'><strong>ﬁlii</strong></span> 
     </span>
    </p>
   </div>
   <div class='ocr_carea' id='block_1_36' title="bbox 156 3803 1751 3880">
    <p class='ocr_par' dir='ltr' id='par_1_36' title="bbox 156 3803 1751 3880">
     <span class='ocr_line' id='line_1_36' title="bbox 156 3803 1751 3880; baseline 0.009 -22"><span class='ocrx_word' id='word_1_250' title='bbox 156 3803 306 3874; x_wconf 85' lang='lat' dir='ltr'><strong>lepra</strong></span> <span class='ocrx_word' id='word_1_251' title='bbox 340 3805 695 3862; x_wconf 88' lang='lat' dir='ltr'><strong>maculentur.</strong></span> <span class='ocrx_word' id='word_1_252' title='bbox 745 3805 849 3862; x_wconf 86' lang='lat' dir='ltr'><strong>Fas</strong></span> <span class='ocrx_word' id='word_1_253' title='bbox 891 3823 1128 3880; x_wconf 85' lang='lat' dir='ltr'><strong>namque</strong></span> <span class='ocrx_word' id='word_1_254' title='bbox 1169 3817 1250 3865; x_wconf 87' lang='lat' dir='ltr'><strong>est</strong></span> <span class='ocrx_word' id='word_1_255' title='bbox 1295 3820 1352 3866; x_wconf 91' lang='lat' dir='ltr'><strong>ut</strong></span> <span class='ocrx_word' id='word_1_256' title='bbox 1399 3813 1636 3871; x_wconf 91' lang='lat' dir='ltr'><strong>mundus</strong></span> <span class='ocrx_word' id='word_1_257' title='bbox 1683 3815 1751 3872; x_wconf 90' lang='lat' dir='ltr'><strong>ad</strong></span> 
     </span>
    </p>
   </div>
   <div class='ocr_carea' id='block_1_37' title="bbox 147 3897 796 3970">
    <p class='ocr_par' dir='ltr' id='par_1_37' title="bbox 147 3897 796 3970">
     <span class='ocr_line' id='line_1_37' title="bbox 147 3897 796 3970; baseline -0.003 -17"><span class='ocrx_word' id='word_1_258' title='bbox 147 3897 412 3961; x_wconf 82' lang='lat' dir='ltr'><strong>mundam</strong></span> <span class='ocrx_word' id='word_1_259' title='bbox 439 3897 717 3970; x_wconf 82' lang='lat' dir='ltr'><strong>jungatur.</strong></span> <span class='ocrx_word' id='word_1_260' title='bbox 777 3919 796 3951; x_wconf 83' lang='lat' dir='ltr'><strong>l-</strong></span> 
     </span>
    </p>
   </div>
   <div class='ocr_carea' id='block_1_38' title="bbox 217 3989 1746 4070">
    <p class='ocr_par' dir='ltr' id='par_1_38' title="bbox 217 3989 1746 4070">
     <span class='ocr_line' id='line_1_38' title="bbox 217 3989 1746 4070; baseline 0.007 -25"><span class='ocrx_word' id='word_1_261' title='bbox 217 3989 352 4046; x_wconf 90' lang='lat' dir='ltr'><strong>Item</strong></span> <span class='ocrx_word' id='word_1_262' title='bbox 383 3991 485 4046; x_wconf 85' lang='lat' dir='ltr'><strong>sub</strong></span> <span class='ocrx_word' id='word_1_263' title='bbox 514 3991 669 4046; x_wconf 88' lang='lat' dir='ltr'><strong>titulo</strong></span> <span class='ocrx_word' id='word_1_264' title='bbox 711 3991 815 4047; x_wconf 83' lang='lat' dir='ltr'><strong>I8:</strong></span> <span class='ocrx_word' id='word_1_265' title='bbox 855 4014 874 4045; x_wconf 76' lang='grc' dir='ltr'><strong>ι</strong></span> <span class='ocrx_word' id='word_1_266' title='bbox 910 3993 967 4049; x_wconf 91' lang='lat' dir='ltr'><strong>In</strong></span> <span class='ocrx_word' id='word_1_267' title='bbox 1011 3993 1240 4065; x_wconf 84' lang='lat' dir='ltr'><strong>epistola</strong></span> <span class='ocrx_word' id='word_1_268' title='bbox 1269 3996 1452 4054; x_wconf 90' lang='lat' dir='ltr'><strong>Siricii</strong></span> <span class='ocrx_word' id='word_1_269' title='bbox 1500 4013 1651 4070; x_wconf 87' lang='lat' dir='ltr'><strong>papae</strong></span> <span class='ocrx_word' id='word_1_270' title='bbox 1679 4001 1746 4057; x_wconf 92' lang='lat' dir='ltr'><strong>ad</strong></span> 
     </span>
    </p>
   </div>
   <div class='ocr_carea' id='block_1_39' title="bbox 145 4077 1742 4163">
    <p class='ocr_par' dir='ltr' id='par_1_39' title="bbox 145 4077 1742 4163">
     <span class='ocr_line' id='line_1_39' title="bbox 145 4077 1742 4163; baseline 0.007 -26"><span class='ocrx_word' id='word_1_271' title='bbox 145 4082 446 4138; x_wconf 84' lang='lat' dir='ltr'><strong>Genesium</strong></span> <span class='ocrx_word' id='word_1_272' title='bbox 464 4077 780 4156; x_wconf 85' lang='lat' dir='ltr'><strong>episc0pum</strong></span> <span class='ocrx_word' id='word_1_273' title='bbox 799 4083 924 4141; x_wconf 82' lang='lat' dir='ltr'><strong>Her.</strong></span> <span class='ocrx_word' id='word_1_274' title='bbox 948 4086 967 4158; x_wconf 94' lang='lat'><strong>(</strong></span> <span class='ocrx_word' id='word_1_275' title='bbox 988 4084 1087 4159; x_wconf 87' lang='lat' dir='ltr'><strong>leg.</strong></span> <span class='ocrx_word' id='word_1_276' title='bbox 1112 4101 1234 4159; x_wconf 86' lang='lat' dir='ltr'><strong>cap.</strong></span> <span class='ocrx_word' id='word_1_277' title='bbox 1255 4086 1274 4158; x_wconf 87' lang='lat'>)</span> <span class='ocrx_word' id='word_1_278' title='bbox 1295 4104 1406 4144; x_wconf 76' lang='grc' dir='ltr'><strong>χιιι.</strong></span> <span class='ocrx_word' id='word_1_279' title='bbox 1427 4089 1742 4163; x_wconf 82' lang='lat' dir='ltr'><strong>Presbyter,</strong></span> 
     </span>
    </p>
   </div>
   <div class='ocr_carea' id='block_1_40' title="bbox 141 4174 1745 4248">
    <p class='ocr_par' dir='ltr' id='par_1_40' title="bbox 141 4174 1745 4248">
     <span class='ocr_line' id='line_1_40' title="bbox 141 4174 1745 4248; baseline 0.005 -18"><span class='ocrx_word' id='word_1_280' title='bbox 141 4177 234 4246; x_wconf 91' lang='lat' dir='ltr'><strong>qui</strong></span> <span class='ocrx_word' id='word_1_281' title='bbox 265 4174 400 4231; x_wconf 89' lang='lat' dir='ltr'><strong>dicit</strong></span> <span class='ocrx_word' id='word_1_282' title='bbox 422 4191 480 4231; x_wconf 89' lang='lat' dir='ltr'><strong>se</strong></span> <span class='ocrx_word' id='word_1_283' title='bbox 504 4178 718 4233; x_wconf 87' lang='lat' dir='ltr'><strong>nescire</strong></span> <span class='ocrx_word' id='word_1_284' title='bbox 746 4175 794 4231; x_wconf 90' lang='lat' dir='ltr'><strong>si</strong></span> <span class='ocrx_word' id='word_1_285' title='bbox 821 4178 1121 4248; x_wconf 88' lang='lat' dir='ltr'><strong>episcopus</strong></span> <span class='ocrx_word' id='word_1_286' title='bbox 1145 4179 1243 4234; x_wconf 86' lang='lat' dir='ltr'><strong>fuit</strong></span> <span class='ocrx_word' id='word_1_287' title='bbox 1265 4177 1356 4248; x_wconf 90' lang='lat' dir='ltr'><strong>qui</strong></span> <span class='ocrx_word' id='word_1_288' title='bbox 1382 4195 1503 4236; x_wconf 91' lang='lat' dir='ltr'><strong>eum</strong></span> <span class='ocrx_word' id='word_1_289' title='bbox 1524 4182 1745 4238; x_wconf 91' lang='lat' dir='ltr'><strong>ordina-</strong></span> 
     </span>
    </p>
   </div>
   <div class='ocr_carea' id='block_1_41' title="bbox 139 4269 1741 4347">
    <p class='ocr_par' dir='ltr' id='par_1_41' title="bbox 139 4269 1741 4347">
     <span class='ocr_line' id='line_1_41' title="bbox 139 4269 1741 4347; baseline 0.007 -25"><span class='ocrx_word' id='word_1_290' title='bbox 139 4269 244 4335; x_wconf 88' lang='lat' dir='ltr'><strong>vit,</strong></span> <span class='ocrx_word' id='word_1_291' title='bbox 275 4277 332 4326; x_wconf 91' lang='lat' dir='ltr'><strong>et</strong></span> <span class='ocrx_word' id='word_1_292' title='bbox 361 4269 644 4340; x_wconf 89' lang='lat' dir='ltr'><strong>aliquanto</strong></span> <span class='ocrx_word' id='word_1_293' title='bbox 676 4279 930 4342; x_wconf 90' lang='lat' dir='ltr'><strong>tempore</strong></span> <span class='ocrx_word' id='word_1_294' title='bbox 960 4273 1154 4327; x_wconf 81' lang='lat' dir='ltr'><strong>Missas</strong></span> <span class='ocrx_word' id='word_1_295' title='bbox 1186 4273 1333 4341; x_wconf 78' lang='lat' dir='ltr'><strong>fecit,</strong></span> <span class='ocrx_word' id='word_1_296' title='bbox 1369 4284 1423 4331; x_wconf 92' lang='lat' dir='ltr'><strong>et</strong></span> <span class='ocrx_word' id='word_1_297' title='bbox 1447 4287 1630 4347; x_wconf 89' lang='lat' dir='ltr'><strong>postea</strong></span> <span class='ocrx_word' id='word_1_298' title='bbox 1660 4277 1741 4334; x_wconf 84' lang='lat' dir='ltr'><strong>di-</strong></span> 
     </span>
    </p>
   </div>
   <div class='ocr_carea' id='block_1_42' title="bbox 139 4361 1737 4440">
    <p class='ocr_par' dir='ltr' id='par_1_42' title="bbox 139 4361 1737 4440">
     <span class='ocr_line' id='line_1_42' title="bbox 139 4361 1737 4440; baseline 0.006 -22"><span class='ocrx_word' id='word_1_299' title='bbox 139 4364 314 4418; x_wconf 89' lang='lat' dir='ltr'><strong>misso</strong></span> <span class='ocrx_word' id='word_1_300' title='bbox 326 4361 509 4418; x_wconf 88' lang='lat' dir='ltr'><strong>oflicio</strong></span> <span class='ocrx_word' id='word_1_301' title='bbox 524 4377 746 4418; x_wconf 74' lang='lat' dir='ltr'><strong>uxorem</strong></span> <span class='ocrx_word' id='word_1_302' title='bbox 761 4363 934 4427; x_wconf 91' lang='lat' dir='ltr'><strong>duxit,</strong></span> <span class='ocrx_word' id='word_1_303' title='bbox 958 4363 1098 4418; x_wconf 92' lang='lat' dir='ltr'><strong>hunc</strong></span> <span class='ocrx_word' id='word_1_304' title='bbox 1115 4365 1737 4440; x_wconf 85' lang='lat' dir='ltr'><strong>pseudo-presbyterum</strong></span> 
     </span>
    </p>
   </div>
   <div class='ocr_carea' id='block_1_43' title="bbox 135 4455 1740 4532">
    <p class='ocr_par' dir='ltr' id='par_1_43' title="bbox 135 4455 1740 4532">
     <span class='ocr_line' id='line_1_43' title="bbox 135 4455 1740 4532; baseline 0.007 -21"><span class='ocrx_word' id='word_1_305' title='bbox 135 4457 267 4528; x_wconf 88' lang='lat' dir='ltr'><strong>quis</strong></span> <span class='ocrx_word' id='word_1_306' title='bbox 283 4455 521 4527; x_wconf 78' lang='lat' dir='ltr'><strong>ambigat</strong></span> <span class='ocrx_word' id='word_1_307' title='bbox 543 4471 663 4512; x_wconf 90' lang='lat' dir='ltr'><strong>esse</strong></span> <span class='ocrx_word' id='word_1_308' title='bbox 689 4456 1072 4513; x_wconf 88' lang='lat' dir='ltr'><strong>detestabilem</strong></span> <span class='ocrx_word' id='word_1_309' title='bbox 1096 4459 1119 4512; x_wconf 83' lang='lat'><strong>?</strong></span> <span class='ocrx_word' id='word_1_310' title='bbox 1147 4459 1254 4515; x_wconf 88' lang='lat' dir='ltr'><strong>Pro</strong></span> <span class='ocrx_word' id='word_1_311' title='bbox 1272 4476 1381 4532; x_wconf 92' lang='lat' dir='ltr'><strong>quo</strong></span> <span class='ocrx_word' id='word_1_312' title='bbox 1404 4464 1549 4518; x_wconf 91' lang='lat' dir='ltr'><strong>omni</strong></span> <span class='ocrx_word' id='word_1_313' title='bbox 1576 4466 1740 4522; x_wconf 93' lang='lat' dir='ltr'><strong>modo</strong></span> 
     </span>
    </p>
   </div>
   <div class='ocr_carea' id='block_1_44' title="bbox 136 4534 1735 4624">
    <p class='ocr_par' dir='ltr' id='par_1_44' title="bbox 136 4534 1735 4624">
     <span class='ocr_line' id='line_1_44' title="bbox 136 4534 1735 4624; baseline 0.005 -19"><span class='ocrx_word' id='word_1_314' title='bbox 136 4534 482 4624; x_wconf 71' lang='lat' dir='ltr'><strong>abiiciendus</strong></span> <span class='ocrx_word' id='word_1_315' title='bbox 511 4559 615 4615; x_wconf 90' lang='lat' dir='ltr'><strong>est,</strong></span> <span class='ocrx_word' id='word_1_316' title='bbox 657 4561 712 4606; x_wconf 89' lang='lat' dir='ltr'><strong>et</strong></span> <span class='ocrx_word' id='word_1_317' title='bbox 765 4552 819 4607; x_wconf 91' lang='lat' dir='ltr'><strong>in</strong></span> <span class='ocrx_word' id='word_1_318' title='bbox 867 4552 1208 4607; x_wconf 88' lang='lat' dir='ltr'><strong>monasterio</strong></span> <span class='ocrx_word' id='word_1_319' title='bbox 1246 4551 1312 4608; x_wconf 89' lang='lat' dir='ltr'><strong>ad</strong></span> <span class='ocrx_word' id='word_1_320' title='bbox 1358 4557 1735 4624; x_wconf 66' lang='lat' dir='ltr'><strong>penitentiam</strong></span> 
     </span>
    </p>
   </div>
   <div class='ocr_carea' id='block_1_45' title="bbox 133 4643 1397 4714">
    <p class='ocr_par' dir='ltr' id='par_1_45' title="bbox 133 4643 1397 4714">
     <span class='ocr_line' id='line_1_45' title="bbox 133 4643 1397 4714; baseline 0 -16"><span class='ocrx_word' id='word_1_321' title='bbox 133 4644 290 4699; x_wconf 89' lang='lat' dir='ltr'><strong>omni</strong></span> <span class='ocrx_word' id='word_1_322' title='bbox 322 4653 567 4714; x_wconf 87' lang='lat' dir='ltr'><strong>tempore</strong></span> <span class='ocrx_word' id='word_1_323' title='bbox 593 4644 719 4700; x_wconf 79' lang='lat' dir='ltr'><strong>vita:</strong></span> <span class='ocrx_word' id='word_1_324' title='bbox 750 4657 864 4699; x_wconf 70' lang='lat' dir='ltr'><strong>suae</strong></span> <span class='ocrx_word' id='word_1_325' title='bbox 893 4643 1283 4700; x_wconf 90' lang='lat' dir='ltr'><strong>retrudendus.</strong></span> <span class='ocrx_word' id='word_1_326' title='bbox 1321 4665 1340 4698; x_wconf 81' lang='grc' dir='ltr'><strong>ι</strong></span> <span class='ocrx_word' id='word_1_327' title='bbox 1391 4656 1397 4664; x_wconf 81' lang='lat'>&#39;</span> 
     </span>
    </p>
   </div>
   <div class='ocr_carea' id='block_1_46' title="bbox 1564 428 2098 492">
    <p class='ocr_par' dir='ltr' id='par_1_46' title="bbox 1564 428 2098 492">
     <span class='ocr_line' id='line_1_46' title="bbox 1564 428 2098 492; baseline 0.009 -9"><span class='ocrx_word' id='word_1_328' title='bbox 1564 428 2098 492; x_wconf 73' lang='lat' dir='ltr'><strong>PROLEGOMENA.</strong></span> 
     </span>
    </p>
   </div>
   <div class='ocr_carea' id='block_1_47' title="bbox 209 529 1876 616">
    <p class='ocr_par' dir='ltr' id='par_1_47' title="bbox 209 529 1876 616">
     <span class='ocr_line' id='line_1_47' title="bbox 209 529 1876 616; baseline 0.014 -34"><span class='ocrx_word' id='word_1_329' title='bbox 209 529 528 600; x_wconf 89' lang='lat' dir='ltr'><strong>relegationi</strong></span> <span class='ocrx_word' id='word_1_330' title='bbox 555 533 867 589; x_wconf 83' lang='lat' dir='ltr'><strong>monasterii</strong></span> <span class='ocrx_word' id='word_1_331' title='bbox 916 534 1107 593; x_wconf 90' lang='lat' dir='ltr'><strong>diebus</strong></span> <span class='ocrx_word' id='word_1_332' title='bbox 1154 539 1278 596; x_wconf 56' lang='lat' dir='ltr'><strong>vitae</strong></span> <span class='ocrx_word' id='word_1_333' title='bbox 1324 549 1599 602; x_wconf 90' lang='lat' dir='ltr'><strong>teneretur</strong></span> <span class='ocrx_word' id='word_1_334' title='bbox 1633 548 1802 604; x_wconf 85' lang='lat' dir='ltr'><strong>obuo-</strong></span> <span class='ocrx_word' id='word_1_335' title='bbox 1829 558 1876 616; x_wconf 77' lang='grc' dir='ltr'><strong>Α</strong></span> 
     </span>
    </p>
   </div>
   <div class='ocr_carea' id='block_1_48' title="bbox 3355 462 3492 519">
    <p class='ocr_par' dir='ltr' id='par_1_48' title="bbox 3355 462 3492 519">
     <span class='ocr_line' id='line_1_48' title="bbox 3355 462 3492 519; baseline 0.022 -3"><span class='ocrx_word' id='word_1_336' title='bbox 3355 462 3492 519; x_wconf 69' lang='grc'><strong>1150</strong></span> 
     </span>
    </p>
   </div>
   <div class='ocr_carea' id='block_1_49' title="bbox 1981 553 3495 634">
    <p class='ocr_par' dir='ltr' id='par_1_49' title="bbox 1981 553 3495 634">
     <span class='ocr_line' id='line_1_49' title="bbox 1981 553 3495 634; baseline 0.021 -32"><span class='ocrx_word' id='word_1_337' title='bbox 1981 572 1999 602; x_wconf 76' lang='grc' dir='ltr'><strong>ι</strong></span> <span class='ocrx_word' id='word_1_338' title='bbox 2048 553 2124 608; x_wconf 91' lang='lat' dir='ltr'><strong>De</strong></span> <span class='ocrx_word' id='word_1_339' title='bbox 2163 554 2505 627; x_wconf 88' lang='lat' dir='ltr'><strong>presbytero,</strong></span> <span class='ocrx_word' id='word_1_340' title='bbox 2534 560 2627 630; x_wconf 89' lang='lat' dir='ltr'><strong>qui</strong></span> <span class='ocrx_word' id='word_1_341' title='bbox 2659 561 2872 632; x_wconf 90' lang='lat' dir='ltr'><strong>ignorat</strong></span> <span class='ocrx_word' id='word_1_342' title='bbox 2913 569 3221 628; x_wconf 90' lang='lat' dir='ltr'><strong>orationem</strong></span> <span class='ocrx_word' id='word_1_343' title='bbox 3257 574 3495 634; x_wconf 86' lang='lat' dir='ltr'><strong>domini-</strong></span> 
     </span>
    </p>
   </div>
   <div class='ocr_carea' id='block_1_50' title="bbox 1900 645 3491 736">
    <p class='ocr_par' dir='ltr' id='par_1_50' title="bbox 1900 645 3491 736">
     <span class='ocr_line' id='line_1_50' title="bbox 1900 645 3491 736; baseline 0.021 -39"><span class='ocrx_word' id='word_1_344' title='bbox 1900 657 2016 736; x_wconf 84' lang='lat' dir='ltr'><strong>eam</strong></span> <span class='ocrx_word' id='word_1_345' title='bbox 2064 645 2178 702; x_wconf 84' lang='lat' dir='ltr'><strong>HR.</strong></span> <span class='ocrx_word' id='word_1_346' title='bbox 2210 647 2340 719; x_wconf 80' lang='lat' dir='ltr'><strong>(seu</strong></span> <span class='ocrx_word' id='word_1_347' title='bbox 2371 663 2492 721; x_wconf 91' lang='lat' dir='ltr'><strong>cap.</strong></span> <span class='ocrx_word' id='word_1_348' title='bbox 2521 652 2538 722; x_wconf 94' lang='lat'>)</span> <span class='ocrx_word' id='word_1_349' title='bbox 2571 669 2679 709; x_wconf 82' lang='lat' dir='ltr'><strong>xvi.</strong></span> <span class='ocrx_word' id='word_1_350' title='bbox 2714 655 3011 732; x_wconf 85' lang='lat' dir='ltr'><strong>Presbyter</strong></span> <span class='ocrx_word' id='word_1_351' title='bbox 3052 666 3144 736; x_wconf 85' lang='lat' dir='ltr'><strong>qui</strong></span> <span class='ocrx_word' id='word_1_352' title='bbox 3189 674 3491 731; x_wconf 90' lang='lat' dir='ltr'><strong>orationem</strong></span> 
     </span>
    </p>
   </div>
   <div class='ocr_carea' id='block_1_51' title="bbox 1898 735 3492 837">
    <p class='ocr_par' dir='ltr' id='par_1_51' title="bbox 1898 735 3492 837">
     <span class='ocr_line' id='line_1_51' title="bbox 1898 735 3492 837; baseline 0.02 -48"><span class='ocrx_word' id='word_1_353' title='bbox 1898 735 2224 794; x_wconf 91' lang='lat' dir='ltr'><strong>dominicam</strong></span> <span class='ocrx_word' id='word_1_354' title='bbox 2259 755 2364 795; x_wconf 92' lang='lat' dir='ltr'><strong>non</strong></span> <span class='ocrx_word' id='word_1_355' title='bbox 2395 749 2568 812; x_wconf 89' lang='lat' dir='ltr'><strong>tenet,</strong></span> <span class='ocrx_word' id='word_1_356' title='bbox 2602 762 2704 804; x_wconf 90' lang='lat' dir='ltr'><strong>nec</strong></span> <span class='ocrx_word' id='word_1_357' title='bbox 2743 735 3079 826; x_wconf 88' lang='lat' dir='ltr'><strong>symbolum,</strong></span> <span class='ocrx_word' id='word_1_358' title='bbox 3123 776 3304 832; x_wconf 85' lang='lat' dir='ltr'><strong>neque</strong></span> <span class='ocrx_word' id='word_1_359' title='bbox 3347 768 3492 837; x_wconf 75' lang='lat' dir='ltr'><strong>psal-</strong></span> 
     </span>
    </p>
   </div>
   <div class='ocr_carea' id='block_1_52' title="bbox 1898 831 3490 927">
    <p class='ocr_par' dir='ltr' id='par_1_52' title="bbox 1898 831 3490 927">
     <span class='ocr_line' id='line_1_52' title="bbox 1898 831 3490 927; baseline 0.021 -45"><span class='ocrx_word' id='word_1_360' title='bbox 1898 842 2039 927; x_wconf 80' lang='lat' dir='ltr'><strong>mos,</strong></span> <span class='ocrx_word' id='word_1_361' title='bbox 2057 831 2101 886; x_wconf 89' lang='lat' dir='ltr'><strong>si</strong></span> <span class='ocrx_word' id='word_1_362' title='bbox 2123 834 2416 927; x_wconf 85' lang='lat' dir='ltr'><strong>episcopus</strong></span> <span class='ocrx_word' id='word_1_363' title='bbox 2437 837 2642 912; x_wconf 89' lang='lat' dir='ltr'><strong>fuitqui</strong></span> <span class='ocrx_word' id='word_1_364' title='bbox 2668 857 2790 898; x_wconf 93' lang='lat' dir='ltr'><strong>eum</strong></span> <span class='ocrx_word' id='word_1_365' title='bbox 2817 844 3110 918; x_wconf 79' lang='lat' dir='ltr'><strong>benedixit,</strong></span> <span class='ocrx_word' id='word_1_366' title='bbox 3144 831 3233 912; x_wconf 88' lang='lat' dir='ltr'><strong>hic</strong></span> <span class='ocrx_word' id='word_1_367' title='bbox 3257 831 3490 927; x_wconf 82' lang='lat' dir='ltr'><strong>primum</strong></span> 
     </span>
    </p>
   </div>
   <div class='ocr_carea' id='block_1_53' title="bbox 1897 922 3493 1017">
    <p class='ocr_par' dir='ltr' id='par_1_53' title="bbox 1897 922 3493 1017">
     <span class='ocr_line' id='line_1_53' title="bbox 1897 922 3493 1017; baseline 0.021 -42"><span class='ocrx_word' id='word_1_368' title='bbox 1897 922 2133 978; x_wconf 91' lang='lat' dir='ltr'><strong>omnium</strong></span> <span class='ocrx_word' id='word_1_369' title='bbox 2161 925 2502 998; x_wconf 88' lang='lat' dir='ltr'><strong>dignitatem,</strong></span> <span class='ocrx_word' id='word_1_370' title='bbox 2527 946 2687 1002; x_wconf 89' lang='lat' dir='ltr'><strong>quam</strong></span> <span class='ocrx_word' id='word_1_371' title='bbox 2719 935 2907 995; x_wconf 91' lang='lat' dir='ltr'><strong>illicite</strong></span> <span class='ocrx_word' id='word_1_372' title='bbox 2932 922 3297 1017; x_wconf 66' lang='lat' dir='ltr'><strong>prmsumpsil,</strong></span> <span class='ocrx_word' id='word_1_373' title='bbox 3328 954 3493 1008; x_wconf 91' lang='lat' dir='ltr'><strong>amit-</strong></span> 
     </span>
    </p>
   </div>
   <div class='ocr_carea' id='block_1_54' title="bbox 1898 1017 3495 1110">
    <p class='ocr_par' dir='ltr' id='par_1_54' title="bbox 1898 1017 3495 1110">
     <span class='ocr_line' id='line_1_54' title="bbox 1898 1017 3495 1110; baseline 0.022 -45"><span class='ocrx_word' id='word_1_374' title='bbox 1898 1020 1995 1078; x_wconf 92' lang='lat' dir='ltr'><strong>tat,</strong></span> <span class='ocrx_word' id='word_1_375' title='bbox 2027 1025 2080 1069; x_wconf 91' lang='lat' dir='ltr'><strong>et</strong></span> <span class='ocrx_word' id='word_1_376' title='bbox 2109 1017 2210 1078; x_wconf 86' lang='lat' dir='ltr'><strong>sub</strong></span> <span class='ocrx_word' id='word_1_377' title='bbox 2239 1017 2481 1077; x_wconf 89' lang='lat' dir='ltr'><strong>districta</strong></span> <span class='ocrx_word' id='word_1_378' title='bbox 2514 1028 2836 1094; x_wconf 70' lang='lat' dir='ltr'><strong>pmnitentia</strong></span> <span class='ocrx_word' id='word_1_379' title='bbox 2873 1034 3021 1089; x_wconf 91' lang='lat' dir='ltr'><strong>omni</strong></span> <span class='ocrx_word' id='word_1_380' title='bbox 3071 1045 3320 1110; x_wconf 89' lang='lat' dir='ltr'><strong>tempore</strong></span> <span class='ocrx_word' id='word_1_381' title='bbox 3367 1045 3495 1100; x_wconf 71' lang='lat' dir='ltr'><strong>vitm</strong></span> 
     </span>
    </p>
   </div>
   <div class='ocr_carea' id='block_1_55' title="bbox 1896 1105 3492 1204">
    <p class='ocr_par' dir='ltr' id='par_1_55' title="bbox 1896 1105 3492 1204">
     <span class='ocr_line' id='line_1_55' title="bbox 1896 1105 3492 1204; baseline 0.024 -49"><span class='ocrx_word' id='word_1_382' title='bbox 1896 1116 2008 1158; x_wconf 68' lang='lat' dir='ltr'><strong>sua:</strong></span> <span class='ocrx_word' id='word_1_383' title='bbox 2055 1105 2108 1162; x_wconf 94' lang='lat' dir='ltr'><strong>in</strong></span> <span class='ocrx_word' id='word_1_384' title='bbox 2160 1109 2493 1170; x_wconf 82' lang='lat' dir='ltr'><strong>Monasterio</strong></span> <span class='ocrx_word' id='word_1_385' title='bbox 2537 1116 2718 1188; x_wconf 85' lang='lat' dir='ltr'><strong>degat.</strong></span> <span class='ocrx_word' id='word_1_386' title='bbox 2774 1122 3014 1182; x_wconf 90' lang='lat' dir='ltr'><strong>Infantes</strong></span> <span class='ocrx_word' id='word_1_387' title='bbox 3057 1105 3210 1199; x_wconf 66' lang='lat' dir='ltr'><strong>vero,</strong></span> <span class='ocrx_word' id='word_1_388' title='bbox 3251 1150 3390 1204; x_wconf 89' lang='lat' dir='ltr'><strong>quos</strong></span> <span class='ocrx_word' id='word_1_389' title='bbox 3439 1138 3492 1194; x_wconf 92' lang='lat' dir='ltr'><strong>iu</strong></span> 
     </span>
    </p>
   </div>
   <div class='ocr_carea' id='block_1_56' title="bbox 1895 1198 3416 1292">
    <p class='ocr_par' dir='ltr' id='par_1_56' title="bbox 1895 1198 3416 1292">
     <span class='ocr_line' id='line_1_56' title="bbox 1895 1198 3416 1292; baseline 0.024 -44"><span class='ocrx_word' id='word_1_390' title='bbox 1895 1205 2077 1252; x_wconf 88' lang='lat' dir='ltr'><strong>sancta</strong></span> <span class='ocrx_word' id='word_1_391' title='bbox 2109 1198 2377 1261; x_wconf 88' lang='lat' dir='ltr'><strong>Trinitate</strong></span> <span class='ocrx_word' id='word_1_392' title='bbox 2405 1205 2722 1279; x_wconf 83' lang='lat' dir='ltr'><strong>baptizavit,</strong></span> <span class='ocrx_word' id='word_1_393' title='bbox 2753 1212 3009 1286; x_wconf 84' lang='lat' dir='ltr'><strong>baptizati</strong></span> <span class='ocrx_word' id='word_1_394' title='bbox 3041 1198 3416 1292; x_wconf 80' lang='lat' dir='ltr'><strong>permaneant.</strong></span> 
     </span>
    </p>
   </div>
   <div class='ocr_carea' id='block_1_57' title="bbox 1971 1289 3492 1387">
    <p class='ocr_par' dir='ltr' id='par_1_57' title="bbox 1971 1289 3492 1387">
     <span class='ocr_line' id='line_1_57' title="bbox 1971 1289 3492 1387; baseline 0.025 -47"><span class='ocrx_word' id='word_1_395' title='bbox 1971 1309 1988 1340; x_wconf 78' lang='grc' dir='ltr'><strong>ι</strong></span> <span class='ocrx_word' id='word_1_396' title='bbox 2038 1289 2152 1346; x_wconf 82' lang='lat' dir='ltr'><strong>HR.</strong></span> <span class='ocrx_word' id='word_1_397' title='bbox 2183 1297 2314 1364; x_wconf 72' lang='lat' dir='ltr'><strong>(seu</strong></span> <span class='ocrx_word' id='word_1_398' title='bbox 2342 1313 2462 1370; x_wconf 89' lang='lat' dir='ltr'><strong>cap.</strong></span> <span class='ocrx_word' id='word_1_399' title='bbox 2493 1300 2512 1372; x_wconf 89' lang='lat'><strong>)</strong></span> <span class='ocrx_word' id='word_1_400' title='bbox 2539 1318 2668 1358; x_wconf 87' lang='lat' dir='ltr'><strong>xvu.</strong></span> <span class='ocrx_word' id='word_1_401' title='bbox 2703 1304 2806 1374; x_wconf 83' lang='lat' dir='ltr'><strong>Qui</strong></span> <span class='ocrx_word' id='word_1_402' title='bbox 2837 1323 2969 1366; x_wconf 89' lang='lat' dir='ltr'><strong>vero</strong></span> <span class='ocrx_word' id='word_1_403' title='bbox 3000 1289 3069 1368; x_wconf 77' lang='lat' dir='ltr'><strong>ita</strong></span> <span class='ocrx_word' id='word_1_404' title='bbox 3100 1315 3399 1387; x_wconf 88' lang='lat' dir='ltr'><strong>baptizant,</strong></span> <span class='ocrx_word' id='word_1_405' title='bbox 3432 1333 3492 1378; x_wconf 91' lang='lat' dir='ltr'><strong>ut</strong></span> 
     </span>
    </p>
   </div>
   <div class='ocr_carea' id='block_1_58' title="bbox 1895 1382 3489 1474">
    <p class='ocr_par' dir='ltr' id='par_1_58' title="bbox 1895 1382 3489 1474">
     <span class='ocr_line' id='line_1_58' title="bbox 1895 1382 3489 1474; baseline 0.022 -39"><span class='ocrx_word' id='word_1_406' title='bbox 1895 1382 2098 1451; x_wconf 88' lang='lat' dir='ltr'><strong>dicant,</strong></span> <span class='ocrx_word' id='word_1_407' title='bbox 2147 1387 2204 1441; x_wconf 92' lang='lat' dir='ltr'><strong>In</strong></span> <span class='ocrx_word' id='word_1_408' title='bbox 2250 1393 2472 1449; x_wconf 91' lang='lat' dir='ltr'><strong>nomine</strong></span> <span class='ocrx_word' id='word_1_409' title='bbox 2520 1394 2701 1453; x_wconf 89' lang='lat' dir='ltr'><strong>Patris</strong></span> <span class='ocrx_word' id='word_1_410' title='bbox 2751 1416 2960 1474; x_wconf 88' lang='lat' dir='ltr'><strong>mergo,</strong></span> <span class='ocrx_word' id='word_1_411' title='bbox 3015 1407 3065 1460; x_wconf 91' lang='lat' dir='ltr'><strong>in</strong></span> <span class='ocrx_word' id='word_1_412' title='bbox 3099 1382 3317 1467; x_wconf 84' lang='lat' dir='ltr'><strong>nomine</strong></span> <span class='ocrx_word' id='word_1_413' title='bbox 3366 1415 3489 1472; x_wconf 88' lang='lat' dir='ltr'><strong>Filii</strong></span> 
     </span>
    </p>
   </div>
   <div class='ocr_carea' id='block_1_59' title="bbox 1895 1481 3488 1576">
    <p class='ocr_par' dir='ltr' id='par_1_59' title="bbox 1895 1481 3488 1576">
     <span class='ocr_line' id='line_1_59' title="bbox 1895 1481 3488 1576; baseline 0.021 -47"><span class='ocrx_word' id='word_1_414' title='bbox 1895 1491 2099 1549; x_wconf 89' lang='lat' dir='ltr'><strong>mergo,</strong></span> <span class='ocrx_word' id='word_1_415' title='bbox 2120 1489 2175 1534; x_wconf 90' lang='lat' dir='ltr'><strong>et</strong></span> <span class='ocrx_word' id='word_1_416' title='bbox 2199 1481 2433 1552; x_wconf 88' lang='lat' dir='ltr'><strong>Spiritus</strong></span> <span class='ocrx_word' id='word_1_417' title='bbox 2459 1491 2636 1544; x_wconf 88' lang='lat' dir='ltr'><strong>sancti</strong></span> <span class='ocrx_word' id='word_1_418' title='bbox 2660 1507 2878 1564; x_wconf 83' lang='lat' dir='ltr'><strong>mergo;</strong></span> <span class='ocrx_word' id='word_1_419' title='bbox 2906 1497 2938 1550; x_wconf 93' lang='lat' dir='ltr'><strong>ii</strong></span> <span class='ocrx_word' id='word_1_420' title='bbox 2956 1500 3045 1568; x_wconf 89' lang='lat' dir='ltr'><strong>qui</strong></span> <span class='ocrx_word' id='word_1_421' title='bbox 3071 1501 3142 1554; x_wconf 87' lang='lat' dir='ltr'><strong>ita</strong></span> <span class='ocrx_word' id='word_1_422' title='bbox 3164 1515 3289 1556; x_wconf 91' lang='lat' dir='ltr'><strong>sunt</strong></span> <span class='ocrx_word' id='word_1_423' title='bbox 3311 1505 3488 1576; x_wconf 84' lang='lat' dir='ltr'><strong>bapti-</strong></span> 
     </span>
    </p>
   </div>
   <div class='ocr_carea' id='block_1_60' title="bbox 1891 1570 3488 1658">
    <p class='ocr_par' dir='ltr' id='par_1_60' title="bbox 1891 1570 3488 1658">
     <span class='ocr_line' id='line_1_60' title="bbox 1891 1570 3488 1658; baseline 0.022 -36"><span class='ocrx_word' id='word_1_424' title='bbox 1891 1570 2024 1638; x_wconf 78' lang='lat' dir='ltr'><strong>zati,</strong></span> <span class='ocrx_word' id='word_1_425' title='bbox 2042 1586 2105 1628; x_wconf 88' lang='lat' dir='ltr'><strong>ac</strong></span> <span class='ocrx_word' id='word_1_426' title='bbox 2125 1573 2169 1628; x_wconf 89' lang='lat' dir='ltr'><strong>si</strong></span> <span class='ocrx_word' id='word_1_427' title='bbox 2194 1577 2417 1645; x_wconf 89' lang='lat' dir='ltr'><strong>rustice,</strong></span> <span class='ocrx_word' id='word_1_428' title='bbox 2441 1588 2623 1638; x_wconf 91' lang='lat' dir='ltr'><strong>tamen</strong></span> <span class='ocrx_word' id='word_1_429' title='bbox 2646 1583 2699 1640; x_wconf 92' lang='lat' dir='ltr'><strong>in</strong></span> <span class='ocrx_word' id='word_1_430' title='bbox 2725 1590 2944 1646; x_wconf 91' lang='lat' dir='ltr'><strong>nomine</strong></span> <span class='ocrx_word' id='word_1_431' title='bbox 2968 1601 3174 1650; x_wconf 73' lang='lat' dir='ltr'><strong>sancta:</strong></span> <span class='ocrx_word' id='word_1_432' title='bbox 3199 1596 3488 1658; x_wconf 86' lang='lat' dir='ltr'><strong>Trinitatis</strong></span> 
     </span>
    </p>
   </div>
   <div class='ocr_carea' id='block_1_61' title="bbox 1892 1665 2402 1734">
    <p class='ocr_par' dir='ltr' id='par_1_61' title="bbox 1892 1665 2402 1734">
     <span class='ocr_line' id='line_1_61' title="bbox 1892 1665 2402 1734; baseline 0.016 -14"><span class='ocrx_word' id='word_1_433' title='bbox 1892 1665 2152 1734; x_wconf 88' lang='lat' dir='ltr'><strong>baptizati</strong></span> <span class='ocrx_word' id='word_1_434' title='bbox 2185 1681 2333 1728; x_wconf 90' lang='lat' dir='ltr'><strong>sunt.</strong></span> <span class='ocrx_word' id='word_1_435' title='bbox 2387 1695 2402 1720; x_wconf 73' lang='grc' dir='ltr'><strong>ι</strong></span> 
     </span>
    </p>
   </div>
   <div class='ocr_carea' id='block_1_62' title="bbox 1961 1761 3487 1862">
    <p class='ocr_par' dir='ltr' id='par_1_62' title="bbox 1961 1761 3487 1862">
     <span class='ocr_line' id='line_1_62' title="bbox 1961 1761 3487 1862; baseline 0.023 -47"><span class='ocrx_word' id='word_1_436' title='bbox 1961 1761 2011 1862; x_wconf 71' lang='lat' dir='ltr'><strong>&#39;f.</strong></span> <span class='ocrx_word' id='word_1_437' title='bbox 2056 1762 2259 1822; x_wconf 84' lang='lat' dir='ltr'><strong>Eadem</strong></span> <span class='ocrx_word' id='word_1_438' title='bbox 2294 1767 2517 1862; x_wconf 85' lang='lat' dir='ltr'><strong>decreta</strong></span> <span class='ocrx_word' id='word_1_439' title='bbox 2563 1773 2619 1830; x_wconf 92' lang='lat' dir='ltr'><strong>in</strong></span> <span class='ocrx_word' id='word_1_440' title='bbox 2653 1775 2774 1831; x_wconf 87' lang='lat' dir='ltr'><strong>aliis</strong></span> <span class='ocrx_word' id='word_1_441' title='bbox 2815 1779 3026 1838; x_wconf 88' lang='lat' dir='ltr'><strong>duobus</strong></span> <span class='ocrx_word' id='word_1_442' title='bbox 3055 1791 3487 1862; x_wconf 82' lang='lat' dir='ltr'><strong>exemplaribus,</strong></span> 
     </span>
    </p>
   </div>
   <div class='ocr_carea' id='block_1_63' title="bbox 1889 1852 3486 1943">
    <p class='ocr_par' dir='ltr' id='par_1_63' title="bbox 1889 1852 3486 1943">
     <span class='ocr_line' id='line_1_63' title="bbox 1889 1852 3486 1943; baseline 0.023 -37"><span class='ocrx_word' id='word_1_443' title='bbox 1889 1852 2174 1913; x_wconf 72' lang='lat' dir='ltr'><strong>Pithoeano</strong></span> <span class='ocrx_word' id='word_1_444' title='bbox 2219 1859 2477 1919; x_wconf 81' lang='lat' dir='ltr'><strong>videlicet</strong></span> <span class='ocrx_word' id='word_1_445' title='bbox 2524 1881 2588 1922; x_wconf 91' lang='lat' dir='ltr'><strong>ac</strong></span> <span class='ocrx_word' id='word_1_446' title='bbox 2638 1867 2968 1940; x_wconf 83' lang='lat' dir='ltr'><strong>Turonensi,</strong></span> <span class='ocrx_word' id='word_1_447' title='bbox 3022 1852 3236 1936; x_wconf 37' lang='lat' dir='ltr'><strong>eadem-</strong></span> <span class='ocrx_word' id='word_1_448' title='bbox 3273 1852 3486 1943; x_wconf 77' lang='lat' dir='ltr'><strong>ratione</strong></span> 
     </span>
    </p>
   </div>
   <div class='ocr_carea' id='block_1_64' title="bbox 1812 1947 3486 2048">
    <p class='ocr_par' dir='ltr' id='par_1_64' title="bbox 1812 1947 3486 2048">
     <span class='ocr_line' id='line_1_64' title="bbox 1812 1947 3486 2048; baseline 0.023 -50"><span class='ocrx_word' id='word_1_449' title='bbox 1812 1947 1858 2008; x_wconf 85' lang='grc' dir='ltr'><strong>Β</strong></span> <span class='ocrx_word' id='word_1_450' title='bbox 1884 1950 2111 2048; x_wconf 72' lang='lat' dir='ltr'><strong>reperiri</strong></span> <span class='ocrx_word' id='word_1_451' title='bbox 2129 1950 2366 2010; x_wconf 85' lang='lat' dir='ltr'><strong>Joannes</strong></span> <span class='ocrx_word' id='word_1_452' title='bbox 2384 1955 2696 2018; x_wconf 82' lang='lat' dir='ltr'><strong>Harduinus</strong></span> <span class='ocrx_word' id='word_1_453' title='bbox 2725 1963 2776 2019; x_wconf 92' lang='lat' dir='ltr'><strong>in</strong></span> <span class='ocrx_word' id='word_1_454' title='bbox 2801 1969 3103 2036; x_wconf 69' lang='lat' dir='ltr'><strong>quastione</strong></span> <span class='ocrx_word' id='word_1_455' title='bbox 3127 1972 3194 2029; x_wconf 92' lang='lat' dir='ltr'><strong>dc</strong></span> <span class='ocrx_word' id='word_1_456' title='bbox 3217 1974 3486 2048; x_wconf 88' lang='lat' dir='ltr'><strong>baptismo</strong></span> 
     </span>
    </p>
   </div>
   <div class='ocr_carea' id='block_1_65' title="bbox 1883 2037 3483 2139">
    <p class='ocr_par' dir='ltr' id='par_1_65' title="bbox 1883 2037 3483 2139">
     <span class='ocr_line' id='line_1_65' title="bbox 1883 2037 3483 2139; baseline 0.025 -48"><span class='ocrx_word' id='word_1_457' title='bbox 1883 2037 1936 2092; x_wconf 91' lang='lat' dir='ltr'><strong>in</strong></span> <span class='ocrx_word' id='word_1_458' title='bbox 1971 2042 2096 2139; x_wconf 65' lang='grc' dir='ltr'><strong>νὶιιο</strong></span> <span class='ocrx_word' id='word_1_459' title='bbox 2135 2060 2256 2116; x_wconf 89' lang='lat' dir='ltr'><strong>pag.</strong></span> <span class='ocrx_word' id='word_1_460' title='bbox 2295 2047 2366 2106; x_wconf 78' lang='lat'><strong>35</strong></span> <span class='ocrx_word' id='word_1_461' title='bbox 2398 2061 2571 2107; x_wconf 89' lang='lat' dir='ltr'><strong>notat.</strong></span> <span class='ocrx_word' id='word_1_462' title='bbox 2603 2054 2749 2111; x_wconf 85' lang='lat' dir='ltr'><strong>Nihil</strong></span> <span class='ocrx_word' id='word_1_463' title='bbox 2786 2069 2966 2117; x_wconf 86' lang='lat' dir='ltr'><strong>autem</strong></span> <span class='ocrx_word' id='word_1_464' title='bbox 3008 2066 3154 2122; x_wconf 86' lang='lat' dir='ltr'><strong>aliud</strong></span> <span class='ocrx_word' id='word_1_465' title='bbox 3197 2037 3345 2139; x_wconf 74' lang='lat' dir='ltr'><strong>sunt,</strong></span> <span class='ocrx_word' id='word_1_466' title='bbox 3379 2075 3483 2130; x_wconf 89' lang='lat' dir='ltr'><strong>nisi</strong></span> 
     </span>
    </p>
   </div>
   <div class='ocr_carea' id='block_1_66' title="bbox 1879 2133 3477 2235">
    <p class='ocr_par' dir='ltr' id='par_1_66' title="bbox 1879 2133 3477 2235">
     <span class='ocr_line' id='line_1_66' title="bbox 1879 2133 3477 2235; baseline 0.023 -50"><span class='ocrx_word' id='word_1_467' title='bbox 1879 2146 2000 2202; x_wconf 67' lang='lat' dir='ltr'><strong>quae</strong></span> <span class='ocrx_word' id='word_1_468' title='bbox 2029 2133 2264 2235; x_wconf 79' lang='lat' dir='ltr'><strong>Jacobus</strong></span> <span class='ocrx_word' id='word_1_469' title='bbox 2295 2140 2617 2202; x_wconf 91' lang='lat' dir='ltr'><strong>Sirmondus</strong></span> <span class='ocrx_word' id='word_1_470' title='bbox 2647 2157 2723 2203; x_wconf 91' lang='lat' dir='ltr'><strong>to.</strong></span> <span class='ocrx_word' id='word_1_471' title='bbox 2756 2149 2800 2207; x_wconf 92' lang='lat' dir='ltr'><strong>II</strong></span> <span class='ocrx_word' id='word_1_472' title='bbox 2826 2153 3032 2212; x_wconf 86' lang='lat' dir='ltr'><strong>Concil.</strong></span> <span class='ocrx_word' id='word_1_473' title='bbox 3072 2158 3213 2216; x_wconf 83' lang='lat' dir='ltr'><strong>Gali.</strong></span> <span class='ocrx_word' id='word_1_474' title='bbox 3241 2133 3361 2235; x_wconf 82' lang='lat' dir='ltr'><strong>pag.</strong></span> <span class='ocrx_word' id='word_1_475' title='bbox 3389 2168 3477 2234; x_wconf 72' lang='lat' dir='ltr'><strong>It},</strong></span> 
     </span>
    </p>
   </div>
   <div class='ocr_carea' id='block_1_67' title="bbox 1879 2227 3475 2327">
    <p class='ocr_par' dir='ltr' id='par_1_67' title="bbox 1879 2227 3475 2327">
     <span class='ocr_line' id='line_1_67' title="bbox 1879 2227 3475 2327; baseline 0.024 -50"><span class='ocrx_word' id='word_1_476' title='bbox 1879 2240 1944 2327; x_wconf 61' lang='lat' dir='ltr'><strong>ex</strong></span> <span class='ocrx_word' id='word_1_477' title='bbox 1992 2227 2181 2284; x_wconf 91' lang='lat' dir='ltr'><strong>codice</strong></span> <span class='ocrx_word' id='word_1_478' title='bbox 2228 2231 2285 2287; x_wconf 91' lang='lat' dir='ltr'><strong>S.</strong></span> <span class='ocrx_word' id='word_1_479' title='bbox 2340 2235 2521 2292; x_wconf 82' lang='lat' dir='ltr'><strong>Mariae</strong></span> <span class='ocrx_word' id='word_1_480' title='bbox 2572 2239 2949 2301; x_wconf 88' lang='lat' dir='ltr'><strong>Lauduneusis</strong></span> <span class='ocrx_word' id='word_1_481' title='bbox 2993 2250 3163 2307; x_wconf 91' lang='lat' dir='ltr'><strong>edidit</strong></span> <span class='ocrx_word' id='word_1_482' title='bbox 3211 2227 3475 2327; x_wconf 73' lang='lat' dir='ltr'><strong>Stephani</strong></span> 
     </span>
    </p>
   </div>
   <div class='ocr_carea' id='block_1_68' title="bbox 1875 2316 3478 2424">
    <p class='ocr_par' dir='ltr' id='par_1_68' title="bbox 1875 2316 3478 2424">
     <span class='ocr_line' id='line_1_68' title="bbox 1875 2316 3478 2424; baseline 0.024 -52"><span class='ocrx_word' id='word_1_483' title='bbox 1875 2316 1919 2372; x_wconf 91' lang='lat' dir='ltr'><strong>II</strong></span> <span class='ocrx_word' id='word_1_484' title='bbox 1947 2334 2098 2390; x_wconf 70' lang='lat' dir='ltr'><strong>papae</strong></span> <span class='ocrx_word' id='word_1_485' title='bbox 2121 2338 2383 2397; x_wconf 88' lang='lat' dir='ltr'><strong>responsa</strong></span> <span class='ocrx_word' id='word_1_486' title='bbox 2413 2345 2486 2398; x_wconf 88' lang='lat' dir='ltr'><strong>tx,</strong></span> <span class='ocrx_word' id='word_1_487' title='bbox 2512 2347 2567 2399; x_wconf 90' lang='lat' dir='ltr'><strong>x,</strong></span> <span class='ocrx_word' id='word_1_488' title='bbox 2592 2349 2668 2401; x_wconf 82' lang='lat' dir='ltr'><strong>xi,</strong></span> <span class='ocrx_word' id='word_1_489' title='bbox 2697 2351 2797 2404; x_wconf 88' lang='lat' dir='ltr'><strong>xu,</strong></span> <span class='ocrx_word' id='word_1_490' title='bbox 2822 2355 2917 2396; x_wconf 88' lang='lat' dir='ltr'><strong>xm</strong></span> <span class='ocrx_word' id='word_1_491' title='bbox 2943 2353 2995 2398; x_wconf 92' lang='lat' dir='ltr'><strong>et</strong></span> <span class='ocrx_word' id='word_1_492' title='bbox 3021 2361 3132 2413; x_wconf 79' lang='lat' dir='ltr'><strong>xiv,</strong></span> <span class='ocrx_word' id='word_1_493' title='bbox 3163 2349 3232 2404; x_wconf 89' lang='lat' dir='ltr'><strong>ab</strong></span> <span class='ocrx_word' id='word_1_494' title='bbox 3259 2366 3346 2418; x_wconf 90' lang='lat' dir='ltr'><strong>eo,</strong></span> <span class='ocrx_word' id='word_1_495' title='bbox 3381 2357 3478 2424; x_wconf 90' lang='lat' dir='ltr'><strong>qtti</strong></span> 
     </span>
    </p>
   </div>
   <div class='ocr_carea' id='block_1_69' title="bbox 1873 2410 3479 2503">
    <p class='ocr_par' dir='ltr' id='par_1_69' title="bbox 1873 2410 3479 2503">
     <span class='ocr_line' id='line_1_69' title="bbox 1873 2410 3479 2503; baseline 0.023 -39"><span class='ocrx_word' id='word_1_496' title='bbox 1873 2410 1966 2466; x_wconf 91' lang='lat' dir='ltr'><strong>illa</strong></span> <span class='ocrx_word' id='word_1_497' title='bbox 1997 2419 2294 2487; x_wconf 91' lang='lat' dir='ltr'><strong>excerpsit,</strong></span> <span class='ocrx_word' id='word_1_498' title='bbox 2327 2434 2537 2476; x_wconf 88' lang='lat' dir='ltr'><strong>summa</strong></span> <span class='ocrx_word' id='word_1_499' title='bbox 2572 2423 2790 2483; x_wconf 91' lang='lat' dir='ltr'><strong>licentia</strong></span> <span class='ocrx_word' id='word_1_500' title='bbox 2818 2432 2906 2486; x_wconf 93' lang='lat' dir='ltr'><strong>vel</strong></span> <span class='ocrx_word' id='word_1_501' title='bbox 2939 2410 3216 2503; x_wconf 81' lang='lat' dir='ltr'><strong>truncata,</strong></span> <span class='ocrx_word' id='word_1_502' title='bbox 3251 2410 3479 2499; x_wconf 16' lang='lat' dir='ltr'><strong>velunt-7</strong></span> 
     </span>
    </p>
   </div>
   <div class='ocr_carea' id='block_1_70' title="bbox 1874 2507 3472 2603">
    <p class='ocr_par' dir='ltr' id='par_1_70' title="bbox 1874 2507 3472 2603">
     <span class='ocr_line' id='line_1_70' title="bbox 1874 2507 3472 2603; baseline 0.023 -46"><span class='ocrx_word' id='word_1_503' title='bbox 1874 2512 2002 2558; x_wconf 91' lang='lat' dir='ltr'><strong>tata.</strong></span> <span class='ocrx_word' id='word_1_504' title='bbox 2043 2507 2124 2563; x_wconf 81' lang='lat' dir='ltr'><strong>Ad</strong></span> <span class='ocrx_word' id='word_1_505' title='bbox 2170 2508 2424 2568; x_wconf 89' lang='lat' dir='ltr'><strong>Siricium</strong></span> <span class='ocrx_word' id='word_1_506' title='bbox 2454 2524 2638 2572; x_wconf 90' lang='lat' dir='ltr'><strong>autem</strong></span> <span class='ocrx_word' id='word_1_507' title='bbox 2673 2529 2731 2574; x_wconf 91' lang='lat' dir='ltr'><strong>ut</strong></span> <span class='ocrx_word' id='word_1_508' title='bbox 2762 2523 3101 2583; x_wconf 86' lang='lat' dir='ltr'><strong>referrentur</strong></span> <span class='ocrx_word' id='word_1_509' title='bbox 3132 2531 3185 2585; x_wconf 93' lang='lat' dir='ltr'><strong>in</strong></span> <span class='ocrx_word' id='word_1_510' title='bbox 3219 2537 3472 2603; x_wconf 69' lang='lat' dir='ltr'><strong>pra-dicta</strong></span> 
     </span>
    </p>
   </div>
   <div class='ocr_carea' id='block_1_71' title="bbox 1871 2595 3474 2685">
    <p class='ocr_par' dir='ltr' id='par_1_71' title="bbox 1871 2595 3474 2685">
     <span class='ocr_line' id='line_1_71' title="bbox 1871 2595 3474 2685; baseline 0.024 -37"><span class='ocrx_word' id='word_1_511' title='bbox 1871 2595 2110 2666; x_wconf 88' lang='lat' dir='ltr'><strong>imperiti</strong></span> <span class='ocrx_word' id='word_1_512' title='bbox 2135 2602 2447 2661; x_wconf 88' lang='lat' dir='ltr'><strong>collectoris</strong></span> <span class='ocrx_word' id='word_1_513' title='bbox 2486 2611 2894 2683; x_wconf 89' lang='lat' dir='ltr'><strong>compilatione,</strong></span> <span class='ocrx_word' id='word_1_514' title='bbox 2937 2595 3283 2680; x_wconf 80' lang='lat' dir='ltr'><strong>occasionem</strong></span> <span class='ocrx_word' id='word_1_515' title='bbox 3335 2628 3474 2685; x_wconf 90' lang='lat' dir='ltr'><strong>haud</strong></span> 
     </span>
    </p>
   </div>
   <div class='ocr_carea' id='block_1_72' title="bbox 1870 2684 3476 2776">
    <p class='ocr_par' dir='ltr' id='par_1_72' title="bbox 1870 2684 3476 2776">
     <span class='ocr_line' id='line_1_72' title="bbox 1870 2684 3476 2776; baseline 0.023 -36"><span class='ocrx_word' id='word_1_516' title='bbox 1870 2684 2038 2744; x_wconf 93' lang='lat' dir='ltr'><strong>dubie</strong></span> <span class='ocrx_word' id='word_1_517' title='bbox 2064 2690 2214 2746; x_wconf 92' lang='lat' dir='ltr'><strong>dedit</strong></span> <span class='ocrx_word' id='word_1_518' title='bbox 2237 2696 2382 2764; x_wconf 90' lang='lat' dir='ltr'><strong>quod</strong></span> <span class='ocrx_word' id='word_1_519' title='bbox 2410 2699 2550 2768; x_wconf 91' lang='lat' dir='ltr'><strong>apud</strong></span> <span class='ocrx_word' id='word_1_520' title='bbox 2582 2701 2958 2775; x_wconf 90' lang='lat' dir='ltr'><strong>Sirmondum,</strong></span> <span class='ocrx_word' id='word_1_521' title='bbox 3002 2715 3300 2772; x_wconf 89' lang='lat' dir='ltr'><strong>secundum</strong></span> <span class='ocrx_word' id='word_1_522' title='bbox 3334 2684 3476 2776; x_wconf 79' lang='lat' dir='ltr'><strong>Lau-</strong></span> 
     </span>
    </p>
   </div>
   <div class='ocr_carea' id='block_1_73' title="bbox 1867 2779 3468 2882">
    <p class='ocr_par' dir='ltr' id='par_1_73' title="bbox 1867 2779 3468 2882">
     <span class='ocr_line' id='line_1_73' title="bbox 1867 2779 3468 2882; baseline 0.022 -48"><span class='ocrx_word' id='word_1_523' title='bbox 1867 2779 2172 2839; x_wconf 88' lang='lat' dir='ltr'><strong>dunensem</strong></span> <span class='ocrx_word' id='word_1_524' title='bbox 2213 2787 2481 2855; x_wconf 90' lang='lat' dir='ltr'><strong>codicem,</strong></span> <span class='ocrx_word' id='word_1_525' title='bbox 2512 2795 2759 2862; x_wconf 82' lang='lat' dir='ltr'><strong>proxime</strong></span> <span class='ocrx_word' id='word_1_526' title='bbox 2787 2798 2883 2853; x_wconf 89' lang='lat' dir='ltr'><strong>illa</strong></span> <span class='ocrx_word' id='word_1_527' title='bbox 2912 2806 3174 2871; x_wconf 70' lang='lat' dir='ltr'><strong>prmcedit</strong></span> <span class='ocrx_word' id='word_1_528' title='bbox 3205 2809 3468 2882; x_wconf 81' lang='lat' dir='ltr'><strong>Stephani</strong></span> 
     </span>
    </p>
   </div>
   <div class='ocr_carea' id='block_1_74' title="bbox 1867 2871 3466 2960">
    <p class='ocr_par' dir='ltr' id='par_1_74' title="bbox 1867 2871 3466 2960">
     <span class='ocr_line' id='line_1_74' title="bbox 1867 2871 3466 2960; baseline 0.023 -34"><span class='ocrx_word' id='word_1_529' title='bbox 1867 2871 1912 2926; x_wconf 89' lang='lat' dir='ltr'><strong>Il</strong></span> <span class='ocrx_word' id='word_1_530' title='bbox 1940 2887 2263 2944; x_wconf 87' lang='lat' dir='ltr'><strong>responsum</strong></span> <span class='ocrx_word' id='word_1_531' title='bbox 2296 2895 2392 2935; x_wconf 89' lang='lat' dir='ltr'><strong>vut</strong></span> <span class='ocrx_word' id='word_1_532' title='bbox 2426 2881 2513 2937; x_wconf 89' lang='lat' dir='ltr'><strong>bis</strong></span> <span class='ocrx_word' id='word_1_533' title='bbox 2553 2886 2734 2941; x_wconf 87' lang='lat' dir='ltr'><strong>verbis</strong></span> <span class='ocrx_word' id='word_1_534' title='bbox 2775 2904 3095 2960; x_wconf 84' lang='lat' dir='ltr'><strong>expressum</strong></span> <span class='ocrx_word' id='word_1_535' title='bbox 3131 2914 3144 2951; x_wconf 93' lang='lat'><strong>:</strong></span> <span class='ocrx_word' id='word_1_536' title='bbox 3184 2920 3202 2951; x_wconf 76' lang='grc' dir='ltr'><strong>Ι</strong></span> <span class='ocrx_word' id='word_1_537' title='bbox 3243 2871 3318 2958; x_wconf 76' lang='lat' dir='ltr'><strong>De</strong></span> <span class='ocrx_word' id='word_1_538' title='bbox 3349 2920 3466 2960; x_wconf 87' lang='lat' dir='ltr'><strong>mu-</strong></span> 
     </span>
    </p>
   </div>
   <div class='ocr_carea' id='block_1_75' title="bbox 1865 2963 3471 3063">
    <p class='ocr_par' dir='ltr' id='par_1_75' title="bbox 1865 2963 3471 3063">
     <span class='ocr_line' id='line_1_75' title="bbox 1865 2963 3471 3063; baseline 0.02 -44"><span class='ocrx_word' id='word_1_539' title='bbox 1865 2963 2021 3034; x_wconf 90' lang='lat' dir='ltr'><strong>liere,</strong></span> <span class='ocrx_word' id='word_1_540' title='bbox 2041 2984 2162 3040; x_wconf 71' lang='lat' dir='ltr'><strong>quas</strong></span> <span class='ocrx_word' id='word_1_541' title='bbox 2182 2980 2304 3041; x_wconf 90' lang='lat' dir='ltr'><strong>post</strong></span> <span class='ocrx_word' id='word_1_542' title='bbox 2335 2983 2568 3030; x_wconf 91' lang='lat' dir='ltr'><strong>mortem</strong></span> <span class='ocrx_word' id='word_1_543' title='bbox 2597 2978 2699 3033; x_wconf 86' lang='lat' dir='ltr'><strong>viri</strong></span> <span class='ocrx_word' id='word_1_544' title='bbox 2726 2982 2808 3035; x_wconf 90' lang='lat' dir='ltr'><strong>sui</strong></span> <span class='ocrx_word' id='word_1_545' title='bbox 2833 2985 3006 3040; x_wconf 86' lang='lat' dir='ltr'><strong>velata</strong></span> <span class='ocrx_word' id='word_1_546' title='bbox 3031 2988 3196 3045; x_wconf 91' lang='lat' dir='ltr'><strong>fuerit</strong></span> <span class='ocrx_word' id='word_1_547' title='bbox 3219 2993 3471 3063; x_wconf 84' lang='lat' dir='ltr'><strong>aliquan-</strong></span> 
     </span>
    </p>
   </div>
   <div class='ocr_carea' id='block_1_76' title="bbox 1866 3065 3470 3155">
    <p class='ocr_par' dir='ltr' id='par_1_76' title="bbox 1866 3065 3470 3155">
     <span class='ocr_line' id='line_1_76' title="bbox 1866 3065 3470 3155; baseline 0.019 -41"><span class='ocrx_word' id='word_1_548' title='bbox 1866 3069 1977 3116; x_wconf 91' lang='lat' dir='ltr'><strong>tum</strong></span> <span class='ocrx_word' id='word_1_549' title='bbox 2028 3065 2311 3135; x_wconf 88' lang='lat' dir='ltr'><strong>temporis,</strong></span> <span class='ocrx_word' id='word_1_550' title='bbox 2346 3077 2400 3124; x_wconf 91' lang='lat' dir='ltr'><strong>et</strong></span> <span class='ocrx_word' id='word_1_551' title='bbox 2447 3079 2635 3138; x_wconf 89' lang='lat' dir='ltr'><strong>postea</strong></span> <span class='ocrx_word' id='word_1_552' title='bbox 2676 3074 2852 3129; x_wconf 90' lang='lat' dir='ltr'><strong>virum</strong></span> <span class='ocrx_word' id='word_1_553' title='bbox 2885 3080 3114 3149; x_wconf 88' lang='lat' dir='ltr'><strong>accipit,</strong></span> <span class='ocrx_word' id='word_1_554' title='bbox 3159 3084 3210 3137; x_wconf 83' lang='lat' dir='ltr'><strong>in</strong></span> <span class='ocrx_word' id='word_1_555' title='bbox 3253 3089 3470 3155; x_wconf 75' lang='lat' dir='ltr'><strong>cpistola</strong></span> 
     </span>
    </p>
   </div>
   <div class='ocr_carea' id='block_1_77' title="bbox 1866 3154 3464 3238">
    <p class='ocr_par' dir='ltr' id='par_1_77' title="bbox 1866 3154 3464 3238">
     <span class='ocr_line' id='line_1_77' title="bbox 1866 3154 3464 3238; baseline 0.018 -28"><span class='ocrx_word' id='word_1_556' title='bbox 1866 3154 2041 3210; x_wconf 78' lang='lat' dir='ltr'><strong>Siricii</strong></span> <span class='ocrx_word' id='word_1_557' title='bbox 2062 3175 2210 3229; x_wconf 76' lang='lat' dir='ltr'><strong>papw</strong></span> <span class='ocrx_word' id='word_1_558' title='bbox 2238 3161 2307 3213; x_wconf 83' lang='lat' dir='ltr'><strong>ad</strong></span> <span class='ocrx_word' id='word_1_559' title='bbox 2331 3163 2626 3234; x_wconf 79' lang='lat' dir='ltr'><strong>episcopum</strong></span> <span class='ocrx_word' id='word_1_560' title='bbox 2673 3165 2964 3224; x_wconf 83' lang='lat' dir='ltr'><strong>Himerium</strong></span> <span class='ocrx_word' id='word_1_561' title='bbox 2995 3173 3464 3238; x_wconf 81' lang='lat' dir='ltr'><strong>Tarracoueuscut</strong></span> 
     </span>
    </p>
   </div>
   <div class='ocr_carea' id='block_1_78' title="bbox 1863 3247 3461 3343">
    <p class='ocr_par' dir='ltr' id='par_1_78' title="bbox 1863 3247 3461 3343">
     <span class='ocr_line' id='line_1_78' title="bbox 1863 3247 3461 3343; baseline 0.018 -41"><span class='ocrx_word' id='word_1_562' title='bbox 1863 3247 2094 3316; x_wconf 91' lang='lat' dir='ltr'><strong>directa,</strong></span> <span class='ocrx_word' id='word_1_563' title='bbox 2129 3267 2249 3323; x_wconf 90' lang='lat' dir='ltr'><strong>cap.</strong></span> <span class='ocrx_word' id='word_1_564' title='bbox 2283 3254 2338 3321; x_wconf 88' lang='lat'><strong>5,</strong></span> <span class='ocrx_word' id='word_1_565' title='bbox 2372 3255 2449 3310; x_wconf 91' lang='lat' dir='ltr'><strong>ita</strong></span> <span class='ocrx_word' id='word_1_566' title='bbox 2477 3260 2826 3316; x_wconf 89' lang='lat' dir='ltr'><strong>continetur:</strong></span> <span class='ocrx_word' id='word_1_567' title='bbox 2853 3263 2929 3320; x_wconf 88' lang='lat' dir='ltr'><strong>De</strong></span> <span class='ocrx_word' id='word_1_568' title='bbox 2952 3265 3038 3320; x_wconf 88' lang='lat' dir='ltr'><strong>his</strong></span> <span class='ocrx_word' id='word_1_569' title='bbox 3070 3284 3200 3325; x_wconf 85' lang='lat' dir='ltr'><strong>vero</strong></span> <span class='ocrx_word' id='word_1_570' title='bbox 3229 3275 3318 3343; x_wconf 91' lang='lat' dir='ltr'><strong>qui</strong></span> <span class='ocrx_word' id='word_1_571' title='bbox 3345 3287 3461 3331; x_wconf 87' lang='lat' dir='ltr'><strong>acta</strong></span> 
     </span>
    </p>
   </div>
   <div class='ocr_carea' id='block_1_79' title="bbox 1785 3336 3465 3437">
    <p class='ocr_par' dir='ltr' id='par_1_79' title="bbox 1785 3336 3465 3437">
     <span class='ocr_line' id='line_1_79' title="bbox 1785 3336 3465 3437; baseline 0.016 -38"><span class='ocrx_word' id='word_1_572' title='bbox 1785 3336 1830 3399; x_wconf 91' lang='lat' dir='ltr'><strong><em>C</em></strong></span> <span class='ocrx_word' id='word_1_573' title='bbox 1867 3343 2192 3410; x_wconf 65' lang='lat' dir='ltr'><strong>paenitentia</strong></span> <span class='ocrx_word' id='word_1_574' title='bbox 2214 3354 2486 3418; x_wconf 85' lang='lat' dir='ltr'><strong>tamquam</strong></span> <span class='ocrx_word' id='word_1_575' title='bbox 2510 3363 2676 3406; x_wconf 83' lang='lat' dir='ltr'><strong>canes</strong></span> <span class='ocrx_word' id='word_1_576' title='bbox 2703 3369 2767 3410; x_wconf 93' lang='lat' dir='ltr'><strong>ac</strong></span> <span class='ocrx_word' id='word_1_577' title='bbox 2788 3371 2916 3411; x_wconf 87' lang='lat' dir='ltr'><strong>sues</strong></span> <span class='ocrx_word' id='word_1_578' title='bbox 2941 3360 3006 3414; x_wconf 93' lang='lat' dir='ltr'><strong>ad</strong></span> <span class='ocrx_word' id='word_1_579' title='bbox 3025 3336 3265 3421; x_wconf 75' lang='lat' dir='ltr'><strong>vomitus</strong></span> <span class='ocrx_word' id='word_1_580' title='bbox 3287 3371 3465 3437; x_wconf 78' lang='lat' dir='ltr'><strong>pristi-</strong></span> 
     </span>
    </p>
   </div>
   <div class='ocr_carea' id='block_1_80' title="bbox 1863 3439 3460 3532">
    <p class='ocr_par' dir='ltr' id='par_1_80' title="bbox 1863 3439 3460 3532">
     <span class='ocr_line' id='line_1_80' title="bbox 1863 3439 3460 3532; baseline 0.017 -43"><span class='ocrx_word' id='word_1_581' title='bbox 1863 3450 1963 3492; x_wconf 93' lang='lat' dir='ltr'><strong>nos</strong></span> <span class='ocrx_word' id='word_1_582' title='bbox 2007 3446 2063 3494; x_wconf 88' lang='lat' dir='ltr'><strong>et</strong></span> <span class='ocrx_word' id='word_1_583' title='bbox 2106 3439 2389 3497; x_wconf 85' lang='lat' dir='ltr'><strong>volutabra</strong></span> <span class='ocrx_word' id='word_1_584' title='bbox 2437 3446 2754 3512; x_wconf 89' lang='lat' dir='ltr'><strong>redeuntes,</strong></span> <span class='ocrx_word' id='word_1_585' title='bbox 2806 3459 2861 3505; x_wconf 96' lang='lat' dir='ltr'><strong>et</strong></span> <span class='ocrx_word' id='word_1_586' title='bbox 2908 3454 3121 3511; x_wconf 68' lang='lat' dir='ltr'><strong>militiae</strong></span> <span class='ocrx_word' id='word_1_587' title='bbox 3152 3461 3460 3532; x_wconf 84' lang='lat' dir='ltr'><strong>cingulum,</strong></span> 
     </span>
    </p>
   </div>
   <div class='ocr_carea' id='block_1_81' title="bbox 1859 3533 3460 3612">
    <p class='ocr_par' dir='ltr' id='par_1_81' title="bbox 1859 3533 3460 3612">
     <span class='ocr_line' id='line_1_81' title="bbox 1859 3533 3460 3612; baseline 0.023 -36"><span class='ocrx_word' id='word_1_588' title='bbox 1859 3537 1992 3596; x_wconf 80' lang='lat' dir='ltr'><strong>etc.,</strong></span> <span class='ocrx_word' id='word_1_589' title='bbox 2044 3550 2063 3580; x_wconf 78' lang='grc' dir='ltr'><strong>ι</strong></span> <span class='ocrx_word' id='word_1_590' title='bbox 2100 3548 2262 3603; x_wconf 81' lang='lat' dir='ltr'><strong>usque</strong></span> <span class='ocrx_word' id='word_1_591' title='bbox 2280 3534 2350 3587; x_wconf 87' lang='lat' dir='ltr'><strong>ad</strong></span> <span class='ocrx_word' id='word_1_592' title='bbox 2377 3533 2504 3602; x_wconf 76' lang='lat' dir='ltr'><strong>lucc,</strong></span> <span class='ocrx_word' id='word_1_593' title='bbox 2548 3556 2567 3587; x_wconf 74' lang='grc' dir='ltr'><strong><em>ε</em></strong></span> <span class='ocrx_word' id='word_1_594' title='bbox 2606 3538 2776 3607; x_wconf 89' lang='lat' dir='ltr'><strong>Quam</strong></span> <span class='ocrx_word' id='word_1_595' title='bbox 2804 3541 3036 3602; x_wconf 91' lang='lat' dir='ltr'><strong>formam</strong></span> <span class='ocrx_word' id='word_1_596' title='bbox 3070 3559 3125 3604; x_wconf 86' lang='lat' dir='ltr'><strong>et</strong></span> <span class='ocrx_word' id='word_1_597' title='bbox 3166 3554 3309 3608; x_wconf 86' lang='lat' dir='ltr'><strong>circa</strong></span> <span class='ocrx_word' id='word_1_598' title='bbox 3340 3573 3460 3612; x_wconf 87' lang='lat' dir='ltr'><strong>mu-</strong></span> 
     </span>
    </p>
   </div>
   <div class='ocr_carea' id='block_1_82' title="bbox 1856 3619 3464 3710">
    <p class='ocr_par' dir='ltr' id='par_1_82' title="bbox 1856 3619 3464 3710">
     <span class='ocr_line' id='line_1_82' title="bbox 1856 3619 3464 3710; baseline 0.019 -36"><span class='ocrx_word' id='word_1_599' title='bbox 1856 3619 2046 3688; x_wconf 85' lang='lat' dir='ltr'><strong>lieres,</strong></span> <span class='ocrx_word' id='word_1_600' title='bbox 2070 3638 2192 3694; x_wconf 69' lang='lat' dir='ltr'><strong>qute</strong></span> <span class='ocrx_word' id='word_1_601' title='bbox 2214 3638 2275 3680; x_wconf 91' lang='lat' dir='ltr'><strong>se</strong></span> <span class='ocrx_word' id='word_1_602' title='bbox 2293 3635 2418 3696; x_wconf 90' lang='lat' dir='ltr'><strong>post</strong></span> <span class='ocrx_word' id='word_1_603' title='bbox 2446 3629 2819 3698; x_wconf 79' lang='lat' dir='ltr'><strong>ptenitentiam</strong></span> <span class='ocrx_word' id='word_1_604' title='bbox 2843 3634 3040 3692; x_wconf 79' lang='lat' dir='ltr'><strong>talibus</strong></span> <span class='ocrx_word' id='word_1_605' title='bbox 3063 3641 3464 3710; x_wconf 89' lang='lat' dir='ltr'><strong>pollutionihus</strong></span> 
     </span>
    </p>
   </div>
   <div class='ocr_carea' id='block_1_83' title="bbox 1854 3712 3461 3795">
    <p class='ocr_par' dir='ltr' id='par_1_83' title="bbox 1854 3712 3461 3795">
     <span class='ocr_line' id='line_1_83' title="bbox 1854 3712 3461 3795; baseline 0.017 -27"><span class='ocrx_word' id='word_1_606' title='bbox 1854 3712 2242 3785; x_wconf 89' lang='lat' dir='ltr'><strong>devinxerunt,</strong></span> <span class='ocrx_word' id='word_1_607' title='bbox 2307 3722 2633 3777; x_wconf 90' lang='lat' dir='ltr'><strong>servandam</strong></span> <span class='ocrx_word' id='word_1_608' title='bbox 2691 3739 2813 3781; x_wconf 89' lang='lat' dir='ltr'><strong>esse</strong></span> <span class='ocrx_word' id='word_1_609' title='bbox 2880 3743 3188 3790; x_wconf 87' lang='lat' dir='ltr'><strong>censemus.</strong></span> <span class='ocrx_word' id='word_1_610' title='bbox 3250 3757 3268 3790; x_wconf 72' lang='grc' dir='ltr'><strong>ι</strong></span> <span class='ocrx_word' id='word_1_611' title='bbox 3327 3739 3461 3795; x_wconf 82' lang='lat' dir='ltr'><strong>Tum</strong></span> 
     </span>
    </p>
   </div>
   <div class='ocr_carea' id='block_1_84' title="bbox 1858 3809 3458 3897">
    <p class='ocr_par' dir='ltr' id='par_1_84' title="bbox 1858 3809 3458 3897">
     <span class='ocr_line' id='line_1_84' title="bbox 1858 3809 3458 3897; baseline 0.02 -39"><span class='ocrx_word' id='word_1_612' title='bbox 1858 3809 2090 3869; x_wconf 78' lang='lat' dir='ltr'><strong>proxime</strong></span> <span class='ocrx_word' id='word_1_613' title='bbox 2109 3809 2383 3882; x_wconf 83' lang='lat' dir='ltr'><strong>subjicitur</strong></span> <span class='ocrx_word' id='word_1_614' title='bbox 2405 3829 2423 3866; x_wconf 88' lang='lat'><em>:</em></span> <span class='ocrx_word' id='word_1_615' title='bbox 2457 3832 2476 3864; x_wconf 84' lang='grc'><em>‹</em></span> <span class='ocrx_word' id='word_1_616' title='bbox 2511 3813 2627 3882; x_wconf 86' lang='lat' dir='ltr'><strong>Qua</strong></span> <span class='ocrx_word' id='word_1_617' title='bbox 2658 3815 2728 3873; x_wconf 93' lang='lat' dir='ltr'><strong>de</strong></span> <span class='ocrx_word' id='word_1_618' title='bbox 2772 3834 2832 3874; x_wconf 91' lang='lat' dir='ltr'><strong>re</strong></span> <span class='ocrx_word' id='word_1_619' title='bbox 2857 3820 3009 3890; x_wconf 88' lang='lat' dir='ltr'><strong>juxta</strong></span> <span class='ocrx_word' id='word_1_620' title='bbox 3037 3824 3198 3897; x_wconf 90' lang='lat' dir='ltr'><strong>hujus</strong></span> <span class='ocrx_word' id='word_1_621' title='bbox 3224 3846 3458 3889; x_wconf 83' lang='lat' dir='ltr'><strong>venera-</strong></span> 
     </span>
    </p>
   </div>
   <div class='ocr_carea' id='block_1_85' title="bbox 1853 3898 3456 3990">
    <p class='ocr_par' dir='ltr' id='par_1_85' title="bbox 1853 3898 3456 3990">
     <span class='ocr_line' id='line_1_85' title="bbox 1853 3898 3456 3990; baseline 0.019 -36"><span class='ocrx_word' id='word_1_622' title='bbox 1853 3898 1981 3956; x_wconf 90' lang='lat' dir='ltr'><strong>bilis</strong></span> <span class='ocrx_word' id='word_1_623' title='bbox 2028 3903 2382 3970; x_wconf 89' lang='lat' dir='ltr'><strong>sententiam,</strong></span> <span class='ocrx_word' id='word_1_624' title='bbox 2416 3907 2666 3965; x_wconf 81' lang='lat' dir='ltr'><strong>eamdem</strong></span> <span class='ocrx_word' id='word_1_625' title='bbox 2710 3913 3020 3981; x_wconf 81' lang='lat' dir='ltr'><strong>mulierem,</strong></span> <span class='ocrx_word' id='word_1_626' title='bbox 3069 3934 3188 3990; x_wconf 64' lang='lat' dir='ltr'><strong>quae</strong></span> <span class='ocrx_word' id='word_1_627' title='bbox 3222 3925 3312 3979; x_wconf 89' lang='lat' dir='ltr'><strong>tali</strong></span> <span class='ocrx_word' id='word_1_628' title='bbox 3362 3943 3456 3985; x_wconf 85' lang='lat' dir='ltr'><strong>nc-</strong></span> 
     </span>
    </p>
   </div>
   <div class='ocr_carea' id='block_1_86' title="bbox 1851 3991 3449 4086">
    <p class='ocr_par' dir='ltr' id='par_1_86' title="bbox 1851 3991 3449 4086">
     <span class='ocr_line' id='line_1_86' title="bbox 1851 3991 3449 4086; baseline 0.018 -40"><span class='ocrx_word' id='word_1_629' title='bbox 1851 3991 1993 4048; x_wconf 79' lang='lat' dir='ltr'><strong>iario</strong></span> <span class='ocrx_word' id='word_1_630' title='bbox 2031 3993 2310 4066; x_wconf 87' lang='lat' dir='ltr'><strong>conjugio,</strong></span> <span class='ocrx_word' id='word_1_631' title='bbox 2340 3997 2554 4068; x_wconf 90' lang='lat' dir='ltr'><strong>abjecto</strong></span> <span class='ocrx_word' id='word_1_632' title='bbox 2595 4005 2901 4060; x_wconf 86' lang='lat' dir='ltr'><strong>monastico</strong></span> <span class='ocrx_word' id='word_1_633' title='bbox 2948 4007 3154 4079; x_wconf 85' lang='lat' dir='ltr'><strong>habitu,</strong></span> <span class='ocrx_word' id='word_1_634' title='bbox 3200 4018 3449 4086; x_wconf 87' lang='lat' dir='ltr'><strong>copulata</strong></span> 
     </span>
    </p>
   </div>
   <div class='ocr_carea' id='block_1_87' title="bbox 1852 4088 3450 4173">
    <p class='ocr_par' dir='ltr' id='par_1_87' title="bbox 1852 4088 3450 4173">
     <span class='ocr_line' id='line_1_87' title="bbox 1852 4088 3450 4173; baseline 0.018 -32"><span class='ocrx_word' id='word_1_635' title='bbox 1852 4094 1955 4153; x_wconf 91' lang='lat' dir='ltr'><strong>est,</strong></span> <span class='ocrx_word' id='word_1_636' title='bbox 1989 4096 2042 4142; x_wconf 92' lang='lat' dir='ltr'><strong>et</strong></span> <span class='ocrx_word' id='word_1_637' title='bbox 2070 4088 2123 4142; x_wconf 93' lang='lat' dir='ltr'><strong>in</strong></span> <span class='ocrx_word' id='word_1_638' title='bbox 2155 4088 2208 4144; x_wconf 95' lang='lat' dir='ltr'><strong>id</strong></span> <span class='ocrx_word' id='word_1_639' title='bbox 2241 4089 2383 4162; x_wconf 89' lang='lat' dir='ltr'><strong>quod</strong></span> <span class='ocrx_word' id='word_1_640' title='bbox 2416 4091 2528 4148; x_wconf 90' lang='lat' dir='ltr'><strong>Deo</strong></span> <span class='ocrx_word' id='word_1_641' title='bbox 2551 4095 2806 4163; x_wconf 85' lang='lat' dir='ltr'><strong>promisit</strong></span> <span class='ocrx_word' id='word_1_642' title='bbox 2837 4113 2943 4154; x_wconf 84' lang='lat' dir='ltr'><strong>non</strong></span> <span class='ocrx_word' id='word_1_643' title='bbox 2989 4103 3325 4173; x_wconf 88' lang='lat' dir='ltr'><strong>perduravit,</strong></span> <span class='ocrx_word' id='word_1_644' title='bbox 3353 4111 3450 4168; x_wconf 89' lang='lat' dir='ltr'><strong>de-</strong></span> 
     </span>
    </p>
   </div>
   <div class='ocr_carea' id='block_1_88' title="bbox 1848 4180 3444 4270">
    <p class='ocr_par' dir='ltr' id='par_1_88' title="bbox 1848 4180 3444 4270">
     <span class='ocr_line' id='line_1_88' title="bbox 1848 4180 3444 4270; baseline 0.016 -37"><span class='ocrx_word' id='word_1_645' title='bbox 1848 4180 2129 4235; x_wconf 91' lang='lat' dir='ltr'><strong>cernimus</strong></span> <span class='ocrx_word' id='word_1_646' title='bbox 2157 4182 2211 4236; x_wconf 92' lang='lat' dir='ltr'><strong>in</strong></span> <span class='ocrx_word' id='word_1_647' title='bbox 2257 4185 2644 4241; x_wconf 88' lang='lat' dir='ltr'><strong>monasterium</strong></span> <span class='ocrx_word' id='word_1_648' title='bbox 2673 4189 2792 4245; x_wconf 90' lang='lat' dir='ltr'><strong>sine</strong></span> <span class='ocrx_word' id='word_1_649' title='bbox 2821 4206 2974 4248; x_wconf 88' lang='lat' dir='ltr'><strong>mora</strong></span> <span class='ocrx_word' id='word_1_650' title='bbox 3001 4195 3347 4270; x_wconf 90' lang='lat' dir='ltr'><strong>mittendam,</strong></span> <span class='ocrx_word' id='word_1_651' title='bbox 3384 4213 3444 4259; x_wconf 91' lang='lat' dir='ltr'><strong>ut</strong></span> 
     </span>
    </p>
   </div>
   <div class='ocr_carea' id='block_1_89' title="bbox 1847 4271 3443 4363">
    <p class='ocr_par' dir='ltr' id='par_1_89' title="bbox 1847 4271 3443 4363">
     <span class='ocr_line' id='line_1_89' title="bbox 1847 4271 3443 4363; baseline 0.018 -38"><span class='ocrx_word' id='word_1_652' title='bbox 1847 4271 1961 4327; x_wconf 91' lang='lat' dir='ltr'><strong>illic</strong></span> <span class='ocrx_word' id='word_1_653' title='bbox 2003 4271 2057 4326; x_wconf 89' lang='lat' dir='ltr'><strong>in</strong></span> <span class='ocrx_word' id='word_1_654' title='bbox 2086 4287 2186 4328; x_wconf 87' lang='lat' dir='ltr'><strong>sna</strong></span> <span class='ocrx_word' id='word_1_655' title='bbox 2232 4276 2547 4344; x_wconf 71' lang='lat' dir='ltr'><strong>pmnitentia</strong></span> <span class='ocrx_word' id='word_1_656' title='bbox 2579 4280 2745 4336; x_wconf 89' lang='lat' dir='ltr'><strong>vitam</strong></span> <span class='ocrx_word' id='word_1_657' title='bbox 2789 4283 2964 4340; x_wconf 88' lang='lat' dir='ltr'><strong>finiat.</strong></span> <span class='ocrx_word' id='word_1_658' title='bbox 3006 4306 3023 4338; x_wconf 77' lang='grc' dir='ltr'><strong>ι</strong></span> <span class='ocrx_word' id='word_1_659' title='bbox 3065 4291 3195 4357; x_wconf 68' lang='lat' dir='ltr'><strong>Quae</strong></span> <span class='ocrx_word' id='word_1_660' title='bbox 3224 4295 3443 4363; x_wconf 82' lang='lat' dir='ltr'><strong>quidem</strong></span> 
     </span>
    </p>
   </div>
   <div class='ocr_carea' id='block_1_90' title="bbox 1844 4365 3440 4457">
    <p class='ocr_par' dir='ltr' id='par_1_90' title="bbox 1844 4365 3440 4457">
     <span class='ocr_line' id='line_1_90' title="bbox 1844 4365 3440 4457; baseline 0.016 -38"><span class='ocrx_word' id='word_1_661' title='bbox 1844 4365 2010 4422; x_wconf 88' lang='lat' dir='ltr'><strong>verba</strong></span> <span class='ocrx_word' id='word_1_662' title='bbox 2043 4367 2224 4422; x_wconf 85' lang='lat' dir='ltr'><strong>statim</strong></span> <span class='ocrx_word' id='word_1_663' title='bbox 2254 4369 2678 4440; x_wconf 88' lang='lat' dir='ltr'><strong>excipiuntista,</strong></span> <span class='ocrx_word' id='word_1_664' title='bbox 2718 4393 2738 4425; x_wconf 87' lang='grc'><strong><em>‹</em></strong></span> <span class='ocrx_word' id='word_1_665' title='bbox 2775 4374 2830 4431; x_wconf 91' lang='lat' dir='ltr'><strong>Si</strong></span> <span class='ocrx_word' id='word_1_666' title='bbox 2864 4391 3031 4435; x_wconf 90' lang='lat' dir='ltr'><strong>sanus</strong></span> <span class='ocrx_word' id='word_1_667' title='bbox 3063 4383 3146 4437; x_wconf 89' lang='lat' dir='ltr'><strong>vir</strong></span> <span class='ocrx_word' id='word_1_668' title='bbox 3170 4385 3440 4457; x_wconf 88' lang='lat' dir='ltr'><strong>leprosam</strong></span> 
     </span>
    </p>
   </div>
   <div class='ocr_carea' id='block_1_91' title="bbox 1844 4457 3441 4545">
    <p class='ocr_par' dir='ltr' id='par_1_91' title="bbox 1844 4457 3441 4545">
     <span class='ocr_line' id='line_1_91' title="bbox 1844 4457 3441 4545; baseline 0.015 -31"><span class='ocrx_word' id='word_1_669' title='bbox 1844 4457 2060 4515; x_wconf 84' lang='lat' dir='ltr'><strong>duxerit</strong></span> <span class='ocrx_word' id='word_1_670' title='bbox 2106 4475 2352 4530; x_wconf 84' lang='lat' dir='ltr'><strong>uxorem,</strong></span> <span class='ocrx_word' id='word_1_671' title='bbox 2393 4482 2412 4514; x_wconf 76' lang='grc' dir='ltr'><strong>ι</strong></span> <span class='ocrx_word' id='word_1_672' title='bbox 2461 4474 2516 4520; x_wconf 92' lang='lat' dir='ltr'><strong>et</strong></span> <span class='ocrx_word' id='word_1_673' title='bbox 2555 4475 2751 4523; x_wconf 67' lang='lat' dir='ltr'><strong>Caetera</strong></span> <span class='ocrx_word' id='word_1_674' title='bbox 2792 4484 2914 4538; x_wconf 73' lang='lat' dir='ltr'><strong>qure</strong></span> <span class='ocrx_word' id='word_1_675' title='bbox 2945 4476 3203 4545; x_wconf 85' lang='lat' dir='ltr'><strong>superius</strong></span> <span class='ocrx_word' id='word_1_676' title='bbox 3253 4483 3441 4537; x_wconf 86' lang='lat' dir='ltr'><strong>retuli-</strong></span> 
     </span>
    </p>
   </div>
   <div class='ocr_carea' id='block_1_92' title="bbox 1842 4552 3440 4635">
    <p class='ocr_par' dir='ltr' id='par_1_92' title="bbox 1842 4552 3440 4635">
     <span class='ocr_line' id='line_1_92' title="bbox 1842 4552 3440 4635; baseline 0.018 -28"><span class='ocrx_word' id='word_1_677' title='bbox 1842 4567 1982 4608; x_wconf 91' lang='lat' dir='ltr'><strong>mus.</strong></span> <span class='ocrx_word' id='word_1_678' title='bbox 2003 4552 2206 4625; x_wconf 86' lang='lat' dir='ltr'><strong>Nempe</strong></span> <span class='ocrx_word' id='word_1_679' title='bbox 2231 4572 2352 4612; x_wconf 90' lang='lat' dir='ltr'><strong>cum</strong></span> <span class='ocrx_word' id='word_1_680' title='bbox 2378 4572 2644 4631; x_wconf 88' lang='lat' dir='ltr'><strong>responsa</strong></span> <span class='ocrx_word' id='word_1_681' title='bbox 2659 4575 2754 4616; x_wconf 89' lang='lat' dir='ltr'><strong>sua</strong></span> <span class='ocrx_word' id='word_1_682' title='bbox 2780 4562 3092 4634; x_wconf 86' lang='lat' dir='ltr'><strong>Stephanus</strong></span> <span class='ocrx_word' id='word_1_683' title='bbox 3112 4577 3440 4635; x_wconf 89' lang='lat' dir='ltr'><strong>auctoritate</strong></span> 
     </span>
    </p>
   </div>
   <div class='ocr_carea' id='block_1_93' title="bbox 1840 4644 3436 4738">
    <p class='ocr_par' dir='ltr' id='par_1_93' title="bbox 1840 4644 3436 4738">
     <span class='ocr_line' id='line_1_93' title="bbox 1840 4644 3436 4738; baseline 0.015 -38"><span class='ocrx_word' id='word_1_684' title='bbox 1840 4644 2020 4717; x_wconf 88' lang='lat' dir='ltr'><strong>aliqua</strong></span> <span class='ocrx_word' id='word_1_685' title='bbox 2050 4646 2240 4704; x_wconf 92' lang='lat' dir='ltr'><strong>fulcire</strong></span> <span class='ocrx_word' id='word_1_686' title='bbox 2275 4649 2470 4714; x_wconf 86' lang='lat' dir='ltr'><strong>soleat,</strong></span> <span class='ocrx_word' id='word_1_687' title='bbox 2501 4667 2565 4708; x_wconf 90' lang='lat' dir='ltr'><strong>ac</strong></span> <span class='ocrx_word' id='word_1_688' title='bbox 2591 4654 2821 4724; x_wconf 88' lang='lat' dir='ltr'><strong>primum</strong></span> <span class='ocrx_word' id='word_1_689' title='bbox 2848 4656 3044 4714; x_wconf 86' lang='lat' dir='ltr'><strong>Leonis</strong></span> <span class='ocrx_word' id='word_1_690' title='bbox 3065 4677 3237 4732; x_wconf 73' lang='lat' dir='ltr'><strong>papm,</strong></span> <span class='ocrx_word' id='word_1_691' title='bbox 3269 4669 3436 4738; x_wconf 80' lang='lat' dir='ltr'><strong>quiu-</strong></span> 
     </span>
    </p>
   </div>
   <div class='ocr_carea' id='block_1_94' title="bbox 206 4724 3433 4819">
    <p class='ocr_par' dir='ltr' id='par_1_94' title="bbox 206 4724 3433 4819">
     <span class='ocr_line' id='line_1_94' title="bbox 206 4724 3433 4819; baseline 0.007 -23"><span class='ocrx_word' id='word_1_692' title='bbox 206 4741 278 4796; x_wconf 83' lang='lat' dir='ltr'><strong>Et</strong></span> <span class='ocrx_word' id='word_1_693' title='bbox 302 4742 404 4797; x_wconf 89' lang='lat' dir='ltr'><strong>sub</strong></span> <span class='ocrx_word' id='word_1_694' title='bbox 433 4740 591 4797; x_wconf 90' lang='lat' dir='ltr'><strong>titulo</strong></span> <span class='ocrx_word' id='word_1_695' title='bbox 611 4742 682 4798; x_wconf 69' lang='lat'><strong>25</strong></span> <span class='ocrx_word' id='word_1_696' title='bbox 708 4759 720 4796; x_wconf 75' lang='grc' dir='ltr'><strong>ε</strong></span> <span class='ocrx_word' id='word_1_697' title='bbox 761 4763 779 4794; x_wconf 72' lang='grc' dir='ltr'><strong>ι</strong></span> <span class='ocrx_word' id='word_1_698' title='bbox 818 4743 873 4798; x_wconf 87' lang='grc' dir='ltr'><strong>1η</strong></span> <span class='ocrx_word' id='word_1_699' title='bbox 906 4742 1141 4810; x_wconf 78' lang='lat' dir='ltr'><strong>epistola</strong></span> <span class='ocrx_word' id='word_1_700' title='bbox 1170 4744 1347 4800; x_wconf 90' lang='lat' dir='ltr'><strong>sancti</strong></span> <span class='ocrx_word' id='word_1_701' title='bbox 1370 4743 1554 4804; x_wconf 90' lang='lat' dir='ltr'><strong>Siricii</strong></span> <span class='ocrx_word' id='word_1_702' title='bbox 1582 4761 1734 4819; x_wconf 64' lang='lat' dir='ltr'><strong>papa</strong></span> <span class='ocrx_word' id='word_1_703' title='bbox 1763 4724 1815 4785; x_wconf 84' lang='grc' dir='ltr'><strong>Ῑ)</strong></span> <span class='ocrx_word' id='word_1_704' title='bbox 1841 4748 1952 4796; x_wconf 92' lang='lat' dir='ltr'><strong>tum</strong></span> <span class='ocrx_word' id='word_1_705' title='bbox 1975 4750 2030 4798; x_wconf 92' lang='lat' dir='ltr'><strong>et</strong></span> <span class='ocrx_word' id='word_1_706' title='bbox 2058 4751 2276 4798; x_wconf 87' lang='lat' dir='ltr'><strong>sextum</strong></span> <span class='ocrx_word' id='word_1_707' title='bbox 2298 4742 2621 4814; x_wconf 89' lang='lat' dir='ltr'><strong>Innocentii,</strong></span> <span class='ocrx_word' id='word_1_708' title='bbox 2650 4748 2944 4819; x_wconf 88' lang='lat' dir='ltr'><strong>septimum</strong></span> <span class='ocrx_word' id='word_1_709' title='bbox 2970 4752 3433 4818; x_wconf 87' lang='lat' dir='ltr'><strong>Chalcedonensis</strong></span> 
     </span>
    </p>
   </div>
   <div class='ocr_carea' id='block_1_95' title="bbox 139 4832 1738 4914">
    <p class='ocr_par' dir='ltr' id='par_1_95' title="bbox 139 4832 1738 4914">
     <span class='ocr_line' id='line_1_95' title="bbox 139 4832 1738 4914; baseline 0.007 -26"><span class='ocrx_word' id='word_1_710' title='bbox 139 4832 240 4888; x_wconf 77' lang='lat' dir='ltr'><strong>HR</strong></span> <span class='ocrx_word' id='word_1_711' title='bbox 271 4834 414 4910; x_wconf 85' lang='lat' dir='ltr'><strong>(leg.</strong></span> <span class='ocrx_word' id='word_1_712' title='bbox 444 4851 562 4907; x_wconf 90' lang='lat' dir='ltr'><strong>cap.</strong></span> <span class='ocrx_word' id='word_1_713' title='bbox 588 4836 606 4907; x_wconf 91' lang='lat'><strong>)</strong></span> <span class='ocrx_word' id='word_1_714' title='bbox 651 4852 759 4891; x_wconf 81' lang='lat' dir='ltr'><strong>xiv.</strong></span> <span class='ocrx_word' id='word_1_715' title='bbox 791 4836 1088 4910; x_wconf 90' lang='lat' dir='ltr'><strong>Presbyter</strong></span> <span class='ocrx_word' id='word_1_716' title='bbox 1114 4838 1209 4908; x_wconf 88' lang='lat' dir='ltr'><strong>qui</strong></span> <span class='ocrx_word' id='word_1_717' title='bbox 1239 4839 1291 4894; x_wconf 93' lang='lat' dir='ltr'><strong>in</strong></span> <span class='ocrx_word' id='word_1_718' title='bbox 1324 4840 1451 4896; x_wconf 93' lang='lat' dir='ltr'><strong>vino</strong></span> <span class='ocrx_word' id='word_1_719' title='bbox 1498 4842 1738 4914; x_wconf 79' lang='lat' dir='ltr'><strong>baptizat</strong></span> 
     </span>
    </p>
   </div>
   <div class='ocr_carea' id='block_1_96' title="bbox 132 4928 1733 5008">
    <p class='ocr_par' dir='ltr' id='par_1_96' title="bbox 132 4928 1733 5008">
     <span class='ocr_line' id='line_1_96' title="bbox 132 4928 1733 5008; baseline 0.007 -26"><span class='ocrx_word' id='word_1_720' title='bbox 132 4928 388 4998; x_wconf 87' lang='lat' dir='ltr'><strong>proxima</strong></span> <span class='ocrx_word' id='word_1_721' title='bbox 437 4928 559 5002; x_wconf 84' lang='lat' dir='ltr'><strong>(Ita</strong></span> <span class='ocrx_word' id='word_1_722' title='bbox 589 4946 683 4984; x_wconf 81' lang='lat' dir='ltr'><strong>ms.</strong></span> <span class='ocrx_word' id='word_1_723' title='bbox 719 4930 800 4983; x_wconf 81' lang='lat' dir='ltr'><strong>hic</strong></span> <span class='ocrx_word' id='word_1_724' title='bbox 845 4940 891 4984; x_wconf 86' lang='lat' dir='ltr'><strong>et</strong></span> <span class='ocrx_word' id='word_1_725' title='bbox 929 4931 1107 5002; x_wconf 80' lang='lat' dir='ltr'><strong>infra:</strong></span> <span class='ocrx_word' id='word_1_726' title='bbox 1135 4931 1403 4989; x_wconf 83' lang='lat' dir='ltr'><strong>Harduin.</strong></span> <span class='ocrx_word' id='word_1_727' title='bbox 1452 4952 1591 5004; x_wconf 75' lang='lat' dir='ltr'><strong>vero,</strong></span> <span class='ocrx_word' id='word_1_728' title='bbox 1636 4951 1733 5008; x_wconf 92' lang='lat' dir='ltr'><strong>pro</strong></span> 
     </span>
    </p>
   </div>
   <div class='ocr_carea' id='block_1_97' title="bbox 128 5019 1730 5102">
    <p class='ocr_par' dir='ltr' id='par_1_97' title="bbox 128 5019 1730 5102">
     <span class='ocr_line' id='line_1_97' title="bbox 128 5019 1730 5102; baseline 0.007 -27"><span class='ocrx_word' id='word_1_729' title='bbox 128 5019 372 5075; x_wconf 86' lang='lat' dir='ltr'><strong>maxima</strong></span> <span class='ocrx_word' id='word_1_730' title='bbox 398 5021 412 5088; x_wconf 93' lang='lat'>)</span> <span class='ocrx_word' id='word_1_731' title='bbox 444 5022 794 5087; x_wconf 87' lang='lat' dir='ltr'><strong>necessitate,</strong></span> <span class='ocrx_word' id='word_1_732' title='bbox 824 5033 883 5077; x_wconf 90' lang='lat' dir='ltr'><strong>ut</strong></span> <span class='ocrx_word' id='word_1_733' title='bbox 913 5037 1057 5093; x_wconf 82' lang='lat' dir='ltr'><strong>aeger</strong></span> <span class='ocrx_word' id='word_1_734' title='bbox 1090 5039 1198 5080; x_wconf 90' lang='lat' dir='ltr'><strong>non</strong></span> <span class='ocrx_word' id='word_1_735' title='bbox 1232 5026 1602 5096; x_wconf 89' lang='lat' dir='ltr'><strong>periclitetur,</strong></span> <span class='ocrx_word' id='word_1_736' title='bbox 1633 5045 1730 5102; x_wconf 91' lang='lat' dir='ltr'><strong>pro</strong></span> 
     </span>
    </p>
   </div>
   <div class='ocr_carea' id='block_1_98' title="bbox 128 5113 1724 5193">
    <p class='ocr_par' dir='ltr' id='par_1_98' title="bbox 128 5113 1724 5193">
     <span class='ocr_line' id='line_1_98' title="bbox 128 5113 1724 5193; baseline 0.008 -26"><span class='ocrx_word' id='word_1_737' title='bbox 128 5113 228 5168; x_wconf 91' lang='lat' dir='ltr'><strong>tali</strong></span> <span class='ocrx_word' id='word_1_738' title='bbox 263 5128 322 5168; x_wconf 90' lang='lat' dir='ltr'><strong>re</strong></span> <span class='ocrx_word' id='word_1_739' title='bbox 350 5116 492 5170; x_wconf 89' lang='lat' dir='ltr'><strong>nulla</strong></span> <span class='ocrx_word' id='word_1_740' title='bbox 523 5117 571 5172; x_wconf 91' lang='lat' dir='ltr'><strong>ei</strong></span> <span class='ocrx_word' id='word_1_741' title='bbox 590 5118 747 5187; x_wconf 87' lang='lat' dir='ltr'><strong>culpa</strong></span> <span class='ocrx_word' id='word_1_742' title='bbox 766 5117 1091 5173; x_wconf 89' lang='lat' dir='ltr'><strong>ascribatur.</strong></span> <span class='ocrx_word' id='word_1_743' title='bbox 1117 5119 1174 5174; x_wconf 91' lang='lat' dir='ltr'><strong>Si</strong></span> <span class='ocrx_word' id='word_1_744' title='bbox 1199 5135 1328 5176; x_wconf 87' lang='lat' dir='ltr'><strong>vero</strong></span> <span class='ocrx_word' id='word_1_745' title='bbox 1351 5136 1487 5193; x_wconf 91' lang='lat' dir='ltr'><strong>aqua</strong></span> <span class='ocrx_word' id='word_1_746' title='bbox 1517 5123 1724 5191; x_wconf 88' lang='lat' dir='ltr'><strong>aderat,</strong></span> 
     </span>
    </p>
   </div>
   <div class='ocr_carea' id='block_1_99' title="bbox 122 5207 1726 5280">
    <p class='ocr_par' dir='ltr' id='par_1_99' title="bbox 122 5207 1726 5280">
     <span class='ocr_line' id='line_1_99' title="bbox 122 5207 1726 5280; baseline 0.007 -19"><span class='ocrx_word' id='word_1_747' title='bbox 122 5215 184 5261; x_wconf 90' lang='lat' dir='ltr'><strong>et</strong></span> <span class='ocrx_word' id='word_1_748' title='bbox 226 5207 528 5262; x_wconf 89' lang='lat' dir='ltr'><strong>necessitas</strong></span> <span class='ocrx_word' id='word_1_749' title='bbox 574 5210 698 5264; x_wconf 85' lang='lat' dir='ltr'><strong>talis</strong></span> <span class='ocrx_word' id='word_1_750' title='bbox 744 5224 849 5264; x_wconf 86' lang='lat' dir='ltr'><strong>non</strong></span> <span class='ocrx_word' id='word_1_751' title='bbox 903 5208 1158 5280; x_wconf 86' lang='lat' dir='ltr'><strong>urgebat,</strong></span> <span class='ocrx_word' id='word_1_752' title='bbox 1208 5211 1297 5266; x_wconf 89' lang='lat' dir='ltr'><strong>hic</strong></span> <span class='ocrx_word' id='word_1_753' title='bbox 1336 5215 1726 5272; x_wconf 91' lang='lat' dir='ltr'><strong>communione</strong></span> 
     </span>
    </p>
   </div>
   <div class='ocr_carea' id='block_1_100' title="bbox 122 5301 1727 5370">
    <p class='ocr_par' dir='ltr' id='par_1_100' title="bbox 122 5301 1727 5370">
     <span class='ocr_line' id='line_1_100' title="bbox 122 5301 1727 5370; baseline 0.007 -18"><span class='ocrx_word' id='word_1_754' title='bbox 122 5301 376 5368; x_wconf 88' lang='lat' dir='ltr'><strong>privetur</strong></span> <span class='ocrx_word' id='word_1_755' title='bbox 405 5307 463 5354; x_wconf 91' lang='lat' dir='ltr'><strong>et</strong></span> <span class='ocrx_word' id='word_1_756' title='bbox 494 5301 828 5370; x_wconf 63' lang='lat' dir='ltr'><strong>poenitentia:</strong></span> <span class='ocrx_word' id='word_1_757' title='bbox 856 5301 1243 5357; x_wconf 83' lang='lat' dir='ltr'><strong>submittatur:</strong></span> <span class='ocrx_word' id='word_1_758' title='bbox 1276 5303 1456 5361; x_wconf 88' lang='lat' dir='ltr'><strong>infans</strong></span> <span class='ocrx_word' id='word_1_759' title='bbox 1478 5322 1607 5363; x_wconf 91' lang='lat' dir='ltr'><strong>vero</strong></span> <span class='ocrx_word' id='word_1_760' title='bbox 1637 5308 1727 5365; x_wconf 88' lang='lat' dir='ltr'><strong>ille</strong></span> 
     </span>
    </p>
   </div>
   <div class='ocr_carea' id='block_1_101' title="bbox 123 5388 1722 5470">
    <p class='ocr_par' dir='ltr' id='par_1_101' title="bbox 123 5388 1722 5470">
     <span class='ocr_line' id='line_1_101' title="bbox 123 5388 1722 5470; baseline 0.008 -26"><span class='ocrx_word' id='word_1_761' title='bbox 123 5389 172 5444; x_wconf 89' lang='lat' dir='ltr'><strong>si</strong></span> <span class='ocrx_word' id='word_1_762' title='bbox 207 5390 262 5444; x_wconf 94' lang='lat' dir='ltr'><strong>in</strong></span> <span class='ocrx_word' id='word_1_763' title='bbox 286 5399 473 5446; x_wconf 86' lang='lat' dir='ltr'><strong>sancta</strong></span> <span class='ocrx_word' id='word_1_764' title='bbox 505 5388 770 5450; x_wconf 84' lang='lat' dir='ltr'><strong>Trinitate</strong></span> <span class='ocrx_word' id='word_1_765' title='bbox 795 5393 1097 5466; x_wconf 79' lang='lat' dir='ltr'><strong>baptizatus</strong></span> <span class='ocrx_word' id='word_1_766' title='bbox 1134 5402 1235 5470; x_wconf 69' lang='lat' dir='ltr'><strong>ast.</strong></span> <span class='ocrx_word' id='word_1_767' title='bbox 1271 5393 1327 5450; x_wconf 91' lang='lat' dir='ltr'><strong>in</strong></span> <span class='ocrx_word' id='word_1_768' title='bbox 1354 5411 1421 5453; x_wconf 92' lang='lat' dir='ltr'><strong>eo</strong></span> <span class='ocrx_word' id='word_1_769' title='bbox 1454 5398 1722 5468; x_wconf 89' lang='lat' dir='ltr'><strong>baptismo</strong></span> 
     </span>
    </p>
   </div>
   <div class='ocr_carea' id='block_1_102' title="bbox 138 5493 551 5556">
    <p class='ocr_par' dir='ltr' id='par_1_102' title="bbox 138 5493 551 5556">
     <span class='ocr_line' id='line_1_102' title="bbox 138 5493 551 5556; baseline -0.005 -18"><span class='ocrx_word' id='word_1_770' title='bbox 138 5493 483 5556; x_wconf 86' lang='lat' dir='ltr'><strong>permaneat.</strong></span> <span class='ocrx_word' id='word_1_771' title='bbox 533 5503 551 5536; x_wconf 71' lang='grc' dir='ltr'><strong>ι</strong></span> 
     </span>
    </p>
   </div>
   <div class='ocr_carea' id='block_1_103' title="bbox 207 5575 1722 5656">
    <p class='ocr_par' dir='ltr' id='par_1_103' title="bbox 207 5575 1722 5656">
     <span class='ocr_line' id='line_1_103' title="bbox 207 5575 1722 5656; baseline 0.01 -27"><span class='ocrx_word' id='word_1_772' title='bbox 207 5596 227 5628; x_wconf 75' lang='grc' dir='ltr'><strong>ι</strong></span> <span class='ocrx_word' id='word_1_773' title='bbox 276 5575 391 5631; x_wconf 83' lang='lat' dir='ltr'><strong>HR.</strong></span> <span class='ocrx_word' id='word_1_774' title='bbox 439 5577 567 5648; x_wconf 83' lang='lat' dir='ltr'><strong>(seu</strong></span> <span class='ocrx_word' id='word_1_775' title='bbox 592 5578 760 5649; x_wconf 91' lang='lat' dir='ltr'><strong>cap.)</strong></span> <span class='ocrx_word' id='word_1_776' title='bbox 805 5595 897 5636; x_wconf 92' lang='lat' dir='ltr'><strong>xv.</strong></span> <span class='ocrx_word' id='word_1_777' title='bbox 949 5581 1006 5638; x_wconf 91' lang='lat' dir='ltr'><strong>Si</strong></span> <span class='ocrx_word' id='word_1_778' title='bbox 1061 5581 1320 5638; x_wconf 88' lang='lat' dir='ltr'><strong>infantem</strong></span> <span class='ocrx_word' id='word_1_779' title='bbox 1371 5583 1426 5638; x_wconf 92' lang='lat' dir='ltr'><strong>in</strong></span> <span class='ocrx_word' id='word_1_780' title='bbox 1478 5586 1722 5656; x_wconf 87' lang='lat' dir='ltr'><strong>periculo</strong></span> 
     </span>
    </p>
   </div>
   <div class='ocr_carea' id='block_1_104' title="bbox 122 5670 1716 5740">
    <p class='ocr_par' dir='ltr' id='par_1_104' title="bbox 122 5670 1716 5740">
     <span class='ocr_line' id='line_1_104' title="bbox 122 5670 1716 5740; baseline 0.003 -12"><span class='ocrx_word' id='word_1_781' title='bbox 122 5670 484 5728; x_wconf 88' lang='lat' dir='ltr'><strong>constitutum</strong></span> <span class='ocrx_word' id='word_1_782' title='bbox 519 5670 761 5740; x_wconf 80' lang='lat' dir='ltr'><strong>proxima</strong></span> <span class='ocrx_word' id='word_1_783' title='bbox 793 5673 1117 5730; x_wconf 88' lang='lat' dir='ltr'><strong>necessitate</strong></span> <span class='ocrx_word' id='word_1_784' title='bbox 1162 5689 1282 5729; x_wconf 89' lang='lat' dir='ltr'><strong>cum</strong></span> <span class='ocrx_word' id='word_1_785' title='bbox 1312 5687 1441 5729; x_wconf 86' lang='lat' dir='ltr'><strong>vase</strong></span> <span class='ocrx_word' id='word_1_786' title='bbox 1467 5684 1563 5732; x_wconf 90' lang='lat' dir='ltr'><strong>aut</strong></span> <span class='ocrx_word' id='word_1_787' title='bbox 1595 5691 1716 5734; x_wconf 93' lang='lat' dir='ltr'><strong>cum</strong></span> 
     </span>
    </p>
   </div>
   <div class='ocr_carea' id='block_1_105' title="bbox 129 5761 1718 5840">
    <p class='ocr_par' dir='ltr' id='par_1_105' title="bbox 129 5761 1718 5840">
     <span class='ocr_line' id='line_1_105' title="bbox 129 5761 1718 5840; baseline 0.005 -20"><span class='ocrx_word' id='word_1_788' title='bbox 129 5761 385 5820; x_wconf 81' lang='lat' dir='ltr'><strong>manibus</strong></span> <span class='ocrx_word' id='word_1_789' title='bbox 416 5774 578 5834; x_wconf 85' lang='lat' dir='ltr'><strong>atque</strong></span> <span class='ocrx_word' id='word_1_790' title='bbox 609 5763 660 5817; x_wconf 92' lang='lat' dir='ltr'><strong>in</strong></span> <span class='ocrx_word' id='word_1_791' title='bbox 688 5765 910 5820; x_wconf 92' lang='lat' dir='ltr'><strong>nomine</strong></span> <span class='ocrx_word' id='word_1_792' title='bbox 939 5774 1143 5823; x_wconf 63' lang='lat' dir='ltr'><strong>sanctae</strong></span> <span class='ocrx_word' id='word_1_793' title='bbox 1169 5765 1454 5824; x_wconf 81' lang='lat' dir='ltr'><strong>Trinitatis</strong></span> <span class='ocrx_word' id='word_1_794' title='bbox 1475 5767 1718 5840; x_wconf 87' lang='lat' dir='ltr'><strong>baptiza-</strong></span> 
     </span>
    </p>
   </div>
   <div class='ocr_carea' id='block_1_106' title="bbox 1833 4833 3430 4914">
    <p class='ocr_par' dir='ltr' id='par_1_106' title="bbox 1833 4833 3430 4914">
     <span class='ocr_line' id='line_1_106' title="bbox 1833 4833 3430 4914; baseline 0.012 -26"><span class='ocrx_word' id='word_1_795' title='bbox 1833 4833 2080 4902; x_wconf 92' lang='lat' dir='ltr'><strong>concilii,</strong></span> <span class='ocrx_word' id='word_1_796' title='bbox 2110 4843 2357 4891; x_wconf 89' lang='lat' dir='ltr'><strong>octavum</strong></span> <span class='ocrx_word' id='word_1_797' title='bbox 2398 4834 2602 4904; x_wconf 91' lang='lat' dir='ltr'><strong>Siricii,</strong></span> <span class='ocrx_word' id='word_1_798' title='bbox 2639 4838 2909 4898; x_wconf 90' lang='lat' dir='ltr'><strong>decimum</strong></span> <span class='ocrx_word' id='word_1_799' title='bbox 2958 4846 3203 4914; x_wconf 90' lang='lat' dir='ltr'><strong>quintum</strong></span> <span class='ocrx_word' id='word_1_800' title='bbox 3239 4853 3430 4908; x_wconf 77' lang='lat' dir='ltr'><strong>Aulio-</strong></span> 
     </span>
    </p>
   </div>
   <div class='ocr_carea' id='block_1_107' title="bbox 1832 4925 3426 5014">
    <p class='ocr_par' dir='ltr' id='par_1_107' title="bbox 1832 4925 3426 5014">
     <span class='ocr_line' id='line_1_107' title="bbox 1832 4925 3426 5014; baseline 0.013 -32"><span class='ocrx_word' id='word_1_801' title='bbox 1832 4925 2025 4983; x_wconf 69' lang='lat' dir='ltr'><strong>chenae</strong></span> <span class='ocrx_word' id='word_1_802' title='bbox 2084 4927 2300 5000; x_wconf 87' lang='lat' dir='ltr'><strong>synodi,</strong></span> <span class='ocrx_word' id='word_1_803' title='bbox 2353 4928 2627 4984; x_wconf 91' lang='lat' dir='ltr'><strong>decimum</strong></span> <span class='ocrx_word' id='word_1_804' title='bbox 2683 4943 2896 4989; x_wconf 86' lang='lat' dir='ltr'><strong>sextum</strong></span> <span class='ocrx_word' id='word_1_805' title='bbox 2957 4935 3426 5014; x_wconf 88' lang='lat' dir='ltr'><strong>Carthaginensis,</strong></span> 
     </span>
    </p>
   </div>
   <div class='ocr_carea' id='block_1_108' title="bbox 1833 5016 3423 5094">
    <p class='ocr_par' dir='ltr' id='par_1_108' title="bbox 1833 5016 3423 5094">
     <span class='ocr_line' id='line_1_108' title="bbox 1833 5016 3423 5094; baseline 0.013 -22"><span class='ocrx_word' id='word_1_806' title='bbox 1833 5016 2106 5074; x_wconf 90' lang='lat' dir='ltr'><strong>decimum</strong></span> <span class='ocrx_word' id='word_1_807' title='bbox 2156 5019 2447 5090; x_wconf 90' lang='lat' dir='ltr'><strong>septimum</strong></span> <span class='ocrx_word' id='word_1_808' title='bbox 2504 5018 2982 5094; x_wconf 61' lang='lat' dir='ltr'><strong>Neoca&#39;sariensis,</strong></span> <span class='ocrx_word' id='word_1_809' title='bbox 3035 5044 3100 5086; x_wconf 88' lang='lat' dir='ltr'><strong>ac</strong></span> <span class='ocrx_word' id='word_1_810' title='bbox 3151 5031 3423 5093; x_wconf 85' lang='lat' dir='ltr'><strong>decimum</strong></span> 
     </span>
    </p>
   </div>
   <div class='ocr_carea' id='block_1_109' title="bbox 1831 5112 3417 5196">
    <p class='ocr_par' dir='ltr' id='par_1_109' title="bbox 1831 5112 3417 5196">
     <span class='ocr_line' id='line_1_109' title="bbox 1831 5112 3417 5196; baseline 0.013 -32"><span class='ocrx_word' id='word_1_811' title='bbox 1831 5124 2038 5165; x_wconf 91' lang='lat' dir='ltr'><strong>nonum</strong></span> <span class='ocrx_word' id='word_1_812' title='bbox 2091 5126 2309 5168; x_wconf 90' lang='lat' dir='ltr'><strong>rursum</strong></span> <span class='ocrx_word' id='word_1_813' title='bbox 2358 5112 2556 5169; x_wconf 87' lang='lat' dir='ltr'><strong>Leonis</strong></span> <span class='ocrx_word' id='word_1_814' title='bbox 2604 5130 2758 5186; x_wconf 67' lang='lat' dir='ltr'><strong>papae</strong></span> <span class='ocrx_word' id='word_1_815' title='bbox 2804 5118 3135 5178; x_wconf 84' lang='lat' dir='ltr'><strong>testimoniis</strong></span> <span class='ocrx_word' id='word_1_816' title='bbox 3185 5129 3417 5196; x_wconf 89' lang='lat' dir='ltr'><strong>muniat,</strong></span> 
     </span>
    </p>
   </div>
   <div class='ocr_carea' id='block_1_110' title="bbox 1825 5202 3416 5293">
    <p class='ocr_par' dir='ltr' id='par_1_110' title="bbox 1825 5202 3416 5293">
     <span class='ocr_line' id='line_1_110' title="bbox 1825 5202 3416 5293; baseline 0.016 -37"><span class='ocrx_word' id='word_1_817' title='bbox 1825 5202 2157 5258; x_wconf 87' lang='lat' dir='ltr'><strong>existimavit</strong></span> <span class='ocrx_word' id='word_1_818' title='bbox 2185 5204 2882 5280; x_wconf 85' lang='lat' dir='ltr'><strong>imprudens‘compilator,</strong></span> <span class='ocrx_word' id='word_1_819' title='bbox 2927 5229 2989 5270; x_wconf 93' lang='lat' dir='ltr'><strong>ea</strong></span> <span class='ocrx_word' id='word_1_820' title='bbox 3031 5217 3263 5286; x_wconf 87' lang='lat' dir='ltr'><strong>capitula</strong></span> <span class='ocrx_word' id='word_1_821' title='bbox 3294 5238 3416 5293; x_wconf 66' lang='lat' dir='ltr'><strong>quat</strong></span> 
     </span>
    </p>
   </div>
   <div class='ocr_carea' id='block_1_111' title="bbox 1828 5295 3418 5379">
    <p class='ocr_par' dir='ltr' id='par_1_111' title="bbox 1828 5295 3418 5379">
     <span class='ocr_line' id='line_1_111' title="bbox 1828 5295 3418 5379; baseline 0.014 -29"><span class='ocrx_word' id='word_1_822' title='bbox 1828 5295 1980 5350; x_wconf 87' lang='lat' dir='ltr'><strong>nullo</strong></span> <span class='ocrx_word' id='word_1_823' title='bbox 2008 5304 2233 5353; x_wconf 89' lang='lat' dir='ltr'><strong>auctore</strong></span> <span class='ocrx_word' id='word_1_824' title='bbox 2260 5298 2426 5378; x_wconf 76' lang='lat' dir='ltr'><strong>citato</strong></span> <span class='ocrx_word' id='word_1_825' title='bbox 2455 5298 2821 5369; x_wconf 89' lang='lat' dir='ltr'><strong>proferuntur,</strong></span> <span class='ocrx_word' id='word_1_826' title='bbox 2853 5319 2924 5360; x_wconf 90' lang='lat' dir='ltr'><strong>ex</strong></span> <span class='ocrx_word' id='word_1_827' title='bbox 2952 5305 3070 5376; x_wconf 90' lang='lat' dir='ltr'><strong>ejus</strong></span> <span class='ocrx_word' id='word_1_828' title='bbox 3093 5309 3264 5379; x_wconf 90' lang='lat' dir='ltr'><strong>ipsius</strong></span> <span class='ocrx_word' id='word_1_829' title='bbox 3292 5329 3418 5371; x_wconf 81' lang='lat' dir='ltr'><strong>sen-</strong></span> 
     </span>
    </p>
   </div>
   <div class='ocr_carea' id='block_1_112' title="bbox 1825 5389 3415 5474">
    <p class='ocr_par' dir='ltr' id='par_1_112' title="bbox 1825 5389 3415 5474">
     <span class='ocr_line' id='line_1_112' title="bbox 1825 5389 3415 5474; baseline 0.009 -32"><span class='ocrx_word' id='word_1_830' title='bbox 1825 5389 1996 5444; x_wconf 83' lang='lat' dir='ltr'><strong>tentia</strong></span> <span class='ocrx_word' id='word_1_831' title='bbox 2044 5403 2165 5445; x_wconf 91' lang='lat' dir='ltr'><strong>esse</strong></span> <span class='ocrx_word' id='word_1_832' title='bbox 2207 5404 2488 5460; x_wconf 86' lang='lat' dir='ltr'><strong>expressa,</strong></span> <span class='ocrx_word' id='word_1_833' title='bbox 2535 5391 2691 5461; x_wconf 91' lang='lat' dir='ltr'><strong>cujus</strong></span> <span class='ocrx_word' id='word_1_834' title='bbox 2750 5396 3120 5455; x_wconf 91' lang='lat' dir='ltr'><strong>testimonium</strong></span> <span class='ocrx_word' id='word_1_835' title='bbox 3171 5408 3415 5474; x_wconf 67' lang='lat' dir='ltr'><strong>proxima</strong></span> 
     </span>
    </p>
   </div>
   <div class='ocr_carea' id='block_1_113' title="bbox 1825 5477 3410 5564">
    <p class='ocr_par' dir='ltr' id='par_1_113' title="bbox 1825 5477 3410 5564">
     <span class='ocr_line' id='line_1_113' title="bbox 1825 5477 3410 5564; baseline 0.011 -30"><span class='ocrx_word' id='word_1_836' title='bbox 1825 5477 2102 5537; x_wconf 89' lang='lat' dir='ltr'><strong>laudatum</strong></span> <span class='ocrx_word' id='word_1_837' title='bbox 2134 5478 2332 5547; x_wconf 92' lang='lat' dir='ltr'><strong>fuerat,</strong></span> <span class='ocrx_word' id='word_1_838' title='bbox 2381 5481 2627 5554; x_wconf 85' lang='lat' dir='ltr'><strong>adeoque</strong></span> <span class='ocrx_word' id='word_1_839' title='bbox 2654 5484 2723 5540; x_wconf 82' lang='lat' dir='ltr'><strong>ad</strong></span> <span class='ocrx_word' id='word_1_840' title='bbox 2752 5486 3003 5544; x_wconf 87' lang='lat' dir='ltr'><strong>eumdem</strong></span> <span class='ocrx_word' id='word_1_841' title='bbox 3035 5488 3312 5564; x_wconf 88' lang='lat' dir='ltr'><strong>Siricium,</strong></span> <span class='ocrx_word' id='word_1_842' title='bbox 3343 5515 3410 5556; x_wconf 80' lang='lat' dir='ltr'><strong>ex</strong></span> 
     </span>
    </p>
   </div>
   <div class='ocr_carea' id='block_1_114' title="bbox 1825 5572 3409 5664">
    <p class='ocr_par' dir='ltr' id='par_1_114' title="bbox 1825 5572 3409 5664">
     <span class='ocr_line' id='line_1_114' title="bbox 1825 5572 3409 5664; baseline 0.011 -36"><span class='ocrx_word' id='word_1_843' title='bbox 1825 5572 1983 5642; x_wconf 88' lang='lat' dir='ltr'><strong>cujus</strong></span> <span class='ocrx_word' id='word_1_844' title='bbox 2011 5573 2272 5630; x_wconf 89' lang='lat' dir='ltr'><strong>sententia</strong></span> <span class='ocrx_word' id='word_1_845' title='bbox 2313 5583 2366 5630; x_wconf 90' lang='lat' dir='ltr'><strong>et</strong></span> <span class='ocrx_word' id='word_1_846' title='bbox 2391 5575 2574 5632; x_wconf 86' lang='lat' dir='ltr'><strong>verbis</strong></span> <span class='ocrx_word' id='word_1_847' title='bbox 2620 5578 2941 5635; x_wconf 90' lang='lat' dir='ltr'><strong>nominatim</strong></span> <span class='ocrx_word' id='word_1_848' title='bbox 2971 5581 3409 5664; x_wconf 76' lang='lat' dir='ltr'><strong>citatisrespon-</strong></span> 
     </span>
    </p>
   </div>
   <div class='ocr_carea' id='block_1_115' title="bbox 1824 5667 3412 5747">
    <p class='ocr_par' dir='ltr' id='par_1_115' title="bbox 1824 5667 3412 5747">
     <span class='ocr_line' id='line_1_115' title="bbox 1824 5667 3412 5747; baseline 0.014 -26"><span class='ocrx_word' id='word_1_849' title='bbox 1824 5680 1943 5722; x_wconf 91' lang='lat' dir='ltr'><strong>sum</strong></span> <span class='ocrx_word' id='word_1_850' title='bbox 1965 5682 2060 5724; x_wconf 86' lang='lat' dir='ltr'><strong>vut</strong></span> <span class='ocrx_word' id='word_1_851' title='bbox 2090 5667 2470 5737; x_wconf 85' lang='lat' dir='ltr'><strong>concinnatur,</strong></span> <span class='ocrx_word' id='word_1_852' title='bbox 2499 5685 2760 5741; x_wconf 74' lang='lat' dir='ltr'><strong>responsa</strong></span> <span class='ocrx_word' id='word_1_853' title='bbox 2793 5689 2869 5741; x_wconf 80' lang='lat' dir='ltr'><strong>rx,</strong></span> <span class='ocrx_word' id='word_1_854' title='bbox 2910 5691 2964 5743; x_wconf 90' lang='lat' dir='ltr'><strong>x,</strong></span> <span class='ocrx_word' id='word_1_855' title='bbox 3000 5692 3074 5745; x_wconf 85' lang='lat' dir='ltr'><strong>xt,</strong></span> <span class='ocrx_word' id='word_1_856' title='bbox 3109 5694 3206 5747; x_wconf 90' lang='lat' dir='ltr'><strong>xu,</strong></span> <span class='ocrx_word' id='word_1_857' title='bbox 3232 5699 3327 5740; x_wconf 67' lang='grc' dir='ltr'><strong>χιιι</strong></span> <span class='ocrx_word' id='word_1_858' title='bbox 3357 5699 3412 5743; x_wconf 88' lang='lat' dir='ltr'><strong>et</strong></span> 
     </span>
    </p>
   </div>
   <div class='ocr_carea' id='block_1_116' title="bbox 1826 5761 3409 5841">
    <p class='ocr_par' dir='ltr' id='par_1_116' title="bbox 1826 5761 3409 5841">
     <span class='ocr_line' id='line_1_116' title="bbox 1826 5761 3409 5841; baseline 0.012 -26"><span class='ocrx_word' id='word_1_859' title='bbox 1826 5775 1940 5825; x_wconf 80' lang='lat' dir='ltr'><strong>xiv,</strong></span> <span class='ocrx_word' id='word_1_860' title='bbox 1957 5775 2079 5831; x_wconf 73' lang='lat' dir='ltr'><strong>quae.</strong></span> <span class='ocrx_word' id='word_1_861' title='bbox 2098 5761 2502 5833; x_wconf 84' lang='lat' dir='ltr'><strong>subsequuntur</strong></span> <span class='ocrx_word' id='word_1_862' title='bbox 2521 5764 2670 5819; x_wconf 93' lang='lat' dir='ltr'><strong>nullo</strong></span> <span class='ocrx_word' id='word_1_863' title='bbox 2690 5775 2914 5823; x_wconf 92' lang='lat' dir='ltr'><strong>auctore</strong></span> <span class='ocrx_word' id='word_1_864' title='bbox 2935 5770 3162 5836; x_wconf 90' lang='lat' dir='ltr'><strong>munita,</strong></span> <span class='ocrx_word' id='word_1_865' title='bbox 3187 5789 3409 5841; x_wconf 89' lang='lat' dir='ltr'><strong>prorsus</strong></span> 
     </span>
    </p>
   </div>
   <div class='ocr_carea' id='block_1_117' title="bbox 117 5851 3409 5932">
    <p class='ocr_par' dir='ltr' id='par_1_117' title="bbox 117 5851 3409 5932">
     <span class='ocr_line' id='line_1_117' title="bbox 117 5851 3409 5932; baseline 0.008 -20"><span class='ocrx_word' id='word_1_866' title='bbox 117 5855 286 5925; x_wconf 82' lang='lat' dir='ltr'><strong>verit,</strong></span> <span class='ocrx_word' id='word_1_867' title='bbox 307 5851 539 5911; x_wconf 78' lang='lat' dir='ltr'><strong>ﬁrmiter</strong></span> <span class='ocrx_word' id='word_1_868' title='bbox 565 5854 925 5925; x_wconf 87' lang='lat' dir='ltr'><strong>permanebit,</strong></span> <span class='ocrx_word' id='word_1_869' title='bbox 951 5858 1249 5926; x_wconf 69' lang='lat' dir='ltr'><strong>praesertim</strong></span> <span class='ocrx_word' id='word_1_870' title='bbox 1271 5871 1390 5915; x_wconf 91' lang='lat' dir='ltr'><strong>cum</strong></span> <span class='ocrx_word' id='word_1_871' title='bbox 1417 5862 1717 5920; x_wconf 82' lang='lat' dir='ltr'><strong>necessitas</strong></span> <span class='ocrx_word' id='word_1_872' title='bbox 1819 5856 2116 5927; x_wconf 71' lang='grc' dir='ltr'><strong>Ρθτιίηθτθο</strong></span> <span class='ocrx_word' id='word_1_873' title='bbox 2166 5855 2278 5912; x_wconf 68' lang='lat' dir='ltr'><strong>Nec</strong></span> <span class='ocrx_word' id='word_1_874' title='bbox 2307 5871 2528 5914; x_wconf 70' lang='grc' dir='ltr'><strong>ιηυνετθ</strong></span> <span class='ocrx_word' id='word_1_875' title='bbox 2572 5874 2670 5915; x_wconf 78' lang='lat'><strong>&quot;03</strong></span> <span class='ocrx_word' id='word_1_876' title='bbox 2709 5859 2895 5925; x_wconf 45' lang='lat' dir='ltr'><strong>debet</strong></span> <span class='ocrx_word' id='word_1_877' title='bbox 2925 5863 3068 5932; x_wconf 71' lang='grc' dir='ltr'><strong>(ιυοά</strong></span> <span class='ocrx_word' id='word_1_878' title='bbox 3099 5879 3203 5919; x_wconf 79' lang='grc' dir='ltr'><strong>ηοη</strong></span> <span class='ocrx_word' id='word_1_879' title='bbox 3233 5881 3298 5923; x_wconf 63' lang='grc' dir='ltr'>θα</span> <span class='ocrx_word' id='word_1_880' title='bbox 3344 5887 3409 5926; x_wconf 62' lang='lat' dir='ltr'><strong><em>ex</em></strong></span> 
     </span>
    </p>
   </div>
   <div class='ocr_carea' id='block_1_118' title="bbox 121 5947 517 6020">
    <p class='ocr_par' dir='ltr' id='par_1_118' title="bbox 121 5947 517 6020">
     <span class='ocr_line' id='line_1_118' title="bbox 121 5947 517 6020; baseline -0.005 -14"><span class='ocrx_word' id='word_1_881' title='bbox 121 5950 226 6008; x_wconf 85' lang='lat' dir='ltr'><strong>hoc</strong></span> <span class='ocrx_word' id='word_1_882' title='bbox 247 5947 517 6020; x_wconf 87' lang='lat' dir='ltr'><strong>exposcit.</strong></span> 
     </span>
    </p>
   </div>
   <div class='ocr_carea' id='block_1_119' title="bbox 646 6043 1164 6107">
    <p class='ocr_par' dir='ltr' id='par_1_119' title="bbox 646 6043 1164 6107">
     <span class='ocr_line' id='line_1_119' title="bbox 646 6043 1164 6107; baseline 0.008 -5"><span class='ocrx_word' id='word_1_883' title='bbox 646 6043 923 6106; x_wconf 75' lang='lat' dir='ltr'><strong>PATROL.</strong></span> <span class='ocrx_word' id='word_1_884' title='bbox 986 6047 1164 6107; x_wconf 86' lang='lat' dir='ltr'><strong>XIII.</strong></span> 
     </span>
    </p>
   </div>
   <div class='ocr_carea' id='block_1_120' title="bbox 1819 5948 3409 6022">
    <p class='ocr_par' dir='ltr' id='par_1_120' title="bbox 1819 5948 3409 6022">
     <span class='ocr_line' id='line_1_120' title="bbox 1819 5948 3409 6022; baseline 0.011 -19"><span class='ocrx_word' id='word_1_885' title='bbox 1819 5949 2039 6020; x_wconf 83' lang='lat' dir='ltr'><strong>epistola</strong></span> <span class='ocrx_word' id='word_1_886' title='bbox 2067 5951 2136 6004; x_wconf 79' lang='lat' dir='ltr'><strong>ad</strong></span> <span class='ocrx_word' id='word_1_887' title='bbox 2181 5948 2488 6019; x_wconf 82' lang='lat' dir='ltr'><strong>Himerium,</strong></span> <span class='ocrx_word' id='word_1_888' title='bbox 2530 5949 2626 6008; x_wconf 86' lang='lat' dir='ltr'><strong>sed</strong></span> <span class='ocrx_word' id='word_1_889' title='bbox 2673 5968 2736 6007; x_wconf 80' lang='lat' dir='ltr'><strong>ea:</strong></span> <span class='ocrx_word' id='word_1_890' title='bbox 2774 5953 2992 6022; x_wconf 81' lang='lat' dir='ltr'><strong>epistola</strong></span> <span class='ocrx_word' id='word_1_891' title='bbox 3038 5956 3104 6010; x_wconf 83' lang='lat' dir='ltr'><strong>ad</strong></span> <span class='ocrx_word' id='word_1_892' title='bbox 3136 5955 3409 6021; x_wconf 78' lang='lat' dir='ltr'><strong>Genesium</strong></span> 
     </span>
    </p>
   </div>
   <div class='ocr_carea' id='block_1_121' title="bbox 2916 6046 2995 6108">
    <p class='ocr_par' dir='ltr' id='par_1_121' title="bbox 2916 6046 2995 6108">
     <span class='ocr_line' id='line_1_121' title="bbox 2916 6046 2995 6108; baseline -0.013 0"><span class='ocrx_word' id='word_1_893' title='bbox 2916 6046 2995 6108; x_wconf 86' lang='lat'><strong><em>36</em></strong></span> 
     </span>
    </p>
   </div>
  </div>
