3874 6436
447 446 585 503 1131

1726 433 1977 498 εΑΝοτι
2016 412 2237 495 smtcn
2278 434 2483 495 PAPIE

3596 445 3708 501 H32

442 565 648 622 laudet.
682 561 765 618 Es
796 558 1155 631 corruptione
1177 555 1321 614 enim
1352 556 1502 612 vocis
1531 553 1849 622 Himerium,
1884 556 2051 612 libra—
2086 562 2131 618 Α
2160 556 2435 629 cingulum
2460 567 2517 612 et
2540 555 2747 612 ludicra
2779 563 2833 611 et
2862 569 3000 611 nova
3031 556 3305 630 conjugis,
3330 565 3385 615 et
3413 558 3618 618 illicitos
3635 561 3711 616 dc-

445 661 557 718 rius
605 654 906 727 indiligens
958 652 1233 708 coniicere
1288 648 1451 705 lacile
1506 650 1689 721 potuit
1742 647 2051 716 Genesium,

446 755 686 811 maxime
705 768 829 810 cum
852 751 1103 823 pluribus
1129 750 1183 806 in
1215 764 1348 805 mss.
1369 749 1673 805 litterarum
1692 765 1719 802 r
1737 757 1837 803 ets
1862 747 2053 804 eadem

448 851 521 907 sit
549 849 750 904 forma.
784 847 942 905 Unde
966 848 1165 903 mirum
1202 860 1311 900 non
1342 851 1428 900 est
1449 845 1650 899 aerium
1674 852 1835 913 atque
1859 841 2058 895 nesium

439 943 722 1002 confundi.
743 943 1027 1000 Librarius
1058 942 1224 1013 igitur
1249 939 1385 1010 proi
1411 953 1475 994 ac
1498 938 1671 1009 primo
1689 935 2057 1007 apicelitteraa

445 1055 494 1093 ιη
519 1038 714 1109 legens
742 1054 791 1105 e,
822 1047 878 1093 et
924 1036 1153 1102 omissa,
1188 1042 1250 1088 ut
1295 1048 1445 1103 saepe
1476 1032 1533 1087 lit
1562 1030 1751 1088 littera
1782 1030 1859 1097 Η,
1903 1028 2059 1084 Jenc—

442 1132 599 1199 siam,
631 1130 870 1202 indeque
900 1128 1176 1185 Genesium
1203 1128 1413 1184 habuit.

519 1226 571 1281 8.
619 1227 701 1279 An
734 1238 866 1279 vero
909 1238 1179 1294 responsa
1211 1222 1298 1281 illa
1333 1215 1617 1291 Stephano
1650 1218 1691 1274 ll
1731 1227 2054 1292 congruant,

442 1317 769 1388 expendere
794 1332 905 1371 non
937 1325 1023 1372 est
1050 1315 1210 1387 hujus
1237 1316 1362 1369 loci.
1391 1315 1627 1369 Tantum
1672 1314 2057 1377 observamus,

445 1410 625 1469 Siricii
650 1412 980 1469 sententiam
1014 1432 1031 1462 α
1061 1411 1128 1467 de
1149 1412 1216 1466 iis
1240 1411 1332 1481 qui
1357 1420 1473 1465 aeta
1502 1410 1821 1480 poenitentia
1851 1408 2058 1464 militia:

2160 666 2268 706 nuo
2290 651 2569 723 appetiere
2596 649 2945 717 concubitus,
2980 668 3000 703 ι
3027 650 3091 706 ad
3122 653 3398 709 mulierem
3431 673 3448 706 ι
3477 670 3593 727 qua:
3612 662 3713 725 post

2159 755 2393 818 mortem
2428 748 2527 803 viri
2556 747 2637 802 sui
2672 746 2843 802 velata
2892 745 3055 801 fuerit
3085 747 3414 819 aliquantum
3459 750 3707 821 temporis,

2159 850 2217 898 et
2247 851 2435 911 postea
2466 844 2643 897 virum
2673 841 2907 912 accepit,
2949 860 2967 893 ι
3003 838 3127 896 ideo
3158 842 3567 909 accommodari,
3607 842 3709 913 quia

2159 935 2303 1007 quod
2334 936 2561 992 Siricius
2590 934 2659 991 de
2692 934 2823 991 viris
2855 934 3188 1005 pronuntiat,
3223 936 3326 993 hoc
3346 935 3503 992 etiam
3534 934 3595 989 de
3617 950 3711 989 mu-

2158 1029 2410 1094 lieribus,
2436 1044 2556 1100 qua:
2579 1028 2829 1084 similiter
2854 1040 3099 1099 peccant,
3132 1028 3359 1100 intelligi
3385 1029 3499 1083 vult
3516 1027 3709 1083 dictum.

2162 1122 2358 1178 Delicti
2388 1130 2571 1177 tamen
2621 1121 2885 1192 speciem,
2920 1121 2987 1177 de
3016 1137 3120 1192 qua
3151 1121 3379 1176 Siricius
3426 1120 3715 1176 sententiam

2160 1216 2314 1284 dicit,
2340 1216 2407 1271 ab
2425 1230 2489 1270 ea
2518 1230 2640 1285 qua:
2661 1215 2942 1285 Stephano
2970 1214 3011 1270 11
3031 1212 3303 1285 proposita
3328 1211 3523 1276 fuerat,
3547 1225 3718 1282 negau-

2162 1311 2291 1368 dunt
2322 1326 2429 1366 non
2454 1319 2537 1366 est
2561 1309 2894 1380 discrepare.

453 1568 3705 1595 Μ

1367 1740 1506 1852 s.
1593 1736 2225 1854 srmcu
2300 1741 2852 1854 rara:

880 1945 1916 2097 EPISTOLzE
2011 1952 2254 2092 ET
2340 1949 3316 2099 DECRETA.

1502 2195 1779 2260 (Constant.
1806 2195 1965 2261 Epist.
1987 2195 2128 2248 Rom.
2155 2196 2299 2247 Pent.
2325 2203 2359 2249 t.
2385 2195 2429 2261 Ι,
2454 2195 2549 2249 col.
2574 2196 2710 2259 623.)

996 2509 1333 2568 EPISTOLA
1371 2518 1398 2547 ⁸
1428 2509 1471 2564 Ι.

454 2656 639 2741 διιιιριι
674 2667 827 2710 PAPB
853 2668 922 2707 AD
951 2665 1214 2707 HIIERIUI
1243 2662 1542 2704 EPISCOI’UI
1574 2660 2054 2703 TARRACONENSEI.

527 2793 579 2849 Ι.
609 2792 686 2847 De
710 2790 921 2846 Arionis
948 2787 1208 2862 (Hispana
1237 2786 1489 2842 collectio
1519 2783 1665 2839 addit
1698 2803 1727 2837 ιι
1756 2783 2057 2853 Catholicis)

458 2904 562 2944 non
588 2882 995 2957 rebaptizandis.
1020 2910 1093 2921 —
1115 2879 1143 2933 1
1151 2879 1200 2935 1.
1250 2879 1316 2934 Ut
1353 2888 1536 2943 preter
1562 2878 1763 2931 Pascha
1786 2887 1831 2931 ct
1868 2876 2058 2931 Pente-

462 2992 637 3037 costeu
684 2977 920 3050 (excepta
969 2974 1287 3041 necessitate)
1333 2971 1586 3038 baptisma
1627 2987 1728 3023 non
1757 2969 2057 3024 celebretur.

467 3105 538 3119 -—-
566 3071 686 3127 Ill.
723 3071 800 3124 De
828 3069 1079 3139 apostatis
1104 3067 1281 3137 (Hisp.
1315 3065 1441 3120 coll.
1468 3063 1592 3118 add.
1625 3062 1686 3115 ab
1718 3061 1952 3116 Ecclesia
1976 3076 2059 3115 se-

466 3162 761 3238 parandis).
794 3189 865 3200 ——
894 3156 921 3211 I
943 3157 999 3212 ι’.
1039 3156 1189 3223 Quod
1216 3170 1317 3208 non
1345 3154 1495 3208 liceat
1542 3153 1761 3206 alterius
1818 3166 2061 3221 sponsam

458 3261 515 3313 in
550 3254 937 3311 matrimonium
960 3250 1158 3304 sortiri.
1187 3278 1258 3288 —
1294 3246 1360 3301 V.
1401 3247 1475 3301 De
1501 3246 1578 3301 his
1601 3248 1690 3317 qui
1722 3247 1901 3319 (Hisp.
1932 3247 2059 3301 coll.

460 3352 589 3409 add.
642 3344 928 3418 acceptam)
964 3342 1314 3415 paenitentiam
1361 3341 1573 3395 minime
1617 3350 1963 3394 servarerunt.
1994 3368 2064 3380 --

466 3445 567 3501 γι.
597 3445 672 3500 De
718 3443 983 3497 monachis
1022 3449 1066 3493 et
1103 3439 1386 3510 virginibus
1434 3437 1755 3509 propositum
1808 3454 1907 3489 non
1955 3452 2063 3490 ser-

465 3538 724 3595 vantibus.
751 3532 963 3589 ——VII.
998 3531 1077 3586 De
1100 3532 1300 3587 clericis
1329 3531 1504 3604 (llisp.
1541 3532 1645 3586 col.
1681 3529 1760 3589 De
1785 3529 2060 3599 ministris)

453 3631 908 3703 incontinentibus.
941 3657 1013 3668 -—
1052 3623 1222 3680 VIII.
1259 3625 1451 3692 Quales
1496 3625 1711 3678 debeant
1758 3624 1825 3677 ad
1849 3625 2063 3677 clerica-

456 3734 536 3781 tus
567 3724 805 3793 ofﬁciunt
846 3720 1133 3793 pervenire.
1158 3747 1230 3758 —-
1260 3716 1364 3771 IX.
1400 3714 1477 3770 De
1506 3717 1812 3771 clericorum
1855 3732 2064 3772 conver-

455 3805 653 3873 satione
695 3817 837 3887 (seu,
887 3814 1001 3880 Qua
1027 3821 1178 3867 wtate
1225 3812 1330 3865 sint
1383 3810 1758 3880 promerendi).
1788 3842 1859 3850 —
1884 3808 1955 3863 Χ.
1989 3809 2064 3863 De

2083 2520 2131 2579 Β
2158 2516 2283 2560 (tam
2313 2522 2404 2576 per
2418 2507 2790 2576 impositiouem
2817 2523 2998 2562 manus
3016 2506 3290 2562 sacerdotis
3309 2522 3409 2561 non
3443 2506 3731 2574 accipiant).

2175 2628 2233 2639 ——
2258 2599 2310 2653 Χ
2324 2598 2385 2653 γ.
2411 2599 2478 2654 Ut
2502 2601 2546 2653 si
2564 2616 2653 2669 per
2694 2600 3038 2672 ignorantiam
3088 2604 3165 2656 rel
3191 2602 3452 2669 paenitens,
3498 2601 3574 2655 vel
3593 2600 3733 2670 diga-

2165 2711 2298 2755 mus.
2335 2703 2428 2747 aut
2478 2694 2646 2749 vidua:
2678 2697 2894 2749 maritus
2922 2695 3094 2749 clerici
3124 2695 3241 2763 [acti
3269 2695 3470 2766 fuerint,
3500 2710 3596 2747 non
3625 2709 3734 2764 pro-

2178 2799 2482 2841 mat-cantur
2524 2788 2703 2858 (iliSp.
2734 2788 2862 2843 coll.
2892 2787 2967 2843 De
2996 2788 3367 2860 pwnitentibus,
3399 2787 3475 2840 vel
3498 2786 3721 2855 bigamis,

2164 2899 2252 2938 seu
2286 2884 2560 2937 viduarum
2589 2884 2811 2951 maritis,
2838 2894 2895 2939 ut
2918 2901 3017 2937 non
3040 2885 3392 2954 permittuntur
3417 2882 3483 2937 ad
3516 2883 3731 2935 ordinem

2167 2978 2439 3032 clericatus
2479 2979 2732 3049 admitti).

2274 3069 2507 3126 SIRICIUS
2540 3068 2567 3108 ι’
2598 3070 2832 3126 Ηιιίειιιο
2880 3070 3269 3127 Tarraconensi
3312 3070 3557 3139 episcopo
3586 3080 3630 3123 τ.

2246 3165 2296 3218 1.
2333 3164 2552 3219 Siricius
2584 3164 2957 3219 ordinationem
2981 3182 3149 3231 suam,
3197 3175 3248 3218 ut
3279 3166 3517 3231 apertuit,
3571 3164 3722 3231 signi-

2168 3255 2311 3324 ﬁcat.
2335 3253 2470 3328 Ejus
2492 3272 2617 3309 cura
2647 3264 2693 3311 ct
2722 3258 2856 3325 quod
2882 3258 2928 3311 ei
2952 3275 2982 3310 a
3011 3257 3160 3310 Petro
3201 3256 3495 3311 subsidium.
3529 3256 3721 3309 Ωιι-ειμι

2173 3348 2242 3401 ad
2270 3349 2615 3404 decessorcm
2650 3361 2890 3405 nostrum
2915 3358 3117 3404 sancta:
3148 3349 3525 3405 recordationis
3556 3348 3730 3400 Dama-

2168 3458 2286 3498 sum
2321 3442 2676 3499 fraternitatis
2709 3454 2813 3500 tute
2858 3445 3049 3500 relatio
3084 3460 3167 3499 me
3209 3446 3317 3516 jam
3351 3445 3398 3497 in
3426 3442 3549 3497 sedc
3576 3441 3729 3512 ipsius

2166 3538 2557 3601 constitutum,
2600 3537 2721 3607 qnia
2765 3539 2843 3593 sic
2884 3537 3140 3593 Dominus
3185 3537 3465 3609 ordinavit,
3518 3536 3727 3589 invenit.

2167 3632 2339 3699 Quam
2365 3646 2485 3686 cum
2520 3632 2570 3685 in
2593 3640 2861 3687 conventu
2895 3631 3114 3686 fratrum
3138 3630 3412 3686 sollicitius
3434 3631 3716 3699 legeremus

2171 3733 2317 3777 tanta
2342 3724 2672 3789 invenimus,
2716 3739 2833 3793 qua:
2862 3723 3281 3793 reprehensione
3326 3732 3380 3778 et
3408 3721 3729 3777 correctione

2171 3818 2487 3891 sintdigua,
2518 3830 2717 3889 quanta
2740 3829 3049 3891 optarentus
3101 3816 3355 3872 laudanda
3398 3828 3728 3885 cognoscere.

455 3912 749 3985 grandazvis
776 3909 955 3980 (Hisp.
982 3908 1111 3963 eoll.
1163 3904 1240 3958 De
1261 3904 1342 3958 Itis
1363 3905 1449 3974 qui
1479 3904 1741 3974 graudwri
1768 3904 1835 3957 tul
1863 3919 2064 3957 sacram
2094 3914 2140 3976 ρ
2175 3910 2240 3966 Et
2287 3913 2411 3982 quia
2441 3927 2664 3967 necesse
2688 3928 2785 3966 nos
2811 3924 2951 3976 cmi,
3005 3913 3056 3966 in
3085 3911 3199 3982 ejus
3230 3912 3435 3966 labores
3483 3923 3732 3975 curasque

460 4005 702 4061 militiam
732 3998 1146 4068 conrertuntur).
1180 4026 1251 4037 ——
1274 3994 1383 4051 XI.
1422 3996 1576 4064 Quod
1606 3996 1823 4050 clericus
1868 3997 1954 4066 qui
1983 4010 2065 4048 se»

456 4097 681 4153 caudam
719 4109 932 4150 uxorem
975 4091 1219 4156 duxerit,
1271 4089 1565 4161 deponatur
1595 4089 1771 4161 (Ηῑςρ.
1826 4089 1950 4145 coll.
1986 4089 2064 4144 De

462 4190 667 4247 clericis
690 4188 778 4259 qui
804 4188 873 4241 ad
917 4184 1171 4240 secundas
1218 4185 1430 4252 nuptias
1476 4193 1763 4249 transeunt,
1804 4194 1858 4237 ut
1900 4183 2062 4255 depo-

465 4283 775 4355 ponantur).
801 4309 872 4322 -—
893 4277 1037 4333 XII.
1072 4276 1200 4343 Qute
1217 4278 1425 4345 femina:
1462 4294 1579 4332 cum
1605 4279 1801 4332 clericis
1833 4277 2066 4333 [cubitare

462 4379 698 4435 debeant.
730 4406 802 4418 —
829 4372 1005 4430 XIII.
1036 4372 1110 4427 De
1138 4375 1509 4428 monachorum
1534 4375 1854 4441 promotiunc
1884 4374 2062 4444 (llisp.

458 4474 565 4529 col.
590 4471 940 4542 propositione
969 4468 1038 4523 ad
1064 4467 1301 4537 clerum).
1340 4497 1409 4507 —
1435 4464 1598 4520 XIV.
1628 4467 1780 4533 Quod
1824 4468 2072 4537 paenitens

461 4582 561 4622 non
583 4564 674 4635 fiat
699 4563 920 4619 clericus
951 4560 1133 4633 (Hisp.
1168 4559 1298 4615 coll.
1357 4559 1433 4614 De
1479 4558 1680 4614 clericis
1721 4569 1775 4614 ut
1823 4561 2074 4629 pwuiten-

541 4753 568 4781 ⁸
622 4740 879 4798 Exstatin
912 4737 1163 4793 omnibus
1185 4734 1419 4806 antiquis
1440 4751 1708 4792 canonum
1731 4739 2064 4796 collectioni-

463 4816 584 4872 bus.
617 4814 749 4870 Eam
804 4808 1147 4866 Innocentius
1186 4808 1392 4874 lepist.
1443 4808 1505 4875 6,
1558 4810 1623 4863 ad
1678 4811 2058 4881 Essnperium,

464 4902 615 4943 num.
639 4886 698 4949 '2,
729 4885 1047 4955 Agatlieuse
1078 4881 1365 4955 concilium
1408 4896 1530 4935 can.
1561 4881 1616 4955 ξ),
1640 4881 1876 4955 .loaunes
1906 4883 1946 4937 ll
1972 4900 2063 4953 pa-

465 4974 531 5030 pa
555 4959 714 5026 epist.
761 4951 831 5030 ad
854 4953 1169 5014 Cmsarinm,
1199 4951 1526 5030 tirescouins
1560 4952 1612 5006 in
1642 4953 1924 5010 Breviario
1970 4951 2061 5009 ca-

466 5024 707 5089 itonico.
766 5025 965 5095 aliique
1020 5024 1353 5095 recentiores
1402 5039 1672 5095 canonum
1744 5027 2061 5082 (-ollectores

472 5101 713 5157 laudant.
752 5093 1005 5167 Ejusdem
1053 5093 1384 5167 mentionem
1429 5094 1641 5167 l‘acitct
1679 5095 1914 5151 Isidorus
1943 5098 2061 5153 His-

2170 4008 2485 4072 succedere,
2517 4011 2602 4064 cui
2629 4025 2726 4080 per
2751 4009 2845 4066 Dei
2869 4009 3094 4079 gratiam
3119 4007 3467 4064 successimus
3490 4004 3539 4058 in
3572 4004 3728 4057 Ιιοιιο⁸

2174 4116 2325 4168 rem;
2356 4099 2521 4169 facto,
2556 4110 2612 4156 ιιι
2659 4101 2966 4173 oportebat,
3018 4099 3262 4171 primitus
3288 4114 3416 4153 mea:
3455 4095 3735 4166 provectio-

2175 4195 2257 4248 nis
2289 4194 2510 4259 iudicio,
2542 4193 2609 4248 ad
2642 4193 2876 4264 singula,
2912 4204 3066 4263 prout
3091 4191 3341 4245 Dominus
3366 4190 3596 4258 aspirare
3626 4185 3734 4253 dig-

2176 4295 2333 4346 natus
2354 4296 2459 4352 est,
2508 4285 2889 4341 consultationi
2950 4292 3052 4340 tua:
3093 4298 3399 4355 responsum
3435 4288 3735 4349 competens

2179 4393 2285 4433 non
2329 4393 2590 4447 negamus
2625 4378 2790 4449 :quia
2821 4375 2851 4417 ει
2878 4377 3039 4433 cilicii
3092 4377 3262 4432 nostri
3300 4372 3733 4432 consideratione.

2185 4486 2292 4526 non
2326 4482 2407 4525 est
2440 4471 2595 4527 nobis
2626 4470 3005 4537 dissimulare,
3038 4487 3140 4523 non
3190 4478 3273 4524 est
3322 4478 3491 4523 tacere
3524 4465 3734 4517 libertas

2183 4568 2382 4639 quibus
2431 4569 2606 4639 major
2668 4570 2879 4625 cunctis
2931 4568 3246 4624 Christianae
3289 4566 3555 4637 religionis
3595 4564 3733 4617 zelus

2170 4751 2301 4805 ctc.,
2337 4743 2429 4797 sub
2461 4744 2625 4798 titulis
2669 4760 2775 4799 xvn.
2831 4745 2925 4798 llic
2976 4758 3165 4813 nempe
3199 4741 3334 4797 tituli
3374 4741 3559 4796 decimi
3604 4746 3731 4793 .rcxti

2172 4816 2392 4870 nomine
2423 4815 2655 4869 donatur
2704 4814 3033 4881 mandatum,
3078 4832 3183 4886 quo
3214 4816 3489 4874 Himerius,
3526 4826 3640 4886 qua?
3671 4815 3731 4862 ad

2170 4886 2406 4951 capitula
2452 4901 2528 4941 xv
2571 4902 2828 4956 responsa
2876 4898 3023 4950 sunt,
3065 4885 3331 4956 episeopis
3378 4885 3580 4937 ctuti-ris
3613 4893 3730 4937 nota

2172 4957 2351 5028 facere
2410 4957 2650 5026 jnbetur.
2708 4959 2781 5013 Ex
2837 4959 3076 5028 epistolis
3124 4956 3491 5028 decretalibus.
3547 4956 3733 5022 quibus

2172 5027 2398 5082 Romani
2427 5031 2683 5093 praesules
2713 5030 2779 5083 ad
2803 5026 3130 5085 diversarum
3168 5026 3499 5085 ecclesiarum
3524 5028 3733 5079 consul-

2174 5102 2406 5153 lationes
2452 5102 2801 5169 respondent,
2836 5105 2959 5157 licet
3017 5102 3132 5156 haec
3180 5102 3344 5172 prima
3388 5098 3474 5157 sit,
3525 5114 3641 5161 qttrc
3671 5098 3733 5172 ad

468 5172 657 5242 paLde
681 5166 1001 5239 Scrip.ccc|.
1033 5182 1084 5222 c.
1111 5166 1237 5242 '5.AA
1261 5166 1744 5242 _Diony_<_inExij,;no
1768 5170 2064 5237 inquimle-
2092 5166 2144 5226 D
2171 5187 2270 5225 nos
2302 5166 2633 5241 pervenerit,
2687 5166 2793 5227 non
2835 5184 2919 5230 est
2968 5183 3143 5227 tamen
3180 5166 3369 5239 prima,
3419 5186 3531 5236 qua:
3582 5184 3639 5221 ea
3670 5170 3735 5220 de

466 5238 572 5299 cim
595 5244 767 5312 divisa
780 5238 936 5297 estea
948 5238 1326 5312 pitula,rtitulis
1351 5238 1581 5312 totidem
1602 5240 1651 5291 ei
1676 5244 1937 5308 pix-dixis:
1965 5245 2054 5312 qui

504 5314 682 5371 uident
712 5310 1058 5383 inple-risque
1103 5311 1221 5378 ejus
1269 5310 1671 5383 exentplaribns
1715 5323 1770 5365 et
1809 5310 2053 5369 simul'tn

494 5380 650 5441 ‘ronte
677 5380 940 5449 epistolas.
973 5380 1027 5437 et
1054 5383 1313 5436 seorsinn
1335 5380 1533 5453 singuli
1563 5382 1790 5452 singulis
1813 5385 2060 5442 capitulis

466 5458 885 5528 praemittuntur.
933 5454 1153 5528 Titnlos
1193 5454 1317 5528 illos
1366 5456 1433 5508 ita
1462 5469 1785 5528 servamus,
1839 5464 1898 5509 ιιι
1968 5457 2058 5513 ubi

464 5524 825 5599 perspicuitas
852 5524 1419 5599 nonnitiildesiderat,
1462 5525 1564 5581 hoc
1614 5528 1931 5595 supplentes
1955 5544 2023 5581 un

461 5595 611 5656 cinis
649 5599 1048 5654 incluserimus.
1099 5595 1212 5650 Non
1256 5597 1358 5649 alia
1405 5598 1521 5663 ejus
1549 5610 1631 5652 est
1678 5600 1872 5651 divisio
1911 5601 2058 5654 ineo

463 5686 734 5728 canonum
782 5669 992 5731 codice,
1026 5684 1183 5736 quem
1225 5667 1548 5736 QileSltt'uiIS
1593 5669 1858 5740 vulgavit,
1919 5681 1975 5725 ut
2004 5682 2058 5727 ct

461 5743 672 5810 praevio
699 5742 813 5810 ejus
845 5741 1024 5796 Indice
1068 5740 1411 5810 manilestum
1456 5756 1555 5805 CS‘,
1592 5742 1677 5794 ubi
1726 5742 2054 5810 inscribitur,

467 5809 704 5885 Epistola
734 5809 909 5867 Siricii
936 5827 1086 5882 papae
1114 5812 1181 5885 ad
1214 5809 1498 5885 liimerium
1540 5815 1837 5879 episcopum
1869 5813 2057 5868 Tarra-

459 5883 729 5942 co'nensem
749 5900 903 5955 super
932 5900 998 5955 x_v
1039 5883 1279 5953 capitulis
1323 5886 1697 5955 respondentis,
1725 5889 1970 5955 quamvis
2004 5890 2052 5940 in

458 5955 628 6027 ipsius
669 5953 915 6027 epistola:
949 5953 1128 6011 (route
1157 5953 1511 6025 praenotetur,
1558 5953 1809 6025 Epistula
1853 5958 2052 6025 Siricii,

2159 5256 2325 5298 Cilllsa
2351 5243 2548 5316 scripta
2592 5246 2679 5298 sit.
2724 5243 2907 5316 Neque
2947 5244 3091 5300 enim
3134 5243 3476 5316 Hieronymus
3518 5242 3733 5316 inopi.

2161 5316 2298 5367 stola
2322 5314 2387 5368 ad
2410 5311 2764 5384 Agerneliiam
2793 5311 2852 5371 se
2880 5318 2928 5371 in
2960 5313 3391 5379 respondentibus
3417 5315 3477 5364 αι(
3507 5311 3735 5384 Orientis

2167 5383 2558 5455 Occidentisque
2609 5390 3008 5442 consultationes
3063 5387 3338 5440 Damasum
3380 5384 3580 5449 jttVal’t‘,
3630 5383 3731 5434 nisi

2164 5455 2268 5527 hoc
2296 5470 2450 5509 antra
2485 5473 2756 5527 receptum
2790 5460 2952 5513 fuisse
2985 5471 3104 5517 usu.
3137 5463 3619 5527 COﬂiillelllilrztssni.

2234 5526 2261 5565 ι)
2296 5528 2534 5593 Merlin.,
2565 5526 2823 5585 cauterio.
2861 5531 3005 5584 Unus
3066 5544 3189 5591 ηις..
3231 5526 3496 5581 llieirterio.
3556 5526 3725 5589 Alter,

2168 5597 2348 5654 Hiero.
2374 5599 2641 5666 Gcrund.,
2672 5600 2935 5655 Eumerio.
2968 5600 3021 5653 In
3051 5608 3253 5655 vetusto
3271 5599 3427 5654 Corb.
3462 5598 3601 5648 vocis
3631 5593 3727 5647 Ui-

2166 5673 2323 5725 merio
2373 5672 2547 5727 littera
2574 5690 2621 5726 m
2647 5673 2786 5727 liltt’a
2817 5681 3121 5727 transversa
3151 5686 3251 5727 ρει.

2238 5752 2259 5779 ε
2298 5744 2583 5814 Dionysius
2608 5745 2693 5799 llic
2716 5743 2919 5797 addidit
2950 5746 3161 5797 salutem
3195 5739 3365 5812 :quod
3399 5739 3611 5793 veritum
3641 5754 3721 5791 rc—

2162 5813 2550 5883 tinuernntqui
2575 5816 2745 5870 secuti
2768 5827 2893 5868 sunt
2922 5816 3066 5870 illius
3090 5814 3469 5883 collectionem.

2234 5886 2257 5921 ιι
2287 5888 2340 5939 lu
2392 5882 2643 5958 vulgatis,
2694 5886 2921 5942 Merlino
2967 5895 3217 5957 excepto,
3274 5882 3357 5939 hic
3401 5882 3723 5953 Pnepunitur

2161 5974 2275 6029 pro,
2306 5960 2446 6029 quod
2487 5960 2689 6015 abesta
2728 5974 2859 6014 mss.
