3874 6432
197 435 328 491 1137
1384 433 1743 492 EPISTOLE

1913 437 2255 494 DECRETA.
3331 449 3470 505 1138

195 552 312 622 legii
371 553 538 607 instar
601 562 680 610 est
710 594 722 616 ,
757 553 799 606 si
859 553 965 607 ulla
1025 551 1457 622 transgressione
1513 553 1760 608 violetur.
1792 557 1848 615 Α
1939 553 2066 610 Car.
2107 556 2222 612 VII.
2267 586 2336 596 —
2381 559 2434 613 8.
2484 559 2797 616 Clerirorum
2839 565 3226 620 incontinentia.
3276 566 3478 622 Venia-

261 644 386 698 Car.
422 645 613 702 V.—6.
650 643 1007 699 Paenitentimu
1048 643 1200 714 leges.
1248 644 1323 698 De
1366 644 1448 698 bis
1491 659 1620 698 vero
1666 660 1774 700 non

190 737 480 808 incongrue
511 741 732 794 dilectio
778 748 863 792 tua
910 738 1262 807 apostolicam
1307 738 1490 792 sedem
1537 739 1772 794 credidit

189 832 572 886 consulentlam
605 831 805 902 (53,:1.
835 831 900 893 2,
932 845 980 884 c.
1020 829 1113 892 f2;
1141 831 1224 882 ivo
1252 847 1302 898 p.
1341 830 1428 892 15,
1460 844 1508 884 c.
1539 829 1649 899 17),
1683 831 1774 901 qui

185 934 301 979 acta
332 925 664 995 pcenitentia,
693 936 962 993 tamquam
987 937 1150 975 Canes
1172 938 1232 975 ac
1257 937 1380 975 sues
1405 925 1468 975 ad
1494 931 1517 957 ⁸
1543 922 1774 978 vomitus

186 1019 443 1089 pristinos
469 1028 523 1072 et
551 1018 834 1072 volutabra
870 1017 1158 1070 redeuntes
1185 1059 1198 1080 ,
1246 1026 1298 1069 et
1345 1015 1546 1069 militire
1591 1018 1776 1087 cingu-

185 1110 292 1165 lum
319 1151 332 1172 ,
379 1119 432 1164 et
478 1109 711 1164 ludicras
746 1109 1057 1176 voluptates
1084 1151 1098 1172 ,
1132 1117 1183 1160 ct
1215 1123 1349 1161 nova
1395 1108 1645 1178 conjugia
1674 1151 1688 1174 ,
1724 1118 1776 1163 et

184 1205 440 1259 inhibitos
470 1203 647 1260 denuo
678 1205 988 1273 appetivere
1018 1203 1356 1264 concubitus,
1393 1217 1622 1271 quorum
1651 1217 1773 1271 pro.

180 1296 378 1352 fessam
430 1298 871 1353 incontinentiam
920 1297 1164 1365 generati
1217 1305 1334 1365 post
1379 1296 1771 1350 absidutionem

179 1392 273 1446 lilii
299 1391 672 1460 prodiderunt.
704 1391 778 1446 De
805 1389 1020 1460 quibus,
1055 1390 1176 1458 quia
1208 1390 1316 1456 jam
1344 1387 1634 1457 suffugium
1668 1403 1772 1441 non

179 1485 379 1540 habent
410 1484 728 1555 paenitendi,
750 1484 801 1537 id
833 1483 1086 1537 duximus
1112 1481 1544 1545 decernendum,
1579 1489 1638 1533 ut
1660 1479 1772 1534 sola

179 1580 319 1634 intra
350 1581 632 1634 ecclesiam
677 1581 922 1635 fidelibus
951 1583 1195 1634 oratione
1238 1581 1531 1648 jungantur
1559 1620 1572 1644 ,
1606 1593 1772 1632 sacra:

176 1675 559 1744 mysteriorum
601 1675 944 1739 celebritati,
977 1675 1221 1743 quamvis
1266 1689 1370 1726 non
1415 1683 1728 1727 mereantur
1758 1714 1772 1738 ,

177 1766 456 1831 intersint;
491 1783 519 1819 a
553 1767 847 1820 Dominica:
878 1776 1060 1820 autem
1088 1780 1285 1819 mensae
1317 1765 1572 1818 convivio
1595 1777 1761 1833 segre-

173 1868 404 1928 gentur;
437 1868 491 1912 tit
526 1859 622 1912 hac
655 1861 840 1913 saltem
873 1860 895 1895 ι’
920 1859 1258 1913 districtione
1285 1858 1518 1926 correpti
1543 1897 1557 1920 ,
1591 1867 1644 1911 et
1675 1858 1769 1926 ipsi

1879 662 1995 700 nius
2027 664 2168 702 nunc
2189 647 2256 701 ad
2281 651 2678 706 sacratissimos
2708 654 2930 711 ordines
2954 657 3306 723 clericorum,
3339 675 3476 726 quos

1878 738 1930 792 in
1957 741 2282 796 veneranda:
2312 743 2584 813 religionis
2609 746 2856 812 injuriam
2885 751 2954 803 ita
2991 765 3085 819 per
3114 762 3323 806 vestras
3347 767 3480 823 pro-

1879 831 2082 887 vincias
2109 835 2346 890 calcatos
2377 831 2402 871 ἀ
2435 849 2594 906 atque
2620 840 2878 896 confusos
2905 885 2918 907 ,
2951 844 3222 898 charitate
3266 855 3352 899 tua
3394 847 3479 900 iti-

1877 925 2147 992 sinnante,
2183 929 2486 997 reperimus
2509 971 2522 993 ,
2553 940 2609 984 ut
2634 931 2884 987 Jerctnia:
2928 934 3085 991 nobis
3113 951 3242 991 voce
3284 935 3474 991 dicen-

1877 1018 2005 1072 dum
2048 1022 2117 1073 sit
2143 1037 2174 1089 1:
2219 1021 2362 1087 'Quis
2410 1022 2549 1074 dabit
2597 1025 2752 1091 capiti
2791 1041 2904 1080 meo
2932 1043 3158 1096 aquam,
3192 1039 3278 1081 aut
3311 1030 3475 1082 oculis

1879 1112 2002 1164 meis
2032 1113 2226 1179 fontem
2254 1114 2600 1183 lacrymarum
2629 1116 2650 1168 ?
2697 1127 2742 1168 et
2773 1118 2906 1186 ﬂebo
2933 1120 3187 1189 papulum
3227 1119 3363 1172 hunc
3393 1121 3477 1174 die

1878 1220 1936 1256 ac
1965 1215 2107 1258 nocte
2141 1204 2355 1272 (Jerem.
2389 1223 2464 1268 ix,
2499 1208 2575 1278 1).
2629 1209 2686 1263 Si
2719 1227 2849 1281 ergo
2879 1213 3069 1267 beatus
3103 1214 3376 1284 Propheta
3404 1216 3473 1270 ad

1878 1296 2106 1366 lugenda
2140 1299 2329 1367 populi
2378 1309 2596 1370 peccata
2629 1318 2732 1357 non
2763 1305 2864 1360 sibi
2896 1307 2970 1360 ait
3012 1306 3280 1377 lacryuias
3315 1325 3475 1378 posse

1877 1389 2173 1456 sufficere;
2225 1403 2430 1461 quanto
2473 1409 2574 1448 nos
2625 1411 2917 1466 possumus
2969 1399 3162 1454 dolore
3211 1402 3472 1472 percelli,

1879 1496 1998 1535 cum
2019 1497 2232 1548 eorum,
2261 1483 2353 1552 qni
2378 1485 2429 1538 in
2458 1495 2645 1540 nostro
2667 1496 2793 1540 sunt
2818 1503 3069 1559 corpore,
3097 1491 3476 1562 compellimur

1878 1574 2114 1629 facinora
2146 1576 2432 1646 deplorare
2459 1581 2470 1632 ε
2499 1580 2770 1650 ρτωοίριιε
2794 1581 2988 1651 quibus
3017 1584 3316 1639 secundum
3348 1585 3475 1640 hea-

1880 1677 1989 1722 tum
2021 1669 2266 1735 Paulum,
2304 1671 2558 1727 instantia
2591 1675 2903 1743 quotidiana
2930 1687 2985 1731 et
3016 1677 3328 1732 sollicitudo
3357 1693 3474 1732 om-

1881 1762 2028 1815 nium
2055 1762 2405 1818 ecclesiarum
2440 1765 2810 1822 indesinenter
2840 1768 3124 1823 incumbit.
3182 1770 3309 1837 Quis
3335 1772 3472 1825 enim

1877 1856 2174 1924 inﬁrmatur
2199 1899 2212 1922 ,
2247 1868 2292 1910 et
2339 1875 2440 1912 non
2472 1859 2755 1928 inﬁrmor?
2809 1861 2933 1928 Quis
2961 1865 3346 1918 scandalizatur
3372 1907 3387 1931 ,
3422 1879 3469 1920 et

174 1956 230 2008 in
262 1969 320 2008 se
361 1968 456 2008 sua
495 1964 670 2007 errata
719 1954 1020 2023 castigent,
1055 1963 1106 2006 et
1156 1952 1274 2005 aliis
1321 1952 1625 2020 exemplum
1673 1951 1769 2004 tri-
1804 1938 1851 1997 Β
1875 1965 1968 2020 ego
1998 1967 2098 2002 non
2127 1966 2248 2004 uror
2275 1949 2342 2022 (ll
2368 1949 2490 2004 Cor.
2523 1968 2598 2016 ιι,
2629 1951 2770 2022 ‘39)?
2801 1953 3068 2009 Plurimos
3110 1956 3256 2011 enim
3302 1955 3468 2029 (Dist.

171 2045 360 2107 buant,
389 2057 654 2115 quatenus
679 2046 746 2099 ab
771 2046 1046 2100 obscaenis
1076 2045 1464 2114 cupiditatibus
1492 2043 1771 2098 retralian-

170 2149 280 2194 tur.
305 2140 458 2208 Quos
487 2149 703 2203 tamen,
732 2143 984 2208 quoniam
1009 2142 1208 2194 carnali
1240 2141 1534 2209 fragilitate
1563 2140 1771 2197 cecide-

170 2243 300 2287 runt
326 2275 339 2297 ,
375 2233 568 2286 viatico
601 2249 864 2297 munere,
899 2249 1019 2288 cuni
1067 2233 1134 2287 ad
1171 2235 1454 2287 Dominum
1501 2236 1771 2302 eruperint

173 2325 442 2394 pmlieisci
463 2367 475 2389 ,
513 2340 609 2392 per
630 2325 1028 2380 communionis
1053 2326 1279 2394 gratiam
1313 2325 1563 2380 Volumus
1587 2325 1768 2381 suble-

169 2401 311 2473 vim.
338 2418 508 2485 Quam
544 2417 774 2472 fortnam
803 2430 856 2472 et
887 2421 1030 2473 circa
1062 2420 1319 2474 mulieres
1347 2461 1361 2485 ,
1394 2436 1512 2490 qua:
1544 2435 1602 2474 se
1649 2430 1772 2490 post

170 2511 551 2580 pmniteutiam
591 2510 784 2564 talibus
817 2510 1205 2579 pollutionibus
1238 2511 1602 2566 devinxerunt
1655 2527 1770 2568 ser-

169 2603 404 2658 vandam
436 2618 557 2659 esse
601 2619 882 2659 censemus
914 2603 1215 2672 (Zacharias
1259 2622 1390 2675 papa
1422 2608 1569 2676 epist.
1614 2607 1642 2659 7
1668 2649 1682 2673 ,
1715 2623 1764 2661 c.

169 2697 291 2766 56).

244 2791 376 2846 Car.
409 2791 493 2846 Vl.
527 2822 598 2833 -—
623 2793 674 2846 7.
711 2792 811 2859 Qui
843 2793 1095 2862 plectendi
1136 2793 1376 2846 monac/ii
1403 2802 1490 2846 aut
1519 2794 1767 2846 moniales

167 2885 426 2940 castitatis
473 2885 794 2954 propositum
842 2895 1167 2938 temerantes.
1211 2896 1231 2922 ε
1266 2883 1534 2940 Praeterea
1581 2901 1770 2939 mona-

167 2978 403 3033 chorum
449 2977 710 3047 quosdaui
743 2988 906 3048 atque
934 2979 1320 3032 monacliarum
1348 3020 1362 3046 ,
1391 2979 1606 3046 abjecto
1637 2995 1765 3048 pro-

171 3072 354 3142 posito
400 3070 706 3125 sanctitatis
734 3111 747 3135 ,
784 3071 835 3124 in
879 3080 1079 3124 tantam
1130 3073 1452 3140 protcstaris
1481 3073 1767 3126 demersos

168 3182 299 3223 csse
334 3166 630 3232 lasciviam,
659 3176 716 3222 ut
746 3169 892 3237 prius
935 3167 1183 3221 clanculo
1205 3209 1218 3230 ,
1251 3166 1395 3221 velut
1436 3165 1536 3220 $th
1579 3181 1767 3221 mona-

169 3261 465 3317 Steriorum
490 3271 776 3331 praetextu,
809 3262 989 3316 illicita
1011 3276 1073 3315 ac
1090 3261 1350 3330 sacrilega
1371 3277 1428 3315 se
1445 3263 1766 3330 contagione

173 3355 539 3410 miscuerint:
582 3366 770 3426 postea
813 3371 944 3410 vero
994 3357 1044 3408 in
1093 3356 1375 3426 abruptum
1420 3355 1771 3410 coiiscicntia:

171 3447 557 3519 desperatione
583 3449 851 3518 perducti,
872 3447 939 3502 de
968 3447 1175 3502 illicitis
1203 3447 1578 3516 complexibus
1602 3447 1772 3502 libere

177 3540 322 3595 ﬁlios
354 3541 806 3611 procreavcrint;
863 3541 1008 3611 quod
1049 3551 1102 3598 et
1136 3542 1360 3612 publica:
1385 3543 1530 3611 leges
1556 3583 1569 3606 ,
1600 3551 1655 3596 et
1681 3558 1772 3596 ec-

175 3633 636 3702 clesiasticajnra
687 3633 1071 3688 condemnant.
1130 3633 1235 3686 llas
1285 3648 1416 3701 ergo
1474 3632 1774 3702 impudicas

177 3724 639 3793 detestabilesque
673 3738 936 3793 personas
963 3738 990 3776 a
1025 3725 1479 3777 monasteriorum
1513 3732 1654 3776 cauo
1678 3737 1770 3777 ee-

175 3819 585 3888 elesiarumque
611 3819 968 3873 conventibus
1000 3818 1356 3872 eliniinandas
1385 3833 1506 3872 esse
1547 3817 1770 3872 manda-

179 3928 304 3968 mus
342 3930 353 3966 :
384 3923 654 3981 quatenus
699 3921 921 3966 retrusa:
953 3913 1002 3964 in
1035 3911 1146 3964 suis
1189 3911 1476 3978 ergasmlis
1502 3951 1517 3972 ,
1567 3920 1772 3964 tantum

177 4005 393 4061 facinus
427 4005 682 4059 continua
713 4004 1100 4058 lamentatione
1133 4002 1394 4057 deflentes
1420 4043 1433 4066 ,
1467 4003 1776 4071 purificata-

177 4102 264 4154 rio
294 4099 505 4168 possint
544 4097 896 4168 plenitudinis
930 4098 1050 4165 igne
1076 4097 1379 4163 decoquere
1409 4136 1422 4157 ,
1473 4105 1530 4148 ut
1570 4095 1650 4149 eis
1690 4095 1773 4150 vel

176 4191 247 4245 ad
283 4201 514 4244 mortem
548 4190 764 4253 saltem,
797 4190 966 4241 solius
999 4187 1385 4241 misericordia:
1415 4188 1642 4250 intuitu,
1674 4201 1773 4256 per

177 4279 584 4336 communionis
615 4280 842 4350 gratiam
893 4278 1060 4348 possit
1092 4277 1424 4348 indulgentia
1455 4275 1770 4332 subvenire.

258 4427 282 4453 ¹¹
315 4417 479 4473 Solus
505 4417 732 4485 ansn.,
761 4417 827 4468 ad
859 4418 1099 4469 romitum
1127 4423 1170 4467 et
1200 4414 1488 4466 volutabra.
1519 4412 1654 4466 Tum
1680 4413 1782 4467 hoc

179 4491 327 4551 loco,
357 4499 466 4542 tum
491 4490 691 4542 biennii
725 4488 934 4540 concilii
966 4500 1171 4538 canone
1201 4485 1266 4538 12
1296 4486 1526 4552 probare
1550 4493 1780 4538 conatur

1877 2044 1966 2110 82,
1995 2063 2039 2096 ε.
2073 2046 2126 2111 3;
2161 2043 2253 2098 Iro
2289 2065 2342 2114 p.
2386 2047 2439 2110 ti,
2478 2063 2524 2100 r.
2557 2046 2667 2115 50)
2702 2047 3011 2103 sacerdotes
3060 2047 3262 2104 Christi
3313 2060 3508 2120 atque.

1877 2135 2086 2200 levitas,
2120 2147 2238 2206 post
2266 2137 2420 2208 longa
2448 2139 2878 2194 consecratiOnis
2909 2155 3021 2195 sua:
3057 2151 3328 2212 tempora,
3362 2150 3470 2196 tam

1875 2233 1942 2288 dc
1971 2234 2287 2304 coniugibus
2319 2237 2555 2304 proliriis
2579 2278 2592 2301 ,
2628 2253 2788 2306 quam
2818 2239 2979 2292 etiam
3012 2238 3080 2294 de
3133 2240 3276 2307 turpi
3317 2241 3464 2294 coitu

1879 2327 2122 2381 sobolem
2152 2327 2441 2382 didicimus
2475 2344 2799 2399 procreasse
2823 2372 2837 2396 ,
2869 2339 2923 2384 et
2951 2331 3155 2384 crimen
3183 2347 3340 2386 suum
3376 2331 3476 2385 liae

1879 2429 1902 2456 ο
1931 2421 2335 2489 praescriptione
2357 2421 2672 2488 defendere,
2699 2423 2820 2490 quia
2847 2423 2900 2476 in
2924 2424 3094 2478 veteri
3121 2423 3476 2478 Testamento

1873 2511 2245 2566 sacerdotibus
2276 2527 2339 2567 ac
2373 2512 2640 2568 ministris
2669 2513 2968 2583 generandi
3001 2513 3225 2569 facultas
3271 2515 3471 2586 legitur

1871 2605 2155 2659 attributa.

1941 2698 1994 2752 9.
2041 2697 2230 2752 Veteris
2260 2699 2564 2754 Testantenti
2605 2703 2891 2756 auctoritas
2944 2705 3140 2773 {rustra
3185 2702 3473 2770 praetendi-

1871 2801 1972 2846 tur.
2001 2793 2150 2847 Dicat
2180 2793 2308 2848 mihi
2342 2810 2486 2850 nunc
2513 2837 2527 2860 ,
2558 2797 2805 2866 quisquis
2837 2797 2933 2852 ille
2961 2809 3045 2852 est
3070 2807 3310 2852 sectator
3348 2797 3473 2851 libi-

1871 2888 2056 2943 dinum
2085 2929 2097 2951 ,
2135 2900 2545 2959 prmceptorque
2585 2891 2846 2945 vitiorum
2881 2908 2894 2942 :
2929 2890 2983 2946 Si
3031 2890 3268 2946 aestimat
3291 2932 3304 2955 ,
3338 2890 3460 2960 quia

1871 2980 1926 3034 in
1953 2980 2069 3050 lege
2098 2979 2267 3050 Moysi
2304 2981 2504 3050 passim
2541 2981 2709 3036 sacris
2739 2981 3022 3036 ordinibus
3048 2996 3076 3034 a
3119 2981 3355 3035 Domino
3387 2982 3467 3035 la-

1870 3083 1990 3128 sata
2021 3082 2149 3128 sunt
2170 3073 2322 3129 frena
2356 3075 2604 3142 luxuriae,
2629 3089 2725 3129 cur
2753 3089 2850 3129 eos
2875 3116 2890 3140 ,
2933 3075 3130 3143 quibus
3158 3076 3474 3129 committe-

1869 3166 2066 3221 bantur
2094 3175 2278 3220 sancta
2311 3177 2620 3221 sanctorum
2663 3176 2966 3236 praemonet.
3002 3167 3190 3222 dicens
3219 3184 3231 3220 :
3283 3165 3469 3221 Sancti

1875 3271 2031 3313 estote
2055 3302 2069 3326 ,
2096 3261 2217 3330 quia
2247 3269 2295 3315 et
2323 3277 2417 3330 ego
2441 3271 2648 3314 sanctus
2674 3276 2787 3314 sunt
2824 3259 3073 3315 Dominus
3112 3258 3253 3314 Deus
3304 3269 3470 3314 uester

1877 3353 2082 3425 (Leuit.
2109 3370 2176 3408 xx
2208 3395 2221 3417 ,
2255 3353 2329 3424 7)
2356 3355 2378 3407 ?
2408 3369 2504 3409 cur
2533 3356 2694 3409 etiam
2725 3355 2912 3423 procul
2955 3369 2984 3406 a
3028 3352 3142 3407 suis
3173 3353 3426 3408 domibus
3451 3396 3465 3419 ,

1874 3463 2017 3500 anno
2047 3447 2183 3501 vicis
2214 3462 2348 3512 sum,
2383 3449 2435 3501 in
2466 3448 2674 3517 templo
2701 3448 2945 3502 habitare
2970 3449 3103 3517 jnssi
3134 3457 3262 3502 sunt
3289 3463 3471 3502 sacer-

1875 3541 2075 3594 dotes?
2130 3540 2228 3594 bac
2260 3539 2514 3595 videlicet
2561 3540 2793 3603 ratione,
2823 3554 2892 3595 ne.
2935 3539 3020 3593 vel
3051 3554 3172 3593 cum
3208 3539 3472 3594 uxoribus

1876 3639 2097 3699 possent
2124 3630 2341 3684 carnale
2369 3645 2629 3685 exercere
2653 3630 3064 3695 commercium,
3094 3639 3152 3684 ut
3179 3633 3469 3686 conscien-

1874 3721 1963 3775 tite
1994 3712 2298 3789 integritate
2330 3719 2622 3788 fulgentes,
2647 3721 2981 3790 acceptabile
3015 3721 3124 3775 Deo
3154 3738 3347 3777 munus
3385 3723 3470 3777 of-

1874 3815 2097 3870 ferrent.
2149 3812 2357 3879 Quibus
2391 3813 2610 3881 expleto
2634 3813 3019 3868 deservitionis
3045 3829 3156 3868 suae
3185 3823 3467 3884 tempore,

1875 3907 2098 3960 uxorius
2153 3919 2282 3959 usus
2325 3905 2495 3958 solius
2527 3903 2896 3959 successionis
2924 3918 3087 3958 causa
3120 3905 3294 3959 fuerat
3324 3905 3470 3960 rela-

1875 4011 2032 4054 xatns
2059 4016 2074 4064 ;
2102 3998 2236 4068 ,quia
2272 4012 2377 4052 non
2407 4013 2472 4052 ex
2500 3997 2605 4052 alia
2632 4039 2645 4062 ,
2679 3999 2780 4052 nisi
2824 4013 2892 4052 ex
2927 3999 3070 4052 tribu
3117 3998 3276 4062 Levi,
3316 4000 3467 4069 quis-

1872 4109 2034 4160 quam
2095 4092 2162 4146 ad
2223 4091 2316 4147 Dei
2365 4090 2727 4148 ministerium
2783 4090 2959 4147 fuerat
3013 4100 3316 4162 prteceptus
3371 4093 3469 4147 ad-

1876 4184 2039 4238 mitti.

1949 4275 2037 4332 10.
2065 4274 2375 4330 Sacerdotes
2403 4285 2449 4329 et
2475 4275 2680 4330 diaconi
2705 4275 2967 4330 insolubili
2996 4279 3326 4333 continentur
3361 4280 3472 4348 lege

1891 4411 2161 4483 Praeterea
2184 4420 2246 4483 et
2276 4426 2340 4465 ex
2371 4410 2552 4483 Leone
2578 4412 2740 4483 epist.
2765 4411 2819 4477 2,
2845 4413 2910 4467 ad
2935 4412 3237 4475 Rusticum,
3271 4415 3472 4483 inquis,

1893 4483 1960 4537 10
1985 4523 2000 4546 ,
2035 4482 2095 4536 11
2127 4524 2141 4546 ,
2175 4480 2239 4535 12
2268 4490 2322 4535 et
2353 4482 2418 4535 15
2445 4523 2458 4546 ,
2487 4482 2740 4551 colligere
2768 4493 2870 4542 est.
2901 4485 3268 4553 paenitentiam
3299 4480 3472 4540 semel

178 4563 527 4616 clarissimus
572 4561 652 4614 vir
681 4559 873 4613 Cland.
912 4557 1104 4630 Flenry
1135 4556 1198 4608 ad
1246 4570 1444 4608 annum
1479 4554 1622 4630 82d,
1656 4570 1774 4630 pag.
1814 4569 1861 4630 ι)
1889 4555 2157 4630 professis
2185 4553 2402 4630 easdem
2450 4554 2562 4607 sive
2581 4553 2644 4630 in
2665 4556 2974 4630 paenitentia
3011 4555 3122 4630 sive
3163 4565 3277 4624 post
3307 4557 3474 4630 paeni-

176 4632 292 4687 555
320 4673 333 4696 ,
377 4632 620 4685 militiam
652 4631 825 4684 aliave
851 4671 863 4693 .
897 4644 1016 4691 quae
1044 4626 1129 4681 hic
1151 4636 1504 4696 recensentur
1533 4666 1547 4686 ,
1581 4626 1631 4678 in
1664 4627 1779 4688 ipso

179 4695 395 4757 tantum
427 4700 939 4768 ptenitcntitecurrii
960 4701 1049 4753 ulo
1078 4697 1371 4768 prohiberi.
1403 4695 1470 4748 Et
1494 4695 1778 4768 illiusqni-

178 4774 310 4828 dem
340 4766 583 4840 Opinioni
615 4772 757 4825 favet
787 4787 889 4824 non
935 4766 1095 4825 modo
1135 4768 1382 4840 Nicmnns
1405 4781 1578 4840 canon
1608 4767 1676 4840 12
1705 4766 1780 4820 ci-

181 4854 334 4899 tatus
360 4837 494 4909 {sed
524 4853 578 4896 et
599 4842 934 4896 Turonensis
967 4857 982 4893 ι
1013 4839 1230 4894 concilii
1258 4853 1429 4892 canon
1459 4837 1492 4892 8
1512 4879 1524 4900 ,
1553 4838 1622 4909 ad
1650 4854 1778 4909 nur-

179 4930 332 4970 mam
363 4908 573 4967 ihorinn
625 4915 800 4967 Siricii
847 4912 1134 4966 verborum
1185 4911 1538 4976 compositus.
1588 4908 1776 4962 Eidem

177 4986 553 5055 suffragantur
575 4995 629 5038 et
663 4983 906 5055 Venetici
938 4997 1106 5055 canon
1134 4983 1168 5055 >5
1201 4987 1258 5034 et
1288 4979 1692 5055 Aurelianensis
1723 4995 1737 5031 t
1765 5020 1779 5045 ,

177 5049 476 5123 canonvli,
501 5071 708 5109 necnon
735 5053 1016 5123 Dictiysins
1047 5051 1288 5123 Exiguus
1316 5061 1368 5104 et
1391 5049 1628 5123 Isidorus
1647 5049 1783 5123 bier-

178 5139 342 5182 cator
377 5119 429 5180 in
465 5143 672 5181 summa
701 5168 714 5185 ,
749 5141 850 5183 una
876 5119 1170 5192 capitulum
1198 5121 1303 5192 hoc
1331 5121 1626 5188 eXpIicant.
1653 5120 1787 5174 Siri-

178 5201 334 5253 ciinn
363 5206 540 5253 tamen
573 5199 732 5252 aliter
762 5191 1046 5255 intellexit,
1078 5193 1166 5259 qui
1197 5191 1297 5246 hoc
1327 5192 1466 5246 idem
1491 5192 1784 5257 capitulum

181 5273 240 5326 in
272 5279 488 5324 vetusto
515 5269 699 5322 codice
726 5265 1036 5322 Colliertino
1056 5263 1196 5319 3368
1225 5263 1304 5317 sic
1323 5263 1633 5316 summatim
1664 5261 1788 5316 red—

181 5341 370 5396 didit:
407 5341 508 5404 Qui
541 5354 669 5392 rosr
699 5354 873 5394 iterur
907 5349 1287 5390 PGZ‘NITENTIAII
1333 5343 1592 5403 tamquam
1635 5349 1786 5386 canes

183 5414 260 5466 ad
295 5427 448 5464 suum
476 5412 718 5462 vomitum
760 5411 993 5461 redeunt.
1027 5407 1091 5461 Et
1119 5405 1168 5459 id
1197 5405 1413 5473 quidem
1447 5413 1640 5458 sonant
1672 5405 1786 5473 ipsa

187 5483 377 5538 Siricii
412 5481 597 5538 verba.
629 5480 706 5534 Illi
734 5483 876 5532 enim
907 5493 1087 5532 sermo
1105 5484 1186 5530 est
1212 5488 1264 5530 et
1292 5477 1360 5529 de
1388 5477 1536 5533 viris.
1562 5476 1650 5541 qui
1673 5485 1788 5527 acta

187 5555 494 5621 pmnitentia
525 5552 690 5606 functi
723 5591 737 5615 ,
773 5566 880 5602 non
922 5551 1008 5618 qui
1052 5555 1272 5617 agentes
1312 5545 1680 5621 paenitentiam
1710 5545 1790 5598 di-

188 5616 400 5678 cuntur
426 5665 442 5691 ,
474 5638 702 5679 uuurnm
738 5616 1184 5674 incontinentiam
1215 5619 1408 5691 probat
1440 5631 1502 5691 ex
1529 5616 1653 5670 filiis
1681 5631 1786 5669 non

192 5698 249 5751 in
287 5696 402 5763 ipso
429 5688 761 5763 pmnilentize
780 5705 962 5763 cursu.
984 5691 1077 5744 sed
1103 5698 1214 5763 po_st
1235 5688 1606 5763 absolutionem
1626 5701 1789 5763 gene-

193 5757 337 5822 ratis
365 5757 566 5833 quique
585 5769 701 5834 jam
733 5779 830 5815 non
859 5760 1046 5814 habent
1074 5757 1357 5834 tiu/fugiunt
1389 5757 1698 5834 pttnitendi;
1729 5770 1790 5810 ac

195 5841 269 5892 de
304 5829 622 5890 mulieribus
649 5877 661 5899 ,
693 5851 810 5903 qua:
849 5848 905 5885 se
935 5841 1045 5899 post
1090 5829 1474 5903 pleiiitentianr,
1505 5844 1608 5903 non
1648 5829 1790 5903 inter

201 5909 578 5976 tiainitcndum
612 5946 625 5970 ,
676 5899 938 5959 similibus
984 5900 1374 5970 pollntionibns
1419 5899 1783 5952 devinxerint.

1885 4627 2102 4697 tentiam
2145 4623 2290 4692 leges
2331 4624 2473 4678 circa
2522 4623 2790 4689 militiam,
2833 4625 3108 4697 conjugia,
3149 4637 3257 4681 etc.
3306 4623 3472 4683 fuisse

1884 4694 2248 4766 prteseriptas.

1958 4764 1984 4804 ι’
2017 4765 2297 4819 Vetnstior
2323 4765 2494 4821 codex
2517 4764 2708 4830 Corb.,
2742 4768 3085 4822 distinctione.

1964 4847 1985 4875 ο
2015 4835 2266 4902 Capitulo
2299 4836 2426 4892 huic
2450 4839 2500 4889 in
2537 4837 2755 4891 laudato
2785 4838 2974 4893 codice
3000 4839 3152 4893 Colb.
3178 4839 3321 4893 3568
3341 4881 3355 4902 ,
3387 4842 3474 4895 cui

1887 4917 1942 4962 et
1971 4906 2112 4961 Pith.
2143 4907 2401 4972 concinit,
2438 4909 2550 4962 litec
2576 4913 2910 4978 praponitur
2932 4925 3140 4964 summa
3170 4927 3182 4963 :
3213 4910 3274 4964 Si
3298 4927 3480 4964 mona-

1889 4978 1969 5050 chi
1997 4981 2076 5050 uel
2106 4978 2377 5050 monac/ia:
2399 4982 2685 5049 nupserim.
2717 4979 2872 5034 Alius
2898 4978 3053 5034 Colb.
3098 4996 3208 5050 pra:
3238 4997 3298 5036 se
3323 4983 3430 5037 fert
3462 5001 3474 5036 :

1891 5049 1970 5102 De
1997 5048 2145 5112 lapsu
2175 5048 2542 5102 monac/torum
2575 5052 2652 5102 rel
2671 5051 3055 5105 mouacharum.

1962 5116 1986 5154 d
2014 5117 2070 5173 In
2101 5118 2312 5193 duobus
2340 5135 2497 5185 mss.,
2529 5117 2686 5176 Colb.
2720 5123 2941 5175 calcato:
2963 5138 3219 5188 canones;
3247 5138 3369 5193 quae
3391 5124 3474 5179 le-

1889 5190 2000 5262 ctio
2039 5200 2094 5244 nt
2115 5190 2522 5262 admitteretur,
2552 5193 2700 5262 prius
2719 5208 2749 5243 a
2775 5193 2956 5262 quibus
2976 5234 2989 5258 ,
3019 5210 3126 5249 non
3149 5190 3277 5262 quos
3302 5235 3318 5260 ,
3347 5195 3478 5250 sub-

1891 5260 2220 5315 stituendnm
2252 5261 2464 5316 fuisset.

1967 5341 1989 5368 ε
2035 5332 2386 5396 Antiquiores
2417 5349 2548 5389 mss.
2577 5376 2591 5399 ,
2624 5335 3014 5404 perscriptione.
3056 5335 3207 5403 Quos
3233 5334 3319 5389 hic
3344 5334 3484 5390 Siri-

1892 5403 2010 5456 cius
2055 5404 2267 5473 arguit,
2317 5414 2507 5459 notare
2541 5403 2759 5459 videtur
2803 5403 2858 5459 et
2898 5405 3216 5460 Ambrosius
3237 5407 3372 5460 lib.t
3412 5407 3483 5462 de

1892 5474 2052 5528 Offic.
2085 5489 2134 5528 c.
2161 5475 2247 5540 50,
2296 5491 2348 5527 n.
2378 5475 2508 5538 258,
2542 5475 2631 5529 ubi
2659 5477 2734 5528 ait
2767 5493 2778 5528 :
2839 5476 2989 5540 Quod
3023 5493 3079 5529 eo
3103 5493 3204 5530 non
3232 5479 3481 5545 praeterii,

1893 5547 2018 5614 quia
2059 5547 2112 5597 in
2154 5545 2411 5612 plerisque
2456 5546 2793 5601 abditioribus
2824 5548 2949 5600 locis
2979 5562 3092 5599 cum
3137 5548 3481 5600 ministerium

1897 5617 2022 5679 (hoc
2057 5624 2137 5670 est
2159 5616 2529 5685 diaconatum)
2558 5629 2811 5687 gererent,
2841 5620 2917 5670 rel
2942 5623 3091 5670 etiam
3115 5621 3477 5684 sacerdou'um,

1893 5688 2031 5755 ﬁlios
2058 5697 2382 5753 suscepcrtint
2417 5702 2434 5739 :
2463 5697 2508 5740 et
2535 5689 2586 5739 id
2608 5697 2861 5757 tamquam
2887 5703 2981 5740 usu
2999 5691 3152 5742 ueteri
3175 5691 3477 5755 «claudunt,

1894 5759 2101 5824 quando
2132 5773 2221 5828 per
2250 5757 2521 5810 intervalla
2551 5760 2748 5812 dierum
2778 5759 3096 5828 sacriﬁcium
3134 5758 3478 5828 deferebatur.

1895 5823 2040 5894 Quos
2067 5823 2170 5897 qua
2202 5831 2408 5884 ratione
2428 5828 2667 5886 confutet
2696 5823 2934 5885 videsis.
3201 5823 3209 5834 '
