3874 6434
465 422 603 480 H39

456 634 790 690 illustrasset
818 635 1077 697 adventu,
1113 634 1165 689 in
1197 633 1495 704 Evangelia
1536 644 1904 703 protestatnr,
1938 634 2064 703 quia

464 728 661 799 Legem
694 728 904 783 venerit
937 728 1168 798 implere
1193 767 1209 795 ,
1241 743 1347 781 non
1379 726 1611 782 solvere.
1657 726 1726 781 Et
1758 727 1880 783 ideo
1904 736 1929 764 ⁸
1969 727 2070 782 Ec-

462 822 646 878 clesite
674 864 687 885 ,
722 822 876 894 cujus
903 837 1140 894 sponsus
1165 831 1250 878 est
1277 864 1290 886 ,
1324 822 1553 877 formam
1597 821 1863 876 castitatis
1892 821 2068 877 voluit

460 914 754 984 splendore
786 915 1046 988 radiare(
1074 914 1261 969 Matth.
1293 931 1345 980 v,
1368 914 1438 968 27
1463 914 1481 983 )
1502 957 1519 979 ,
1548 924 1606 968 ιιι
1638 914 1690 968 ἱη
1723 914 1813 969 die
1851 914 2065 984 jadicii,

458 1023 582 1063 cum
608 1023 795 1063 rursus
822 1009 1126 1073 advenerit,
1158 1009 1278 1064 sine
1302 1008 1511 1063 macula
1543 1016 1599 1062 et
1628 1022 1761 1077 ruga
1787 1023 1905 1063 eam
1941 1022 2070 1077 pos-

464 1102 575 1163 sit,
608 1101 752 1157 sicut
781 1116 877 1169 per
916 1100 1239 1169 Apostolum
1292 1114 1449 1155 suum
1495 1100 1773 1167 instituit,
1824 1100 2068 1169 reperire

463 1195 482 1263 (
509 1193 703 1263 Ephes.
740 1209 791 1259 v,
822 1193 893 1248 27
920 1196 961 1265 ).
1010 1193 1251 1261 Quarum
1280 1192 1623 1247 sanctionum
1656 1206 1847 1246 omnes
1876 1206 2066 1246 sacer-

460 1285 615 1341 dotes
643 1295 804 1356 atque
833 1286 1015 1341 levita:
1040 1285 1316 1349 insolubili
1351 1286 1467 1355 lege
1506 1285 1936 1354 constringimur
1960 1327 1975 1350 ,
2012 1291 2070 1338 ut

463 1394 492 1432 a
526 1378 618 1431 die
648 1378 1011 1433 ordinationis
1039 1388 1258 1443 nostrm,
1289 1378 1574 1433 sobrietati
1602 1391 1665 1431 ac
1712 1376 1983 1446 pudicitia:
2014 1384 2070 1431 et

461 1471 624 1526 corda
674 1482 859 1525 nostra
911 1471 1279 1541 mancipemus
1310 1480 1365 1526 et
1394 1469 1419 1507 ι)
1449 1485 1677 1541 corpora
1702 1511 1717 1535 ,
1768 1468 2068 1523 dummodo

465 1580 559 1632 per
604 1566 786 1620 omnia
822 1566 933 1619 Deo
966 1573 1154 1620 nostro
1187 1566 1239 1619 in
1285 1566 1368 1619 his
1397 1607 1411 1628 ,
1442 1580 1562 1635 qua:
1604 1565 1850 1635 quotidie
1888 1563 2069 1618 oll‘eri-

467 1674 585 1712 mus
604 1700 617 1720 ,
652 1658 939 1713 sacriﬁciis
964 1659 1293 1727 placeamus.
1343 1658 1445 1723 Qui
1472 1668 1645 1711 autem
1668 1660 1719 1710 in
1744 1673 1899 1711 carne
1927 1665 2068 1721 sunt,

465 1751 681 1806 dicente
711 1750 996 1805 electionis
1023 1765 1171 1815 vase,
1209 1749 1325 1804 Deo
1350 1751 1555 1821 placere
1577 1766 1677 1804 non
1696 1759 1929 1820 possunt.
1966 1749 2069 1804 Vos

465 1857 637 1899 autem
668 1849 784 1918 jam
813 1863 916 1900 non
944 1847 1064 1900 estis
1088 1847 1141 1899 in
1164 1862 1337 1910 carne,
1366 1846 1457 1898 scd
1488 1846 1542 1898 in
1584 1846 1793 1915 spiritu,
1828 1846 1871 1898 si
1900 1854 2071 1899 tamen

467 1940 683 2011 spiritus
716 1939 811 1994 Dei
839 1939 1033 1994 habitat
1063 1940 1114 1993 in
1146 1940 1287 1994 vobis
1318 1938 1501 2004 (Rom.
1532 1955 1650 2004 vut,
1682 1940 1736 2005 8,
1772 1940 1849 2005 9).
1885 1940 1952 1993 Et
1982 1939 2070 1993 ubi

467 2030 709 2098 poterit,
744 2030 844 2083 nisi
877 2030 928 2082 in
960 2030 1281 2099 corporibus
1304 2069 1319 2095 ,
1356 2031 1496 2084 sicut
1523 2029 1751 2097 legimus
1774 2070 1787 2091 ,
1821 2029 2023 2083 sanetis
2048 2070 2064 2096 ,

468 2124 560 2179 Dei
589 2125 817 2195 spiritus
850 2126 1137 2181 habitare?

530 2272 556 2300 ει
590 2262 731 2318 Edit.
764 2262 923 2318 Rom.
953 2271 1007 2317 et
1036 2261 1233 2334 concil.
1262 2302 1278 2327 ,
1328 2259 1612 2334 Ecclesium
1643 2264 1795 2334 cujus
1840 2278 2060 2328 sponsus

463 2345 535 2387 cst
564 2336 826 2403 speciosus
850 2339 1016 2403 {arma
1050 2350 1067 2388 :
1099 2332 1435 2404 castigantur
1462 2349 1530 2387 ex
1561 2332 1769 2404 Quesn.
1796 2343 1851 2387 et
1880 2349 2012 2387 mss.

534 2406 561 2444 ι)
596 2408 884 2470 Antiquior
908 2422 938 2460 c
963 2421 1092 2459 mss.
1123 2403 1316 2467 Corb.,
1348 2420 1590 2471 corpora,
1618 2415 1670 2457 ut
1699 2403 1919 2458 Domino
1952 2404 2062 2459 Deo

467 2488 641 2531 noser
670 2479 721 2531 in
750 2478 850 2532 his.
907 2478 1142 2531 Primam
1176 2478 1529 2530 continentia:
1560 2478 1733 2544 legem
1764 2492 1825 2529 ac
1873 2492 2061 2531 neces-

463 2551 704 2613 sitatem,
734 2564 837 2619 qua
872 2549 1136 2617 episcopi,
1173 2548 1474 2619 presbyteri
1508 2556 1561 2600 et
1580 2548 1793 2601 diaconi
1822 2548 1871 2600 in
1898 2547 2064 2619 Deci-

464 2620 629 2675 dente
660 2618 940 2673 constricti
969 2621 1111 2677 sint.
1154 2619 1223 2672 ab
1274 2618 1373 2671 bztc
1402 2619 1579 2672 Siricii
1627 2618 2019 2673 constitutione
2047 2661 2061 2682 ,

463 2700 518 2744 et
547 2693 614 2747 ab
649 2691 885 2745 African
920 2692 1160 2751 concilii,
1190 2690 1331 2758 quod
1367 2690 1514 2743 illam
1548 2704 1669 2744 mox
1700 2693 1933 2756 excepit.
1964 2691 2060 2745 de

462 2772 615 2815 creto
656 2764 863 2817 initium
909 2764 1209 2825 sumpsiszc
1252 2762 1440 2815 Petrus
1483 2761 1551 2814 de
1586 2761 1756 2815 Marco
1811 2763 1947 2816 lib.t
1996 2764 2063 2816 de

464 2833 735 2887 Concord.
764 2834 976 2888 saccrd.
1003 2842 1059 2889 et
1082 2835 1210 2900 imp.
1240 2849 1289 2886 c.
1325 2834 1358 2886 8
1378 2875 1390 2892 ,
1423 2850 1475 2886 ιι.
1502 2831 1535 2885 4
1558 2876 1570 2897 ,
1597 2833 1893 2887 existimat.
1943 2833 2061 2888 Non

464 2906 734 2961 inliciatur
760 2914 942 2960 tamen
977 2916 1087 2961 tres
1118 2906 1235 2958 illos
1264 2905 1462 2971 gradus
1494 2906 1652 2973 longe
1672 2914 1829 2957 antea
1863 2906 2065 2957 univer-

464 2978 590 3030 salis
619 2975 865 3031 Ecclesia:
895 2978 1263 3030 consuetudine
1286 2976 1355 3027 ad
1372 2992 1483 3029 eam
1503 2977 1891 3045 temperantiam
1912 2978 2064 3029 astri-

465 3060 570 3102 ctos
600 3050 782 3117 fuisse.
819 3051 993 3116 Atque
1020 3048 1176 3115 hujus
1199 3046 1614 3099 consuetudinis
1648 3056 1812 3100 testes
1855 3047 2065 3112 profert

468 3120 756 3174 Eusebium
795 3120 884 3171 lib.
921 3137 931 3172 I
961 3119 1115 3172 Dem.
1148 3133 1339 3188 evang.
1366 3132 1413 3171 c.
1442 3118 1494 3184 9,
1524 3118 1890 3186 Epiphaniam
1928 3119 2060 3173 ΙιξΡΓ.

465 3191 555 3252 5‘),
602 3208 655 3243 ιι.
692 3190 744 3251 Is,
786 3191 1131 3244 A'uln'ositttn
1166 3190 1257 3241 lib.
1287 3207 1297 3241 ι
1332 3188 1488 3242 (illic.
1521 3205 1569 3241 c.
1607 3192 1739 3249 ult.,
1796 3189 2065 3260 Hierony-

468 3278 612 3315 mum
643 3262 734 3315 lib.
775 3273 1004 3315 Icontra
1057 3261 1402 3314 Joviniauum
1446 3270 1499 3313 ct
1535 3261 1685 3313 alibi.
1740 3261 1873 3313 llinc
1920 3263 2062 3330 quod

469 3332 709 3386 Africani
741 3350 883 3385 anno
908 3333 1012 3387 590
1044 3335 1094 3385 in
1121 3332 1356 3385 Concilio
1382 3331 1795 3393 (Iartbagincnsi
1825 3331 1888 3395 ll,
1922 3348 1972 3386 c.
2007 3335 2063 3399 22,

466 3407 611 3458 :tiunt
643 3421 656 3457 :
692 3402 817 3457 Cum
846 3405 898 3457 in
924 3404 1185 3474 pm’tcrilo
1212 3404 1429 3455 concilio
1460 3403 1521 3455 de
1545 3404 1874 3455 continentim
1902 3415 1949 3456 et
1974 3421 2064 3457 ca—

463 3478 651 3529 stitatis
682 3494 761 3529 mo
782 3477 1027 3528 let-amitte
1055 3484 1367 3527 tractaretur
1399 3515 1411 3535 ,
1460 3474 1653 3540 gradus
1697 3475 1781 3527 isti
1814 3484 1913 3527 (res
1943 3491 2063 3530 conc

466 3547 990 3617 scriptioncquadaut
1023 3548 1270 3599 castitatis
1305 3562 1391 3608 per
1429 3547 1839 3598 consecrationcs
1875 3549 2063 3600 annexi

466 3628 675 3673 sunt...
725 3630 780 3670 ut
808 3618 946 3687 quo'l
984 3618 1213 3687 .lpostoli
1243 3617 1525 3668 (lorucrunt
1554 3657 1566 3677 ,
1616 3626 1663 3668 et
1707 3619 1821 3681 ipsa
1851 3621 2065 3671 servavit

468 3691 768 3756 antiquitas,
805 3708 895 3741 nos
926 3704 1126 3757 quoque
1154 3688 1503 3741 custodiamus
1532 3729 1544 3749 ,
1580 3690 1657 3741 sic
1699 3688 1973 3757 intelligit,
2010 3699 2067 3745 ιιι

466 3763 857 3816 νυιιιὶιιριιιίειιιι
887 3770 941 3812 et.
970 3759 1304 3827 pudicitiam,
1331 3774 1490 3825 quam
1525 3759 1797 3829 episcopis
1827 3762 2060 3826 Aposto-

468 3835 550 3899 lus
582 3834 906 3899 praescribit,
941 3831 1391 3898 interpr-latione
1418 3845 1512 3883 sua
1541 3845 1604 3883 ev
1631 3846 1728 3883 usu
1755 3840 1810 3884 et
1830 3846 2062 3885 eonsne-

472 3898 658 3957 tudinc
694 3907 881 3967 petita,
904 3904 967 3955 ad
994 3917 1112 3955 eam
1142 3901 1491 3956 continentia:
1514 3904 1751 3970 Speciem
1778 3918 1936 3968 quam
1961 3902 2063 3969 ipsi

471 3992 500 4027 ει
529 3977 746 4039 clericis
778 3973 1082 4041 majovibus
1110 3975 1329 4039 exigunt
1357 4016 1370 4037 ,
1428 3990 1531 4025 non
1583 3972 1924 4039 inelcganter
1955 3982 2065 4027 tra-

469 4046 616 4100 hant.
676 4048 791 4116 ipse
833 4061 963 4099 vero
988 4046 1157 4114 legem
1209 4047 1347 4099 inter
1377 4053 1429 4096 ct
1459 4045 1916 4099 consuetudinem
1949 4044 2063 4099 dis-

467 4118 674 4173 crimen
721 4118 853 4172 illud
892 4118 1100 4177 statuit,
1135 4116 1278 4180 quod
1310 4116 1626 4182 consuetudo
1651 4116 1840 4168 violata
1868 4121 2063 4183 pudore

465 4200 835 4259 contemptores
866 4188 1057 4256 plectit,
1088 4188 1172 4240 lex
1197 4202 1314 4259 uero
1343 4196 1667 4240 contumaces
1688 4188 1932 4257 gradibus
1954 4189 2062 4242 suis

468 4256 675 4314 ntulitth
720 4259 886 4327 Λὶψ-θ
920 4269 1094 4312 t:unen
1123 4256 1320 4325 cuique
1355 4256 1726 4326 persuaserit,
1761 4267 2057 4313 consuetu-

467 4329 648 4385 dinem
674 4330 979 4398 hujustnodi
1007 4371 1022 4396 ,
1051 4330 1152 4383 nisi
1181 4330 1261 4383 vel
1295 4331 1501 4383 sancito
1533 4329 1652 4397 lege
1675 4370 1688 4389 ,
1725 4330 1810 4383 vel
1838 4338 2061 4396 aposto-

472 4402 571 4455 lica
605 4402 892 4457 traditione
923 4402 1211 4461 lirmatam,
1248 4404 1317 4454 ita
1348 4402 1530 4455 valere
1555 4400 1822 4470 potuisse,
1857 4402 2061 4454 utnul-

471 4475 576 4526 ltun
612 4476 662 4528 in
697 4474 993 4529 Occidente
1020 4481 1274 4541 suppetat
1297 4472 1606 4537 exemplum
1648 4472 2056 4541 episcoporum,

466 4546 908 4617 presbyterorum
925 4556 1011 4617 au_t
1027 4543 1407 4617 diaconoruin,
1423 4544 1619 4613 quibus
1635 4542 1701 4595 ab
1715 4559 1773 4596 ea
1802 4542 2059 4617 recedere

468 4613 688 4684 impune
717 4620 949 4671 licuerit.
980 4614 1037 4669 lu
1060 4616 1164 4670 line
1190 4613 1551 4684 qnmstionum
1578 4629 1665 4685 fex
1696 4624 1928 4685 utroque
1955 4615 2059 4670 'l‘e-

465 4696 736 4742 stamento
766 4688 998 4751 mixtim,
1030 4702 1151 4756 qua:
1188 4686 1328 4754 apud
1364 4684 1722 4757 Augustinum
1763 4684 1995 4755 append.
2041 4704 2057 4743 l

462 4761 629 4822 partis
664 4764 791 4813 tomi
818 4758 885 4813 Ill
914 4759 1143 4827 vulgata:
1166 4768 1312 4817 sunt,
1340 4756 1568 4827 qumque
1591 4756 1799 4811 llilario
1827 4759 2056 4814 diacono

466 4829 696 4885 Luciferi
729 4830 1008 4885 schismati
1037 4827 1255 4882 addicto
1284 4844 1312 4882 a
1344 4830 1526 4883 multis
1566 4828 1905 4893 tribuuntur,
1935 4846 2050 4900 pag.

459 4903 587 4963 142,
613 4901 801 4970 objicit
829 4901 931 4955 sibi
964 4901 1328 4971 qtuestionum
1350 4901 1561 4971 illarum
1592 4910 1821 4954 auctor:
1852 4900 1913 4953 Si
1941 4902 2055 4955 licet

1723 421 1968 482 SANCTI
2005 422 2233 482 SlRlCIl
2270 423 2477 482 PAPE

457 542 897 611 constringuntur.
931 541 1086 599 Unde
1114 550 1170 597 et
1199 539 1462 596 Dominus
1490 540 1647 596 Jesus
1677 555 1800 596 cum
1830 556 1927 595 nos
1957 554 2056 595 suo
2086 540 2141 600 Α

3599 427 3717 483 illo

2237 541 2325 597 11.
2356 539 2543 610 Lapsis
2570 554 2634 594 ea:
2659 539 2951 612 ignorantia
2976 548 3201 595 servatur
3224 542 3404 604 honor,
3430 557 3573 597 secus
3597 544 3716 598 aliis.

2174 634 2238 689 Et
2259 634 2380 702 quia
2409 632 2668 704 aliquanti
2693 632 2855 701 (Ilist.
2880 632 2968 694 82,
2998 648 3043 684 c.
3076 621 3110 685 Ii
3136 650 3149 699 ;
3180 632 3293 698 luo,
3318 651 3367 702 ρ.
3394 632 3448 699 6,
3477 652 3522 691 c.
3546 636 3718 706 50).de

2170 727 2364 796 quibus
2394 728 2698 797 loquimur,
2739 735 2797 782 ut
2837 736 2923 780 tua
2973 729 3229 784 sanctitas
3269 730 3482 797 retulit,
3528 734 3717 803 ignora-

2173 821 2323 876 tione
2354 822 2536 889 lapsos
2564 835 2687 875 esse
2712 834 2771 875 se
2798 819 2999 875 deﬂent
3034 838 3046 873 :
3073 819 3158 875 his
3182 821 3281 888 hac
3305 823 3608 879 conditione
3636 825 3719 880 mi-

2169 912 2521 968 sericordiam
2539 912 2773 967 dicimus
2799 928 2907 967 non
2938 912 3259 983 negandam,
3292 923 3351 969 ut
3376 915 3489 972 sine
3507 915 3613 971 ullo
3638 917 3719 971 lio-

2170 1006 2320 1061 noris
2346 1014 2661 1077 augmento,
2692 1005 2743 1059 in
2778 1004 2880 1060 hoc
2910 1020 3018 1077 quo
3044 1006 3242 1062 detecti
3272 1017 3394 1063 sunt
3415 1053 3429 1077 ,
3463 1026 3616 1081 quam
3638 1010 3717 1068 diu

2172 1101 2462 1166 vixerint,P
2489 1099 2667 1156 ofﬁcio
2694 1110 3065 1170 perseverent.
3096 1102 3141 1157 si
3170 1110 3345 1157 tamen
3377 1106 3588 1173 posthac
3607 1120 3721 1160 con-

2173 1194 2412 1248 tinentes
2435 1207 2494 1249 se
2524 1191 2825 1248 studuerint
2858 1193 3135 1250 exhibere.
3173 1195 3207 1249 li
3258 1210 3385 1249 vero
3408 1237 3423 1260 ,
3450 1198 3538 1266 qui
3574 1198 3721 1254 illiciti

2172 1289 2443 1360 privilegii
2476 1288 2827 1345 excusatione
2857 1288 3126 1354 nituntur,
3174 1300 3227 1343 ut
3257 1290 3358 1346 sibi
3386 1303 3619 1348 asseram
3643 1309 3722 1349 ve-

2173 1384 2273 1437 teri
2306 1382 2410 1439 lioc
2450 1384 2568 1451 lege
2596 1398 2956 1449 concessum;
3007 1385 3255 1439 noverint
3291 1400 3349 1441 se
3384 1386 3451 1442 ab
3476 1390 3615 1444 omni
3640 1404 3721 1446 ec-

2172 1476 2483 1531 clesiastico
2515 1475 2748 1540 honore;
2776 1491 2883 1547 quo
2910 1476 3129 1547 indigne
3159 1478 3239 1533 usi
3267 1490 3411 1546 sunt,
3441 1482 3723 1552 apostolicae

2173 1569 2319 1649 sedis
2359 1569 2687 1624 auctoritate
2708 1568 2972 1641 dejectos,
3006 1585 3105 1625 nec
3130 1586 3379 1641 umquam
3411 1588 3562 1644 posse
3581 1589 3722 1630 vene-

2174 1662 2340 1716 randa
2375 1671 2671 1717 attrectare
2702 1663 2981 1734 mysteria;
3022 1664 3215 1734 quibus
3242 1678 3301 1718 sc
3327 1665 3447 1734 ipsi,
3486 1667 3609 1720 dum
3634 1666 3725 1721 ob-

2174 1755 2373 1810 sccenis
2402 1753 2793 1824 cupiditatibus
2822 1754 3076 1821 inhiant,
3120 1756 3478 1824 privaverunt.
3526 1759 3587 1812 Et
3613 1760 3726 1829 quia

2144 1846 2146 1849 ’
2175 1846 2422 1916 exempla
2458 1847 2745 1913 praesentia
2786 1859 2982 1901 cavere
3022 1860 3119 1900 nos
3148 1858 3478 1916 prccmonent
3520 1850 3567 1904 in
3597 1851 3725 1905 rutu-

2106 1938 2146 1996 B
2177 1954 2298 1993 rum
2334 1956 2346 1990 :
2379 1937 2609 2007 quilibet
2630 1938 3264 2009 episcopus,prcsbyter,
3294 1948 3448 2009 atque
3464 1941 3724 2009 diaconus,

2175 2029 2320 2100 quod
2352 2045 2460 2084 non
2504 2038 2791 2100 optamus,
2822 2029 3080 2099 deinceps
3111 2029 3272 2086 fuerit
3300 2032 3418 2087 talis
3460 2032 3691 2089 inventus
3712 2076 3728 2102 ,

2169 2123 2279 2193 jam
2310 2137 2450 2177 nunc
2479 2121 2582 2177 sibi
2627 2136 2842 2177 omnem
2886 2138 2983 2192 per
3025 2138 3122 2179 nos
3164 2124 3503 2195 indulgentia:
3538 2128 3726 2183 aditum

2166 2278 2289 2336 csse
2313 2264 2423 2336 jam
2466 2278 2570 2317 non
2592 2271 2800 2336 posset:
2844 2261 2954 2336 Nec
2979 2262 3331 2319 dubitandum
3355 2266 3576 2331 videtur,
3607 2268 3723 2336 quin

2169 2335 2239 2387 ibi
2274 2336 2339 2388 ad
2372 2334 2422 2389 id
2444 2376 2457 2399 ,
2487 2335 2630 2401 quod
2665 2333 2717 2388 in
2764 2334 3001 2389 Ecclesia
3046 2337 3208 2390 etiam
3239 2345 3362 2391 ante
3388 2339 3554 2392 Shicii
3596 2333 3725 2392 tetn~

2170 2422 2298 2475 pora
2322 2407 2666 2466 actitabatur.
2698 2408 3017 2475 respexerit.
3070 2406 3212 2460 Idem
3252 2407 3529 2462 dicendum
3576 2422 3622 2461 et
3668 2411 3728 2463 de

2169 2494 2257 2544 eo,
2290 2478 2433 2546 quod
2460 2477 2796 2549 Augustinus
2827 2477 2919 2532 lib.
2950 2492 2986 2530 ιι
3020 2477 3088 2531 de
3120 2478 3357 2532 Adulter.
3399 2481 3649 2549 coniugiis
3674 2496 3723 2536 c.

2169 2550 2266 2608 ult.
2302 2549 2577 2609 observat,
2605 2547 2819 2603 clericis
2844 2563 2989 2616 saepe
3019 2564 3243 2605 numero
3269 2549 3333 2603 ad
3379 2547 3727 2617 accipiendum

2167 2620 2473 2673 clericalem
2505 2619 2766 2673 honorem
2798 2619 3084 2687 improvisa
3117 2622 3163 2672 vi
3196 2621 3425 2685 coactis,
3455 2623 3606 2676 simul
3640 2626 3727 2676 im-

2171 2692 2400 2759 positam
2423 2692 2509 2744 vel
2540 2691 2723 2744 invitis
2749 2689 2915 2745 fuisse
2945 2693 3285 2745 continentia:
3331 2693 3492 2761 legem
3537 2709 3596 2747 ac
3649 2710 3730 2748 ue-

2168 2762 2499 2815 cessitatem.
2534 2763 2652 2832 Ipse
2685 2762 2910 2816 Siricius
2938 2778 3056 2827 eos,
3088 2764 3177 2831 qui
3204 2779 3255 2815 se
3284 2764 3591 2831 ignoratione
3623 2766 3725 2832 lap-

2168 2850 2252 2886 sos
2281 2834 2557 2903 deﬂebant,
2592 2849 2698 2886 non
2740 2843 2944 2886 tantum
2996 2835 3198 2902 pudore
3222 2877 3235 2896 ,
3285 2835 3375 2887 sed
3400 2836 3555 2888 etiam
3586 2850 3727 2903 pains

2171 2904 2382 2970 plet-tit,
2414 2920 2535 2958 cum
2569 2904 2632 2958 iis
2662 2904 2771 2957 ullo
2797 2903 3009 2957 honoris
3036 2914 3303 2973 ηιιῃηιωιιο
3326 2907 3374 2958 in
3401 2907 3600 2960 erdicil.
3634 2906 3728 2959 lm-

2172 2991 2260 3029 mo
2320 2992 2419 3030 nec
2467 2991 2569 3029 suo
2618 2989 2676 3028 se
2714 2975 2834 3044 jure
2882 2979 2995 3035 uti,
3049 2979 3141 3031 sed
3172 2977 3444 3030 severiore
3473 2992 3726 3045 pmuacos

2172 3047 2403 3100 multare
2435 3049 2533 3100 sibi
2590 3046 2807 3099 licuisse
2855 3048 3142 3115 signiﬁcat,
3176 3063 3293 3099 cum
3327 3063 3428 3100 non
3477 3050 3608 3114 quod
3650 3049 3728 3116 jus

2169 3118 2359 3188 exigit,
2391 3118 2485 3172 sed
2518 3117 2661 3186 quod
2688 3118 3056 3172 misericordia
3087 3130 3140 3173 et
3171 3118 3489 3179 indulgentia
3531 3124 3724 3183 snmlet,

2170 3189 2436 3243 advt-rsus
2459 3204 2553 3242 eos
2580 3188 2873 3243 decernere
2902 3205 2960 3243 se
3001 3190 3256 3243 declarat.
3287 3190 3537 3255 Quocirca
3566 3200 3611 3243 ct
3643 3194 3727 3242 atl-

2171 3276 2362 3316 versus
2388 3276 2507 3325 eos,
2541 3258 2633 3327 qui
2667 3277 2725 3312 se
2755 3261 3092 3315 sacerdotum
3122 3278 3183 3313 ac
3227 3261 3500 3314 levitarum
3546 3264 3727 3314 veteris

2172 3333 2306 3401 legis
2336 3332 2588 3399 exemplo
2617 3329 2781 3384 fultos
2813 3343 3174 3400 pr.t-texentes
3198 3374 3213 3395 ,
3258 3347 3442 3399 parere
3467 3334 3729 3386 detrecta-

2173 3405 2321 3467 bant,
2348 3403 2458 3472 jam
2480 3403 2603 3468 jure
2630 3416 2727 3453 suo
2754 3414 2913 3455 tttcns
2936 3403 3192 3472 gradibus
3234 3404 3349 3457 illos
3379 3405 3560 3469 privat.
3590 3403 3728 3459 Ultro

2172 3474 2335 3543 igitur
2365 3473 2573 3535 fassus,
2615 3487 2680 3527 ne
2711 3473 2963 3528 Siricinm
3003 3476 3217 3542 quidem
3249 3476 3408 3529 ullum
3456 3492 3607 3529 nosse
3652 3474 3725 3529 vel

2171 3548 2524 3600 decessurum
2558 3561 2782 3597 suorum
2819 3546 2898 3597 vel
2929 3547 3279 3599 conciliorum
3317 3546 3605 3609 decretum;
3629 3559 3729 3611 quo

2170 3620 2504 3671 continentia
2557 3616 2832 3681 praedictis
2873 3616 3128 3682 gradibus
3179 3618 3584 3683 prmciperetur,
3627 3631 3723 3669 non

2172 3690 2444 3742 immerito
2491 3688 2831 3748 existimem,
2864 3702 2987 3742 eum
3019 3703 3123 3740 non
3172 3703 3366 3741 meram
3394 3687 3725 3741 consuetudi-

2172 3776 2318 3821 nem,
2353 3760 2447 3812 sed
2479 3759 2651 3827 legem
2702 3773 2728 3812 a
2764 3757 2873 3812 Deo
2920 3761 3177 3813 sancitum
3204 3800 3218 3821 ,
3258 3770 3311 3811 et
3366 3758 3431 3810 ab
3480 3758 3726 3827 Apustolo

2170 3830 2447 3892 traditam,
2476 3830 2755 3883 vindicare
2784 3830 3040 3884 voluisse.
3065 3830 3210 3884 llauc
3240 3829 3432 3898 quippe
3460 3830 3618 3897 legem
3648 3842 3725 3882 re-

2170 3904 2326 3967 petit,
2360 3913 2470 3955 tmn
2499 3903 2565 3955 ab
2594 3905 2710 3969 ipso
2740 3902 2909 3955 veteri
2939 3901 3317 3965 Testamento,
3348 3916 3450 3970 quo
3480 3901 3524 3952 id
3552 3915 3723 3953 sacer—

2166 3973 2384 4026 dotibus
2418 3973 2746 4040 prtecipitur,
2780 3971 2961 4025 Sancti
3005 3982 3181 4037 estote,
3208 3981 3334 4035 etc.,
3367 3982 3421 4027 et
3448 3973 3494 4024 iu
3521 3985 3622 4039 quo
3648 3970 3721 4024 illi

2166 4059 2314 4098 anno
2342 4045 2474 4098 vicis
2505 4060 2615 4096 sua:
2649 4042 2830 4111 procul
2865 4058 2892 4096 a
2925 4043 3169 4097 domibus
3214 4044 3323 4096 suis
3348 4085 3361 4103 .
3399 4042 3629 4110 adeoque
3659 4043 3723 4097 ab

2168 4116 2451 4180 uxoribus,
2477 4114 2722 4168 habitare
2743 4113 3090 4184 jubebantur,
3117 4115 3186 4167 ita
3216 4126 3273 4166 ut
3292 4115 3444 4168 solius
3463 4114 3723 4166 successio-

2092 3574 2136 3636 C

2166 4188 2244 4241 nis
2273 4203 2431 4240 causa
2470 4187 2681 4239 uxorius
2713 4202 2836 4239 usus
2864 4186 3084 4252 posthac
3113 4186 3193 4239 eis
3242 4186 3387 4253 fuerit
3435 4185 3719 4245 relaxatus;

2164 4266 2276 4312 tum
2304 4274 2331 4311 a
2361 4258 2639 4311 voluntate
2665 4257 2899 4320 Domini,
2925 4258 3014 4326 qui
3046 4257 3235 4326 Legem
3268 4258 3426 4311 etiam
3459 4257 3551 4308 hac.
3588 4257 3636 4307 in
3664 4270 3719 4307 re

2165 4329 2310 4384 venit
2356 4330 2582 4395 implere
2608 4342 2672 4383 ac
2703 4327 2986 4394 perlicere.
3022 4340 3131 4382 tum
3177 4327 3386 4382 demum
3413 4327 3478 4380 ab
3516 4326 3720 4379 institu-

2164 4403 2310 4455 tione
2346 4399 2622 4469 Apostoli,
2652 4400 2740 4465 qui
2783 4399 2921 4452 hanc
2957 4398 3160 4454 nomini
3193 4401 3509 4453 Voluntateui
3539 4397 3715 4469 decla-

2163 4474 2323 4526 ravit.
2352 4466 2561 4537 Quibus
2591 4470 2856 4538 expositis
2896 4471 2983 4525 ubi
3007 4472 3206 4533 subdit,
3256 4469 3476 4536 Quarum
3502 4466 3714 4521 sanctio-

2162 4561 2286 4597 num
2327 4559 2501 4596 omnes
2527 4543 2815 4597 sacerdotes
2845 4559 2906 4595 ac
2948 4543 3112 4596 letiin
3157 4540 3411 4595 insolubili
3457 4538 3559 4611 lege
3598 4554 3715 4611 con-

2158 4616 2480 4683 stringimur,
2511 4628 2618 4668 non
2655 4629 2847 4667 novam
2880 4614 3053 4679 legem
3103 4630 3129 4665 a
3155 4627 3212 4668 se
3241 4612 3416 4674 condi,
3440 4608 3528 4664 sed
3556 4626 3585 4683 λγ
3607 4608 3712 4683 Deo

2159 4701 2221 4740 ac
2256 4680 2483 4741 Domino
2517 4686 2677 4739 latam
2721 4692 2776 4738 ct
2814 4684 2882 4736 ab
2919 4683 3179 4753 Apostolo
3220 4684 3503 4736 institutam
3546 4680 3711 4733 vindio

2157 4761 2269 4813 cari
2314 4758 2541 4810 indicat.
2596 4755 2728 4810 Inde
2774 4758 2933 4808 etiam
2988 4754 3118 4820 legis
3160 4754 3313 4821 hujus
3354 4754 3710 4807 necessitatem

2157 4829 2528 4888 commendat,
2571 4826 2713 4895 quod
2776 4827 2897 4881 novi
2954 4827 3169 4883 ltederis
3213 4826 3508 4895 Sacerdotes
3548 4824 3710 4876 sacri-

2159 4901 2277 4955 ﬁcia
2319 4898 2549 4967 quotidie
2589 4898 2697 4952 Deo
2746 4897 3006 4956 oderant.
3051 4899 3289 4965 adeoque
3338 4896 3708 4950 continentiam

456 4984 503 5026 et
525 4960 710 5025 bonum
744 4984 814 5026 cst
840 4960 1049 5034 nubere,
1080 4986 1173 5025 cur
1202 4970 1550 5025 sacerdotibus
1590 4989 1691 5024 non
1729 4971 1845 5024 licet
1871 4988 2052 5027 uxores
2083 4960 2131 5020 D
2157 4960 2399 5041 quotidie
2432 4985 2652 5024 scrvare
2685 4969 2864 5023 divina
2907 4969 3022 5039 lege
3052 4960 3359 5039 jubeantur.
3402 4968 3615 5041 Detnum
3658 4967 3708 5017 in

450 5044 643 5098 habere
666 5060 685 5107 ;
708 5045 760 5096 id
790 5055 861 5097 est
895 5054 948 5097 ut
969 5043 1221 5097 ordinatis
1238 5048 1353 5116 jam
1368 5058 1469 5116 non
1492 5042 1643 5097 liceat
1658 5044 1963 5116 conuenire?
1982 5059 2048 5100 ac

455 5117 772 5186 reSpondet,
806 5116 934 5182 Quis
955 5117 1145 5169 nesciat
1164 5113 1741 5186 unumquodquesuam
1766 5113 1927 5186 legem
1953 5116 2046 5170 ha—

453 5184 568 5241 bere
591 5188 900 5259 ?additque
934 5201 1058 5239 mox
1085 5204 1097 5238 :
1150 5184 1215 5238 Et
1245 5202 1346 5259 non
1375 5184 1540 5241 solum
1565 5184 1687 5239 huic
1725 5184 2044 5259 (sacerdoti)

448 5258 748 5311 concubitus
774 5276 876 5311 non
904 5259 1044 5322 licet,
1070 5273 1246 5310 verum
1273 5258 1425 5327 etiam
1450 5259 1687 5311 ministro
1715 5258 1848 5328 ejus,
1881 5258 1931 5311 id
1960 5267 2045 5315 est

445 5329 699 5384 diacono.
735 5330 886 5395 Quod
929 5329 997 5383 de
1041 5344 1206 5383 mera:
1235 5329 1645 5383 consuetudinis
1688 5329 1805 5399 lege
1836 5329 2039 5385 dictum

440 5417 550 5454 non
602 5415 723 5455 esse
776 5400 1089 5454 Jovinianus
1123 5399 1321 5453 ﬁrmat.
1374 5399 1475 5454 Iste
1501 5402 1645 5456 enim
1682 5399 2035 5457 Continenlize

444 5471 638 5540 h0~tis,
661 5471 805 5541 apud
842 5470 1338 5541 Ilieronymumlib.
1367 5484 1589 5526 icontra
1625 5473 1802 5542 ipsum
1830 5512 1842 5531 .
1878 5471 2034 5529 fateri

442 5547 672 5613 cogitur,
706 5560 809 5597 non
839 5558 986 5607 posse
1015 5559 1125 5596 esse
1146 5544 1448 5612 episwpum
1475 5585 1488 5607 ,
1535 5545 1622 5613 qui
1650 5546 1705 5597 in
1733 5544 2035 5613 episcopatu

442 5613 579 5682 ﬁlios
608 5617 765 5684 faciat
791 5633 809 5680 ;
839 5614 1075 5687 alioquin
1090 5614 1145 5687 si
1175 5614 1524 5687 deprehensus
1554 5617 1731 5687 fuerit,
1760 5630 1861 5668 non
1884 5617 2033 5685 quasi

438 5687 516 5737 vir
538 5686 809 5747 tenebitur,
833 5686 920 5749 sed
950 5685 1098 5754 quasi
1124 5684 1329 5740 adulter
1357 5684 1685 5741 damnabitur
1718 5702 1736 5740 :
1774 5684 1904 5740 cum
1929 5688 2028 5742 viri

437 5756 730 5812 clarissimi
770 5758 1032 5810 sententia
1085 5754 1132 5810 is
1163 5771 1268 5811 non
1318 5766 1376 5810 ut
1408 5759 1619 5814 adulter
1648 5756 1987 5813 damnandus
2012 5800 2026 5823 ,

440 5829 534 5882 sed
578 5830 789 5897 pudore
817 5836 1022 5882 tantum
1055 5827 1248 5882 fuisset
1277 5828 1697 5892 suil‘tmdendus,
1744 5830 1786 5882 si
1834 5840 2023 5884 comra

440 5896 609 5952 solam
637 5896 1084 5953 consuetudinem
1113 5910 1408 5967 peccasset.
1437 5901 1507 5956 At
1537 5900 1680 5956 hunc
1710 5899 2028 5957 Iovinianus

441 5969 830 6039 damnandum,
856 5976 911 6024 et
933 5970 1005 6024 ita
1033 5971 1395 6028 damnandum
1422 5972 1713 6040 latetur,ut
1737 5974 2024 6046 cpiscopus

2152 5036 2382 5112 epistola
2433 5041 2499 5106 5,
2548 5042 2614 5095 ad
2653 5042 2812 5096 Atros
2853 5036 3223 5104 inisSafhauc
3263 5040 3496 5112 eamdem
3545 5036 3709 5112 legem

2148 5105 2395 5183 aliasque
2427 5105 2824 5175 renovaturus,
2865 5112 3069 5167 litteras
3110 5113 3239 5166 tales
3268 5110 3391 5164 dare
3430 5123 3485 5160 se
3524 5105 3706 5183 prada-

2151 5194 2261 5249 tur,
2293 5180 2396 5238 non
2425 5200 2538 5252 qua:
2567 5200 2694 5238 nava
2715 5193 2969 5255 pt'tccepta
2995 5184 3167 5249 aliqua
3194 5185 3452 5255 nauarent,
3481 5181 3565 5230 sed
3590 5180 3701 5246 qui-

2146 5257 2240 5311 bus
2268 5273 2328 5311 ea
2355 5273 2469 5326 qua:
2498 5274 2588 5327 per
2633 5253 2889 5327 ignaviam
2921 5254 3263 5321 desidiamque
3301 5253 3572 5321 aliquorum
3614 5265 3708 5327 Aar-

2147 5330 2317 5401 glecta
2343 5320 2461 5381 sunt
2487 5320 2508 5390 ,’
2535 5320 2793 5401 observari
2823 5328 2996 5393 cupiat
3021 5368 3034 5388 ,
3083 5320 3194 5401 qua:
3232 5320 3390 5401 tamen
3434 5320 3705 5401 apostolica

2146 5393 2194 5482 Et
2233 5408 2435 5482 patrum
2465 5400 2826 5482 constitutione
2873 5406 3005 5482 sunt.
3033 5397 3317 5479 constituta.
3368 5393 3499 5473 ΙριιιιΙ
3532 5407 3705 5482 ’porro

2141 5461 2321 5527 Siricii
2354 5470 2418 5524 de
2465 5471 2841 5537 predictorum
2890 5468 3137 5522 ordinum
3166 5464 3479 5537 continentia
3514 5461 3698 5516 decrc—

2142 5552 2254 5597 tum
2276 5536 2572 5615 confirmat
2601 5541 2923 5615 Toletanntn
2954 5538 3275 5615 [concilium
3298 5552 3410 5615 cap.
3444 5536 3558 5615 [Μ
3598 5603 3611 5615 .
3648 5603 3660 5614 ⁸

2217 5624 2237 5652 ο
2274 5613 2386 5667 Duo
2411 5628 2567 5678 mss.,
2589 5630 2746 5684 opcrc
2782 5627 2797 5664 :
2823 5611 3160 5684 inconcinne.
3180 5611 3312 5684 Quae
3335 5603 3424 5684 hic
3454 5620 3479 5656 ει
3501 5603 3699 5684 Siricio

2138 5681 2958 5749 Constituuntur,Innocentius!
2980 5683 3137 5749 epist.
3159 5683 3212 5745 6,
3236 5680 3299 5733 ad
3332 5680 3694 5741 Exsuperium,

2136 5769 2190 5812 et
2223 5756 2531 5826 Agatltense
2553 5754 2844 5811 concilium
2873 5770 2990 5808 can.
3024 5754 3090 5819 9,
3119 5750 3385 5822 sequenda
3410 5762 3525 5803 esse
3546 5762 3693 5826 pra:-

2134 5818 2362 5897 cipiu'nt.
2428 5827 2623 5881 Iisdem
2665 5834 3026 5883 consentanea
3069 5818 3226 5897 Stint',
3269 5818 3690 5897 qua:_conc_i_lium

2135 5888 2471 5955 Tauriuense
2498 5913 2621 5953 can.
2653 5899 2709 5964 8,
2734 5899 3119 5953 Arausicanutn
3148 5888 3309 5950 lcan'.
3336 5890 3423 5957 ιιι.
3453 5901 3505 5946 et
3527 5888 3694 5945 Turo-

2133 5969 2343 6029 neosel
2369 5984 2492 6028 can.
2514 5968 2575 6038 2,
2600 5967 2813 6033 iubent.
