3874 6408
176 391 322 447 1145

1383 391 1742 452 EPISTOLE
1783 391 1874 450 ET
1913 391 2232 452 DECRETA
2246 431 2259 446 .

3322 393 3462 451 1146
3494 455 3496 457 ,

177 508 231 566 in
289 512 373 568 his
415 513 631 582 eadem,
678 528 802 585 quae
847 514 1072 586 singulis
1117 512 1465 585 dignitatibus
1517 514 1766 584 superius
1794 513 1842 576 Α
1871 513 1938 569 ab
1967 513 2264 584 apostolica
2322 511 2454 568 sede
2502 511 2852 586 premendam
2883 527 3004 570 esse
3060 513 3387 570 sententiam
3413 525 3461 569 π.

177 605 532 674 ντ.υηιὶιιιιιε,
558 615 800 676 tempora
825 605 1028 662 fuerint
1051 605 1342 660 custodita.

249 697 382 752 CAP.
408 696 548 753 XIV.
575 729 642 740 —
674 698 760 753 18.
797 697 993 754 Clerico
1038 699 1166 753 nttlli
1198 699 1491 753 conceditur
1523 699 1768 767 pwuitrtt-

174 792 305 844 tiam
333 808 501 866 agere.
547 802 572 830 ει
618 792 749 846 lllttd
798 809 1010 864 quoque
1049 807 1148 847 nos
1185 809 1280 862 par
1310 791 1409 847 fuit
1458 790 1765 861 providere,

172 893 233 938 ut
263 884 406 940 sicut
430 885 803 956 paenitentiam
827 902 990 956 agere
1017 887 1267 956 cuiquam
1311 900 1414 940 non
1446 885 1766 940 conceditur

170 976 519 1041 clericorum,
547 977 616 1031 ita
646 985 697 1033 et
724 989 847 1050 post
869 976 1255 1048 panitutlinem
1281 992 1344 1032 ac
1371 977 1769 1032 reconciliatio-

171 1084 300 1124 nem
329 1068 461 1122 nulli
495 1084 749 1140 umquam
801 1072 938 1125 laico
985 1070 1144 1124 liceat
1174 1069 1435 1125 honorem
1482 1071 1769 1126 clericatus

168 1162 405 1232 adipisci
444 1179 457 1215 :
495 1164 621 1233 quia
669 1164 917 1232 quamvis
969 1165 1077 1218 sint
1131 1163 1372 1219 omnium
1423 1173 1766 1232 peccatorum

168 1254 500 1327 contagione
525 1258 793 1324 mundati,
816 1258 957 1313 nulla
983 1267 1162 1313 tamen
1184 1257 1380 1314 debent
1401 1258 1765 1329 gerendorum

169 1361 642 1407 sacramentorum
695 1353 1050 1408 instrumenta
1093 1352 1401 1423 suscipere.
1432 1352 1520 1422 qui
1563 1351 1763 1407 dudum

169 1440 381 1497 fuerint
413 1459 536 1498 vasa
570 1444 850 1498 vitiorum.

245 1536 379 1592 Car.
415 1537 608 1593 χν.-
646 1537 732 1594 19.
769 1537 836 1592 Ει
861 1539 985 1608 quia
1021 1538 1104 1592 his
1145 1538 1422 1604 omnibus,
1451 1554 1570 1607 quae
1596 1537 1648 1592 in
1680 1553 1765 1593 rc-

165 1629 598 1700 preltensionem
654 1630 913 1694 veniunt,
943 1629 1058 1684 sola
1097 1631 1379 1684 excusatio
1409 1629 1764 1700 ignorationis

165 1719 492 1777 obtenditur
513 1763 527 1788 ,
553 1722 639 1777 cui
688 1737 786 1777 nos
832 1722 1068 1787 interim,
1101 1722 1269 1776 solius
1297 1721 1512 1792 pietatis
1543 1722 1760 1787 intuitu,

163 1829 398 1870 necesse
425 1825 508 1871 est
535 1815 836 1872 clementer
867 1817 1186 1886 ignoscere:
1224 1817 1550 1886 quicumque
1589 1817 1766 1886 posui-

165 1916 294 1962 teus
320 1905 479 1977 (Dist.
506 1907 595 1974 50,
625 1924 671 1962 ο.
707 1907 819 1978 56),
843 1910 1170 1979 quicumque
1218 1908 1482 1978 bigamus,
1516 1909 1761 1979 quiettm-
1792 1937 1837 1996 Β

162 2015 276 2070 que
307 1999 482 2054 vidua:
516 2001 767 2067 maritus,
790 2001 856 2055 ad
897 2017 1104 2056 sacram
1139 2001 1384 2056 militiam
1435 2002 1673 2058 indebite
1707 2011 1763 2058 et

167 2091 608 2161 incompeteuter
648 2093 887 2162 irrepsit,
919 2093 1018 2148 hac
1059 2093 1160 2149 sibi
1205 2095 1518 2149 conditione
1546 2109 1574 2147 a
1607 2092 1764 2149 nobis

162 2184 385 2239 veniam
442 2183 708 2255 intelligat
753 2184 1075 2250 relaxatam,
1108 2194 1164 2238 ut
1217 2183 1269 2238 itt
1323 2199 1519 2255 magno
1570 2184 1766 2240 debeat

160 2285 490 2345 computare
549 2275 858 2338 beneficio,
920 2273 965 2328 si
1023 2274 1271 2344 adempta
1323 2275 1424 2329 sibi
1468 2276 1615 2329 omni
1666 2290 1763 2344 spe

162 2367 191 2406 ι’
211 2368 606 2439 provectionis,
624 2369 675 2422 itt
692 2369 795 2424 hoc
822 2369 872 2422 in
895 2384 1000 2439 quo
1017 2369 1322 2424 invenietur
1334 2368 1550 2433 ordine,
1572 2384 1764 2440 perpe-

161 2471 256 2516 tua
287 2462 580 2517 stabilitate
627 2472 943 2532 permaneat
978 2480 990 2516 :
1026 2463 1212 2517 scituri
1245 2462 1470 2532 posthac
1520 2463 1760 2517 omnium

161 2556 573 2625 provinciarum
605 2557 801 2612 summi
835 2558 1125 2623 antistites,
1157 2557 1298 2627 quod
1331 2558 1373 2611 si
1407 2557 1543 2611 ultra
1575 2560 1641 2611 ad
1671 2571 1760 2612 sa-

158 2661 292 2700 cros
323 2646 550 2703 ordines
599 2663 930 2718 quemquam
961 2648 1029 2703 de
1063 2649 1263 2703 talibus
1304 2649 1637 2704 crediderint
1677 2664 1764 2704 as-

160 2739 517 2805 sumendum,
537 2751 590 2796 et
617 2741 685 2795 tle
716 2757 838 2808 suo,
858 2750 913 2796 et
935 2739 1004 2796 de
1033 2756 1221 2797 eorum
1250 2750 1392 2796 statu
1416 2755 1550 2812 quos
1572 2749 1762 2796 contra

155 2848 405 2893 canones
435 2845 489 2893 et
521 2835 809 2892 interdicta
852 2848 1038 2892 nostra
1069 2836 1441 2908 provexerint,
1470 2851 1761 2908 congruant

242 3007 266 3034 ι
295 2998 526 3068 Capituli
556 2997 714 3068 hujus
737 3012 944 3052 summa
971 2999 1020 3050 in
1049 3012 1154 3051 uno
1185 3011 1285 3050 ms.
1310 2995 1464 3052 Colb.
1497 3006 1552 3049 et
1579 2996 1753 3052 altero

156 3069 314 3124 Pith.
343 3071 414 3123 ita
438 3071 779 3124 enuntiatur:
801 3069 1108 3133 Ouidudum
1131 3069 1334 3137 fuerant
1351 3084 1469 3121 rasa
1486 3069 1750 3132 uitiorum,

158 3143 412 3194 honorem
455 3141 723 3194 clericatus
751 3159 852 3194 non
890 3140 1264 3210 adipiscantur.
1291 3143 1560 3210 Qttosnam
1590 3139 1749 3210 cleri-

155 3227 260 3266 ('08
313 3213 538 3266 Strieius
576 3227 603 3264 a
655 3209 1210 3280 ptettitentiapublica
1243 3213 1477 3269 eximat.
1509 3209 1627 3278 jure
1667 3209 1752 3262 hic

155 3293 459 3349 quaeratur.
493 3281 934 3352 Carthagineusis
983 3283 1198 3350 quidem
1243 3297 1273 3334 v
1301 3281 1514 3352 concilii
1545 3296 1753 3352 canone

156 3355 223 3407 11
269 3372 284 3434 ξ
313 3351 810 3434 ’(ὀιιίῑιοιιιιιιιιιιιίςιῃ
834 3363 887 3406 ut
905 3353 953 3434 si
982 3352 1190 3433 quando
1213 3351 1497 3434 presbyteri
1527 3353 1605 3404 vel
1634 3351 1750 3404 dia-

153 3425 284 3497 coni
307 3425 356 3478 in
386 3424 558 3495 aliqua
588 3426 810 3497 graviori
832 3425 982 3494 culpa
1010 3423 1222 3497 cont-icti
1247 3423 1458 3497 fuerint,
1485 3439 1586 3491 qua
1614 3438 1698 3475 eos
1721 3439 1753 3476 a

153 3496 448 3548 ministerio
471 3494 670 3550 meme
702 3497 854 3560 fuerit
878 3496 1146 3558 removeri,
1173 3511 1271 3547 non
1300 3494 1372 3548 eis
1401 3509 1584 3547 manus
1623 3503 1747 3545 tam-

151 3582 317 3636 quam
339 3567 693 3637 paenitentibus
711 3565 785 3619 vel
800 3565 1037 3637 fidelibus
1053 3565 1198 3618 laicis
1219 3566 1529 3637 imponatur.
1545 3564 1752 3637 Quibus

150 3634 460 3690 eoneinens
501 3636 612 3691 Leo
651 3638 813 3706 epist.
854 3635 890 3688 2
915 3637 979 3688 ad
1011 3634 1311 3699 Rusticum,
1346 3652 1398 3688 n.
1435 3635 1490 3698 5,
1520 3634 1748 3689 scribit:

151 3708 402 3760 Alienum
422 3717 497 3761 est
518 3725 548 3760 a
571 3707 936 3762 consuetudine
962 3707 1325 3770 ecclesiastica,
1357 3715 1409 3758 ut
1429 3706 1517 3772 qui
1537 3709 1588 3758 in
1609 3723 1752 3776 pres-

149 3779 378 3847 byterali
423 3781 635 3841 Itonorc,
673 3788 762 3830 out
793 3779 844 3831 in
874 3778 1096 3829 tliaconit'
1145 3776 1310 3847 gradu
1359 3778 1548 3846 fuerint
1577 3792 1748 3830 come-

149 3850 311 3911 rrati,
327 3851 371 3920 _ii
400 3865 491 3920 pro
517 3850 725 3902 crimine
751 3848 928 3918 aliquo
949 3865 1047 3920 suo
1060 3865 1149 3918 per
1173 3847 1748 3920 manusintpositionem

147 3917 442 3974 remedium
487 3921 744 3985 accipiant
794 3917 1274 3990 ptettitendigrquod
1327 3918 1436 3972 sine
1489 3917 1645 3970 dubio
1690 3933 1752 3990 ea:

149 3992 447 4057 apostolica
479 3991 752 4044 traditione
777 3988 1055 4044 descendit.
1093 3988 1224 4043 Ilttic
1265 4004 1425 4057 porro
1465 3988 1752 4043 sententia:

149 4061 420 4116 accedere
448 4061 663 4117 videtur
691 4062 938 4126 Siricius,
961 4062 1028 4115 de
1055 4060 1120 4114 iis
1149 4061 1363 4114 clericis
1398 4059 1540 4130 loqui
1569 4074 1628 4114 se
1655 4074 1753 4114 no-

150 4142 306 4192 tans.
357 4132 423 4186 ad
471 4147 606 4203 quos
657 4135 885 4203 pertinet
935 4131 1269 4203 gerendorum
1319 4140 1751 4203 sacramentorum

148 4198 503 4258 instrumenta
522 4198 796 4271 suscipere.
827 4198 1060 4271 Quippe,
1094 4215 1145 4255 ttt
1191 4202 1480 4255 concilium
1527 4198 1752 4254 Cartha-

149 4276 384 4344 ginense
407 4288 467 4337 It,
485 4288 533 4326 c.
559 4273 616 4336 Ω,
635 4271 790 4344 docet
805 4315 816 4336 ,
833 4283 1149 4327 sacramenta
1171 4281 1483 4344 contrectant
1504 4271 1750 4342 epismpi,

149 4343 464 4416 presbyteri,
487 4344 709 4399 diaconi.
745 4343 1051 4416 Notandum
1085 4353 1262 4416 tamen
1300 4343 1606 4416 εςιίδίιιοίιι
1635 4358 1750 4397 ser-

151 4414 380 4471 inouem
429 4431 550 4470 esse
598 4431 706 4471 non
751 4416 912 4469 tundo
956 4415 1024 4469 de
1055 4415 1288 4477 clericis,
1319 4414 1408 4481 qui
1437 4424 1754 4468 sacramenta

151 4497 501 4550 contrectant,
530 4485 625 4541 sed
657 4496 712 4542 et
741 4485 805 4541 de
830 4486 890 4540 iis
919 4486 1010 4552 qui
1040 4483 1380 4554 gerendorum
1408 4493 1754 4538 sacramento-

151 4575 277 4612 rum
326 4547 659 4612 instrumenta
684 4547 992 4628 suscipiunt.
1035 4547 1218 4624 Neque
1265 4554 1752 4628 minusgeneralis

151 4637 246 4684 est
287 4644 349 4680 ea
399 4630 542 4683 illius
586 4626 885 4695 sententia,
913 4645 1014 4698 qua
1056 4626 1749 4698 cuicumqueclericorum

153 4699 538 4768 paenitentiam
561 4701 785 4755 concedi
818 4696 999 4770 negat,
1023 4713 1183 4770 quam
1207 4712 1311 4766 qua
1341 4696 1537 4770 laicum
1565 4712 1752 4770 quem-

150 4785 394 4838 cumque
439 4779 560 4838 post
598 4769 988 4838 paenitudinem
1022 4769 1053 4823 a7
1081 4784 1425 4841 quocumque
1466 4769 1753 4841 clericatus

148 4841 330 4908 gradu
357 4842 532 4895 arceri
561 4843 744 4896 tradit.
781 4843 964 4906 Atqui,
989 4838 1303 4896 Innocentio
1326 4839 1487 4906 epist.
1515 4838 1587 4895 40
1620 4847 1752 4893 teste

145 4921 210 4967 et
247 4911 564 4985 interprete,
594 4928 814 4985 canones
844 4912 983 4985 apud
1027 4909 1257 4985 Nicamttt
1299 4911 1564 4985 constituti
1592 4911 1750 4985 poeni-

148 4992 317 5054 tentes
361 4984 512 5037 etiam
559 4983 623 5038 ab
664 4981 1063 5054 inﬁmis'omciis
1104 4981 1407 5054 clfricorum
1451 4981 1750 5035 excludunt.

153 5053 399 5108 Eosdem
440 5055 682 5110 excludit
721 5049 775 5109 et
804 5049 1098 5110 colicilium
1137 5049 1565 5119 Carthagincnse
1602 5067 1676 5116 tv,
1700 5066 1749 5106 c.

152 5124 256 5185 68.
286 5125 711 5195 nominatimque
734 5127 787 5180 iu
817 5126 1046 5181 ecclesia
1079 5122 1320 5195 Romana
1354 5121 1404 5195 id
1447 5123 1564 5195 lege
1594 5133 1752 5191 atque

1945 606 2032 663 ΞΟ.
2068 606 2135 663 Ut
2167 606 2431 662 Himerius
2469 607 2573 661 lta'c
2599 616 2786 661 statuta
2819 607 3046 662 ecclesiis
3084 607 3201 662 aliis
3229 619 3348 663 nota
3386 611 3465 679 fa-

1874 696 1989 752 ciat.
2049 697 2442 770 Explicuimus,
2490 710 2544 754 ιιι
2588 700 2844 766 arbitror,
2903 699 3072 756 frater
3115 699 3461 768 charissime,

1873 790 2120 847 universa
2149 807 2268 862 qua:
2299 793 2508 863 digesta
2537 802 2661 848 sunt
2703 793 2756 849 in
2792 793 3069 863 querelam
3097 812 3109 849 :
3142 805 3194 850 et
3234 795 3299 850 ad
3348 797 3465 852 sin-

1871 884 2022 956 gulas
2046 899 2256 952 causas,
2295 885 2363 940 de
2391 883 2589 956 quibus
2627 900 2724 957 per
2762 885 2931 940 ltlium
2977 896 3221 942 nostrqu
3250 887 3464 943 Bassia-

1873 993 1998 1032 num
2023 978 2395 1047 presbyterum
2419 977 2486 1033 ad
2511 977 2805 1034 Romanam
2829 978 3152 1045 Ecclesiam,
3183 989 3370 1050 utpote
3392 980 3459 1035 ad

1871 1081 2030 1140 caput
2074 1074 2163 1125 tui
2195 1072 2458 1141 corporis,
2504 1071 2753 1139 retulisti,
2809 1071 3138 1128 sufficientia
3195 1083 3456 1142 quantum

1869 1163 2062 1234 opinor
2091 1178 2350 1235 responsa
2391 1164 2744 1221 reddidimus.
2787 1165 2939 1222 Nunc
2969 1164 3322 1222 fraternitatis
3353 1177 3461 1222 tua:

1868 1257 2105 1311 animum
2135 1256 2200 1310 ad
2238 1256 2534 1313 servandos
2560 1272 2794 1313 canones
2825 1267 2879 1313 et
2909 1258 3136 1315 tenenda
3166 1258 3458 1315 decretalia

1866 1350 2156 1406 constituta
2190 1352 2359 1421 magis
2380 1366 2444 1406 ac
2475 1353 2645 1422 magis
2675 1350 2985 1417 incitamus,
3020 1362 3076 1406 ut
3107 1352 3220 1407 haec
3249 1368 3368 1423 qua:
3391 1352 3458 1407 ad

1871 1453 1956 1496 tua
2000 1443 2373 1512 rescripsimus
2403 1444 2671 1509 consulta,
2728 1443 2779 1497 in
2807 1444 3053 1499 omnium
3099 1444 3461 1514 coepiscopo-

1867 1551 1985 1590 rum
2016 1546 2322 1590 nostrorum
2351 1533 2582 1606 perferri
2613 1536 2777 1590 facias
2809 1537 3111 1603 notionem,
3145 1544 3200 1593 et
3222 1551 3328 1592 non
3369 1551 3460 1592 so-

1869 1628 1974 1682 lum
2004 1643 2190 1682 eorum
2231 1631 2320 1698 qui
2371 1628 2424 1683 itt
2469 1637 2554 1682 tua
2587 1638 2713 1684 sunt
2742 1627 2960 1684 ditecesi
2994 1630 3269 1685 constituti
3303 1649 3316 1684 :
3361 1630 3457 1686 sed

1867 1722 2030 1776 etiam
2059 1721 2126 1775 ad
2169 1722 2449 1777 universos
2475 1719 2932 1792 Carthaginenses
2974 1737 3036 1777 ac
3065 1721 3318 1789 Baeticos,
3348 1723 3460 1778 Lu-

1865 1815 2071 1868 sitanos
2111 1823 2269 1882 atque
2301 1812 2327 1850 ἀ
2373 1813 2656 1881 Gallicios,
2702 1815 2784 1869 vel
2818 1828 2938 1878 eos,
2992 1815 3082 1882 qui
3121 1812 3317 1869 vicinis
3365 1814 3462 1869 tibi

1865 1905 2186 1960 collimitant
2216 1905 2339 1959 hinc
2387 1905 2511 1960 inde
2541 1906 2851 1974 provinciis,
2885 1905 3021 1974 haec,
3053 1922 3175 1977 qua:
3223 1924 3251 1961 a
3300 1906 3458 1963 nobis

1865 2007 1991 2053 sunt
2037 1996 2240 2053 salubri
2280 1995 2622 2054 ordinatione
2670 1998 2951 2066 disposila,
3005 1998 3106 2053 sub
3154 1999 3456 2054 litterarum
3506 1993 3508 1997 ’

1865 2098 2072 2144 luatutn
2115 2091 2497 2160 prosecutione
2537 2091 2844 2145 mittantur.
2889 2090 2953 2145 Et
2980 2105 3306 2162 quamquam
3349 2099 3460 2146 sta-

1863 2191 1974 2237 tuta
2005 2182 2152 2238 sedis
2180 2184 2493 2253 apostolicae
2531 2183 2618 2238 vel
2646 2198 2912 2238 canonum
2946 2183 3276 2238 venerabilia
3317 2182 3456 2239 defle

1864 2276 1995 2341 uita,
2029 2275 2159 2330 nulli
2190 2274 2529 2332 sacerdotum
2565 2275 2777 2330 Domini
2809 2276 3055 2345 ignorare
3087 2276 3157 2329 sit
3184 2275 3410 2331 liberum
3439 2294 3452 2330 :

1865 2369 2049 2424 utilius
2089 2377 2292 2433 tamen,
2324 2377 2378 2423 et
2418 2383 2514 2438 pro
2552 2367 2873 2437 antiquitate
2916 2367 3208 2423 sacerdotii
3242 2369 3340 2434 tui,
3371 2368 3458 2423 di-

1866 2460 2082 2517 lectioni
2107 2470 2214 2515 tua:
2240 2472 2359 2515 esse
2385 2459 2676 2515 admodum
2715 2460 2912 2530 poterit
2941 2457 3259 2529 gloriosum,
3289 2459 3334 2514 si
3362 2474 3447 2528 ea,

1864 2571 1985 2626 quae
2024 2554 2089 2609 ad
2135 2565 2186 2610 te
2210 2554 2432 2625 speciali
2464 2554 2680 2609 nomine
2729 2553 3052 2624 generaliter
3071 2555 3274 2624 scripta
3305 2562 3450 2622 sunt,

1864 2663 1959 2718 per
1990 2647 2359 2702 unanimitatis
2383 2659 2485 2700 tua:
2511 2646 2956 2710 sollicitudinem,
2989 2648 3040 2700 in
3072 2645 3452 2701 universorum

1864 2743 2089 2795 fratrum
2115 2749 2421 2795 nostrorum
2449 2739 2696 2794 nomium
2716 2738 3085 2810 perferantur:
3110 2747 3378 2809 quatenus
3397 2748 3453 2796 et

1865 2850 2034 2906 qncea
2067 2835 2222 2890 nobis
2261 2847 2366 2889 non
2397 2833 2717 2899 inconsulte,
2759 2831 2853 2889 sed
2888 2831 3115 2903 provide
3158 2832 3260 2889 sub
3289 2834 3452 2889 nimia

1856 2995 1961 3051 tius
1990 3010 2158 3050 serm.
2190 2995 2242 3049 in
2276 2994 2614 3050 ordinatione
2658 3011 2778 3053 sua.
2830 2995 3179 3051 innocentius
3217 3011 3353 3066 papa
3405 2996 3447 3062 l,

1855 3066 1964 3122 Leo
1992 3067 2193 3135 aliique
2242 3068 2549 3135 promiscue
2583 3067 2855 3134 quoslibet
2892 3068 3176 3135 episcopos
3222 3084 3450 3131 summos

1854 3138 2142 3192 sacerdotes
2191 3147 2406 3197 vocent,
2465 3137 2517 3190 in
2583 3153 2720 3191 unos
2770 3147 2949 3192 tamen
3003 3138 3449 3205 ntettopolitanns

1855 3208 2108 3262 Convenit
2137 3222 2261 3262 esse
2304 3223 2525 3261 summos
2570 3209 2824 3260 antistites
2854 3209 3254 3275 prorinciarttm.
3287 3208 3450 3263 Forte

1857 3279 2140 3350 mirabitur
2173 3293 2469 3338 nonnemo,
2504 3293 2599 3332 cur
2623 3278 2853 3350 _Siricius
2884 3291 2994 3333 tum
3029 3279 3115 3332 hic
3139 3290 3249 3333 tum
3282 3294 3448 3350 supra

1858 3366 1913 3404 ιι.
1947 3349 2033 3414 12,
2067 3351 2138 3404 ob
2176 3359 2470 3404 memorata
2511 3347 2790 3417 utrobique
2820 3350 2949 3403 vitia
2993 3347 3448 3414 ntetropolitanns

1858 3421 2168 3491 plcetendos
2188 3429 2429 3491 censeat.
2456 3419 2626 3491 Erant
2653 3420 2874 3491 quidem
2907 3419 2980 3472 illi
3004 3419 3173 3490 cuipzt'.
3199 3420 3444 3486 obnoxii,

1857 3489 1900 3545 Si
1953 3492 2078 3562 quid
2123 3492 2174 3545 in
2207 3489 2638 3562 ordinationibus
2684 3490 3060 3559 episropnrum
3095 3489 3308 3557 praeter
3349 3507 3442 3547 ea-

1858 3578 2024 3617 nones
2044 3563 2512 3623 committeretur;
2541 3561 2663 3630 quia
2688 3562 2833 3614 nulla
2861 3576 3045 3615 earnm
3072 3562 3204 3615 citta
3231 3563 3445 3618 illorum

1854 3648 2179 3689 consensum
2212 3632 2377 3688 nebat
2405 3650 2418 3686 :
2453 3642 2506 3685 at
2535 3632 2587 3684 in
2618 3631 2900 3685 ordinibus
2928 3633 3065 3691 aliis,
3106 3645 3242 3700 quos
3271 3635 3336 3687 iis
3364 3635 3445 3687 itt-

1853 3705 2115 3775 cousnltis
2164 3703 2407 3775 episcopi
2457 3701 2829 3775 conferebant.
2884 3702 2984 3757 soli
3035 3701 3440 3775 videnturdpu-

1854 3774 2037 3829 niendi
2067 3774 2332 3844 episcopi,
2358 3773 2438 3828 ‘ut
2475 3783 2526 3826 et
2559 3788 2619 3826 re
2659 3774 2771 3843 ipsa
2823 3787 2917 3827 eos
2969 3789 3105 3827 unos
3153 3773 3443 3830 concilium

1853 3845 2284 3915 Cartltagiuense
2314 3861 2389 3909 tv,
2421 3861 2469 3899 c.
2501 3844 2590 3901 68.
2623 3845 2825 3912 plecnit.
2856 3845 2990 3912 Quia
3035 3854 3212 3898 tamen
3247 3856 3447 3900 metru-

1854 3917 2221 3987 politauorum
2252 3927 2390 3980 erat,
2423 3930 2612 3971 curare
2642 3931 2702 3966 ac
2730 3917 3066 3986 prospicere,
3118 3924 3194 3987 ut
3223 3917 3275 3970 in
3316 3931 3442 3983 ιιι-(ιο

1855 3985 2047 4043 vineiis
2091 3988 2202 4042 suis
2240 4001 2478 4042 canones
2527 3985 2893 4050 servarentur,
2945 4001 3116 4055 eaque
3167 3985 3235 4040 de
3280 4001 3443 4041 causa

1855 4058 1941 4112 his
1983 4059 2272 4128 quotannis
2321 4056 2552 4112 concilia
2608 4057 2884 4128 celebrare
2932 4056 3282 4128 jubebantur,
3335 4073 3440 4111 non

1857 4127 2032 4199 iniqua
2056 4129 2228 4184 videri
2259 4129 2419 4183 debet
2443 4128 2744 4196 disciplina:
2775 4127 2932 4199 hujus
2957 4141 3086 4190 erga
3126 4127 3247 4182 illos
3287 4142 3444 4184 sevc-

1856 4211 2008 4254 rtlas.

1930 4281 1952 4310 ο
1980 4270 2035 4326 ιιι
2067 4278 2379 4340 pervetus’lo
2402 4269 2698 4336 exemplari
2730 4267 3060 4327 Cetbeiensi.
3087 4272 3328 4339 apposita
3358 4271 3446 4326 hic

1857 4343 2064 4404 notttla,
2093 4341 2408 4409 eademque,
2451 4351 2504 4393 ιιι
2540 4340 2655 4394 ﬂeri
2679 4340 2816 4394 solet
2840 4340 3060 4407 quando
3080 4341 3284 4410 aliquid
3310 4356 3439 4409 sup-

1858 4413 2034 4483 pletur
2059 4415 2338 4475 omissum,
2364 4411 2431 4466 ad
2461 4426 2612 4483 oram
2652 4410 2772 4466 libri
2814 4412 3065 4483 repetita,
3101 4411 3300 4466 litteris
3331 4412 3442 4466 Me-

1857 4481 2147 4553 i'ovingicis
2186 4498 2380 4537 novtttn
2409 4481 2660 4553 adjicitur
2688 4482 2998 4551 capitulum,
3040 4496 3137 4536 seu
3165 4483 3440 4537 decretum

1859 4551 2116 4609 hactenus
2147 4553 2427 4609 ineditutn.
2469 4551 2614 4608 idem
2647 4557 2698 4607 in
2734 4555 2850 4617 ipso
2889 4555 3133 4619 epistola-
3157 4563 3441 4619 contextu,

1854 4636 1981 4680 ante
2010 4626 2312 4694 proximum
2356 4625 2580 4678 verbum
2631 4623 3009 4689 Expliettimus,
3041 4621 3267 4678 exhibet
3311 4624 3445 4679 Col-

1856 4697 2097 4751 bertinus
2124 4696 2293 4751 codex
2324 4695 2462 4751 1868
2485 4697 2892 4763 interpolatum.
2918 4694 3028 4748 lloc
3054 4695 3228 4764 ipsum
3253 4695 3443 4750 eadem

1855 4768 2062 4822 ratione
2092 4767 2469 4836 interpolatuttt
2498 4765 2674 4821 Sirieii
2701 4766 2915 4821 nomine
2943 4767 3139 4820 cilalur
3171 4767 3221 4819 in
3253 4776 3433 4821 vetere

1854 4853 2125 4892 canonum
2157 4838 2477 4893 collectione
2517 4845 2645 4890 ante
2673 4851 2842 4890 annos
2871 4837 2976 4891 800
3013 4843 3253 4899 exarata,
3281 4852 3440 4905 quam

1854 4907 2242 4964 Germancnsis
2272 4909 2597 4962 bibliotheca
2630 4920 2812 4962 nosmt
2853 4916 3116 4961 asservat.
3166 4905 3440 4962 Praeterea

1855 4989 1910 5034 et
1932 4981 2032 5035 alia
2064 4993 2223 5036 vetus
2251 4979 2499 5034 collectio
2527 4978 2702 5033 eidem
2734 4976 3069 5034 bibliotheca:
3105 4993 3276 5047 nuper
3301 4979 3444 5032 dono

1855 5052 1977 5105 data
2030 5050 2134 5106 hoc
2186 5049 2525 5120 paucioribus
2580 5058 2917 5105 contractum
2971 5049 3172 5120 pariter
3221 5052 3442 5120 nomine

1856 5121 2034 5176 Sirieii
2068 5118 2270 5176 laudat.
2319 5119 2603 5176 Decretum
2637 5121 2801 5184 istud,
2843 5119 2983 5191 quod
3017 5118 3442 5191 ignoravitDio-

129 5210 264 5251 .usu
291 5206 567 5262 receptum
598 5189 940 5252 Inttocentius
961 5195 1120 5264 epist.
1149 5193 1239 5255 16,
1266 5209 1321 5264 ιι.
1355 5193 1388 5247 8
1415 5200 1470 5247 et
1500 5189 1754 5257 ll,asse-
1778 5191 1832 5252 D
1857 5202 2063 5263 nystus,
2097 5208 2177 5264 ac
2201 5191 2343 5264 forte
2379 5191 2445 5264 ad
2476 5191 2622 5264 aliud
2656 5191 2834 5248 Sirieii
2863 5189 3133 5264 scriptum
3182 5189 3437 5264 pertinet.

152 5268 256 5330 rit,
289 5263 430 5336 quod
460 5275 518 5320 et-
561 5266 806 5322 firmatur
835 5263 1041 5324 Gelasii
1090 5263 1317 5332 epistola
1363 5266 1452 5329 11,
1482 5278 1531 5318 e.
1581 5264 1636 5336 2.
1672 5264 1749 5319 Ex

151 5353 272 5408 quo
299 5337 564 5406 sequitur,
598 5346 656 5391 ut
687 5339 875 5394 Sirieii
921 5337 1187 5408 sententia
1213 5336 1542 5408 quicumque
1569 5335 1751 5408 clerici

153 5403 189 5464 5
224 5403 542 5476 poenitentia
585 5408 797 5478 publica
844 5407 1113 5464 eximendi
1157 5403 1517 5478 sitt‘t._Verttm
1556 5407 1627 5478 ab
1651 5405 1751 5461 hac

153 5479 437 5552 sententia
467 5476 892 5552 discessitiFelix
942 5479 1004 5552 ll,
1026 5478 1190 5552 epist.
1235 5476 1322 5552 15,
1349 5492 1402 5530 ιι.
1437 5477 1491 5540 6.
1517 5476 1607 5548 qui

155 5548 408 5672 nitIentiae
437 5551 669 5622 publica:
695 5551 928 5607 clericos
955 5549 1242 5606 inferiores
1265 5547 1550 5618 conceptis
1572 5547 1753 5604 verbis

156 5638 226 5672 ιιι
255 5631 408 5672 illc“.

156 5631 408 5679 sututett.

238 5637 268 5672 ιι
295 5637 408 5676 tett.

238 5637 370 5765 I{’lta
401 5706 530 5748 mss.
564 5694 920 5765 antiquiores.
954 5693 1057 5748 Alii
1087 5708 1214 5749 vero
1233 5690 1378 5765 libri,
1397 5690 1751 5765 promittimus.

165 5763 625 5839 Videconciliutn
653 5760 1078 5839 Carthagineuse
1106 5780 1180 5839 tv,
1226 5779 1275 5820 e.
1319 5760 1466 5818 68'et
1501 5762 1589 5816 69.
1630 5760 1748 5839 Mos

167 5833 556 5907 provinciarum
592 5833 778 5891 summi
820 5833 1072 5907 antistites
1119 5836 1151 5890 ii
1204 5833 1750 5907 ιιυιιειιρῃηιιιιςιχμιί

168 5901 336 5966 sutura
357 5923 411 5962 ιι.
441 5904 530 5969 12,
560 5902 956 5977 metmpoliiani.
990 5905 1192 5963 Nempe
1228 5901 1472 5973 qtlatn'vis
1499 5901 1749 5957 Gauden-

1854 5260 1955 5319 sub
1978 5263 2182 5333 triplici
2209 5262 2295 5316 illa
2329 5263 2495 5317 forma
2518 5263 2583 5318 ad
2606 5263 2846 5333 epistolte
2868 5260 3094 5328 calcem,
3121 5261 3441 5332 appendicis

1855 5334 1909 5389 in
1938 5348 2173 5404 tnoretn,
2199 5333 2572 5404 subjiciemus.

1926 5402 1953 5442 ά
1983 5404 2054 5459 Ita
2078 5401 2438 5473 Quesnfcutn
2469 5404 2768 5461 veterrinto
2790 5419 2891 5458 ms.
2915 5401 3078 5459 Corh.
3101 5401 3160 5457 ln
3187 5401 3438 5458 Remensi

1856 5475 2034 5546 legere
2065 5487 2149 5532 est
2193 5475 2391 5530 Gallos.
2429 5477 2484 5530 lu
2529 5475 2755 5546 caneris
2790 5490 2920 5531 vero
2965 5474 3138 5546 libris.
3184 5473 3437 5546 Gallicos.

1857 5543 1991 5602 Lab.
2015 5547 2080 5602 ad
2102 5549 2398 5615 marginem
2422 5545 2666 5615 aseripsit
2683 5587 2698 5609 ,
2717 5545 3015 5615 Gallicanos
3034 5561 3068 5600 ιι
3091 5543 3434 5600 Callirinnos.

1856 5617 2088 5688 Rursum
2113 5620 2165 5672 in
2206 5609 2432 5688 evpistola
2476 5618 2538 5672 17
2565 5609 2781 5682 Leonis,
2822 5619 2884 5671 ad
2917 5609 3216 5682 Turihitttu,
3250 5631 3302 5672 ιι.
3334 5617 3426 5679 25,

1857 5687 2110 5744 ol'fensnri
2143 5686 2330 5744 sumus
2378 5686 2676 5756 Lusitanos,
2711 5688 2967 5752 Gal/iras,-
3014 5703 3123 5758 quo
3163 5698 3438 5756 posttcuto

1860 5765 2077 5815 nomine
2107 5759 2379 5816 Galla'eite
2416 5761 2654 5830 episcopi
2683 5760 2822 5815 haud
2868 5759 3029 5814 dubie
3065 5759 3436 5830 designantur.

1861 5831 1938 5886 Ex
1961 5831 2222 5886 vocabulo
2242 5827 2502 5886 Gallrrcos
2533 5827 2730 5886 factum
2755 5845 2874 5884 esse
2903 5841 3154 5900 putamus
3181 5827 3417 5883 Gtt/(eros

1859 5916 1921 5957 ac
1943 5901 2170 5957 subinde
2193 5907 2402 5957 mutato
2431 5919 2458 5957 e
2487 5904 2542 5959 itt
2571 5905 2588 5957 t'
2612 5902 2914 5960 obtinuisse
2945 5900 3194 5958 Gallicos.
