3874 6468
194 429 330 486 1165

1400 429 1754 488 EPISTOLE
1795 432 1878 488 ΕΤ
1922 425 2264 488 DECRETA.

3338 435 3473 494 1166

192 555 552 602 cucurrerunt
588 545 756 600 multo
803 546 1026 600 fratrum
1058 553 1112 598 et
1159 545 1612 600 consacerdutum
1644 560 1774 598 con-
1805 550 1844 606 Α
1881 555 1995 606 tur,
2029 545 2150 599 inde
2193 546 2418 615 insuper
2446 545 2509 600 ad
2543 543 2826 616 perfidiam
2855 546 2963 601 cito
3007 555 3308 614 corruunt;
3347 551 3472 620 quia

193 655 375 704 sensu,
404 640 586 693 uthac
613 649 793 691 vestra
819 638 1220 703 subscriptione
1250 638 1456 692 ﬁrmata
1491 637 1773 691 ecclesias-

194 734 280 786 tici
305 733 531 786 canonis
553 730 837 800 dispositio
862 746 980 799 qua:
1000 730 1137 799 apud
1160 728 1390 783 Nijnm
1418 738 1640 783 tractata
1669 738 1770 791 est,

193 825 510 881 conllrmata
555 837 656 879 suo
683 823 874 876 merito
906 821 1279 876 fundatissima
1305 829 1684 890 permaneret:
1719 828 1778 873 ut

195 916 331 970 tales
377 916 626 970 videlicet
667 915 730 967 ad
765 915 1195 969 ecclesiasticum
1227 912 1469 966 ordinem
1502 913 1780 982 permitte-

196 1022 383 1065 rentur
409 1009 689 1074 accedere,
721 1009 908 1080 quales
941 1006 1237 1076 apostolica
1284 1006 1576 1060 auctoritas
1603 1003 1775 1074 jubet,

196 1119 304 1159 non
337 1103 526 1169 quales
549 1101 693 1165 dico,
726 1101 809 1155 vel
841 1115 934 1155 eos
981 1100 1071 1168 qui
1101 1098 1317 1169 cingulo
1358 1098 1565 1151 militia:
1610 1110 1781 1150 siccu-

195 1194 328 1248 laris
376 1193 581 1246 astricti
625 1194 750 1246 olim
794 1191 1010 1259 gloriati
1055 1199 1197 1244 sunt.
1248 1190 1346 1255 Qui
1395 1196 1578 1258 po~tea
1619 1202 1779 1257 quam

199 1302 397 1357 pompa
445 1286 691 1340 smculari
743 1283 1171 1345 exsultaverttnt,
1215 1291 1307 1335 aut
1346 1283 1575 1350 negotiis
1606 1283 1784 1348 reipu-

197 1379 356 1435 blicm
407 1388 730 1446 optaverunt
771 1375 1026 1441 militare,
1073 1384 1164 1429 aut
1206 1389 1389 1430 curam
1424 1373 1603 1427 mundi
1651 1383 1787 1427 trac-

196 1479 337 1536 tare,
371 1469 615 1524 adhibita
661 1468 761 1521 sibi
793 1466 1148 1536 quorumdam
1191 1480 1375 1528 manu,
1425 1474 1478 1519 et
1511 1462 1785 1534 proximo-

198 1582 322 1621 rum
352 1564 536 1619 favore
568 1565 772 1630 Stipati,
804 1562 856 1615 hi
891 1562 1204 1629 frequenter
1230 1563 1547 1628 ingeruntur
1569 1558 1789 1611 auribus

198 1658 359 1722 meis,
406 1667 456 1708 ut
487 1655 726 1725 episcopi
758 1667 876 1707 esse
921 1654 1148 1720 possint,
1196 1652 1284 1720 qui
1320 1667 1412 1718 per
1442 1649 1787 1706 traditionem

196 1761 249 1806 et
285 1749 663 1818 Evangelicam
692 1745 1030 1814 disciplinam
1055 1758 1177 1797 esse
1206 1758 1307 1795 nor.
1335 1752 1580 1811 possunt.
1611 1741 1791 1808 Quan-

199 1842 271 1897 tis
324 1840 429 1895 hoc
480 1839 764 1908 aliquoties
796 1846 1060 1891 certatum
1094 1845 1176 1888 est
1219 1833 1457 1888 viribus?
1507 1833 1611 1888 Sed
1659 1833 1791 1887 nihil

1879 635 2036 689 tidem
2065 649 2245 690 veram
2270 635 2322 688 in
2353 635 2740 690 ecclesiasticis
2767 643 2882 691 toto
2902 637 3036 693 orbe
3060 639 3331 710 peregrini
3358 640 3465 695 dis-

1878 740 2001 780 cere
2031 741 2135 780 11011
2169 739 2507 782 asseruntur.

1949 820 2076 876 CAP.
2110 820 2195 876 111.
2238 852 2305 861 -
2329 823 2383 878 5.
2414 820 2498 875 Ne
2525 823 2649 894 legis
2681 823 2791 876 loco
2821 821 3043 878 ducatur
3069 825 3206 895 quod
3233 826 3388 881 semel
3415 844 3476 882 ac

1879 911 2101 966 secundo
2130 913 2402 965 necessitas
2429 913 2664 966 extorsit.
2694 910 2858 969 Certe
2886 915 3048 969 etiam
3079 915 3211 971 illud
3246 932 3353 972 non
3383 917 3485 974 fuit

1882 1004 2429 1073 praetermittendum,
2449 1013 2508 1060 ut
2529 1005 2672 1076 quod
2691 1005 2863 1061 semel
2893 1016 2986 1067 aut
3009 1009 3253 1065 secundo
3285 1025 3477 1067 neces-

1883 1095 2016 1149 sitas
2033 1097 2412 1151 hzereticorutu
2447 1096 2631 1152 intulit
2659 1106 2848 1153 contra
2881 1099 3178 1168 apostolica
3213 1112 3481 1171 praet-pta

1885 1187 2034 1241 velut
2076 1187 2194 1259 lege
2221 1189 2430 1244 licitum
2462 1199 2483 1226 ε
2528 1191 2760 1261 coepisse
2805 1193 3098 1263 presumi,
3150 1196 3482 1268 neophytum

1889 1279 1944 1348 (Ι
1975 1280 2109 1334 Tim.
2141 1297 2234 1346 tu,
2267 1281 2339 1346 6)
2369 1281 2453 1335 vel
2488 1282 2684 1337 laicum
2710 1323 2724 1345 ,
2758 1282 2852 1353 qui
2899 1285 3049 1340 nullo
3106 1286 3489 1342 ecclesiastico

1889 1374 2100 1427 functus
2163 1375 2323 1428 luerit
2379 1375 2596 1438 ollicio,
2654 1375 3059 1435 inconsiderate
3110 1379 3197 1433 vel
3264 1382 3491 1452 presby-

1889 1476 2066 1521 terum
2111 1468 2194 1522 vel
2223 1469 2508 1522 diaconum
2543 1467 2798 1524 ordinare
2829 1488 2840 1523 :
2868 1470 3022 1538 quasi
3063 1470 3320 1527 meliores
3346 1473 3495 1543 Apo-

1889 1560 2045 1613 stolis
2074 1559 2214 1624 sint,
2240 1575 2472 1629 quorum
2500 1560 2729 1615 audeant
2760 1571 2974 1617 mutare
2999 1573 3350 1634 praeceptum.
3380 1565 3444 1619 Et
3473 1563 3491 1602 τ

1891 1652 1980 1721 qui
2013 1668 2118 1706 non
2165 1652 2389 1718 didicit,
2422 1653 2530 1723 jam
2562 1653 2761 1710 docere
2793 1655 3162 1724 compellitur.
3197 1657 3275 1712 ita
3308 1659 3494 1714 nullus

1893 1745 2164 1813 reperitur
2195 1745 2419 1799 idoneus
2458 1745 2822 1800 clericorum?
2851 1745 2962 1802 Nec
3015 1747 3152 1802 inter
3196 1748 3457 1805 diaconos
3483 1794 3496 1818 ,

1895 1851 1997 1891 nec
2026 1836 2166 1892 inter
2191 1837 2327 1891 alios
2356 1838 2588 1893 clericos
2621 1839 2919 1905 invenitur,
2953 1838 3044 1909 qui
3077 1841 3388 1898 sacerdotio
3415 1842 3495 1897 di-

198 1935 310 1989 tale
333 1933 555 2002 potuit‘
579 1931 723 1991 elici,
755 1945 871 1996 qum
900 1929 1038 1980 ratio
1063 1943 1167 1980 non
1200 1928 1490 1996 compellit.
1517 1927 1701 1982 Etiam
1725 1928 1792 1982 de
1825 1924 1870 1984 B
1899 1943 2034 1996 gnus
2087 1928 2379 1995 habeatur;
2416 1929 2510 1982 sed
2554 1929 2619 1983 ad
2652 1929 3159 1988 condemnationem
3186 1942 3212 1980 ε
3241 1933 3499 2012 Ecclesia:

199 2025 502 2097 longinquo
531 2024 556 2062 δ
598 2024 815 2078 veniant
865 2019 1176 2083 ordinandi,
1222 2029 1278 2073 ut
1311 2021 1459 2090 digiti
1504 2023 1713 2089 possint
1742 2029 1796 2074 et

198 2120 379 2193 plebis
403 2129 456 2172 ct
485 2131 674 2172 nostro
700 2115 905 2183 judicio
938 2113 1305 2184 comprobari.

275 2210 403 2266 (ἸΑΡ.
429 2208 639 2264 11.-4.
669 2205 908 2261 Monac/ti
929 2205 1040 2276 vagi
1063 2203 1126 2257 ab
1147 2204 1415 2274 episcopis,
1443 2212 1494 2255 ut
1515 2203 1795 2272 sumptibus

201 2314 455 2375 parcant,
487 2304 812 2356 ordinantur.
844 2301 1115 2366 Quantum
1169 2297 1410 2350 illicitum
1461 2295 1531 2348 sit
1579 2297 1705 2348 illud
1740 2307 1759 2331 ε·
1783 2339 1796 2361 ,

199 2397 466 2454 aestimari
501 2411 605 2450 non
641 2401 843 2464 potest,
882 2401 936 2446 ut
961 2399 1307 2444 transeuntes
1339 2387 1476 2458 (sive
1507 2389 1795 2450 simulent,

198 2491 327 2546 sive
359 2491 462 2543 sint
500 2487 785 2549 monachi,
818 2484 961 2554 quod
990 2499 1052 2538 se
1081 2483 1410 2550 (appellant),
1439 2499 1663 2550 quorum
1701 2496 1800 2535 nec

200 2583 374 2636 vitam
404 2594 693 2650 possumus
716 2577 859 2632 scire
885 2590 984 2629 nec
1015 2576 1356 2644 baptismum,
1382 2588 1608 2643 quorum
1640 2573 1798 2628 ﬁdem

204 2675 543 2744 incognitam
581 2670 844 2724 habemus
876 2683 970 2720 nec
1019 2668 1326 2734 ptoliatatn,
1361 2668 1527 2719 t.olint
1574 2668 1800 2733 Hllltpli-

198 2769 314 2823 bus
344 2767 638 2835 adjuvare,
668 2763 758 2817 sed
803 2762 980 2815 statim
1025 2769 1118 2812 aut
1157 2758 1412 2812 diaconus
1461 2759 1665 2823 facere,
1713 2767 1807 2812 aut

201 2859 564 2932 presbyteros
609 2856 862 2908 ordinare
895 2853 1141 2906 festinent
1167 2892 1181 2918 ,
1232 2858 1351 2910 aut,
1383 2850 1525 2920 quod
1556 2860 1638 2904 est
1682 2865 1806 2917 gm.

199 2953 354 3014 vius,
395 2949 681 3019 episcopos
725 2947 1062 3001 constituere
1097 2959 1200 2997 non
1229 2942 1539 2997 formident.
1578 2942 1808 2998 Charius

201 3043 355 3115 apud
386 3044 510 3099 illos
538 3041 651 3095 dari
684 3046 953 3108 sumptum
982 3033 1008 3074 ιι
1040 3046 1123 3090 est
1156 3035 1490 3100 transeunti,
1532 3050 1690 3105 quam
1723 3049 1810 3088 sa-

203 3138 540 3197 cerdotium.
571 3134 687 3190 Non
723 3133 950 3197 retenti,
984 3129 1109 3186 inde
1141 3131 1194 3184 in
1221 3131 1531 3200 superbiam
1564 3128 1812 3184 exaltan-

205 3330 326 3373 non
361 3312 576 3382 quidem
611 3307 914 3382 accepisse,
947 3305 1038 3382 scd
1073 3305 1378 3382 multorum.
1408 3303 1640 3382 _lratrum
1684 3317 1812 3357 con-
1841 3302 1888 3366 C

205 3373 391 3444 sensti
412 3383 629 3438 dedisse
669 3373 952 3449 signiﬁcat.
997 3377 1262 3449 Quocirca
1294 3374 1515 3428 dubiutn
1553 3373 1672 3449 _fere
1701 3389 1811 3429 non

207 3467 335 3521 cst,
363 3457 488 3523 qttin
515 3444 763 3523 proxim‘e
798 3447 1197 3523 restituendum
1223 3445 1323 3508 sit,
1354 3456 1471 3499 ante
1495 3444 1561 3496 ad
1591 3454 1814 3523 restrain

205 3513 575 3584 snrtcti'tatetit.
610 3537 670 3576 ac
716 3518 959 3576 librariis
995 3519 1136 3571 facili
1187 3517 1342 3583 lapsu
1390 3516 1699 3585 pra~pusitio
1746 3513 1814 3567 ad

209 3598 507 3654 exciderit.
545 3597 615 3647 l)e
647 3594 728 3646 his
773 3601 948 3644 autem
983 3589 1176 3644 litteris
1221 3587 1272 3641 id
1321 3588 1460 3657 quod
1506 3587 1812 3655 subjicitur,

212 3669 469 3741 apprime
516 3665 766 3746 congruit.
817 3660 1058 3729 (‘pisltiitlk
1099 3658 1407 3746 superiori,
1458 3670 1658 3746 utpoth
1696 3671 1816 3724 quae

213 3729 518 3796 nitiltorum
563 3729 941 3808 episcoporum
966 3771 1006 3808 ,_
1033 3733 1153 3782 scil.
1208 3730 1294 3793 80,
1326 3744 1599 3808 consensu
1631 3729 1696 3782 tle
1727 3745 1816 3781 re-

213 3811 372 3883 gulis
413 3810 466 3862 in
499 3799 836 3883 ordinatione
881 3801 1200 3883 elei-icornm
1238 3799 1519 3883 servandis
1565 3808 1648 3853 est
1688 3812 1818 3883 ςοιιτ

217 3871 433 3947 Ecripta
453 3919 468 3942 ,
499 3877 651 3946 cujus
678 3871 1156 3947 decretaNicceuis
1180 3879 1545 3947 ClillStllliallPil
1580 3881 1732 3947 sunt.
1767 3877 1819 3947 et

219 3955 285 4008 itt
315 3940 418 4018 qua
449 3940 766 4018 nominatim
802 3962 828 3996 a
863 3945 1009 4018 clero
1039 3952 1278 4018 arcetur,
1313 3940 1820 4018 qui_cirtgulutnnti-

216 4012 358 4079 litin:
383 4021 645 4076 surcularis
675 4016 929 4070 habuerit.
961 4014 1142 4082 Neque
1171 4013 1330 4067 etiam
1362 4012 1426 4064 ad
1459 4026 1584 4070 eos.
1615 4012 1705 4079 qui
1736 4027 1822 4064 ra-

219 4093 457 4150 Ietudine
490 4090 721 4163 corporis
739 4097 840 4163 _aut
864 4090 997 4156 fessa
1021 4095 1169 4163 (etate
1195 4083 1472 4163 pra-pediti
1497 4083 1687 4163 adesse
1716 4097 1820 4135 nou

217 4174 544 4238 potuerant,
577 4154 681 4238 alia
721 4158 790 4238 de
821 4154 980 4210 causa
1009 4155 1434 4238 vidctttr‘rn'tssa,
1472 4154 1570 4205 nisi
1609 4161 1665 4238 nt
1696 4168 1823 4238 synn-

216 4222 447 4292 bdicam
493 4222 936 4289 constitutionem
981 4227 1379 4287 subscriptione
1419 4239 1510 4276 sua
1546 4234 1713 4276 ratam
1745 4222 1826 4276 ΐςι-

221 4315 458 4368 cerettl,
506 4313 560 4358 et
611 4303 676 4355 ab
727 4299 978 4355 omnibus
1027 4306 1270 4365 perpetua
1315 4295 1611 4348 istiusmodi
1658 4297 1828 4362 [arma

223 4385 541 4447 servaretur.
924 4439 953 4447 ﬂ
998 4439 1008 4447 _
1065 4437 1102 4447 η
1244 4439 1253 4447 _
1458 4438 1486 4447 ,Α
1563 4435 1574 4447 ,

313 4457 339 4485 η
373 4446 584 4501 Merlin.
613 4459 674 4498 ac
701 4457 857 4504 mss.,
889 4439 1030 4510 eligi.
1065 4437 1216 4493 llunc
1244 4439 1417 4510 locum
1458 4438 1527 4489 ita
1563 4437 1827 4505 interpre-

225 4530 417 4577 tamur
446 4537 456 4570 :
489 4516 630 4571 Nihil
661 4527 847 4569 eorum
875 4553 888 4574 ,
918 4524 1034 4578 quae
1064 4511 1202 4563 ratio
1227 4509 1512 4562 admittere
1540 4524 1644 4561 non
1674 4521 1824 4561 com-

222 4591 424 4665 pellit,
475 4589 596 4642 elici
641 4602 704 4665 ex
753 4582 1082 4665 tne-potuit.
1134 4582 1344 4665 Clarius
1396 4580 1534 4659 hic..
1565 4592 1722 4646 quam
1775 4578 1824 4631 iu

223 4647 474 4730 Epistula
501 4656 766 4730 superiori
785 4647 1058 4730 ,_Sir_icius
1091 4651 1319 4730 explicat
1346 4691 1371 4730 ,.
1389 4647 1611 4726 nomine
1639 4663 1824 4730 eorum

225 4722 331 4803 qui
360 4729 558 4783 militia:
574 4722 1141 4803 'strculuriscingnluui
1166 4722 1457 4803 habuerint,
1483 4736 1588 4774 nun
1615 4727 1822 4773 tantum

228 4792 392 4860 éos‘a
415 4817 475 4855 se
503 4799 762 4867 intelligi,
787 4794 954 4867 quiin
981 4795 1174 4848 castris
1202 4792 1463 4867 stipendia
1491 4802 1819 4867 meruerunt,

229 4873 341 4944 sed
375 4880 429 4944 et
454 4885 548 4926 eos
576 4863 1006 4944 qui'reipnblicze
1033 4866 1267 4944 negotiis
1285 4863 1542 4944 pbstrieti
1569 4870 1714 4944 sunt.

316 4943 344 4982 ι)
377 4943 486 4998 Hoc
513 4934 624 5006 est,
661 4940 712 4994 tti
754 4934 930 5001 fallor,
964 4951 992 4990 e
1032 4934 1213 4991 Sicrlia
1237 4977 1249 4999 ,
1275 4934 1563 5006 _Sardinia,
1596 4934 1827 5002 aliisque

229 5015 557 5087 regionibus
587 5001 707 5083 qua:
734 5009 799 5063 ad
847 5007 1072 5061 Romani
1117 5001 1694 5087 potitilicisditecesim
1733 5001 1827 5087 seu

232 5077 513 5158 synodum
559 5077 829 5158 pertulerit
851 5093 1154 5158 aquasque
1187 5077 1826 5158 suburhicariasnocant:

231 5145 306 5214 Si
333 5156 419 5212 cui
462 5145 590 5211 vero
635 5145 858 5208 veniret
887 5145 947 5203 in
991 5161 1226 5203 mentem
1255 5190 1266 5211 ,
1297 5148 1548 5201 Siricium
1598 5145 1702 5200 hoc
1727 5145 1827 5198 sibi

232 5229 519 5292 voluisse,
571 5235 628 5280 ut
672 5229 934 5295 quotquot
976 5219 1258 5298 ordinandi
1291 5225 1494 5298 _essent
1523 5216 1784 5298 episcopi
1813 5256 1826 5279 ,

238 5289 628 5360 undecumque
681 5289 904 5350 Romam
954 5292 1234 5352 venirent,
1290 5290 1538 5359 ipsistnct
1574 5289 1826 5360 confuta-

239 5381 403 5430 retur
435 5359 612 5424 Siricii
648 5367 844 5421 verbis.
874 5364 926 5416 In
962 5363 1055 5416 hac
1083 5365 1276 5432 quippe
1304 5362 1530 5428 epistola
1567 5359 1834 5414 fundatis-

239 5445 445 5499 simatu
495 5452 813 5510 permanere
855 5435 1006 5510 jubet
1049 5431 1396 5488 ecclesiastici
1441 5432 1670 5510 cnnonis
1709 5445 1835 5510 cun-

242 5499 591 5571 stitution'em
622 5525 739 5579 qur.
771 5499 1181 5582 _a_pud_l\‘ic;uatn
1225 5513 1449 5558 tractata
1480 5510 1583 5582 est.
1632 5502 1706 5554 Ex
1752 5499 1838 5554 Ni-

231 5580 394 5642 rczeni
421 5595 599 5638 autem
629 5577 747 5636 c0ut
769 5577 844 5631 itii
892 5578 1246 5646 dispositioae
1273 5589 1336 5628 ac
1371 5577 1685 5643 praescripto
1715 5585 1836 5626 can.

242 5655 291 5710 4
313 5664 370 5709 et
393 5654 446 5718 6,
477 5655 762 5723 epiSt-opus
790 5646 1073 5726 ordinandi
1108 5658 1345 5726 potestas
1373 5660 1468 5714 per
1488 5657 1849 5726 .uuamqnatn—

247 5742 366 5794 clue
398 5713 731 5789 proiiucia'm
759 5720 826 5797 ad
861 5713 1333 5797 metropolitanum
1366 5713 1620 5797 pertinet.
1653 5713 1843 5797 Simile

248 5783 448 5867 itaque
478 5806 559 5848 est
597 5797 698 5849 hoc
745 5783 1379 5859 decretum'superiuris'
1414 5783 1660 5856 epistolae
1705 5783 1852 5852 capi-

251 5869 383 5977 ωιὲ
412 5866 646 6006 ἔξιρρὶθ,
676 5936 816 6002 quod
841 5951 872 5988 a
901 5931 1161 5989 nonnullis
1191 5927 1541 5984 committitur.

1899 2023 2068 2076 laicus
2122 2021 2465 2092 postulaturi?
2517 2022 2670 2092 Quod
2720 2038 2785 2078 ne
2841 2024 2932 2078 t'iat
2978 2025 3146 2094 ultra,
3209 2026 3500 2084 admoneo.

1902 2113 2178 2177 Praedico,
2210 2123 2266 2168 ut
2297 2129 2458 2169 unam
2486 2115 2648 2170 iidem
2683 2116 2949 2172 habentes
2974 2159 2988 2183 ,
3044 2126 3211 2174 unum
3243 2121 3408 2176 etiam
3449 2122 3503 2177 in

1901 2206 2193 2260 traditione
2236 2204 2442 2261 sentire
2483 2206 2815 2267 debeamus.
2852 2209 3151 2277 probantes
3183 2227 3284 2267 nos
3313 2215 3505 2267 unani-

1903 2313 2018 2351 mes
2068 2306 2230 2368 atque
2275 2299 2608 2365 concordes,
2647 2301 2857 2368 pacitlci
2899 2301 2950 2355 in
3000 2301 3216 2358 Christo
3245 2313 3298 2358 ct
3327 2305 3377 2358 in
3410 2305 3507 2360 ob-

1907 2389 2307 2445 servationibus
2355 2392 2670 2460 aposmlicis
2721 2393 2922 2448 habere
2958 2396 3301 2451 charitatetn.
3336 2397 3511 2452 Medio

1911 2484 2090 2550 itaque
2136 2482 2324 2546 Patre,
2371 2493 2426 2537 et
2479 2482 2756 2552 uuigetiito
2805 2485 2949 2539 Filio
2999 2487 3148 2555 ejus,
3202 2498 3255 2543 et
3301 2488 3506 2559 Spiritu

1909 2585 2095 2629 sancto
2122 2617 2135 2639 ,
2178 2584 2234 2630 et
2273 2576 2431 2630 unius
2463 2577 2768 2632 divinitatis
2798 2578 3090 2645 Trinitate,
3121 2583 3419 2648 convenio,
3455 2595 3511 2639 ut

1911 2667 1962 2720 iit
1994 2667 2074 2720 his
2107 2666 2238 2723 fides
2269 2668 2537 2722 catholica
2567 2677 2621 2722 ct
2645 2669 2931 2739 disciplina
2960 2682 3143 2727 nostra
3171 2688 3508 2743 permaneat.

1913 2755 2020 2812 Nec
2047 2758 2332 2827 quisquam
2359 2768 2533 2826 putet,
2560 2769 2831 2829 tamquam
2856 2762 3234 2820 ordinationes
3263 2774 3516 2823 terrenas

1913 2847 2063 2912 ﬁeri,
2115 2864 2235 2903 cum
2295 2849 2521 2905 caeleste
2578 2851 2648 2905 sit
2697 2851 3099 2922 sacerdotium,
3157 2864 3212 2910 ut
3266 2855 3518 2915 ﬁdelibus

1914 2943 2083 3012 gloria
2131 2939 2393 2997 maneatll
2423 2942 2703 3012 dignitatis
2737 2944 3012 3014 ejusdem,
3043 2957 3099 3002 et
3123 2959 3248 3004 ante
3282 2950 3520 3006 tribunal

1915 3033 2116 3090 Christi
2146 3049 2211 3089 ex
2237 3032 2362 3090 hinc
2389 3048 2493 3090 non
2527 3033 2724 3090 habeat
2747 3035 2892 3106 quod
2922 3047 3163 3094 accuset.

1991 3300 2016 3338 ά
2059 3299 2299 3378 \'_erbnm
2329 3308 2443 3365 est,
2477 3301 2621 3370 quod
2653 3318 2680 3354 a
2730 3302 2889 3359 Crab.
2935 3318 3263 3378 expunctum
3308 3311 3517 3378 fuerat,

1919 3383 2065 3449 etes
2091 3371 2245 3449 Meri.
2273 3385 2336 3449 ac
2363 3385 2498 3449 mss.
2522 3383 2838 3449 revocatur,
2858 3389 2964 3430 non
2997 3371 3062 3432 ad
3091 3393 3388 3449 sumptum,
3419 3371 3517 3439 sed

1917 3443 1982 3496 ad
2016 3442 2224 3495 citat-ius
2254 3442 2595 3496 referendum
2629 3452 2714 3497 est
2743 3449 2790 3497 iu
2824 3444 2967 3501 hunc
2991 3442 3252 3504 modum:
3287 3442 3511 3508 Charias

1919 3511 2158 3588 estapud
2184 3511 2305 3588 illos
2333 3513 2447 3564 dari
2479 3525 2743 3588 sumptum
2785 3521 3116 3584 transeunti,
3148 3530 3275 3586 etc.,
3310 3522 3362 3576 id
3394 3535 3473 3578 est
3504 3567 3517 3588 ,

1921 3585 2078 3660 vilius
2107 3583 2380 3660 aestimant
2405 3585 2808 3660 _sact-rdOtium,
2846 3603 3003 3660 quam
3047 3583 3319 3660 sumptum
3370 3583 3517 3660 perc;

1922 3655 2087 3722 grini.
2127 3653 2326 3708 Deinde
2355 3653 2484 3708 t-diti
2510 3695 2523 3718 ,
2570 3671 2728 3723 quam
2770 3653 3112 3713 sacerdotium
3159 3653 3260 3716 non
3303 3653 3516 3721 retento.

1923 3722 2057 3798 Inde
2081 3725 2466 3798 in_sup_erbiam
2496 3723 2756 3798 exaltntur
2784 3743 2802 3780 :
2829 3727 3228 3798 refragantibus
3271 3749 3401 3789 mss.
3438 3735 3516 3790 ls-

1924 3796 2014 3848 tud
2047 3799 2115 3849 ita
2142 3794 2453 3876 intelligere
2482 3805 2602 3848 est:
2639 3795 2887 3876 Monachi
2917 3794 3001 3854 illi
3023 3817 3127 3876 non
3158 3806 3379 3876 retenti,
3409 3823 3518 3876 quo

1923 3881 2108 3920 eorum
2139 3865 2271 3919 fides
2299 3879 2362 3919 ac
2391 3879 2570 3936 mores
2599 3870 2918 3936 probentur;
2948 3871 3042 3925 sed
3069 3874 3252 3928 statim
3283 3865 3403 3931 cum
3427 3865 3517 3933 ἐει-

1925 3937 2184 4008 cerdotali
2213 3937 2383 4008 gradu
2414 3935 2642 4008 dimissi,
2661 3938 2782 3992 inde
2801 3940 2854 3993 in
2877 3941 3172 4008 superbiam
3200 3946 3520 4003 exaltantur.

2000 4017 2025 4084 ξ
2062 4006 2382 4084 ln_vulga_t_i_s
2429 4006 2772 4084 desideratur
2815 4006 3023 4084 coepisse
3049 4028 3068 4066 :
3113 4017 3256 4084 quod
3281 4033 3351 4073 ex
3383 4035 3515 4074 mss.

1927 4076 2267 4153 ctillcctionis
2289 4076 2442 4153 _HiSp.
2474 4078 2806 4153 supplentus.
2839 4076 3389 4153 Mallemtts'ccepisset
3410 4129 3423 4150 ,
3453 4104 3516 4144 ac

1930 4159 2094 4225 totum
2123 4148 2266 4225 hunc
2289 4150 2465 4225 locum
2490 4149 2559 4202 ita
2580 4149 2687 4225 legi
2717 4168 2853 4225 :non
2877 4152 2973 4225 [uit
2996 4148 3515 4225 prtetermittendum,

1928 4220 1981 4273 id
1997 4219 2133 4295 quod
2156 4219 2314 4295 semel
2335 4229 2380 4270 et
2402 4219 2623 4295 secundo
2644 4219 2918 4295 necessitas
2941 4219 3299 4282 ltdzreticorum
3319 4219 3514 4295 intulit,

1928 4292 2062 4344 velut
2086 4289 2194 4357 lege
2227 4290 2424 4342 licitum
2454 4304 2572 4370 esse
2596 4290 2706 4359 jam
2735 4293 2990 4370 coepisset,
3025 4305 3204 4370 contra
3230 4289 3515 4370 apostolica

1930 4371 2213 4438 prtt'cepta_
2234 4375 2280 4438 θ’
2307 4360 2578 4438 nonnullis
2624 4360 2899 4438 presumi,
2946 4360 3276 4438 neopltytutn'
3309 4370 3515 4428 scilicet

1932 4430 2026 4486 uel.
2062 4431 2216 4506 Quod
2269 4431 2355 4506 hic
2405 4433 2474 4486 de
2518 4430 2915 4506 ueopbytiseu
2969 4430 3088 4490 laici
3116 4430 3518 4506 'ordinatione,

1970 4519 2088 4557 nam
2157 4504 2536 4576 hatreticorum
2574 4504 2888 4576 necessitas
2933 4506 3142 4571 intulit,
3191 4509 3412 4576 dicitur,
3464 4504 3514 4567 iu

1931 4519 2088 4628 quam
2157 4519 2536 4557 Itmrcucorum
2587 4519 2888 4558 necessnas
2933 4519 3142 4571 lﬂllllll,
3191 4519 3412 4576 att-itur,
3464 4519 3514 4567 in

1952 4574 2204 4652 _uibrosii
2233 4573 2884 4652 niaxirneordinationem
2908 4576 3102 4652 cadere
3124 4578 3368 4648 videtur;
3393 4598 3518 4652 pru-

1851 4685 1906 4747 D
1933 4645 2172 4747 Si"???
2191 4642 2736 4747 fﬁX?§.§i".‘Ii".iai‘e-
2761 4645 3123 4747 "‘i~°."'.‘°!"“"
3148 4652 3310 4747 ⁵⁵¹¹¹ἰ¹ί
3336 4642 3522 4747 έιξῗην

1933 4716 2163 4798 ploqttis
2190 4714 2444 4769 abutatur
2468 4714 2533 4768 ad
2568 4715 2697 4786 legis
2728 4718 2779 4770 iit
2811 4714 3052 4773 Ecclesia
3096 4729 3330 4792 receptas
3357 4723 3521 4781 abro-

1961 4799 2218 4840 attonem.

1925 4802 2218 4911 galgoi‘s‘iiiil.
2258 4868 2631 4924 argumentum
2681 4857 2848 4912 fusius
2897 4868 3091 4914 tractat
3137 4859 3458 4919 Coelestinus
3502 4863 3524 4920 ῐ

1930 4931 2089 4999 epist.
2138 4927 2194 4994 4,
2227 4944 2279 4981 ιι.
2325 4927 2379 4981 4.
2433 4926 2912 4999 Videndugetiam
2957 4945 3021 4984 ea
3052 4930 3119 4986 de
3166 4948 3224 4988 re
3269 4932 3523 4992 Zosimus

1932 4997 2088 5071 epist.
2123 4999 2177 5065 9,
2199 5016 2278 5071 _n.
2324 4998 2388 5071 2,
2420 5013 2530 5071 nec_
2562 5013 2667 5052 non
2697 4997 2846 5071 Felis
2873 4998 2918 5054 ll
2943 5002 3102 5070 epist.
3133 5003 3199 5058 ad
3227 5005 3520 5062 Caesarium

1931 5069 2133 5127 Arelat.
2184 5069 2451 5137 Quocirca
2496 5069 2832 5141 Gregorius!
2881 5069 3208 5141 pra-ceptum
3236 5116 3250 5137 ,
3294 5077 3522 5133 cuilibet

1933 5144 2198 5196 visitatori
2249 5141 2433 5194 datum
2480 5151 2534 5192 ut
2574 5139 2952 5263 episcoporum
2998 5139 3252 5199 electioni
3305 5147 3520 5215 prtesit,

1936 5213 2189 5263 claudere
2216 5212 2350 5263 solet
2382 5209 2467 5263 his
2495 5211 2672 5263 verbis
2697 5228 2709 5263 :
2795 5213 3058 5263 r’ovisurns
3087 5225 3204 5263 ante
3228 5218 3399 5263 omnin
3423 5260 3434 5263 _
3461 5235 3520 5263 mi

1936 5213 2189 5270 claudere
2216 5212 2350 5284 solet
2371 5209 2467 5284 _his
2495 5211 2672 5265 verbis
2697 5228 2709 5263 :
2744 5209 3058 5284 Provisurus
3087 5225 3204 5269 ante
3228 5209 3399 5284 omnia
3422 5260 3436 5284 ,
3461 5209 3524 5274 ne

1937 5284 2004 5339 ad
2053 5285 2144 5337 Itoc
2172 5280 2440 5364 cujuslibet
2469 5283 2864 5336 conversationis
2895 5300 2982 5365 seu
3012 5287 3178 5372 utfrui
3226 5280 3375 5372 (aiore
3404 5280 3524 5372 per.-

1939 5371 2078 5411 sona:
2105 5355 2334 5420 aspirare
2356 5364 2696 5420 prazsnmnnt,
2723 5365 2769 5408 ct
2793 5364 2846 5406 tu
2871 5355 3159 5419 periculum
3190 5355 3529 5414 ordinationis

1945 5437 2045 5482 tua
2066 5468 2078 5488 ,
2111 5428 2242 5495 quod
2275 5423 2442 5485 absit,
2475 5427 2729 5477 incurras.
2763 5423 3044 5480 Electores
3074 5438 3255 5482 autem
3287 5434 3363 5484 sic
3392 5432 3530 5484 allo.

1943 5497 2035 5568 qui
2073 5495 2353 5551 consuevit
2376 5510 2392 5569 :_
2419 5511 2590 5569 omnes
2622 5511 2757 5569 quos
2785 5510 2848 5569 ea:
2883 5497 3020 5550 vobis
3054 5497 3116 5551 de
3146 5497 3278 5553 loica
3309 5517 3532 5569 persona

1948 5564 2206 5639 aspirasse
2231 5565 2534 5639 constiterit,
2555 5568 2638 5639 _ab
2666 5564 2839 5639 ofﬁcio
2862 5577 2907 5620 et
2948 5564 3532 5627 communionc'alieuos

1950 5634 2212 5710 faciendos
2238 5637 2414 5710 procul
2440 5634 2597 5689 dubio
2627 5638 2881 5710 noveritis.

2027 5720 2050 5756 ε
2094 5709 2204 5763 lloc
2234 5707 2344 5782 est,
2380 5707 2434 5761 in
2463 5721 2651 5782 eorum
2680 5708 2770 5782 qui
2804 5708 3054 5782 Ecclesiae
3097 5708 3361 5782 obsequio
3407 5723 3535 5769 sunt

1957 5779 2268 5848 mancipati,
2299 5792 2406 5853 uno
2437 5777 2604 5832 verbo
2631 5778 3144 5845 ecclesiasticarum,
3166 5777 3420 5853 injuria".
3452 5797 3536 5841 at-

1955 5868 2058 5923 que
2090 5849 2492 5923 contumeliam:

2032 5917 2055 5956 ιι
2101 5920 2159 5975 l'n
2191 5933 2296 5974 uno
2319 5933 2419 5975 ms.
2455 5918 2635 5986 Colb.,
2663 5921 2734 5972 dit
2750 5919 2962 5975 initatis.
