3900 6362
424 312 530 367 9.55

802 414 1034 473 CODEX
1071 413 1606 471 VERCELLENSlS.

425 515 481 570 in
503 515 675 571 locum
704 512 889 566 deser-
1248 506 1405 562 ferite
1433 520 1528 561 eos
1550 503 1627 574 (α)
1655 503 1726 558 ad

426 594 538 640 tum
556 599 819 641 seorsum.
1252 578 1341 633 19.
1381 592 1488 631 me.
1514 576 1577 629 Et
1604 588 1724 627 cum

427 655 497 710 Et
519 671 638 710 cum
662 654 845 709 audis-
1245 650 1495 718 jnssisset
1524 645 1733 699 turbam

425 738 548 781 sent
573 725 778 791 turbae,
810 737 899 778 se-
1252 717 1591 797 discumbere

426 798 534 868 cuti
560 786 835 868 suntcum
863 863 874 868 _
1251 786 1412 857 supra
1439 786 1676 868 laeuum,

428 866 654 939 pedibus
680 865 747 921 de
776 863 906 919 civi-
1247 863 1482 939 acceptis
1507 870 1681 939 y._pa-
1767 913 1770 917 ,

426 926 639 1007 latibus.
886 972 917 1007 ._
1247 929 1438 1007 nibus,
1472 936 1528 1007 et
1557 926 1689 979 duo-

430 1012 517 1065 “.
559 1006 626 1061 Et
650 1014 705 1060 ut
728 1003 862 1058 vidit
890 1000 1050 1057 Jesus
1248 1001 1350 1054 bus
1379 996 1602 1065 piscibu.
1624 1036 1637 1059 ,
1669 1010 1755 1050 as-

426 1080 634 1136 turl-am
664 1076 801 1129 inul-

426 1162 555 1211 tam.
583 1148 835 1203 misertus

424 1237 507 1277 es.
535 1218 659 1279 illis,
685 1226 741 1272 et
768 1228 861 1268 cu-

424 1290 566 1347 ravit
590 1285 797 1355 langui-

424 1362 523 1416 dos
553 1370 758 1411 eorum.

424 1430 511 1485 15.
553 1425 788 1494 Vespere
816 1433 994 1479 autem

423 1501 589 1560 Iacto,
620 1510 801 1550 acceso

424 1577 609 1625 serunt
638 1566 703 1619 ad
733 1579 854 1619 eum

424 1636 668 1707 discipuli
696 1636 832 1707 ejus,

424 1710 667 1765 dicentes
695 1724 707 1760 :
730 1710 834 1761 De-

422 1786 603 1835 sertus
628 1778 776 1830 locus

1250 1070 1455 1137 piciens
1481 1070 1685 1137 incae-

1249 1135 1357 1193 lum
1390 1135 1685 1203 benedixit,

1248 1204 1873 1271 etf....t,etde-

1248 1279 1327 1333 dit
1354 1276 1659 1346 discipulis».

1248 1350 1360 1404 suis
1385 1344 1569 1417 partes.
1592 1344 1702 1401 dis-

1246 1419 1409 1489 cipuli
1436 1426 1614 1471 autem

1247 1491 1437 1544 turbis.

1244 1561 1331 1615 20.
1375 1560 1495 1613 Et.
1540 1597 1552 1608 .

1249 1639 1448 1685 verunt
1468 1642 1591 1682 om-

1251 1717 1368 1763 nes,
1398 1710 1453 1754 et
1478 1698 1699 1753 saturati

1246 1779 1391 1825 sunt.
1423 1770 1486 1823 Et
1511 1769 1643 1823 reli-

419 1860 525 1912 θει.
556 1857 607 1902 ει
640 1846 897 1919 lioraiam
1248 1841 1398 1908 quias
1421 1839 1708 1919 college-ﬂ

424 1908 735 1988 praeteriit:
787 1908 805 1915 ⁷
1247 1920 1391 1973 runt,
1408 1924 1520 1988 ‘xn.
1552 1908 1740 1981 cophi—

426 1980 639 2044 dimitte
670 1996 779 2039 tur-
1249 1996 1347 2035 nos
1372 1980 1578 2048 plenos.

1247 2051 1337 2104 21.
1381 2050 1746 2104 Manducanti-

1251 2136 1339 2174 um
1365 2131 1544 2174 autem
1569 2118 1649 2173 fu-
1748 2184 1756 2192 ι

1249 2192 1291 2246 it
1316 2204 1572 2245 numerus
1750 2246 1756 2253 ,

1247 2262 1487 2332 quinque
1518 2260 1664 2314 milia

1249 2334 1507 2397 virorum,
1535 2345 1630 2385 ex-

1247 2404 1417 2471 ceptis
1441 2401 1621 2470 pueris

1247 2482 1301 2527 et
1332 2472 1665 2526 mulieribus.

1244 2542 1335 2596 9.2.
1378 2543 1446 2597 Et
1476 2542 1659 2596 statim

1244 2612 1401 2669 Jesus
1421 2612 1581 2682 jussit

1244 2681 1521 2750 discipulis
1553 2681 1629 2752 (b)

1245 2756 1356 2808 suis
1382 2754 1422 2825 -ι-
1449 2753 1707 2807 ascende-

1606 1599 1619 1613 .
1663 1556 1863 1612 nduca—

423 2062 569 2119 bam.
597 2066 650 2111 et
678 2070 810 2110 euu-

425 2138 507 2184 tes
531 2128 583 2181 in
610 2126 829 2181 castella

423 2205 608 2253 emant
633 2196 732 2251 sibi
755 2211 841 2251 es-

424 2284 538 2324 cas.

425 2339 513 2393 16.
553 2338 708 2393 Jesus
729 2346 909 2393 autem
932 2334 1098 2389 dixit:

422 2409 539 2464 Non
574 2409 770 2464 habent

424 2494 647 2535 necesse
669 2480 744 2534 ire
770 2495 782 2530 :

364 2580 369 2587 -
420 2550 546 2604 date
572 2550 675 2603 illis
702 2564 797 2604 vos

420 2618 764 2674 manducare.

418 2688 833 2758 Responderunt

422 2760 510 2814 17.
538 2757 603 2825 ei
637 2778 649 2813 :
681 2760 795 2814 Non
827 2757 989 2812 babe-

419 2846 538 2885 mus
567 2830 667 2884 nisi
696 2845 745 2883 ν.
778 2843 871 2898 pa-
1245 2840 1303 2898 re
1332 2826 1382 2878 in
1411 2827 1629 2877 navicu-

418 2914 537 2965 nes,
569 2911 622 2955 et
648 2894 793 2953 duos
814 2898 892 2967 pi-
1084 2966 1088 2967 ί
1130 2964 1140 2967 Α
1244 2896 1318 2959 la,
1338 2907 1403 2967 Aet
1433 2894 1721 2967 praecede-

420 2971 509 3025 18.
539 2964 1045 3025 εεεεΕιειῖιΙθευεε
1067 2964 1172 3019 Ad-
1244 2980 1303 3020 re
1327 2964 1397 3038 (c)
1430 2976 1577 3018 trans
1607 2964 1714 3019 fre-

844 3080 1069 3136 CODEX
1108 3076 1568 3135 CORBEIENSIS.

418 3179 475 3235 in
518 3179 690 3234 locum
755 3176 1024 3231 desertum
1103 3174 1120 3205 ί
1192 3174 1357 3229 solus.
1422 3171 1573 3239 Quod
1646 3185 1765 3223 cum
1820 3169 1999 3223 audis-

417 3262 538 3305 sent
590 3248 815 3307 turbae.
869 3254 1084 3298 secutae
1134 3256 1256 3298 sunt
1308 3258 1428 3297 eum
1482 3244 1501 3273 ¹
1548 3242 1770 3309 pedibus
1820 3255 1848 3293 a
1879 3241 2001 3294 civi-

416 3321 615 3375 tatibus
648 3319 777 3371 suis.
830 3316 849 3346 ³
888 3316 953 3369 Ει
1014 3328 1262 3384 egressus
1312 3314 1445 3367 vidit
1500 3316 1707 3366 turbam
1754 3312 1996 3374 multam,

418 3400 475 3445 et
510 3390 756 3443 misertus
790 3394 874 3441 est
908 3386 1009 3449 eis,
1051 3394 1105 3439 et
1152 3385 1173 3415 ⁵
1218 3389 1424 3438 sanavit
1466 3384 1746 3452 languidos
1787 3398 1993 3435 eormn.

414 3457 549 3515 Cum
586 3472 707 3513 sero
746 3469 921 3511 autem
966 3455 1159 3509 factum
1200 3466 1363 3520 esset,
1406 3463 1748 3508 accesserunt
1779 3453 1841 3506 ad
1870 3469 1990 3506 cum

414 3529 661 3598 discipuli
692 3528 825 3598 ejus,
851 3528 1092 3598 dicentes
1123 3525 1416 3598 :_Desertus
1440 3528 1586 3598 locus
1616 3526 1637 3556 ⁵
1674 3532 1756 3598 est
1784 3524 1881 3598 ubi
1902 3539 1992 3577 su-

416 3592 657 3662 tntts,'et‘
701 3592 829 3650 liora
876 3596 984 3665 jam
1033 3592 1305 3665 praeteriit
1374 3612 1387 3647 :
1447 3595 1652 3665 dimitte
1704 3593 1725 3624 '
1783 3594 1989 3665 turbam

412 3672 573 3724 iStam
611 3710 623 3732 ,
684 3676 741 3722 ut
793 3664 982 3722 euntes
1032 3666 1084 3719 itt
1137 3664 1268 3719 vicis
1299 3667 1481 3717 emant
1523 3664 1622 3717 sibi
1678 3665 1894 3717 escas.“l
1928 3664 1993 3716 Et

384 3742 487 3795 'ait
532 3741 637 3793 illis
666 3738 822 3793 Jesus
851 3753 863 3787 :
913 3736 1024 3789 Noti
1073 3735 1269 3787 habent
1318 3746 1540 3785 necesse
1568 3734 1644 3785 ire
1678 3749 1688 3760 ·
1731 3732 1855 3785 date
1884 3733 1991 3784 illis

412 3807 509 3864 ros
551 3808 892 3863 manducare.
928 3808 948 3834 ⁸
991 3806 1056 3859 At
1101 3803 1177 3856 ili
1208 3803 1454 3856 dixerunt
1489 3820 1500 3853 :
1534 3801 1648 3856 Non
1683 3802 1940 3854 habemus
1972 3805 1991 3834 °

416 3882 691 3934 nobiscum
726 3880 823 3932 nisi
865 3874 1097 3942 quinque
1145 3889 1329 3939 panes.
1350 3882 1401 3925 et
1429 3872 1564 3924 duos
1596 3872 1787 3941 pisces.
1817 3872 1857 3901 ¹⁰
1891 3872 1993 3923 lte-

414 3951 681 4018 spondens
701 3949 858 4003 Jesus
883 3948 958 4001 ait
984 3944 1212 4018 :All‘erte
1240 3942 1357 3994 illus
1383 3942 1501 3995 huc.
1538 3942 1599 3994 Et
1632 3943 1671 3972 “
1694 3943 1857 4018 jussit
1884 3950 1995 3993 tur-

416 4013 537 4072 bam
568 4019 903 4072 discumbere
926 4030 1088 4083 super
1117 4014 1157 4044 ¹²
1176 4013 1480 4083 fueumtt.et
1503 4016 1737 4080 acceptis
1758 4013 1993 4083 quinque

412 4090 639 4152 pauibu»
662 4127 675 4146 .
726 4100 777 4140 et
822 4082 1031 4140 duobus
1073 4084 1306 4153 piscibus
1329 4124 1341 4141 .
1378 4082 1421 4153 ‘f"
1445 4086 1735 4148 respicit-ns
1774 4082 1840 4153 ad
1867 4097 1991 4135 eue-

415 4158 524 4212 lum
554 4158 1013 4211 benedixitenset
1036 4152 1211 4223 t‘r’egit,
1238 4164 1292 4207 ct
1314 4152 1461 4206 dedit
1488 4154 1761 4220 discipulis
1788 4152 1850 4215 "‘,
1880 4153 1988 4205 dis-

415 4228 573 4295 cipuli
607 4237 779 4278 autem
823 4227 1011 4279 turbis.
1062 4227 1125 4277 Et
1155 4224 1605 4295 ntaudtwavermt
1634 4224 1903 4295 universi,
1936 4230 1993 4276 cl

414 4293 635 4351 saturati
682 4304 823 4347 sunt.
859 4295 901 4324 ¹³
934 4296 990 4345 lit
1022 4294 1350 4346 sustulerunt
1375 4294 1514 4362 quod
1538 4295 1816 4358 superfuit,
1850 4293 1989 4347 duu-

414 4369 587 4422 decim
618 4367 876 4431 c0phittos
910 4364 1116 4427 plenos.
1152 4362 1194 4391 ¹⁶
1226 4362 1288 4413 Et
1316 4376 1466 4413 erant
1504 4366 1591 4429 qui
1636 4364 1990 4416 manducare-

413 4451 572 4502 runt,
619 4436 891 4489 hominum
936 4436 1171 4502 utrinque
1215 4431 1414 4502 millia,
1443 4434 1679 4502 exceptis
1725 4433 1899 4502 pueris
1935 4441 1989 4482 et

414 4498 744 4565 muliei-ibtts.
784 4506 823 4534 ¹⁷
857 4504 1004 4555 'l‘tmc
1038 4499 1195 4569 jussit
1230 4498 1507 4563 discipulis
1546 4500 1656 4551 :lllS
1699 4498 1989 4554 ascendere

416 4580 468 4634 in
494 4579 815 4640 naviculam,
850 4582 901 4627 ct
934 4573 976 4603 ‘3
1007 4572 1084 4624 ire
1108 4581 1254 4622 trans
1279 4569 1492 4631 fretum,

948 272 1219 363 EUSEBII
1257 254 1593 359 vascam.
1636 300 2079 359 svasceuuu
2119 302 2263 360 cum
2304 254 2536 361 VARIlS
2572 303 2726 361 con.
2764 292 3157 364 comarum.

3581 298 3692 354 236

2536 416 2764 473 CODEX
2817 417 3255 477 VERONENSIS.

2107 508 2247 572 cula,
2280 508 2333 561 in
2365 508 2541 563 locum
2931 511 3090 568 Jesus
3118 532 3130 567 :
3158 510 3379 567 Adferte

2106 577 2379 633 desertum
2406 592 2559 633 seor-
2930 598 3025 637 eos
3056 582 3131 709 ἓι)
3159 582 3226 637 ad
3257 597 3362 636 me.
3412 612 3415 613 ν

2107 663 2248 701 sum.
2277 648 2347 703 Et
2371 664 2493 702 cum
2514 663 2607 703 aut-
2933 653 3019 708 19.
3111 665 3129 708 ι
3157 667 3279 707 cum
3306 652 3415 709 ius!

2107 663 2248 723 sum.
2277 648 2493 723 Etcum
2514 663 2607 703 aus
2933 653 3019 708 19.
3064 648 3129 709 Ei
3157 667 3279 707 cum
3305 652 3499 723 jussis-

2106 720 2315 773 dissent
2342 720 2548 781 turbae,
2934 733 3017 779 set
3043 725 3252 779 turbam

2105 798 2323 843 secutae
2348 798 2473 843 sunt
2501 803 2625 844 eum
2933 794 3274 849 discumbere

2107 859 2385 927 pedestres
2409 858 2475 912 de

2105 927 2432 992 civitatibus,
2453 937 2508 981 et

2108 999 2196 1053 Η.
2239 998 2403 1052 villis.
2434 999 2497 1053 Et
2524 1007 2580 1051 ut

2108 1068 2241 1121 vidit
2268 1068 2481 1122 turbam

2107 1139 2351 1202 multam,
2384 1137 2639 1194 misertus

2107 1216 2190 1263 est
2218 1209 2346 1272 illis,
2375 1218 2428 1263 et
2450 1221 2546 1262 cu-

2105 1276 2243 1333 ravit
2263 1277 2544 1349 languidos
2790 1344 2791 1347 η

2106 1363 2312 1424 eorum.
2929 1354 3044 1424 l‘reg

2110 1418 2195 1472 15.
2240 1416 2475 1488 Vespere
2498 1427 2679 1474 autem

2106 1488 2269 1553 facto,
2298 1502 2545 1546 accesse—

2106 1566 2233 1614 runt
2255 1560 2323 1613 ad
2347 1574 2472 1614 eum

2107 1628 2379 1699 discipuli,
2402 1628 2585 1685 dicen-

2108 1708 2190 1754 tes
2216 1715 2231 1753 :
2261 1701 2513 1756 Desertus

2106 1769 2257 1823 locus
2284 1779 2390 1835 est,
2417 1780 2473 1825 et

2108 1839 2239 1893 hora
2266 1840 2378 1908 jam

2104 1911 2388 1981 praeteriit
2408 1926 2421 1962 :
2455 1908 2538 1963 di-

2933 878 3093 933 supra
3118 866 3297 919 fenum
3314 901 3331 929 ,

2930 936 3165 1003 acceptis
3190 933 3424 1004 quinque

2931 1001 3178 1073 panibus,
3205 1001 3259 1059 et
3280 1001 3417 1057 duo-

2926 1075 3033 1131 bus
3064 1074 3299 1143 piscibus
3314 1111 3329 1136 ,

2931 1144 3201 1213 aspiciens
3230 1144 3286 1197 in

2931 1216 3137 1270 caelum
3174 1214 3266 1269 be-

2933 1284 3159 1351 nedixit,
3183 1292 3241 1339 et

3050 1356 3113 1420 it,
3143 1350 3197 1409 et
3220 1350 3370 1409 dedit

2932 1424 3210 1491 discipulis
3238 1424 3373 1489 suis,

2934 1494 3183 1563 discipuli
3214 1509 3309 1548 au-

2934 1573 3041 1620 tem
3070 1570 3365 1631 posuerunt
3400 1622 3405 1625 _

2934 1635 3026 1690 20.
3061 1635 3257 1689 turbis.
3285 1634 3354 1689 Et
3378 1646 3530 1686 man-

2933 1705 3267 1760 ducaveruut
3290 1720 3407 1759 om-

2933 1790 3052 1840 nes,
3081 1787 3135 1831 et
3161 1776 3383 1829 saturati

2932 1854 3077 1900 sunt.
3114 1844 3181 1900 Et
3206 1844 3334 1901 reli-

2168 1915 2388 1989 Laeteriit
2408 1926 2421 1962 :
2455 1915 2538 1963 di-
2933 1916 3085 1989 guias
3109 1915 3446 1986 collegerunt

2107 1985 2263 2054 mitte
2289 1989 2400 2032 tur—
2931 1985 3372 2054 fragmentorum,

2107 2049 2226 2113 bas,
2260 2058 2319 2103 ut
2339 2056 2530 2105 euntes
2934 2049 3219 2111 duodecim
3244 2049 3450 2111 coﬂnos

2107 2121 2163 2174 in
2186 2119 2411 2200 castella
2931 2126 3023 2200 21.
3066 2126 3272 2200 plenos.
3296 2125 3447 2181 Man-

2106 2198 2292 2244 emant
2312 2190 2414 2244 sibi
2932 2190 3239 2251 ducaittium
3260 2209 3356 2249 au-

2108 2274 2280 2314 escas.
2932 2274 3040 2321 tetu
3070 2265 3169 2321 l'uit
3195 2282 3383 2322 nume-

2931 2351 3024 2390 rus
3048 2352 3099 2389 v.
3134 2336 3280 2391 milia

2930 2406 3193 2472 virorum,
3224 2422 3319 2462 ex-

2930 2479 3103 2546 ceptis
3131 2478 3311 2547 pueris

2929 2556 2984 2601 et
3005 2548 3339 2602 mulieribus.

2927 2616 3019 2669 22.
3064 2618 3127 2671 Et
3155 2616 3335 2669 statim
3366 2614 3527 2669 Jesus

2925 2687 3086 2755 jussit
3099 2685 3404 2757 discipulos
3433 2684 3509 2757 (ὁ)

2931 2770 3061 2810 suos
3082 2755 3124 2826 σί·
3145 2755 3439 2821 ascendere

2934 2827 2989 2879 in
3022 2826 3339 2891 naviculam,

2932 2904 2987 2951 et
3018 2896 3338 2964 praecedere
3364 2894 3439 2966 (c)
3469 2894 3512 2964 -ι-

2934 2975 3082 3021 trans
3110 2966 3327 3031 fretum,

2560 3072 2794 3133 CODEX
2832 3078 3225 3137 BRleANUS.

2107 3169 2161 3223 in
2195 3169 2369 3223 locum
2411 3169 2683 3224 desertum
2706 3186 2946 3227 seorsum
2970 3171 3037 3227 Et
3061 3188 3183 3229 cum
3207 3170 3483 3228 audissent
3500 3173 3692 3229 turbae

2105 3254 2165 3311 sa
2178 3248 2205 3276 ι
2223 3250 2393 3294 ecutze
2412 3248 2535 3294 sunt
2551 3255 2673 3311 eum
2697 3242 2973 3311 pedestres
2996 3243 3066 3299 de
3080 3244 3409 3299 civitatibus.
3426 3244 3488 3298 Et
3499 3245 3692 3299 exiens

2103 3308 2278 3364 Jesus.
2313 3311 2443 3364 vidit
2470 3310 2678 3364 turbam
2700 3308 2969 3370 'multam.
2998 3326 3054 3369 et
3097 3318 3348 3370 misertus
3374 3325 3458 3373 est
3497 3317 3599 3369 eis.
3632 3323 3693 3369 et

2103 3383 2308 3435 curavit
2338 3382 2578 3435 intirmos
2604 3397 2812 3437 eorum.
2844 3383 3080 3452 VeSpcre
3108 3395 3285 3439 autem
3318 3385 3477 3446 facto.
3505 3399 3691 3439 acces-

2103 3461 2291 3525 serunt
2332 3452 2401 3506 ad
2440 3467 2562 3525 eum
2592 3452 2837 3525 discipuli
2864 3455 2980 3525 ejus
3007 3455 3265 3525 dicentes.
3302 3455 3555 3509 Desertus
3602 3463 3691 3509 est

2098 3520 2186 3575 hic
2215 3524 2383 3589 locus,
2440 3534 2495 3577 et
2544 3524 2673 3577 hora
2725 3524 2835 3593 jam
2892 3520 3186 3593 praeteriit.
3232 3524 3454 3579 demitte
3503 3525 3692 3579 turbas

2108 2330 2197 2384 16.
2238 2328 2599 2387 Jesnsautem

2108 2398 2243 2454 dixit
2274 2416 2287 2451 :
2319 2398 2433 2452 Non
2467 2400 2561 2453 ha-

2107 2471 2237 2525 bent
2262 2484 2484 2525 necesse
2506 2471 2583 2526 ire
2608 2488 2621 2522 :

2108 2539 2234 2595 date
2259 2540 2365 2594 illis
2398 2554 2490 2595 vos

2109 2610 2452 2665 manducare.

2106 2680 2525 2750 ReSponderunt

2108 2750 2197 2805 17.
2237 2752 2285 2806 ei
2312 2768 2324 2803 :
2354 2750 2471 2815 Non
2496 2751 2755 2807 habemus

2108 2822 2212 2875 nisi
2236 2829 2469 2891 quinque
2492 2838 2583 2891 pa-

2108 2907 2228 2958 rtes,
2254 2902 2309 2945 et
2337 2891 2475 2946 duos
2506 2892 2584 2960 pi-

2109 2962 2194 3017 18.
2238 2976 2376 3016 sces.
2408 2962 2475 3015 Et
2497 2963 2575 3017 ait

2054 3650 2055 3653 η
2099 3602 2158 3645 ut
2203 3602 2394 3647 euntes
2422 3594 2473 3645 in
2520 3594 2762 3646 castella.
2811 3604 2992 3648 emant
3040 3593 3140 3649 sibi
3192 3609 3362 3650 escas.
3405 3594 3563 3649 Jesus
3590 3610 3691 3648 au-

2099 3662 2371 3715 tem'dixit
2399 3664 2497 3714 eis.
2532 3662 2643 3715 Non
2677 3663 2880 3718 habent
2907 3678 3133 3720 "008550
3160 3666 3259 3721 ire.
3293 3666 3417 3721 date
3447 3665 3553 3719 illis
3590 3679 3689 3719 vos

2099 3730 2445 3784 manducare.
2481 3732 2558 3784 Ad
2604 3732 2678 3785 illi
2708 3732 2957 3788 dixerunt
2994 3735 3064 3789 ci.
3114 3734 3226 3791 Non
3272 3734 3533 3791 habemus
3574 3736 3683 3788 hic.

2101 3800 2211 3873 nisi
2231 3802 2485 3873 quinque
2506 3816 2669 3869 panes
2698 3813 2751 3857 et
2778 3805 2912 3857 duos
2951 3806 3141 3873 pisces.
3176 3806 3241 3859 Et
3264 3808 3339 3860 ait
3366 3807 3471 3859 illis
3500 3805 3682 3860 .Iesus.

2100 3868 2322 3943 Λαΐῳ-ιη
2363 3868 2489 3923 mihi
2512 3868 2622 3943 eos
2646 3875 2765 3927 huc.
2798 3875 2865 3927 Et
2903 3868 3024 3929 cum
3048 3876 3298 3943 jussisset
3330 3877 3540 3929 turbam
3570 3875 3685 3928 dis-

2098 3940 2351 4012 cumbere
2394 3956 2552 4007 supra
2601 3941 2780 3995 fenum
2823 3940 3063 4012 acceptis
3100 3946 3337 4011 quinque
3378 3946 3602 4008 panibus
3629 3955 3688 3996 et

2099 4009 2310 4079 duobus
2354 4012 2585 4079 piscibus
2628 4013 2894 4078 aspiciens
2944 4009 2996 4065 in
3043 4009 3263 4066 caelum
3298 4013 3593 4066 benedixit.
3627 4022 3682 4067 et

2098 4077 2535 4151 frangitis—dedit
2561 4077 2835 4149 discipulis
2875 4096 3038 4151 panes
3067 4081 3313 4148 discipuli
3354 4090 3532 4136 autem
3566 4091 3684 4135 tur-

2097 4146 2201 4201 bis.
2233 4150 2300 4205 Et
2336 4146 2797 4205 mztttducaver'uut
2830 4146 3038 4205 omnes.
3080 4160 3135 4206 et
3176 4146 3398 4205 saturati
3438 4160 3583 4205 sunt.
3621 4153 3687 4206 Et

2096 4224 2433 4291 sustuletunt
2479 4222 2731 4287 reliquias
2788 4222 3208 4291 fraguteutorum
3258 4220 3539 4277 duodecim
3590 4238 3686 4291 co-

2099 4290 2291 4354 phinos
2328 4292 2533 4355 plenos.
2565 4293 2665 4358 Qui
2692 4290 2891 4347 autem’
2913 4292 3367 4347 manducaverunt
3399 4298 3554 4346 erant
3578 4290 3683 4345 viri

2098 4360 2258 4438 Quasi
2285 4362 3003 4438 qttitttlito.llltlia._e$§eplis
3028 4364 3448 4438 mulier_ibtts._et
3485 4376 3682 4438 parva.

2100 4426 2187 4499 lis.
2220 4429 2285 4483 Et
2305 4426 2492 4484 statim
2530 4432 2691 4498 jussit
2720 4426 3012 4499 discipulos
3035 4433 3331 4488 ascendere
3369 4435 3423 4485 in
3444 4426 3686 4487 navicu-

2098 4493 2205 4549 lam
2231 4510 2284 4552 et
2312 4493 2637 4567 praecedere
2658 4516 2781 4555 eum
2812 4493 2967 4559 trans
3001 4503 3217 4559 fretum.

1085 4678 1472 4737 VARIANTES
1508 4678 1890 4735 LECTIONES
1927 4678 2193 4737 CODICIS
2232 4682 2342 4740 MS.
2386 4686 2443 4741 S.
2485 4686 3001 4747 GERMANENSIS.

482 4786 497 4814 ι
534 4797 770 4833 seorsum.
792 4783 857 4833 Et
878 4792 988 4830 cum

479 4847 498 4875 ²
533 4845 790 4905 pedestres
811 4846 874 4891 de

478 4907 499 4937 ³
535 4912 585 4953 t-t
606 4918 715 4952 cum
743 4906 929 4951 exisset

474 4967 498 5059 ζ
526 4967 710 5014 curavit
737 4965 947 5012 inllrtnos
972 4975 1155 5011 eorum.
1184 4963 1409 5025 Vespere
1430 4966 1592 5008 autem
1620 4957 1745 5007 l‘acto

534 5034 603 5059 uel
658 5033 703 5059 nl

475 5033 498 5059 ⁵
534 5034 627 5082 est,
658 5033 709 5075 et

470 5091 491 5119 ⁸
531 5088 697 5137 turbas
718 5088 767 5135 in
791 5083 989 5135 castella

472 5152 491 5179 "
527 5149 671 5198 Jesus
692 5156 854 5197 autem
876 5147 1002 5195 dixit
1026 5145 1119 5194 illis

472 5212 496 5304 ς
530 5211 623 5320 Suet
644 5210 873 5259 dixerunt
894 5208 943 5258 ei

567 5286 581 5320 ι

474 5286 517 5367 ἷο
533 5286 613 5384 "liii
633 5333 704 5383 ait
727 5330 822 5381 illis
849 5329 1025 5380 Jesus:
1051 5329 1156 5378 Atl‘e
1165 5334 1240 5379 rte
1260 5341 1347 5378 eos
1368 5329 1425 5377 ad
1451 5342 1529 5377 me

2170 4776 2211 4805 “
2247 4788 2355 4837 cum
2369 4777 2595 4837 iussisset

2172 4837 2216 4902 εξ
2249 4836 2464 4902 foenum,
2492 4843 2708 4902 acceptis

2168 4898 2214 4928 "
2247 4898 2488 4960 aspiciens
2506 4898 2905 4962 in...'benedixit,
2924 4912 2976 4953 et

2170 4959 2213 4989 ”
2246 4974 2420 5008 partes.
2710 5003 2716 5008 .

2166 5020 2208 5086 ff
2242 5000 2633 5086 ilicoliegerunt
2656 5003 2889 5086 reliquias

2165 5080 2209 5110 ¹⁶
2244 5080 2629 5133 Manducantium
2649 5080 2813 5135 autem
2836 5086 2926 5136 fuit
2945 5096 3175 5137 numerus
3191 5088 3408 5151 quinque
3429 5089 3580 5143 millia
3598 5096 3675 5144 vl-

2101 5154 2300 5272 Γωξῗηὲι
2323 5208 2483 5272 statim
2502 5208 2645 5267 jussit
2667 5207 2813 5259 Iesus
2837 5207 3099 5272 discipulos
3116 5221 3238 5261 suos

2166 5264 2208 5295 ¹⁸
2244 5264 2545 5328 praecedere

1728 5409 2089 5468 BLANCIIINI
2128 5410 2355 5468 NOT/E.

481 5522 507 5549 α
545 5512 589 5565 Α
618 5511 667 5565 itt
696 5517 953 5575 maculae,
987 5506 1180 5562 extrita
1214 5513 1314 5561 est.

484 5651 557 5720 (tt)
599 5651 721 5723 [inst
762 5669 875 5716 eos,
920 5652 1075 5723 deest
1112 5650 1241 5723 huc,
1276 5649 1433 5703 etiam
1478 5650 1531 5702 in
1573 5646 1697 5723 cod.
1743 5648 2077 5723 Canis—(l7)
2120 5648 2281 5705 Addit
2295 5665 2414 5705 suos
2440 5664 2457 5704 :
2486 5659 2539 5705 ct
2565 5651 2635 5706 ita
2660 5651 2886 5710 Vcrcell.
2920 5663 2974 5711 et
3002 5660 3179 5709 textus
3198 5652 3420 5710 Graecus
3442 5694 3458 5723 ,
3488 5657 3669 5713 αὐτοῦ.

412 5747 482 5764 -‹
511 5722 579 5789 tt)
620 5720 743 5775 Post
788 5722 1112 5789 praecedere,
1146 5721 1293 5776 deest
1327 5733 1478 5787 eum,
1527 5732 1581 5775 ut
1626 5722 1681 5776 in
1726 5720 1847 5777 cod.
1873 5720 2028 5775 Cant.
