3874 6450
166 419 294 475 ΗΠ

1349 419 1708 476 ειδιετοωε
1747 421 1833 478 ΕΤ
1875 421 2222 479 DECRETA.

3293 424 3427 481 H78

162 535 314 589 nobis
337 531 610 604 judicandi
659 533 828 587 forma
870 542 1181 603 competere
1228 549 1334 589 non
1365 543 1568 604 posset.
1600 535 1733 590 Nam
1764 542 1818 602 Α
1843 550 2119 608 peccatum
2147 538 2330 594 mundi
2362 539 2596 605 tolleret,
2628 541 3000 609 pronuntiavit
3031 541 3198 597 etiam
3241 541 3310 597 de
3343 541 3429 596 in-

160 628 203 681 si
236 628 440 696 integra
489 635 634 682 esset
683 625 842 681 hodie
891 625 1162 697 synodus,
1192 637 1339 684 recte
1389 629 1456 682 de
1491 629 1587 696 iis,
1616 644 1737 701 qua:

159 721 564 790 comprehendit
593 731 892 775 vestrorum
922 721 1243 791 scriptorum
1294 721 1496 788 series,
1549 723 1740 777 decer-

162 830 435 870 neremus.
473 814 720 868 Vestrum
745 824 826 868 est
855 816 1037 885 igitur,
1071 816 1160 884 qui
1195 815 1295 870 hoc
1327 815 1608 883 recepistis
1653 816 1741 885 ju-

160 910 379 974 dicinm,
417 909 740 962 sententiam
773 908 914 964 ferre
941 909 1008 962 de
1038 909 1309 974 omnihus,
1343 923 1441 963 nec
1474 910 1742 978 refugien-

159 1001 212 1056 di
247 1002 326 1056 vel
372 1001 619 1056 elabendi
670 1003 755 1056 vel
804 1003 1208 1056 accusatoribus
1250 1002 1331 1056 vel
1365 1012 1616 1055 accnsato
1645 1016 1740 1056 co-

159 1095 300 1165 piam
331 1093 480 1148 dare.
519 1092 698 1147 Vicem
726 1093 867 1149 enim
900 1093 1089 1164 synodi
1123 1093 1404 1163 recepistis
1429 1133 1444 1160 ,
1497 1107 1632 1162 quos
1673 1092 1740 1145 ad

159 1186 574 1244 examinandum
603 1187 1056 1258 synoduselegit.

231 1279 284 1332 2.
315 1277 547 1333 Bonosus
575 1281 894 1334 interdictam
923 1279 1017 1332 sibi
1040 1279 1304 1333 ecclesiam
1330 1278 1615 1349 irrumpere
1658 1292 1743 1331 eo.

158 1376 352 1446 gitaus,
375 1373 438 1426 ab
459 1374 727 1428 Ambrosio
752 1373 1100 1428 dissuadetur.
1130 1403 1199 1412 —
1224 1372 1462 1443 Denique
1489 1387 1612 1426 cum
1642 1370 1744 1426 Bo-

160 1481 325 1520 nosus
357 1467 646 1536 episcopus
680 1478 795 1536 post
824 1465 1086 1536 judicium
1135 1475 1371 1521 vestrum
1406 1465 1638 1519 misisset
1676 1464 1741 1518 ad

157 1559 380 1611 fratrem
415 1568 660 1611 nostrum
712 1558 1080 1624 Ambrosium,
1136 1558 1226 1627 qui
1271 1557 1385 1628 ejus
1414 1555 1741 1611 sententiam

156 1654 494 1718 consuleret,
529 1663 552 1690 α
587 1653 932 1707 interdictam
963 1653 1064 1707 sibi
1112 1651 1399 1706 ecclesiam
1439 1653 1743 1718 irrumpere

161 1755 327 1815 atque
356 1744 598 1815 ingredi;
631 1759 952 1812 responsum
983 1752 1068 1796 est
1108 1743 1190 1804 ei,
1221 1741 1363 1807 quod
1409 1741 1541 1794 nihil
1573 1750 1744 1795 teme-

158 1840 388 1895 randum
419 1840 576 1905 foret,
611 1839 705 1894 sed
757 1839 933 1892 omnia
971 1836 1218 1892 modeste
1247 1877 1260 1899 ,
1297 1837 1571 1906 patienter
1601 1876 1614 1897 ,
1654 1850 1744 1888 or-

1845 633 2096 702 tegritate
2124 633 2406 688 materna?
2438 635 2540 688 Aut
2570 634 2698 704 quid
2748 634 2892 689 aliud
2939 633 3142 690 dicitur
3166 677 3180 702 ,
3227 635 3331 690 nisi
3376 643 3436 690 ut

1844 724 2058 779 claudat
2081 741 2179 780 sua
2214 740 2305 780 ora
2340 725 2588 795 perﬁdia,
2620 737 2673 781 et
2703 727 3063 790 Obmutescat,
3101 743 3170 784 ne
3200 736 3434 783 matrem

1847 816 2060 872 Domini
2093 819 2272 888 aliquo
2301 818 2494 874 audeat
2519 829 2790 875 temerare
2827 819 3112 875 convicio?
3141 820 3320 875 Testis
3352 828 3437 875 est

1845 926 1970 981 ergo
1997 912 2138 966 idem
2163 913 2392 976 arbiter,
2424 912 2562 968 idem
2594 915 2824 969 materni
2874 914 3100 982 pudoris
3139 922 3385 970 assertor
3413 953 3431 980 ,

1846 1004 1987 1074 quod
2012 1004 2340 1074 desponsata
2398 1006 2558 1061 luerit
2591 1007 2714 1060 viro
2765 1005 3146 1061 tantummodo
3182 1004 3383 1073 Joseph
3419 1046 3436 1067 ,

1848 1096 1994 1150 nulla
2025 1107 2202 1152 tamen
2227 1097 2530 1168 conjugalis
2556 1099 2736 1153 coitus
2763 1098 3162 1154 consuetudine
3187 1099 3288 1152 tori
3313 1097 3438 1167 jura

1846 1191 2163 1258 cognoverit
2188 1189 2405 1261 (Matth.
2439 1206 2474 1255 I,
2511 1191 2620 1259 18).
2656 1190 2843 1262 Neqtte
2874 1191 3022 1246 enim
3057 1205 3175 1246 eam
3218 1204 3445 1259 suscep-

1848 1292 2020 1336 turum
2052 1297 2114 1338 ex
2147 1282 2353 1350 Juseph
2381 1283 2523 1338 ﬁlios
2552 1299 2580 1337 a
2607 1282 2706 1337 viri
2738 1282 3022 1339 consortio
3054 1297 3313 1352 separare
3339 1297 3441 1334 vo-

1849 1375 2051 1429 luisset.
2085 1375 2190 1432 Sed
2219 1378 2263 1430 si
2298 1378 2397 1430 hoc
2437 1391 2626 1446 parum
2673 1387 2786 1442 est,
2817 1376 3025 1431 addidit
3059 1375 3437 1431 testimonium

1851 1471 2222 1539 Evangelista,
2281 1472 2466 1525 dicens
2520 1471 2666 1541 quod
2721 1471 2948 1542 suscepit
2993 1487 3104 1524 eam
3155 1467 3444 1537 discipulus

1854 1576 1872 1602 ε
1903 1565 1953 1617 in
1981 1580 2074 1616 sua
2095 1562 2287 1634 (Ibid.,
2329 1564 2441 1631 50).
2489 1563 2758 1633 Numquid
2784 1579 2916 1633 ergo
2946 1560 3240 1616 divortium
3273 1557 3446 1614 fecit?

1850 1655 2108 1725 numquid
2157 1670 2184 1708 a
2235 1654 2354 1708 viro
2405 1653 2626 1709 abduxit
2672 1663 2836 1724 atque
2867 1653 3127 1708 abstulit?
3168 1651 3314 1721 Ergo
3350 1649 3446 1720 qui

1851 1748 1953 1802 hoc
2005 1749 2131 1817 lcgit
2161 1749 2212 1800 in
2268 1747 2586 1816 Evangelio,
2633 1745 2906 1816 quomodo
2943 1745 3095 1813 quasi
3149 1746 3446 1814 naufragus

1852 1839 2043 1894 titubat
2072 1849 2126 1894 et
2156 1840 2415 1894 fluctuat?
2446 1839 2556 1895 lloc
2578 1854 2708 1910 ergo
2741 1847 3118 1894 testamentum
3150 1837 3244 1890 lilii
3269 1845 3356 1892 est
3379 1834 3447 1890 de

155 1933 290 1990 dine
327 1934 567 2003 gerenda
596 1974 610 1998 .
653 1948 829 2000 neque
886 1941 1072 1985 contra
1137 1929 1460 1984 sententiam
1507 1938 1738 1982 vestram
1775 1950 1820 2009 Β
1849 1934 2035 1987 matris
2069 1931 2403 2001 integritate,
2431 1933 2542 1986 hinc
2573 1930 2754 1986 Mariae
2779 1929 3240 1999 locuplesituegri
3281 1925 3454 1998 pudo-

158 2028 481 2082 tentandum
513 2027 748 2096 aliquid;
778 2037 834 2082 ut
865 2027 1006 2096 quod
1036 2026 1313 2081 videretur
1349 2026 1742 2095 vobisjustitiae

158 2121 479 2183 c0ttvenire,
512 2122 854 2185 statueretis,
881 2121 1079 2191 quibus
1122 2121 1260 2173 hanc
1302 2121 1540 2190 synodus
1573 2117 1740 2172 dede-

161 2221 249 2267 rat
272 2213 677 2266 anctorita'tem.
723 2211 849 2266 Ideo
883 2211 1110 2280 primum
1143 2220 1258 2275 est,
1293 2221 1348 2264 ut
1387 2211 1418 2264 ii
1453 2209 1700 2279 judicent
1731 2249 1744 2271 ,

158 2304 362 2376 qmbus
383 2303 661 2372 judicandi
696 2304 922 2357 laenltas
945 2313 1029 2357 est
1060 2302 1218 2356 data:
1252 2317 1347 2356 vos
1377 2302 1520 2356 enim
1557 2301 1743 2365 totius,

161 2407 224 2451 nt
247 2395 590 2466 scripsimus,
621 2395 814 2466 synodi
855 2395 971 2448 \ice
1000 2394 1332 2457 decernitis;
1379 2408 1478 2448 nos
1505 2393 1656 2464 quasi
1683 2408 1746 2447 ex

159 2490 359 2562 synodi
393 2489 716 2544 auctoritate
741 2488 986 2558 judicare
1016 2505 1121 2542 non
1155 2489 1429 2542 convenit.

239 2585 294 2638 3.
325 2581 516 2637 llonosi
547 2599 686 2636 error
737 2584 799 2634 de
849 2583 971 2650 [iliis
1006 2582 1207 2636 .llariw.
1244 2580 1443 2636 Judaei:
1481 2587 1637 2653 favet.
1679 2612 1747 2621 ~—

162 2677 314 2732 Sane
343 2691 448 2730 non
483 2691 765 2745 possumus
815 2692 1010 2745 negare
1040 2676 1107 2728 de
1141 2675 1321 2730 Maria:
1360 2675 1487 2730 ﬁliis
1515 2676 1636 2745 jure
1665 2690 1753 2729 re-

165 2769 526 2840 prehensum,
557 2771 858 2838 meritoque
883 2779 1118 2824 vestram
1164 2771 1508 2824 sanctitatem
1554 2769 1754 2824 abhor-

166 2863 369 2921 ruisse,
401 2861 544 2930 quod
573 2876 637 2916 ex
680 2862 869 2916 eodem
903 2870 1055 2915 utero
1095 2861 1376 2930 virginali,
1411 2877 1476 2916 ex
1521 2877 1629 2930 quo
1667 2877 1756 2916 se-

162 2956 407 3010 cundum
429 2970 646 3010 carnem
669 2953 915 3009 Christus
948 2964 1106 3008 natus
1134 2966 1258 3020 est,
1299 2955 1439 3008 alius
1468 2967 1656 3023 partus
1679 2955 1757 3009 el-

163 3048 327 3104 fusus
355 3051 442 3103 sit.
470 3048 653 3118 Neque
679 3051 820 3104 enim
848 3050 1104 3118 elegisset
1129 3050 1386 3103 Dominus
1411 3049 1570 3104 Jesns
1607 3050 1755 3103 nasci

166 3157 271 3212 per
297 3143 584 3212 virginem,
612 3142 658 3196 si
690 3157 806 3196 cam
831 3142 1132 3211 judicasset
1187 3153 1290 3195 tam
1327 3142 1756 3196 incontinentem

166 3238 314 3299 fore,
347 3249 403 3290 ιιι
427 3237 558 3290 illud
586 3237 826 3306 genitale
867 3236 1136 3291 Dominici
1170 3237 1448 3304 corporis,
1486 3234 1631 3289 illam
1664 3250 1761 3289 au-

167 3331 286 3384 lam
330 3330 494 3400 Regis
551 3333 779 3396 :eterni,
845 3331 1173 3384 concubitus
1236 3328 1507 3384 lmmanib
1560 3333 1836 3398 semincC

165 3423 581 3493 coinquinarct.
610 3424 712 3492 Qui
747 3425 886 3478 enim
925 3423 1023 3477 hoc
1058 3425 1287 3486 astruit,
1318 3422 1449 3476 nihil
1483 3421 1628 3476 aliud
1664 3420 1764 3475 nisi

166 3518 460 3588 perfidiam
495 3517 806 3572 JtldmOl‘ltllt
841 3520 1029 3571 astruit
1061 3559 1074 3581 ,
1102 3520 1191 3586 qui
1247 3517 1437 3570 dicunt
1477 3531 1599 3568 eum
1656 3527 1761 3567 non

165 3611 418 3681 potuisse
453 3610 598 3662 uisci
629 3624 694 3663 ex
727 3610 956 3678 virgine.
1010 3609 1138 3662 Nam
1166 3609 1212 3662 si
1243 3607 1382 3661 hanc
1431 3607 1703 3675 accipiant
1735 3619 1762 3656 a

160 3703 559 3760 sacerdotibus
582 3702 986 3765 auctoritatem,
1019 3712 1075 3754 ιιι
1102 3701 1350 3754 videatur
1390 3698 1552 3753 Maria
1581 3707 1765 3769 partus

168 3795 384 3850 fudisse
417 3795 704 3863 plurimos,
735 3795 939 3862 majore
970 3793 1150 3846 studio
1199 3794 1483 3845 veritatem
1517 3790 1640 3845 ﬁdei
1668 3806 1762 3846 ex-

165 3892 416 3960 pugnare
451 3885 813 3940 contendent.

241 3980 299 4033 ιι.
327 3979 621 4050 Refutatur.
655 4010 722 4018 —
765 3978 832 4032 Et
873 3978 961 4032 tibi
1012 3987 1094 4031 est
1137 3977 1270 4030 illud
1307 3975 1452 4046 quod
1501 3975 1764 4042 scriptum

160 4086 280 4138 εει,
319 4071 534 4127 dicente
558 4071 788 4126 Domino
829 4070 894 4124 ad
947 4078 1174 4123 matrem
1208 4067 1273 4123 de
1327 4067 1535 4123 Joanne
1590 4066 1769 4121 Evan-

159 4166 396 4238 gelista,
432 4163 645 4229 Mulier,
673 4181 786 4218 ecce
815 4165 953 4233 ﬁlius
986 4173 1139 4215 tuus:
1171 4173 1223 4215 et
1250 4175 1441 4215 rursus
1487 4159 1553 4213 ad
1595 4158 1768 4213 Joan-

163 4273 302 4314 nem
325 4258 389 4312 de
421 4257 586 4311 Maria
622 4301 635 4320 ,
687 4255 820 4310 Ecce
865 4268 1027 4310 mater
1075 4266 1161 4308 tua
1226 4254 1384 4327 (Vide
1437 4255 1674 4306 Ambros.
1706 4253 1769 4306 de

164 4350 354 4407 Instit.
388 4351 514 4418 t'irg.
543 4367 589 4402 c.
615 4350 668 4415 7,
703 4367 753 4402 u.
783 4348 872 4412 46,
907 4353 956 4402 in
979 4347 1135 4403 Joan.
1159 4364 1247 4402 XIX
1279 4389 1292 4412 ,
1323 4347 1413 4408 26,
1462 4344 1556 4414 9.7)
1581 4345 1603 4398 ?
1624 4343 1764 4412 Quid

161 4445 278 4504 sibi
313 4443 455 4500 istud
488 4443 622 4510 vult,
654 4442 796 4514 quod
838 4457 960 4497 cum
988 4444 1037 4496 in
1069 4457 1234 4497 cruce
1270 4441 1528 4496 Dominus
1554 4439 1765 4508 positus

162 4652 446 4727 Egyptiis
493 4651 786 4727 episcopis,
851 4649 1152 4727 commissa
1203 4646 1474 4727 censenda
1541 4655 1646 4727 est;
1701 4646 1768 4727 At

164 4716 542 4795 Th'e'o'philum
584 4725 653 4776 ita
686 4716 995 4791 alloquitur
1033 4719 1352 4795 Ambrosius
1390 4719 1552 4795 epist.
1578 4716 1668 4795 56,
1709 4725 1772 4795 _nt

163 4799 280 4867 ἧι)κὶ
307 4787 369 4848 ac
399 4797 560 4848 sociis
581 4809 807 4848 examen
831 4787 1010 4867 potius
1033 4807 1192 4867 quam
1219 4789 1585 4867 decreturi-um
1625 4787 1772 4867 judi-

161 4858 322 4925 cium
347 4867 649 4934 delegatum
679 4858 1086 4918 t'uisseiutlit-et.
1113 4863 1238 4917 Haec
1282 4876 1442 4930 porro
1484 4863 1628 4934 inter
1667 4858 1772 4910 alia

163 4946 222 4997 ei
261 4932 495 4993 scribit}
529 4936 665 4990 Sane
715 4935 1036 5003 referendum
1085 4935 1396 4986 arbitramur
1424 4932 1491 5003 ad
1544 4941 1776 4984 sanctum

165 5019 396 5082 fratrem
424 5017 653 5082 nostrum
695 5002 940 5060 Romamn
984 5007 1294 5082 sacerdotem
1342 5002 1600 5082 ecclesite;
1651 5018 1780 5082 quo:

165 5069 320 5137 'niam
353 5078 708 5146 prmuutimus
755 5094 810 5129 ea
842 5089 888 5131 te
927 5076 1320 5149 judicaturum,
1351 5090 1465 5140 qua:
1505 5073 1656 5126 etiam
1702 5069 1779 5122 illi

165 5153 455 5216 displicere
500 5147 1075 5220 nequeant....iut'cunt
1121 5147 1174 5220 id
1218 5159 1412 5220 gestuin
1443 5161 1548 5198 esse
1591 5158 1782 5220 cogno-

166 5214 402 5278 verimus
431 5214 807 5288 quod'ecclesia
846 5219 1077 5273 Romana
1121 5216 1261 5269 haud
1293 5215 1441 5268 dubie
1480 5214 1781 5288 comproba-

166 5296 331 5357 verit,
367 5286 467 5346 lwli
493 5298 715 5360 fructum
764 5289 1057 5360 Itujusmodi
1105 5302 1358 5360 summa
1404 5286 1775 5360 adipiscantur.

164 5354 347 5421 Certe
377 5354 719 5418 Innocentius
748 5354 972 5430 epistola
1005 5361 1054 5420 l,
1085 5360 1163 5430 ad,
1183 5357 1442 5430 Auysium
1466 5398 1478 5418 ,
1514 5354 1775 5430 itaseilli

165 5438 246 5494 ad
276 5437 632 5488 imitationem
664 5424 872 5486 llatn'asi
915 5446 976 5486 ac
1013 5429 1192 5487 Siricii
1217 5472 1230 5493 ,
1256 5424 1562 5497 omniaquae
1592 5427 1645 5480 in
1675 5424 1778 5478 illis

169 5506 766 5579 partibus-gererentur.
802 5502 1155 5579 cognoscenda
1192 5500 1414 5579 _tradere
1462 5498 1771 5579 signiﬁcat“,

169 5565 238 5635 ίιι
269 5592 337 5630 ea
362 5565 541 5630 vel'ah
573 5575 692 5641 ipso
720 5565 999 5637 liniantur,
1031 5574 1114 5628 vel
1161 5573 1204 5625 si
1237 5587 1340 5625 non
1373 5573 1678 5640 potuissent
1717 5565 1775 5620 ﬁ-

169 5647 311 5710 niri,
345 5647 486 5702 sedis
526 5645 834 5716 apostolica:
857 5645 1061 5712 judicio
1081 5687 1094 5706 ,
1119 5659 1188 5716 eo
1214 5643 1485 5698 referente
1502 5653 1778 5716 ,_ser_ven-

171 5709 303 5778 tur,
327 5709 780 5787 quemadmodum
813 5709 872 5769 ei
892 5731 958 5770 ex
987 5714 1231 5786 ejusdem
1263 5728 1415 5783 papa:
1449 5710 1678 5780 epistola
1720 5709 1775 5774 9,

167 5791 250 5849 ad
278 5789 494 5854 Rufum,
520 5789 797 5843 discimus.

259 5864 288 5894 ⁸
317 5851 710 5929 ευριιῐθηόιιηι.
742 5874 810 5914 an
850 5855 1054 5929 deberet
1085 5899 1098 5921 ,
1126 5859 1226 5929 vel.
1261 5851 1631 5929 quidsimile.
1678 5851 1776 5906 Hic

174 5933 366 5990 notari
400 5924 618 5988 videtur
649 5928 966 5999 praecedens
1018 5924 1293 5998 quoddam
1326 5924 1587 5992 judicium
1614 5963 1629 5988 ,
1668 5937 1774 5994 quo

1849 2027 1924 2080 ris
1965 2022 2256 2078 haereditas
2281 2064 2296 2087 ,
2341 2022 2427 2076 hic
2456 2023 2616 2076 totius
2644 2023 2765 2076 linis
2804 2018 3312 2076 consummationis.
3345 2017 3454 2072 De-

1851 2124 2011 2193 nique
2045 2124 2147 2177 hoc
2200 2123 2379 2190 dixit,
2411 2133 2466 2177 et
2520 2121 2703 2175 emisit
2753 2119 3007 2190 spiritum
3061 2127 3452 2172 consummans

1851 2232 2010 2272 omne
2036 2217 2355 2288 mysterium
2391 2215 2533 2270 bono
2559 2214 2661 2268 ﬁne
2684 2213 2924 2284 pictatis.

1923 2309 1974 2362 5.
2009 2307 2252 2361 Ecclesia:
2270 2309 2494 2379 regimen
2519 2307 2863 2362 commissum.
2892 2335 2962 2344 —
2989 2302 3244 2372 Legimus
3273 2300 3437 2356 etiam

1855 2410 1908 2455 ct
1932 2401 2109 2453 omnia
2146 2400 2513 2468 percurrimus
2541 2398 2624 2453 vel
2653 2398 2719 2451 de
2750 2412 2838 2463 eo,
2871 2395 3017 2465 quod
3056 2392 3213 2447 fratri
3246 2402 3436 2446 nostro

1855 2504 1908 2548 ct
1937 2495 2261 2563 coepiscopo
2291 2491 2459 2545 Basso
2489 2491 2541 2544 in
2567 2489 2905 2545 consortium
2949 2485 3203 2557 regenda:
3246 2484 3441 2539 Eccle-

1856 2587 1952 2641 siae
1977 2583 2002 2620 ά
2036 2585 2193 2639 datus
2221 2592 2306 2638 est
2328 2583 2585 2648 Senecio,
2629 2581 2714 2636 vel
2739 2580 2805 2634 de
2833 2580 3050 2634 caeteris
3068 2575 3210 2632 unde
3237 2583 3436 2631 vestrm

1857 2695 2098 2736 normam
2129 2687 2510 2750 ex5pectamus
2539 2677 2847 2732 sentcntitc.

2032 2823 2343 2880 MONITUM
2384 2822 2447 2877 IN
2493 2819 2904 2891 SEQUENTES
2931 2815 3278 2874 CANONES.

1937 2943 1976 2997 Ι.
2009 2942 2158 2998 Unde
2203 2952 2249 2995 et
2295 2960 2325 2994 a
2352 2957 2452 3010 quo
2482 2941 2785 3008 prodierint.
2815 2969 2886 2978 -—
2918 2937 2974 3010 Ε
3028 2935 3218 2990 codice
3260 2932 3455 2988 Fossa-

1866 3017 2026 3079 tensi,
2060 3014 2150 3083 qui
2197 3029 2337 3068 nunc
2365 3008 2444 3066 'in
2477 3012 2790 3083 Colbertina
2819 3008 3152 3083 bibliotheca
3202 3019 3457 3083 asserva-

1867 3096 1974 3149 tur,
2008 3076 2215 3140 necnon
2246 3101 2308 3136 ex
2346 3086 2563 3152 antiqua
2598 3081 2803 3136 codicis
2833 3078 3100 3152 Pithoaani
3128 3076 3456 3130 collectione

1868 3158 2096 3226 primum
2123 3151 2611 3226 JacoltiSirtnondi
2640 3168 2802 3220 opera
2834 3151 2963 3205 editi
3005 3155 3458 3226 sunt__sequeutes

1867 3216 2128 3283 canones.
2156 3226 2262 3280 Eos
2293 3225 2408 3288 ille,
2432 3225 2556 3294 quia
2586 3216 2694 3293 quo
2723 3233 2970 3288 tempore
2997 3218 3206 3294 conditi
3231 3216 3454 3294 fuerint:

1870 3299 2284 3360 deprehendere
2338 3285 2488 3349 certo
2541 3285 2644 3347 no'u
2705 3285 2917 3354 valuit,
2946 3292 3012 3344 ad
3059 3289 3268 3343 calcem
3331 3285 3458 3340 to.l

1871 3370 2240 3426 Conciliorum
2272 3366 2460 3422 Gallia:
2485 3363 2812 3434 rejiriendos
2840 3363 3015 3416 duxit.
3060 3360 3162 3434 Uhi
3209 3372 3343 3434 vero
3367 3371 3460 3434 eo-

1870 3459 1988 3496 rum
2020 3440 2392 3508 antiquitatem
2435 3429 2686 3506 probavit
2719 3435 2803 3508 his
2830 3434 3033 3508 verbis,
3070 3449 3088 3482 t
3123 3429 3460 3508 Antiquissi-

1867 3527 1986 3566 mos
2019 3500 2237 3578 prorsus
2267 3523 2388 3562 esse
2422 3500 2535 3561 t'um
2562 3505 2959 3578 exemplarium
2992 3500 3454 3578 vetustas-docet,

1869 3593 1981 3637 tum
2008 3572 2121 3649 ipsa
2150 3581 2409 3640 maxime,
2435 3594 2555 3645 qttte
2577 3577 2771 3645 priscis
2797 3574 3055 3649 Ecclesia:
3085 3572 3305 3625 sacculis
3330 3584 3462 3649 con-

1865 3641 2088 3724 grutnit,
2122 3641 2477 3724 decretorum
2510 3641 2833 3717 argumenta
2882 3644 3238 3724 conﬁrmant;
3283 3662 3300 3691 ι
3340 3641 3457 3722 ipse

1867 3711 2087 3780 demum
2111 3737 2265 3777 suam
2299 3720 2367 3774 de
2425 3711 2640 3773 illoru'm
2685 3728 2908 3771 auctore
2952 3715 3324 3781 conjecturam
3378 3711 3459 3764 sic

1869 3795 2147 3865 preponit:
2211 3791 2331 3865 «Et
2401 3791 2746 3865 decretorum
2807 3799 2986 3865 autem
3036 3796 3090 3839 et
3145 3783 3459 3864 scriptionis

1869 3855 2042 3921 lornta
2069 3879 2176 3918 non
2222 3862 2481 3916 abhorret
2521 3860 2588 3912 ab
2634 3859 2890 3924 epistolis
2935 3855 3234 3910 Innocentii
3283 3867 3455 3920 paptc.

1870 3938 2049 4007 Quare
2072 3949 2177 3989 non
2213 3932 2643 4007 inanisforta‘ssc
2673 3928 3052 4007 opittio__ltt_erit
3077 3968 3090 3990 ,
3133 3927 3182 4007 si
3211 3927 3333 3992 quis
3355 3928 3452 4007 lto:

1874 3994 1992 4064 Futn
2024 4016 2297 4060 auctorem
2345 4004 2494 4057 illum
2542 3994 2726 4055 fuisse
2752 4001 3031 4068 conjiciat.
3075 4016 3093 4046 ι
3131 3995 3281 4050 lianc
3327 3994 3461 4068 tanti

1875 4080 1977 4134 viri
2009 4077 2376 4146 conjecturam
2403 4084 2625 4146 secutus
2668 4066 2938 4146 Lablieits,
2975 4083 3213 4146 canones
3242 4066 3461 4146 eosdem

1877 4137 2177 4206 Innocen'tii
2205 4145 2452 4215 epistolis
2481 4144 2688 4210 primus
2711 4138 3053 4215 subjecitJta
3078 4137 3243 4192 etiam
3273 4137 3455 4215 nobis,

1876 4237 1999 4276 cum
2029 4234 2125 4275 cos
2167 4206 2388 4272 omnino
2434 4206 2716 4284 prmterire
2771 4206 2990 4284 minime
3019 4211 3182 4264 liceat
3217 4247 3231 4272 ,
3284 4206 3462 4284 nullus

1874 4294 2042 4362 prima
2077 4288 2254 4362 fronte
2283 4277 2622 4340 commodior
2647 4286 2795 4338 visus
2821 4294 2940 4338 erat
2971 4282 3123 4335 locus
3153 4321 3167 4345 ,
3198 4292 3304 4349 quo
3335 4277 3460 4332 illos

1874 4360 2132 4418 exhibere
2162 4360 2486 4413 valeremus.

1948 4431 2008 4487 ll.
2041 4430 2234 4485 Eorum
2257 4439 2517 4482 auctorem
2540 4424 2710 4481 Leone
2729 4423 3069 4492 antiquiorem
3091 4438 3299 4476 esse.-—
3320 4420 3462 4475 Sane

1795 4645 1846 4704 D
1873 4638 2108 4711 episcopi
2136 4635 2334 4708 Illyrici
2367 4634 2608 4711 Bonoso,
2640 4631 2813 4711 donec
2841 4642 3058 4711 causam
3083 4626 3228 4709 illius
3246 4623 3458 4707 plenius

1875 4697 2288 4780 cognovissent,
2321 4705 2566 4780 ecclesia
2592 4719 2694 4780 sua
2735 4701 3148 4780 interdicentes,
3182 4699 3300 4767 ejus
3327 4697 3467 4766 regi-

1877 4773 2000 4838 mén
2035 4782 2201 4835 Basso
2226 4793 2287 4832 ac
2315 4775 2606 4832 Senecioni
2638 4773 3030 4830 commiserint.

1948 4853 1975 4892 δ
2011 4851 2087 4906 Ita
2123 4850 2363 4905 llolstun.
2401 4851 2466 4902 At
2496 4846 2635 4915 apud
2664 4841 3204 4915 Ambros.,semi_uis.

1957 4937 1976 4962 ε
2006 4922 2159 4993 Apud
2207 4920 2448 4993 Holsten.
2479 4959 2492 4982 ,
2521 4908 2771 4993 insuam.
2821 4914 3041 4993 Rectius
3089 4913 3141 4964 in
3180 4925 3284 4991 sua
3322 4908 3463 4993 apud

1883 4979 2230 5050 Ambrosium
2256 5032 2272 5056 ,
2302 4992 2393 5059 qui
2425 4979 2522 5043 nec
2558 4987 2719 5041 aliter
2762 4989 2900 5059 hunc
2954 4985 3132 5059 |_o_cnm
3179 4981 3314 5059 ipse
3338 4979 3469 5059 legit

1887 5049 2001 5121 tum
2034 5067 2126 5120 ιιι».
2178 5049 2408 5118 Εχιιιίτι.
2453 5061 2647 5125 virgin.
2691 5073 2742 5112 ς.
2786 5056 2839 5117 5,
2873 5073 2925 5110 ιι.
2956 5054 3070 5118 ss,
3106 5062 3229 5125 tum
3259 5049 3353 5125 lib.
3397 5051 3466 5104 de

1885 5120 2058 5192 lustit.
2085 5137 2220 5204 virg.
2254 5149 2306 5188 c.
2333 5134 2386 5204 ’1,
2419 5149 2470 5186 ιι.
2591 5171 2621 5204 ._
2655 5128 2743 5182 ubi
2790 5139 2841 5204 et
2891 5128 3036 5204 illum
3074 5123 3154 5178 sic
3197 5120 3464 5204 explicat:

1889 5188 2208 5271 Non'utiqu‘e
2239 5188 2471 5258 Christus
2521 5201 2739 5271 faciebat
2782 5197 3057 5250 divortium
3083 5235 3097 5257 ,
3151 5209 3249 5246 non
3293 5188 3465 5271 Maria

1881 5259 2201 5347 relinquebat
2226 5276 2409 5328 virum.
2444 5259 2550 5327 Sed
2582 5287 2697 5347 cum
2723 5286 2821 5340 quo
2849 5270 2989 5347 uirgo
3019 5259 3461 5347 immrttteldebe-

1885 5355 1990 5416 bat,
2024 5339 2173 5421 quam
2197 5362 2311 5421 cum
2338 5360 2416 5421 eo,
2433 5360 2581 5414 quem
2605 5343 2697 5411 lilii
2727 5340 2996 5403 Itwredeut,
3023 5339 3331 5404 integritatis
3363 5339 3464 5384 sci-

1883 5432 1958 5477 ret
1985 5415 2094 5475 esse
2120 5415 2418 5473 custodem?

1954 5494 1980 5534 ἀ
2007 5474 2342 5547 Sardicensis
2382 5484 2651 5550 videlicet,
2693 5499 2810 5552 qurc
2843 5480 3054 5552 Bonoso
3085 5474 3462 5552 t‘uerat_inter-

1881 5542 2299 5620 dictat—Renecio
2327 5567 2504 5612 :tutetn
2536 5555 2620 5610 hic
2638 5542 2994 5609 'tuémoratus.
3021 5548 3235 5620 forteAis
3261 5542 3426 5620 fuerit
3444 5583 3459 5606 ,

1879 5613 2045 5705 quem
2078 5613 2607 5705 innocentiusepist.
2644 5625 2710 5679 l5
2739 5625 2850 5705 ,“ad
2903 5621 3139 5705 Rufum,
3175 5613 3380 5705 laudae

1880 5683 2702 5761 slum—mre"maturitatis'virum.
2742 5683 3021 5749 'llabem";
3081 5703 3137 5743 et
3175 5683 3459 5761 e_pi5tol_:om

1876 5755 2161 5832 δῖέιὲξιὶἠι
2181 5773 2244 5826 ad
2273 5769 2560 5839 episcopos
2592 5767 2808 5838 Illyrici,
2843 5765 2978 5819 inter
3007 5775 3146 5833 quos
3191 5755 3452 5815 Senecio-

1882 5849 1961 5903 nis
1993 5860 2188 5903 nomen
2223 5850 2561 5899 recensetur.
