3874 6474
254 378 389 435 1181

1472 397 1826 456 EPISTULA?
1870 404 1952 458 ΕΤ
1994 405 2308 463 ΒΕΟΒΕΤΑ
2321 450 2333 462 .

3382 420 3524 479 M82

249 498 534 599 iuri-Iret”):
752 503 1149 599 realize—coiret},
1179 525 1303 599 pinu
1329 510 1699 599 potior‘i'cctio
1726 514 1842 599 visa
1874 523 1916 579 Α
1951 531 2268 589 praedatur;
2299 535 2352 579 et
2396 527 2536 594 quod
2581 539 2698 584 erat
2745 530 3065 599 obscurum,
3096 535 3438 592 manifestum
3469 540 3521 593 in

248 570 350 630 sit,
379 567 490 621 suis
512 568 563 654 in
591 572 723 654 locis
752 573 988 654 indicare
1015 567 1148 631 satis
1177 567 1483 654 habuimus.
1514 567 1694 654 Neque
1723 567 1839 641 tan:

249 647 368 717 tum
399 640 590 693 menda
621 640 941 717 offendimus
986 663 1090 700 non
1131 664 1295 717 pauca
1324 695 1337 716 ,
1367 653 1459 707 sed
1500 661 1554 708 et
1591 640 1836 717 quaedam

249 671 368 691 sum
400 671 590 693 "rc-um
621 671 941 698 uucmltmus
986 671 1090 700 IIUII
1131 671 1295 717 pauca
1324 695 1337 716 ν
1367 671 1459 707 seu
1500 671 1554 708 ει
1631 671 1832 710 ιιαξστληι

248 709 376 796 Ιρευ
409 720 549 794 mota
584 716 941 796 suspicamur,
975 719 1371 796 maximevero
1401 723 1451 778 id
1484 671 1623 795 quod
1656 742 1708 779 n.
1747 727 1832 796 14,

246 779 431 865 def-0.,
455 784 542 865 qui
569 786 809 865 avunculi
841 779 937 839 sui
956 805 1165 865 uxorem
1195 792 1418 860 duxerit,
1447 779 1729 865 qusritur.

331 850 444 939 VII.
471 850 722 907 Notanda
759 867 843 939 est
882 875 1060 939 rerum
1087 862 1182 939 _in_
1211 850 1513 939 Arelatensi
1547 866 1590 922 ll
1630 850 1838 939 synodo

245 927 767 1009 tractatarmuncum
813 926 1048 1009 decretis
1086 931 1136 984 in
1171 933 1270 1009 hac
1314 938 1545 1004 epistola
1578 926 1837 1009 expositis

243 994 566 1074 consensio.
599 993 782 1075 _(_3anon
814 1000 956 1075 illius
979 1006 1011 1056 ϐ
1035 1013 1113 1056 est
1147 1004 1210 1058 de
1238 1022 1294 1058 eo
1322 993 1409 1075 q'ui
1437 1010 1545 1062 sine
1571 993 1836 1064 conscien:

253 1064 342 1148 tia
358 1068 736 1150 metrppolitani
764 1072 1070 1150 constitutus
1098 1078 1249 1143 fuerit
1270 1064 1574 1150 episcopus;
1605 1081 1658 1144 7,
1693 1083 1754 1133 de
1774 1083 1837 1136 iis

236 1136 342 1212 qui
370 1151 432 1212 se_
446 1137 712 1212 abscidunt
735 1157 751 1203 ;
777 1139 827 1203 8,
882 1144 942 1195 de
969 1161 1026 1196 ca
1058 1136 1146 1212 qui
1187 1136 1683 1205 excoinniu'nicntum
1708 1153 1836 1206 alte-

237 1205 360 1291 rius
390 1206 492 1260 sire
532 1208 776 1262 clericum
814 1213 917 1291 siue
947 1205 1243 1291 sa'cularem
1275 1221 1504 1286 recipere
1530 1234 1643 1291 post
1682 1224 1837 1277 inter-

237 1273 441 1362 dictum
473 1293 780 1344 prtesuntunt
803 1283 936 1362 ,"52,
967 1285 1032 1338 de
1063 1289 1249 1352 puellis
1277 1273 1397 1358 qua"
1419 1307 1471 1344 se
1500 1273 1832 1362 vsséiebéb,

233 1346 289 1398 si
313 1347 384 1398 ad
415 1359 640 1404 terrenas
670 1357 874 1420 nuptias
902 1346 1082 1426 sponte
1123 1346 1454 1415 transierunt.

781 1444 1116 1503 EPISTULA
1160 1450 1205 1505 Χ
1251 1461 1293 1517 ⁸,

385 1541 481 1583 εευ
521 1545 758 1588 (ΞᾹΝΟΝΒΒ
795 1549 975 1591 θῖηουι
1015 1554 1340 1597 κοκλκοιιυη
1380 1561 1448 1598 ΑΙ)
1485 1561 1682 1601 αλιιοε

896 1644 1194 1686 εριεεορυε.

234 1710 279 1763 Ι.
332 1711 404 1766 De
439 1714 647 1784 virgine
676 1733 796 1786 qua:
819 1720 929 1787 jam
962 1721 1015 1775 iu
1044 1720 1266 1780 Christo
1295 1728 1468 1782 velata
1501 1739 1614 1797 est,
1648 1731 1837 1785 simili-

317 1812 398 1857 ter
426 1813 480 1858 ct
510 1821 632 1875 qua
673 1810 910 1863 nondum
954 1813 1128 1867 velata
1169 1826 1270 1870 est.
1299 1848 1366 1858 —
1391 1818 1450 1872 ΙΙ.
1498 1819 1571 1874 De
1597 1837 1661 1876 eo
1691 1822 1832 1892 quod

1940 625 2157 667 sensum
2191 613 2319 670 dum
2351 616 2704 690 investigatur
2726 625 3028 694 acquiritur
3052 629 3114 697 (Ῑ.
3145 630 3441 703 aperitur);
3474 643 3529 688 et

1945 706 2080 774 qttod
2108 718 2225 762 erat
2265 709 2507 768 clausum
2555 715 2734 782 nobis,
2768 715 3108 788 frequentius
3155 724 3440 792 pulsando,
3469 726 3520 783 id

1942 806 2023 851 est
2052 802 2311 870 rogando,
2339 804 2608 860 revelatur
2639 817 2682 859 ι’.
2716 805 2896 864 Omnis
2920 814 3066 866 enim
3097 815 3185 882 qui
3210 817 3356 885 petit,
3388 819 3527 873 acci-

1940 891 2034 958 pit,
2067 901 2113 943 et
2141 893 2226 961 qui
2251 896 2432 960 quan-it
2458 896 2667 961 inuenit,
2692 909 2738 953 et
2760 901 2989 970 pulsanti
3012 906 3274 975 aperietur
3295 905 3487 978 (Ιὺὶά.)
3509 927 3524 964 :

1945 981 2082 1036 unde
2104 984 2294 1039 eadem
2320 997 2566 1057 repetere
2588 989 2954 1062 mihiquidem
2975 1008 3080 1050 non
3103 1008 3184 1052 est
3211 1000 3523 1070 molestum,

1941 1073 2092 1128 vobis
2122 1077 2262 1130 enim
2291 1084 2659 1136 necessarium
2683 1094 2786 1141 est.

2011 1166 2063 1219 2.
2098 1165 2461 1224 Traditionum
2492 1176 2770 1228 mutatione
2792 1175 2844 1230 in
2868 1176 3103 1232 Interesim
3126 1181 3338 1238 incurri.
3371 1183 3528 1250 Quie-

1938 1260 2188 1314 stionibus
2230 1267 2506 1334 prepositis
2567 1268 2855 1323 redduntur
2893 1271 3216 1330 traditiones.
3271 1277 3525 1349 Scimus,

1939 1350 2138 1406 fratres
2184 1353 2512 1423 cbarissimi,
2557 1356 2754 1414 multos
2798 1362 3086 1434 episcopos
3134 1380 3230 1435 per
3269 1369 3522 1428 diversas

1939 1446 2196 1501 ecclesias
2225 1448 2291 1500 ad
2321 1449 2515 1504 famam
2547 1455 2836 1521 pessimam
2880 1459 3122 1513 nominis
3163 1464 3243 1515 sui
3293 1462 3525 1521 humana

1940 1543 2360 1611 prmsuinptiuie
2409 1553 2617 1612 patrum
2671 1547 3016 1604 traditionem
3068 1563 3278 1611 mutare
3320 1571 3521 1629 prope-

1939 1646 2108 1695 rasse,
2152 1647 2310 1711 atque
2341 1650 2436 1703 per
2477 1635 2612 1691 lianc
2642 1652 2861 1694 causam
2904 1642 2959 1696 in
3009 1643 3233 1702 ba‘resis
3269 1650 3521 1706 tenebras

1937 1723 2222 1791 cecidisse,
2248 1728 2371 1782 dum
2394 1729 2624 1798 gloriam
2653 1731 2934 1789 hominum
2958 1736 3303 1796 delectantur
3325 1742 3521 1812 potius,

1937 1830 2096 1883 quam
2133 1816 2224 1871 Dei
2257 1822 2474 1888 przemia
2504 1820 2737 1888 habere,
2769 1828 3106 1896 perquirere.
3146 1830 3297 1886 Nunc
3333 1833 3517 1902 igitur,

309 1898 621 1953 sacerdotes
651 1901 913 1957 bonorum
939 1919 1164 1973 operum
1197 1910 1444 1978 plebibus
1475 1914 1641 1968 forma
1673 1915 1821 1981 fiant,
1859 1906 1898 1967 Β
1928 1910 2050 1978 quia
2099 1926 2204 1964 ηιηι
2252 1913 2568 1981 εινιοτοηάί
2601 1931 2787 1983 causa.
2828 1919 2923 1974 Sed
2973 1920 3095 1976 ﬁdei
3125 1924 3517 1982 εοιιηηηπηάω

309 1997 367 2043 et
406 1990 472 2044 de
501 1992 751 2049 castitate
796 2006 850 2050 et
889 1999 1221 2054 continentia
1271 2005 1644 2072 sacerdotum,
1677 2018 1731 2062 et
1759 2025 1825 2062 eo

302 2083 396 2150 qui
447 2085 645 2141 saeculo
701 2088 1036 2145 militaverit.
1079 2122 1149 2132 —
1185 2094 1268 2148 Ill.
1318 2097 1388 2150 De
1432 2100 1825 2156 consuetudine

306 2174 564 2231 Ecclesiae
603 2177 855 2235 Romanae
908 2183 958 2236 in
1008 2184 1248 2248 clerum;
1287 2199 1342 2242 et
1377 2188 1444 2245 de
1473 2206 1540 2245 eo
1564 2192 1705 2261 quod
1735 2208 1825 2247 ca-

303 2268 634 2325 tholicorum
689 2274 1070 2344 episc0porum
1133 2293 1234 2332 una
1284 2281 1561 2336 confessio
1613 2294 1664 2338 et
1719 2301 1821 2339 una

299 2362 585 2433 disciplina
618 2379 740 2421 esse
779 2366 962 2423 debet.
987 2370 1166 2425 —l\l.
1215 2371 1288 2428 De
1326 2385 1667 2431 sacramento
1692 2377 1823 2449 bap-

303 2454 557 2520 tismatis,
587 2466 642 2511 et
684 2457 807 2514 oleo
853 2464 1188 2527 exorcisato,
1217 2475 1274 2519 et
1321 2481 1386 2520 eo
1432 2469 1520 2537 qui
1573 2484 1818 2524 sororem

302 2546 489 2600 uxoris
521 2561 632 2602 suae
658 2549 875 2605 duxerit
916 2568 1162 2608 uxorem.
1195 2586 1262 2596 —
1302 2556 1360 2610 V.
1405 2558 1481 2613 De
1510 2559 1573 2613 iis
1595 2561 1687 2630 qui
1719 2577 1822 2616 sa-

297 2638 406 2692 culi
452 2640 634 2708 adepti
680 2653 805 2694 sunt
849 2656 1195 2711 potestatem.
1234 2648 1307 2703 De
1337 2665 1402 2704 eo
1438 2653 1527 2720 qui
1556 2654 1816 2709 avunculi

296 2730 379 2783 sui
430 2730 644 2786 duxerit
675 2749 920 2790 uxorem.
971 2738 1045 2794 De
1092 2740 1434 2798 ordinatione
1471 2745 1815 2803 clericorum.

298 2823 360 2877 Et
387 2823 456 2879 de
478 2825 692 2881 clericis
714 2829 936 2884 alienis.
959 2863 1028 2871 —
1055 2833 1139 2888 Vl.
1183 2834 1443 2891 Similiter
1471 2838 1538 2893 de
1563 2841 1818 2909 episcotio

293 2918 729 2987 transgredientc
785 2925 1034 2990 proprios
1083 2927 1366 2982 terminos.
1424 2929 1496 2983 De
1542 2931 1690 2984 laieis
1722 2947 1816 2987 ex-

291 3010 721 3077 comnuuieatis,
747 3023 798 3066 et
824 3014 888 3066 ab
917 3014 1022 3068 alio
1051 3016 1307 3086 episcopo
1329 3020 1539 3073 clericis
1561 3021 1737 3075 factis.

298 3102 343 3155 l.
399 3101 635 3157 Veritatis
663 3107 928 3160 scientiam
955 3111 1323 3178 qutrrendam;
1351 3115 1581 3183 precibus
1609 3116 1679 3167 ad
1705 3133 1814 3169 eant

208 3192 488 3259 perueniri.
527 3194 782 3249 Dominus
820 3199 962 3252 inter
1006 3209 1199 3254 ca'tera
1233 3203 1489 3256 salutaria
1535 3207 1813 3268 niatidata.

1923 2002 2119 2068 gratia.
2151 2003 2461 2057 sanctitudo
2489 2015 2665 2060 vestra
2696 2021 2761 2061 ex
2807 2007 2955 2063 sedis
2984 2014 3304 2079 apostolica:
3332 2026 3520 2071 aucto-

1927 2094 2086 2148 ritate
2117 2096 2382 2148 sciscitari
2412 2095 2630 2165 dignata
2677 2107 2763 2153 est
2794 2115 2888 2154 seu
2926 2101 3059 2172 legis
3094 2105 3376 2160 scientiam
3411 2122 3513 2163 seu

1926 2184 2270 2252 traditiones,
2303 2187 2492 2243 volens
2515 2205 2543 2243 a
2569 2191 2724 2246 nobis
2752 2191 3084 2249 manifestari
3113 2197 3338 2253 liberius
3359 2215 3512 2270 quae-

1923 2277 2158 2332 stionum
2194 2281 2590 2348 propositarum
2620 2285 3056 2354 espositionem,
3096 2303 3256 2356 quam
3298 2291 3512 2349 sincere

1922 2369 2167 2439 quaeritis
2206 2380 2258 2426 et
2287 2371 2663 2429 desideranter
2698 2390 2711 2427 :
2739 2372 2767 2412 ά
2799 2376 3004 2444 audite,
3037 2392 3297 2450 quantum
3331 2384 3512 2454 reple-

1923 2463 2003 2518 bit
2031 2463 2211 2518 divina
2256 2463 2518 2535 dignatio,
2551 2468 2680 2523 licet
2709 2469 2978 2525 mediocri
3018 2487 3296 2540 sermone,
3327 2476 3508 2533 valido

1922 2564 2102 2612 tamen
2165 2572 2325 2612 sensu
2370 2558 2595 2629 eloquar
2652 2561 2983 2628 obtinenda,
3025 2565 3090 2620 ad
3139 2567 3512 2626 emendandas

1921 2665 2110 2705 omnes
2148 2650 2347 2720 quippe
2391 2650 2760 2719 diversitates,
2788 2670 2922 2724 quas
2948 2657 3015 2727 (Ῑ.
3049 2657 3271 2730 quibus)
3297 2659 3509 2716 discor-

1919 2741 2051 2797 dare
2093 2741 2400 2812 arrogantia
2443 2742 2556 2797 sola
2605 2746 2977 2816 praesumpsit,
3009 2749 3288 2818 Scriptura
3319 2750 3505 2805 divina

1918 2835 2134 2891 dicente
2161 2855 2172 2888 :
2200 2833 2470 2908 Rejecistis
2504 2838 2804 2891 mandatum
2851 2837 2946 2910 Dei
2964 2881 2978 2902 ,
3009 2851 3064 2894 ut
3093 2843 3394 2897 traditiones
3423 2860 3509 2899 ee-

1917 2935 2048 2980 stras
2082 2927 2321 2978 statuatis
2369 2924 2584 2995 (Matth.
2620 2941 2669 2990 ν,
2699 2926 2776 2997 9).
2812 2928 2866 2983 Si
2905 2943 3036 3000 ergo
3067 2930 3276 3001 integra
3307 2933 3509 3003 cupitis

1920 3019 2021 3072 liilc
2057 3033 2210 3072 veras
2239 3019 2645 3074 observationes
2685 3034 3006 3090 agnoscere,
3038 3023 3335 3093 tliguauiiui
3385 3040 3507 3096 qua:

1917 3111 2037 3163 dico
2061 3110 2290 3164 libenter
2317 3109 2623 3165 advertere.
2656 3111 2840 3166 Primo
2873 3115 2925 3168 in
2960 3117 3078 3172 loco
3123 3117 3344 3185 pudoris
3373 3119 3506 3174 mihi

1917 3214 1973 3258 et
2019 3202 2290 3271 pudicitia:
2349 3218 2513 3257 causa
2573 3206 2911 3272 proponitur.
2982 3206 3186 3262 Deinde
3231 3223 3509 3278 congesm

208 3282 414 3348 quibus
439 3284 736 3355 discipulos
765 3302 894 3343 suos
936 3293 1216 3359 apostolos
1247 3291 1313 3346 ad
1342 3308 1491 3361 spem
1537 3295 1659 3350 vitm
1687 3295 1814 3350 hor-
1841 3292 1884 3353 C
1917 3312 2076 3367 quam
2101 3296 2280 3349 multm
2299 3299 2629 3373 qumstiuues
2652 3298 2899 3351 etlentur.
2918 3299 3157 3369 Singulis
3183 3303 3358 3369 itaque
3382 3317 3508 3371 pro-

209 3385 362 3429 ι.ιιιιι·
406 3386 460 3430 ct
497 3389 835 3446 commonet,
868 3383 1012 3437 sicut
1056 3395 1108 3438 et
1154 3401 1251 3440 nos
1291 3387 1599 3456 evangelica
1649 3391 1805 3442 verba

204 3467 546 3534 docuerunt,
579 3471 678 3524 hoc
709 3474 872 3526 etiam
904 3474 1145 3540 mandat,
1177 3487 1233 3530 ut
1260 3477 1476 3532 solliciti
1511 3480 1574 3532 ad
1609 3482 1808 3535 verita-

207 3562 281 3614 lis
311 3562 592 3616 scientiam
629 3568 912 3633 pervenire
939 3569 1267 3625 laboremus.
1293 3571 1352 3625 Et
1381 3573 1554 3640 primo
1578 3589 1806 3642 cognos-

204 3672 421 3721 αιιηιιε,
469 3659 735 3728 incognita
770 3677 877 3714 non
922 3663 1062 3715 inani
1098 3662 1378 3730 profectu,
1410 3665 1503 3718 sed
1539 3665 1722 3720 labore
1753 3676 1807 3721 et

201 3748 606 3815 sollicitudine,
656 3762 708 3806 et
757 3769 876 3822 qua:
924 3764 1048 3810 uota
1096 3756 1322 3810 necdum
1366 3767 1512 3821 sunt,
1553 3759 1800 3825 precibus

208 3826 610 3910 investiganda.
668 3842 920 3912 Notiora,
955 3843 1128 3913 bqua:
1179 3862 1309 3901 vero
1356 3849 1590 3903 diflicilia
1642 3859 1802 3916 sont,

202 3935 476 3986 in~tauler
497 3935 787 4002 qua-renda
817 3937 1113 4009 praecepit:
1145 3953 1263 4008 qum
1295 3941 1476 3994 clausa
1509 3952 1653 4008 sunt,
1681 3942 1803 3997 fidei

201 4030 410 4081 virtute
439 4027 735 4096 pulsando,
767 4031 1017 4099 precibus
1049 4043 1235 4101 petere
1277 4031 1377 4087 sibi
1409 4033 1609 4089 debere
1652 4051 1802 4090 rese-

197 4116 338 4170 rari.
364 4114 453 4172 Sic
484 4119 626 4172 enim
658 4123 919 4189 scriptum
949 4131 1034 4176 est
1061 4141 1071 4174 :
1101 4121 1284 4185 Petito,
1316 4135 1362 4176 et
1393 4123 1600 4177 dabitur
1630 4127 1800 4190 vobis;

193 4206 440 4276 qumrite,
473 4216 520 4260 et
546 4208 840 4273 invenietis;
866 4214 1086 4282 pulsate,
1111 4222 1156 4266 et
1172 4215 1431 4283 aperietur
1458 4213 1594 4268 vobis
1615 4214 1794 4284 (Matt.

192 4315 301 4362 vn,
330 4299 406 4368 7).
441 4299 607 4354 Nemo
636 4297 783 4356 certe
814 4304 903 4372 qui
933 4320 1036 4359 non
1069 4307 1199 4376 petit
1235 4309 1450 4378 accipit,
1488 4318 1543 4364 et
1567 4311 1653 4378 qui
1689 4327 1793 4364 non

191 4392 402 4461 quaerit
430 4391 652 4457 invenit;
693 4403 747 4448 et
775 4395 864 4464 qui
895 4411 1000 4450 non
1030 4397 1352 4466 pulsaverit,
1389 4401 1563 4456 eidem
1599 4404 1795 4471 poterit

193 4483 423 4550 aperiri.
458 4483 572 4551 Qua
616 4485 683 4540 de
729 4501 786 4542 re
828 4488 1083 4558 quoniam
1136 4489 1276 4560 quod
1319 4506 1383 4545 ex
1416 4493 1519 4548 fide
1564 4496 1791 4564 petitur,

1919 3387 2278 3456 positionibus
2340 3403 2440 3442 suo
2491 3387 2682 3443 ordine
2749 3389 3038 3446 reddendae
3081 3399 3206 3445 sunt
3257 3393 3504 3471 traditio.-

1919 3494 2032 3532 nes.

1985 3562 2112 3625 Car.
2147 3571 2195 3624 i.
2221 3599 2287 3609 —
2310 3571 2362 3625 5.
2399 3569 2476 3624 De
2503 3571 2696 3644 virgine
2715 3572 2874 3626 relata
2901 3590 3016 3642 qua:
3036 3577 3350 3644 preposition
3384 3593 3496 3631 mu-

1915 3668 2056 3726 tarit,
2088 3663 2212 3729 quid
2228 3662 2546 3733 judicatum.
2579 3663 2852 3730 Quaeritur
2882 3664 2951 3720 de
2982 3665 3274 3736 virginibus
3303 3667 3499 3723 velatis

1910 3767 1961 3808 et
1993 3761 2196 3807 uiolato
2220 3754 2522 3824 proposito,
2546 3755 2670 3824 quid
2705 3757 2902 3809 exinde
2933 3758 3222 3823 judicatum
3257 3760 3349 3813 sit.

1981 3844 2037 3900 Si
2068 3847 2218 3914 virgo
2247 3846 2420 3899 velata
2444 3845 2555 3913 jam
2583 3846 2824 3912 Christo,
2849 3863 2970 3917 quae
3003 3850 3364 3917 integritatem
3396 3867 3495 3921 puo

1910 3938 2050 3994 blico
2094 3939 2404 3993 testimonio
2450 3940 2729 4008 professa,
2764 3957 2790 3993 a
2839 3943 3128 3996 Sacerdoti:
3173 3958 3332 4011 prece
3379 3944 3496 3998 fusa

1908 4031 2306 4087 benedictionis
2348 4032 2594 4087 velamen
2639 4035 2844 4102 accepit
2866 4076 2878 4098 ,
2910 4035 3025 4088 sive
3057 4037 3318 4090 incestum
3348 4051 3500 4092 com-

1905 4124 2116 4178 miserit
2145 4129 2167 4160 °
2201 4123 2409 4189 furtim,
2438 4139 2534 4177 seu
2561 4125 2748 4178 volens
2777 4126 2986 4180 crimen
3013 4136 3311 4196 protegere,
3343 4129 3498 4182 adul-

1905 4225 2022 4270 tero
2047 4212 2222 4268 mariti
2248 4229 2442 4268 nomen
2469 4213 2745 4283 imposuit,
2778 4217 2972 4271 tollens
2997 4220 3242 4273 membra
3265 4219 3492 4286 Christi,

1900 4309 2106 4361 faciens
2156 4305 2398 4361 membra
2445 4306 2750 4361 meretricis
2781 4307 2824 4379 (1
2857 4306 2981 4363 Cor.
3017 4325 3070 4375 v,
3107 4309 3233 4378 l5);
3285 4322 3340 4365 ut
3373 4327 3493 4380 qua:

1897 4413 2098 4468 sponsa
2150 4395 2350 4452 Christi
2404 4396 2828 4469 fuerat,coujux
2881 4401 3118 4455 hominis
3166 4401 3488 4458 diceretur:

1896 4495 1949 4548 in
1993 4489 2309 4560 hujusmodl
2342 4491 2572 4547 muliere
2602 4501 2734 4560 quot
2760 4501 2888 4547 sunt
2911 4508 3120 4559 causa},
3151 4502 3230 4548 tot
3256 4505 3446 4549 reatus
3473 4511 3487 4561 ;

274 4666 301 4749 τ
342 4657 395 4713 In
430 4658 744 4749 Fossatensi
769 4665 1088 4748 exemplari,
1133 4668 1433 4749 prmuiisso.
1452 4668 1666 4727 Telensi
1694 4687 1789 4728 seu
1819 4676 1868 4735 D
1894 4683 2047 4749 g_at_n_r
2077 4673 2164 4729 hic
2190 4674 2341 4730 locus
2373 4693 2385 4728 :
2423 4673 2551 4740 Quae
2580 4683 2750 4729 autent
2778 4677 2980 4731 notiora
3006 4676 3228 4747 quidem,
3266 4677 3358 4730 sed
3385 4679 3492 4749 dif-

190 4727 529 4811 Teleptensi
557 4734 784 4811 concilio
809 4777 839 4811 ,_
874 4727 1155 4811 subjiciqu
1191 4756 1201 4790 :
1228 4737 1531 4811 Expliciunt
1572 4759 1792 4798 canones

189 4800 416 4882 concilii
440 4800 687 4882 (densis.
722 4800 991 4882 Incipiunt
1037 4810 1266 4882 capitula
1309 4800 1489 4882 synodi
1531 4812 1793 4868 Romano-

188 4886 339 4952 rum.
370 4869 609 4952 Epistula
637 4869 1002 4952 synodi."l‘utu
1036 4869 1291 4934 subuexis
1320 4869 1414 4936 se:
1441 4886 1792 4952 sequentibus

193 4941 619 5016 titulis,Aq_uibus
664 4941 762 5000 uec
789 4948 973 5016 plures
1017 4953 1066 5002 in
1100 4952 1336 5016 antiquis
1381 4941 1789 5011 eollei'tiouibns

185 5013 418 5095 agnosci
438 5013 1007 5095 .Sirmondus—mouet,
1039 5013 1289 5095 quamvis
1333 5023 1448 5091 ipse
1479 5033 1646 5080 totam
1678 5031 1792 5095 epi-

185 5082 389 5161 stolam
438 5086 488 5138 in
537 5089 768 5161 capitula
812 5106 900 5143 xvt
928 5082 1625 5161 diStiiiguendam'duaerit,
1656 5082 1789 5152 stib-

184 5157 487 5226 sequitur:
524 5154 788 5226 Incipiunt
836 5179 1052 5216 canones
1099 5154 1480 5219 llomanorum.
1530 5154 1784 5224 Dominus

184 5225 330 5303 inter
356 5233 560 5303 cratera,
589 5225 836 5303 elc.‘Eos
880 5249 1030 5296 unos,
1066 5249 1202 5303 quos
1233 5246 1442 5290 veteres
1478 5238 1596 5291 libri
1627 5241 1785 5294 eahi-

188 5297 354 5360 beut,
388 5299 570 5372 titulos
607 5300 658 5352 in
704 5300 879 5357 fronte
921 5297 1395 5372 reprieseulamus.
1441 5307 1566 5363 Ideo
1603 5320 1781 5364 autem

186 5382 416 5443 canones
448 5369 796 5425 Romanorum
825 5414 839 5437 ,
873 5369 996 5443 quia
1029 5375 1275 5430 Romano
1309 5379 1358 5429 in
1392 5383 1623 5434 concilio
1654 5398 1785 5436 cou-

189 5438 292 5509 diti
324 5451 476 5509 sunt,
508 5445 803 5509 tiuucnpari
835 5438 1182 5502 arbitrantur.

265 5505 408 5594 ξμιω
442 5510 590 5565 Foss.
617 5505 710 5594 seu
735 5513 888 5568 Colh.
926 5534 1053 5570 mss.
1084 5518 1151 5594 At
1181 5521 1368 5584 Sirm.,
1401 5538 1513 5594 qum
1539 5538 1658 5594 uero
1681 5523 1785 5594 dif-

185 5579 417 5660 ﬁcilim'a
448 5593 587 5646 sunt,
609 5585 767 5660 prius
793 5591 995 5660 omisso
1025 5591 1223 5643 notiora
1246 5605 1263 5643 :
1286 5579 1646 5660 qu'ar'quidem
1680 5579 1781 5648 vo'x

183 5651 402 5721 etiamsi
437 5651 770 5721 superﬂuere
813 5656 1090 5712 videretur
1134 5679 1145 5713 :
1192 5651 1348 5715 verba
1401 5651 1576 5714 ta'iuen
1609 5665 1660 5718 in
1695 5681 1781 5719 or.

182 5719 438 5797 chelypis
462 5719 721 5797 expressa
763 5731 1098 5796 supprimere
1140 5732 1294 5785 nobis
1322 5748 1425 5786 u0n
1458 5732 1645 5797 licere,
1679 5735 1780 5797 nisi

184 5795 279 5848 ubi
310 5793 590 5873 manifesta
613 5807 697 5851 est
726 5793 1033 5854 earumdem
1067 5817 1257 5857 vocum
1293 5805 1565 5873 repetitio.
1593 5793 1781 5861 existi;

183 5880 422 5922 mantus.
464 5863 657 5923 Verum
685 5885 1084 5942 supervacanea
1113 5889 1218 5929 non
1252 5863 1375 5943 erit',
1404 5876 1445 5929 si
1477 5863 1781 5934 itaiutelli-

1940 4745 2060 4797 cilia
2083 4755 2226 4800 sunt.

1898 4745 2290 4873 ﬁcl‘lmSisr'iiiiet
2321 4816 2477 4879 Lab.,
2499 4818 2756 4871 reveletur
2780 4835 2798 4871 :
2820 4819 2941 4872 inde
2969 4819 3210 4872 eadem...
3237 4817 3376 4872 nobis
3399 4836 3489 4872 au-

1900 4897 1997 4939 tam
2030 4889 2395 4942 necessarium.
2431 4887 2784 4943 Restauratur
2817 4891 2900 4944 hic
2930 4890 3078 4946 locus
3101 4905 3166 4942 ex
3199 4892 3487 4962 archetypi

1897 4957 2022 5012 lide.

1967 5027 1992 5065 ά
2036 5029 2110 5084 lla
2144 5046 2271 5084 mss.
2304 5029 2457 5084 Colh.
2508 5033 2576 5084 At
2624 5030 2786 5095 editi,
2821 5043 2866 5084 ct
2909 5031 3264 5086 desideranter
3303 5033 3488 5087 audire

1895 5110 2145 5169 quantum
2166 5103 2438 5170 supplebit.

1963 5182 1984 5206 ε
2017 5173 2172 5241 Apud
2196 5174 2382 5233 Sirm.,
2409 5173 2715 5257 commiserit
2739 5191 2826 5257 seu
2859 5178 3052 5257 [artum
3072 5173 3204 5257 ._ubi
3233 5171 3484 5257 Labbeus

1889 5243 2087 5312 furtum
2116 5247 2536 5310 expungendum
2567 5245 2666 5298 sibi
2699 5243 2872 5299 videri
2902 5254 3066 5299 notat.
3100 5244 3154 5296 lu
3185 5243 3485 5314 archetypo

1891 5324 2066 5367 exstat
2095 5315 2408 5366 commiserit
2442 5315 2666 5380 [in-tum,
2700 5319 2813 5395 sine
2845 5317 3099 5395 particula
3130 5331 3238 5395 seu.
3274 5314 3486 5395 [segen-

1888 5384 2016 5438 dum
2049 5399 2167 5438 esse
2213 5385 2387 5466 furtim
2419 5396 2632 5466 constat
2661 5402 2724 5466 es
2761 5387 2839 5438 his
2881 5387 3176 5441 Innocentii
3221 5388 3378 5466 epist.
3410 5395 3474 5466 _2,

1890 5470 1944 5508 ιι.
1980 5455 2044 5509 15
2070 5475 2081 5509 :
2109 5456 2232 5520 Quir
2259 5451 2461 5508 Christo
2491 5457 2794 5538 spiritaliter
2839 5467 3150 5538 nupserunt,
3178 5467 3224 5507 et
3257 5451 3420 5538 uetari
3446 5473 3477 5510 a

1888 5531 2153 5579 sacerdote
2193 5537 2488 5578 meruerunt
2515 5568 2526 5588 ,
2561 5530 2602 5579 si
2633 5540 2809 5608 postea
2839 5532 2917 5608 vel
2945 5529 3146 5608 publice
3187 5529 3473 5608 nupserim,

1888 5598 1968 5650 vel
2009 5613 2062 5651 se
2099 5599 2335 5650 clanculo
2383 5599 2703 5666 corruperint
2739 5614 2757 5651 :
2804 5610 2852 5652 ut
2902 5599 3226 5653 hicdicatur
3269 5598 3473 5666 furtim,

1887 5667 2031 5740 quod
2065 5667 2191 5740 illic,
2222 5675 2360 5740 utet
2389 5668 2441 5740 iu
2477 5666 2653 5740 ipsius
2690 5669 2867 5724 Siricii
2895 5671 3119 5740 epismla
3157 5667 3208 5732 l,
3237 5683 3395 5740 num._
3421 5669 3475 5733 7,

1889 5737 2138 5791 clanculo.
2170 5738 2357 5795 Illicita
2394 5738 2476 5792 illa
2514 5739 2816 5816 puellarum
3005 5751 3337 5816 sacratarqu
3372 5736 3474 5816 la:-

1890 5812 2016 5862 dera
2050 5812 2208 5881 etiam
2241 5811 2435 5862 incesta
2466 5810 2818 5881 sacrilegaque
2862 5810 3104 5866 Gelasius
3135 5823 3266 5879 papa
3303 5810 3467 5878 epist.

1891 5881 1977 5948 tt,
2009 5894 2058 5935 c.
2088 5879 2178 5949 20,
2211 5882 2465 5952 appellat.
