3874 6414
418 379 558 439 1183

1689 367 1768 426 SA
1778 367 1936 425 NCTI
1970 366 2199 425 SIRlCII
2239 366 2446 424 PAPIE

3575 366 3701 426 1184

414 500 751 573 integritatis
772 497 1114 572 propositum
1139 501 1429 559 mutatum,
1450 491 1704 548 velamen
1729 491 2019 558 amissum,
2047 492 2099 554 Α
2127 487 2319 545 luisset
2348 489 2605 544 immunis
2636 503 2665 543 a
2693 488 2869 560 culpa.
2907 489 3158 562 Utrisque
3201 503 3327 560 ergo
3355 487 3570 561 expedit
3612 489 3704 543 sub

417 596 553 652 ﬁdes
587 598 760 667 prima
793 592 1118 662 depravata,
1150 599 1316 659 atque
1366 589 1419 643 itt
1469 586 1685 641 irritum
1729 584 2022 640 devocata.

417 688 577 756 Quali
613 688 701 743 hic
739 695 795 741 et
835 696 1036 756 quanta
1087 679 1464 738 satisfactione
1514 694 1655 750 Opus
1700 679 1814 734 est!
1860 691 2026 748 quam

420 795 611 851 magna
664 778 987 850 paenitentia
1034 776 1156 847 ejus
1199 790 1323 845 quae
1361 774 1646 829 interitum
1677 772 1861 828 carnis
1891 780 1917 808 ι
1947 771 2030 825 in-

419 874 626 931 currit!
679 870 796 926 Non
837 879 924 926 est
965 884 1134 941 parva
1181 866 1340 936 culpa
1389 864 1686 936 reliquisse
1735 862 1943 928 Deum,
1975 869 2032 917 et

421 966 586 1025 ivisse
632 973 759 1036 post
805 963 1109 1019 hominem.
1160 959 1318 1018 Unde
1360 959 1520 1014 annis
1567 972 1731 1029 qnam
1777 955 2031 1026 plurimis

422 1057 735 1115 deﬂentium
767 1057 817 1113 ei
847 1065 952 1123 est,
982 1070 1089 1127 quo
1114 1053 1294 1124 digna:
1324 1051 1500 1108 fructu
1530 1049 1865 1122 paenitentiae
1890 1051 2031 1104 facto

423 1152 598 1224 possit
649 1149 945 1221 aliquando
993 1148 1061 1204 ad
1113 1150 1332 1204 veniam
1387 1147 1718 1219 pervenire,
1751 1145 1796 1200 si
1848 1155 2029 1200 tamen

427 1243 707 1315 paenitens
734 1240 764 1281 ιι
795 1241 1110 1315 pmnitenda
1146 1241 1330 1296 iaciat.

499 1340 552 1395 -1,
589 1337 731 1407 Quid
762 1339 826 1393 de
851 1337 1027 1410 puella
1071 1338 1304 1392 nondum
1343 1335 1508 1390 velata
1528 1378 1542 1402 ,
1574 1350 1691 1406 quw
1718 1351 1748 1388 a
1771 1333 2035 1407 proposito

426 1434 548 1488 item
580 1434 851 1488 exciderit.
877 1432 1013 1488 item
1048 1432 1230 1503 puella
1260 1445 1383 1501 qum
1432 1429 1674 1486 nondum
1705 1430 1875 1485 velata
1919 1437 2034 1497 est,

431 1526 524 1580 sed
561 1535 928 1597 proposuerat
956 1527 1036 1582 sic
1068 1539 1316 1590 manere,
1338 1523 1469 1580 licet
1492 1539 1599 1579 non
1631 1524 1703 1578 sit
1735 1523 1786 1576 in
1817 1520 2038 1577 Christo

429 1616 639 1683 velata,
672 1625 852 1673 tamen
881 1618 1007 1689 quia
1043 1617 1363 1688 proposuit,
1393 1626 1446 1672 et
1480 1616 1532 1669 itt
1575 1612 1830 1684 conjugio
1859 1613 2038 1668 velata

433 1725 539 1765 non
583 1719 692 1775 est,
726 1710 940 1766 furtivae
986 1710 1190 1780 nuptiae
1233 1708 1612 1780 appellantur,
1657 1722 1729 1763 es
1781 1723 1848 1764 eo
1893 1705 2039 1777 quod

432 1805 769 1860 matrimonii
817 1805 1114 1861 caelestisc
1147 1813 1484 1875 praeceptum
1534 1817 1643 1857 non
1694 1801 2038 1865 servaverit,

2131 584 2321 641 eadem
2374 583 2637 654 temporis
2684 585 3070 642 constitutione
3109 602 3135 639 a
3181 584 3549 641 communione
3594 598 3706 637 sus-

2133 677 2315 750 pendi,
2345 677 2564 749 dignam
2595 691 2756 747 agere
2790 676 3181 744 paenitentiam,
3211 675 3358 740 ﬂetu,
3392 675 3702 740 humilitate,

2129 772 2358 844 jejunio,
2393 770 2765 826 misericordia
2806 770 3074 825 redimere
3100 771 3300 825 crimen
3331 767 3637 823 admissum.

2204 867 2335 923 CAP.
2372 867 2434 922 ll.
2459 865 2604 921 -5.
2661 863 2970 938 EpiscOpos,
3025 865 3343 938 presbyteros
3384 879 3441 916 ac
3467 863 3705 916 diaconos

2135 963 2466 1018 continentiae
2493 961 2602 1032 lege
2625 959 2894 1031 obstringi.
2927 959 2992 1014 Et
3019 959 3130 1029 jam
3159 957 3374 1028 quidem
3415 956 3709 1027 frequenter

2139 1066 2162 1104 s
2195 1057 2261 1111 de
2293 1056 2489 1110 talibus
2517 1068 2697 1109 sermo
2726 1062 2912 1108 noster
2942 1068 3038 1122 per
3073 1052 3256 1123 plures
3286 1050 3512 1104 manavit
3541 1048 3708 1104 eccle-

2137 1149 2270 1215 sias,
2296 1145 2538 1202 maxime
2561 1144 2627 1200 de
2650 1144 3047 1208 sacerdotibus,
3079 1158 3304 1214 quorum
3333 1141 3574 1196 meritum
3599 1140 3708 1194 esi-

2138 1239 2235 1313 git,
2258 1249 2315 1294 ut
2339 1239 2604 1294 bonorum
2635 1253 2858 1307 operum
2891 1250 3111 1290 suorum
3133 1235 3240 1290 sint
3267 1233 3505 1303 plebibus
3527 1231 3706 1286 forma.

2139 1335 2244 1390 Sed
2276 1344 2534 1405 quantum
2568 1331 2835 1399 intelligo,
2891 1344 3014 1383 cum
3075 1327 3354 1393 Scriptura
3391 1323 3570 1380 dicat:
3614 1321 3710 1376 Lo-

2140 1444 2297 1499 quere.
2324 1427 2392 1480 ad
2418 1440 2570 1479 aures
2598 1422 2940 1486 audientium,
2969 1417 2999 1456 ιι
3029 1416 3340 1474 instruendo
3365 1431 3514 1472 aures
3543 1414 3710 1470 inl’nu-

2143 1519 2352 1574 demus.
2385 1517 2519 1571 Dum
2550 1530 2695 1585 saepe
2712 1512 2902 1568 eadem
2931 1519 3325 1582 repetunt,qnte
3339 1505 3594 1579 neglecttti
3625 1505 3710 1558 Ita-

2143 1612 2340 1668 bentur
2367 1626 2395 1664 a
2425 1611 2674 1681 singulis,
2706 1623 2836 1663 vere
2861 1607 2964 1661 hoc
2989 1605 3117 1660 illttd
3146 1614 3226 1659 est
3255 1603 3393 1675 quod
3420 1603 3609 1658 dictum
3638 1611 3714 1655 est

2153 1703 2167 1741 ί
2199 1703 2268 1759 ad
2297 1703 2603 1759 adulterum
2639 1717 2826 1756 sexum
2851 1697 3090 1761 :Semper
3113 1696 3440 1760 discentes,et
3456 1710 3713 1764 numquam

2146 1796 2216 1848 ad
2265 1795 2530 1849 scientiam
2586 1791 2812 1846 veritatis
2853 1789 3193 1859 pervenientes
3248 1784 3313 1857 (11
3352 1784 3478 1839 Tim.
3533 1799 3606 1850 ιιι,
3636 1785 3711 1853 7).

430 1910 620 1953 amore
666 1907 1001 1968 properante
1049 1895 1118 1951 ad
1165 1895 1408 1951 libidinis
1449 1895 1776 1950 caecitatem.
1803 1893 1877 1948 Et
1902 1890 1928 1929 ἀ
1959 1892 2041 1947 his
2072 1899 2120 1959 Β
2146 1888 2377 1958 Quando
2404 1887 2547 1942 enim
2575 1899 2681 1941 non
2711 1893 2963 1939 servatur
2990 1879 3134 1952 quod
3164 1878 3477 1933 admonetur
3502 1877 3714 1938 utiliter,

441 1994 775 2066 paenitentia
799 1994 1024 2066 agenda:
1052 2004 1265 2064 tempus
1291 1992 1736 2048 constituendum
1763 1999 1847 2046 est
1872 2007 1884 2042 :
1911 2005 2046 2060 quo-

440 2088 587 2142 niam
619 2103 719 2142 seu
758 2097 937 2156 rapta,
972 2102 1070 2142 seu
1100 2087 1289 2141 volens
1310 2127 1324 2151 ,
1353 2085 1420 2140 ad
1453 2085 1630 2139 virum
1663 2084 1744 2139 ire
1787 2098 2046 2154 perverso

440 2177 636 2232 ordine
671 2177 988 2242 consensit,
1022 2192 1123 2232 nec
1157 2177 1614 2248 prOpinquorum,
1655 2192 1755 2232 nec
1788 2175 2048 2231 sacerdoo

444 2279 554 2325 tum
585 2271 899 2326 testimonio
926 2279 1225 2342 conrogato
1255 2272 1391 2326 tales
1415 2269 1481 2323 ad
1513 2270 1764 2324 velamen
1792 2268 2052 2324 solemni-

448 2366 573 2420 tatis
617 2365 866 2420 ordinem
916 2371 1067 2419 casto
1111 2365 1324 2436 pudore
1373 2371 1699 2427 tenuerunt;
1734 2362 1828 2418 sed
1863 2370 2053 2417 contra

445 2458 648 2513 veteris
703 2457 1043 2513 Testamenti
1099 2465 1436 2528 praeceptum
1491 2455 1764 2511 fecerunt.
1825 2465 1847 2492 ε
1905 2454 2055 2522 Quos

446 2551 532 2607 les
577 2549 804 2621 lapidari
845 2549 1100 2621 praecepit
1134 2549 1311 2623 (Deut.
1345 2564 1456 2604 xxii
1478 2591 1492 2616 ,
1540 2547 1656 2617 ει),
1685 2556 1739 2603 et
1766 2562 1906 2602 nunc
1937 2561 2058 2601 ces-

447 2655 605 2698 sante
651 2642 741 2698 illa
791 2643 1050 2709 vindicta,
1084 2643 1402 2713 spiritaliter
1433 2640 1700 2696 feriuntur
1737 2658 1748 2692 :
1784 2649 1840 2693 nt
1872 2638 2058 2693 Eccle-

446 2738 581 2792 siam
613 2746 886 2807 tamquam
921 2737 1120 2794 mortui
1170 2737 1397 2793 introire
1431 2752 1538 2790 non
1570 2736 1798 2806 possint.
1850 2733 2061 2788 llabent

451 2843 631 2888 tamen
676 2833 1009 2903 ptenitentite
1055 2832 1278 2903 agendrc
1328 2833 1543 2895 locum,
1577 2833 1686 2885 cito
1718 2846 1824 2884 non
1861 2827 2061 2882 habent

449 2925 696 2992 veniam;
731 2927 984 2996 quoniam
1030 2925 1074 2980 si
1120 2924 1414 2980 secundum
1458 2923 1631 2992 legem
1666 2921 2059 2990 proclamasset

449 3015 658 3087 puella,
704 3026 756 3073 et
803 3017 894 3072 diu
945 3025 1246 3072 contestata
1285 3016 1394 3071 fse
1435 3014 1833 3079 continuisset,
1873 3011 2056 3083 utique

526 3211 551 3238 τι
594 3201 706 3255 lloc
737 3211 849 3264 est,
878 3216 998 3271 quae
1033 3202 1266 3271 peccatis
1297 3201 1479 3255 carnis
1512 3200 1738 3253 interiit.

529 3273 555 3311 δ
597 3273 696 3327 llic
719 3270 1174 3328 addendum'essc
1202 3288 1302 3326 non
1341 3272 1590 3326 Labbeus
1619 3279 1788 3325 notat.
1822 3270 1938 3325 lllic
1969 3279 2047 3322 ta-

456 3360 580 3401 men
627 3353 683 3399 et
721 3345 1013 3415 paenitenda
1058 3345 1359 3413 intelligere
1405 3343 1555 3407 licet,
1600 3359 1719 3415 qua;
1764 3341 2053 3415 pcenitenti

452 3416 660 3486 agenda
688 3413 1136 3482 prtescrihuntur,
1170 3417 1268 3468 ltoc
1296 3427 1376 3468 est
1407 3429 1572 3483 Opera
1607 3413 1803 3486 quibus
1835 3413 2053 3486 crimini

455 3484 772 3550 satisfaciat,
807 3488 1043 3556 illudque
1071 3489 1290 3556 expiet,
1321 3504 1430 3540 uno
1455 3488 1622 3543 verbo
1653 3485 1844 3554 dignos
1877 3484 2055 3553 pretii-

458 3561 642 3614 tentia!
675 3559 906 3612 fructus.

531 3643 552 3668 θ
599 3630 654 3684 In
689 3644 792 3684 ms.
837 3628 1018 3691 Colb.,
1063 3628 1262 3684 ccelitus
1308 3629 1580 3696 pra'ceptio
1625 3644 1726 3681 non
1779 3627 2056 3680 servaverit

455 3719 596 3757 more
626 3714 930 3772 pronerante
963 3701 1191 3754 libidinis
1219 3701 1514 3754 ca’citatem.
1551 3699 1850 3772 Mallemtts,
1879 3699 2058 3750 matri-

457 3770 859 3828 monii-calatis
881 3774 1197 3844 propositum
1228 3773 1345 3842 (seu
1370 3770 1724 3844 sponsionem)
1755 3787 1856 3844 non
1886 3786 2056 3844 serra-

458 3848 606 3900 t'erit.
645 3841 923 3913 Ejusmodi
971 3841 1206 3912 puellam
1240 3841 1463 3911 pariter
1507 3841 1860 3896 Innocentius
1891 3841 2050 3907 epist.

459 3916 515 3979 2,
549 3933 607 3972 ιι.
643 3919 741 3978 16,
783 3918 1114 3980 paenitentia:
1147 3913 1367 3983 agendae
1409 3915 1701 3969 obnoxiam
1735 3915 1903 3967 dicit:
1933 3914 2056 3980 quia

460 3989 668 4059 sponsio
718 3990 828 4059 ejus
857 4005 887 4040 α
915 3987 1024 4042 Deo
1071 3986 1374 4053 tenebatur,
1417 3998 1470 4040 et
1517 4002 1639 4039 cum
1685 3985 1796 4039 Deo
1845 3995 2055 4053 pactam

461 4059 622 4113 lldent
657 4059 890 4113 violavit.

532 4129 558 4168 ά
599 4130 878 4185 Orationis
908 4130 1080 4184 series
1110 4129 1371 4199 postulat,
1406 4139 1452 4182 et
1479 4127 1618 4181 huic.
1647 4127 1751 4183 Sed
1784 4127 1873 4183 hic
1904 4126 2057 4181 iden-

461 4202 627 4257 tidem
653 4210 893 4256 mutatnr
925 4215 1138 4263 sermo,
1169 4211 1226 4254 ut
1253 4200 1393 4268 quod
1421 4199 1722 4271 generatim
1763 4200 1831 4254 de
1867 4199 2058 4271 puellis

463 4274 802 4341 praemissum
835 4274 1008 4328 fuerat
1035 4315 1050 4339 ,
1085 4287 1206 4327 mox
1241 4273 1308 4325 dc
1349 4268 1449 4326 una
1482 4272 1832 4342 singulariter
1862 4268 2060 4326 elici-a-

461 4355 571 4399 tur.
603 4344 783 4399 Puella
818 4356 1022 4410 autem.
1053 4361 1171 4410 qua:
1216 4344 1427 4397 etiamsi
1467 4353 1621 4411 rapta
1655 4351 1711 4396 et
1735 4343 1841 4396 vim
1873 4357 2054 4411 ρει-εει,

461 4415 540 4472 ire
581 4417 647 4470 ad
689 4418 862 4470 virum
895 4416 1200 4480 consensit,
1244 4430 1334 4468 rea
1377 4425 1430 4469 et
1459 4413 1790 4483 poenitentim,
1821 4413 2057 4467 obnoxia

463 4489 849 4556 pronuntiatur
893 4488 1093 4551 duplici
1126 4487 1193 4541 de
1241 4501 1398 4541 causa
1427 4505 1441 4543 :
1467 4487 1644 4556 primo
1674 4488 1800 4554 quia
1828 4498 2060 4538 consue-

464 4570 573 4650 tum
600 4559 852 4650 ordinent
879 4559 943 4614 ad
977 4562 1222 4643 solemne
1260 4561 1505 4650 velamen
1541 4557 1921 4650 recipiendum
1949 4571 2055 4639 non
2092 4589 2139 4650 Ι)

467 4633 668 4694 lenuit;
694 4632 891 4686 deinde
912 4631 1035 4702 quia
1065 4641 1253 4702 contra
1281 4630 1410 4700 legis
1435 4639 1787 4700 praceptum.
1818 4628 1922 4702 sibi
1953 4631 2056 4679 vim

465 4702 684 4756 l'acienti
719 4717 825 4757 non
860 4700 1198 4757 reclatnavit.
1241 4701 1476 4755 Primam
1517 4702 1791 4754 rationem
1824 4700 2062 4754 illustrat

465 4773 594 4828 illud
627 4775 845 4829 concilii
890 4774 1184 4829 Milevitani
1215 4788 1273 4835 tt,
1305 4788 1428 4828 can.
1461 4771 1534 4826 26
1559 4789 1572 4826 :
1600 4771 1919 4837 Quicumque
1946 4772 2058 4834 epi-

463 4861 756 4909 sc0pornm,
779 4847 1076 4901 necessitate
1100 4845 1432 4909 periclitantis
1455 4842 1718 4910 pudicitia:
1753 4844 2022 4915 virginalis
2044 4884 2057 4906 ,

466 4934 581 4969 cum
611 4921 792 4984 petitor
824 4929 1000 4988 potens
1035 4919 1109 4970 vel
1134 4931 1314 4986 raptor
1354 4917 1541 4982 aliquis
1570 4914 1947 4985 formidatur...
1973 4924 2061 4966 ant

465 4990 780 5061 algentibus
811 4987 1106 5061 parentibus
1129 4998 1258 5061 ,_aut
1284 4989 1362 5041 Itis
1389 4987 1456 5061 ad
1482 5003 1702 5061 quorum
1733 5002 1909 5061 curant
1946 5002 2061 5057 per-

464 5057 587 5115 tinet
620 5057 849 5129 (scilicet
881 5059 1197 5132 episCOpis),
1243 5059 1480 5114 celaverit
1509 5058 1756 5132 uirginem
1791 5057 1928 5132 inira
1961 5073 2058 5108 an-

465 5147 562 5186 nos
588 5127 768 5188 :etatis
795 5148 822 5184 a
855 5127 1086 5186 cont-ilio
1117 5127 1532 5200 Cartltaginensi
1563 5144 1643 5191 Ill,
1675 5144 1799 5182 catt.
1831 5127 1885 5186 4,
1925 5144 2063 5196 prac-

465 5204 715 5272 scriptos.
733 5207 781 5260 ei
799 5219 902 5259 non
919 5207 1066 5259 obsit
1086 5204 1303 5256 concilii
1326 5204 1480 5268 ltojus
1500 5203 1798 5255 decretum.
1820 5201 2059 5272 Alteram

468 5271 598 5329 vero
627 5279 799 5330 lirutat
829 5294 932 5330 non
978 5273 1140 5330 modo
1173 5277 1368 5328 veteris
1395 5275 1528 5343 legis
1563 5283 1918 5343 pr:rceptnm.
1967 5271 2062 5326 sed

466 5348 628 5400 etiam
655 5349 978 5404 constitutio
1007 5347 1346 5402 Constantini
1380 5342 1510 5414 imp.
1541 5343 1675 5398 (20d.
1717 5344 1822 5398 Th.
1857 5342 1951 5397 lib.
1988 5359 2062 5404 ις.

467 5417 551 5472 tit.
581 5418 676 5485 Ἃ,
719 5419 823 5489 leg.
872 5421 923 5482 1.
954 5419 1251 5474 sancienlis
1291 5437 1302 5470 :
1331 5416 1388 5472 Si
1417 5417 1689 5471 voluntatis
1716 5416 1949 5489 assensio
1977 5416 2066 5468 de-

467 5491 651 5562 tegitur
672 5493 724 5546 in
752 5488 965 5565 virgine,
996 5492 1192 5556 eadem,
1225 5507 1325 5562 qua
1357 5499 1554 5558 raptor,
1581 5488 1846 5542 severitate
1875 5488 2067 5558 plecta-

470 5569 571 5616 tur.

549 5643 568 5670 ε
612 5636 780 5693 Sirm.
812 5646 866 5692 et
897 5635 1056 5703 Lab.,
1085 5652 1229 5706 quas.
1263 5636 1318 5690 In
1351 5634 1646 5706 archetypo
1691 5631 1846 5706 quod.
1882 5628 2066 5706 Series

466 5709 736 5764 orationis
769 5709 1004 5778 postulat
1031 5700 1158 5778 quos
1199 5723 1218 5761 :
1258 5700 1598 5777 referturque
1641 5704 1782 5760 istud
1827 5718 1949 5778 cum
1998 5700 2066 5778 ad

469 5781 700 5846 puellam
725 5821 743 5847 ,
771 5774 883 5834 tum
913 5779 977 5834 ad
1011 5776 1138 5833 eum
1174 5779 1263 5849 qui
1295 5780 1367 5834 illi
1402 5774 1688 5849 copulatus
1713 5783 1818 5849 est,
1848 5776 1917 5849 de
1946 5774 2067 5849 qui-

468 5849 563 5906 bus
592 5845 892 5906 Deuteron.
933 5865 1046 5906 xm
1074 5892 1087 5915 ,
1117 5845 1210 5917 illo,
1237 5845 1553 5920 praccipitur
1596 5863 1608 5902 :
1655 5845 1939 5920 Lanidibus
1971 5845 2068 5899 cb-

463 5935 695 5987 rnentnr,
722 5923 899 5984 puella
930 5925 1050 5990 quia
1072 5939 1172 5976 non
1197 5918 1436 5976 clamavit
1468 5934 1586 5972 eum
1608 5928 1740 5974 esset
1761 5919 1814 5971 in
1838 5918 2061 5976 civitate,

2153 1984 2460 2054 apostolica
2488 1979 2740 2036 mandata
2771 1977 2924 2048 quasi
2953 1976 3136 2046 ignota
3163 1981 3578 2027 contemnuntur
3607 1969 3717 2038 :ju-

2155 2082 2357 2137 dicium
2393 2088 2571 2131 tamen
2602 2074 2668 2128 de
2697 2073 2781 2127 his
2812 2085 2933 2140 quae
2984 2068 3367 2124 commiserunt
3425 2080 3524 2119 non
3555 2071 3720 2133 potest

2159 2176 2171 2226 i
2212 2169 2507 2229 immutari.
2537 2167 2590 2222 ld
2634 2167 2702 2221 de
2755 2162 3150 2219 sacerdotibus.
3179 2159 3353 2214 Primo
3381 2158 3431 2211 in
3479 2156 3591 2210 loco
3618 2162 3721 2208 sta-

2159 2277 2330 2322 tutum
2351 2273 2433 2318 est
2462 2261 2529 2317 de
2570 2258 2866 2330 episconis,
2916 2254 3270 2326 presbyteris,
3303 2260 3354 2308 et
3396 2249 3717 2311 diaconibus,

2156 2375 2293 2432 quos
2343 2355 2632 2412 sacriﬁciis
2683 2351 2881 2406 divinis
2927 2361 3149 2403 necesse
3191 2354 3272 2400 est
3333 2342 3605 2406 interesse,
3634 2355 3722 2410 per

2160 2466 2392 2525 quorum
2420 2462 2612 2503 manus
2640 2455 2694 2500 et
2722 2444 2892 2515 gratia
2916 2439 3255 2508 baptismatis
3284 2435 3585 2498 traditur,et
3609 2447 3724 2487 cor-

2163 2523 2263 2617 pus
2283 2541 2487 2599 Christi
2529 2537 2815 2594 conﬁcitur
2843 2551 2858 2600 ;
2891 2548 3030 2604 quos
3057 2546 3161 2586 non
3215 2528 3384 2584 solum
3411 2540 3528 2590 nos,
3559 2523 3647 2578 sed
3675 2532 3725 2577 et

2166 2639 2447 2706 Scriptura
2470 2633 2656 2687 divina
2685 2626 2963 2696 compellit
2985 2639 3107 2681 esse
3128 2621 3474 2686 castissimus,
3497 2627 3727 2687 etpatres

2162 2745 2376 2801 quoque
2405 2727 2690 2798 jusserunt
2727 2715 3116 2775 continentiam
3147 2713 3474 2783 corporalem
3519 2723 3727 2763 servare

2166 2822 2400 2885 debere;
2435 2833 2536 2886 qua
2565 2817 2630 2870 de
2653 2831 2710 2869 re
2736 2828 2843 2868 non
2876 2819 3283 2879 prmtereamns,
3315 2804 3406 2859 sed
3428 2803 3656 2857 dicamus
3679 2809 3728 2854 et

2169 2929 2409 2970 causam.
2443 2912 2559 2978 Quo
2586 2907 2728 2962 enim
2771 2903 2978 2974 pudore
3004 2897 3025 2936 ιι
3060 2898 3234 2953 vidua:
3256 2905 3346 2950 aut
3368 2893 3548 2964 virgini
3576 2905 3726 2944 ausus

2167 3017 2249 3062 est
2279 3008 2568 3076 episcopus
2593 2999 2676 3054 vel
2718 2997 3003 3069 presbyter
3035 2990 3394 3063 integritatem
3441 2986 3524 3041 vel
3564 2985 3726 3040 conti-

2077 3195 2122 3256 C
2155 3196 2230 3249 vir
2261 3194 2380 3262 quia
2408 3189 2699 3262 Itumiliavit
2725 3202 2934 3262 uxorein
2956 3183 3176 3262 proximi
3199 3181 3299 3236 sui.
3330 3179 3724 3262 constitutionis

2159 3252 2503 3322 Constantini
2549 3277 2610 3315 ea
2641 3259 2707 3314 de
2735 3274 2792 3313 re
2823 3252 2985 3312 verba
3028 3255 3269 3323 proxime
3299 3252 3457 3306 relata
3504 3265 3602 3305 non
3650 3267 3726 3304 re-

2163 3346 2305 3406 peto.
2371 3333 2610 3398 Puellis,
2673 3347 2792 3400 quae
2849 3327 3126 3406 proposito
3184 3325 3368 3406 relicto
3408 3323 3469 3406 ad
3523 3323 3722 3392 nuptias

2162 3394 2496 3471 iransierint,
2517 3394 2649 3472 quas
2673 3394 2860 3472 poenas
2880 3394 3175 3472 decernant
3199 3394 3450 3472 Gallicani
3474 3408 3718 3472 centones,

2159 3490 2346 3548 repete
2373 3494 2440 3532 ex
2470 3463 2704 3548 tio-ncilla
2747 3471 3030 3548 Valentino
3059 3484 3187 3523 ann.
3231 3467 3513 3548 51$,_fan.
3541 3465 3594 3525 2.
3626 3463 3725 3546 Tu:

2162 3536 2380 3605 roitensi
2408 3564 2446 3608 ι,
2471 3564 2519 3602 c.
2543 3547 2594 3606 6.
2624 3540 3002 3598 Aurelianensi
3025 3556 3075 3606 v,
3104 3554 3225 3592 can.
3256 3537 3341 3600 l9,
3369 3536 3720 3608 Matisconensi

2163 3637 2200 3686 ι,
2232 3638 2353 3676 can.
2392 3605 2476 3674 12.
2524 3605 2830 3672 N0tandum
2862 3612 3067 3686 puellas
3112 3609 3249 3673 illas,
3276 3623 3492 3686 quarunt
3525 3605 3718 3686 furtiue

2162 3678 2460 3762 arguuntur
2510 3688 2709 3758 nttptite
2734 3729 2746 3750 ,
2785 3678 2873 3738 hic
2915 3683 3076 3762 velut
3103 3694 3229 3734 vero
3273 3679 3601 3762 matrimopio
3631 3678 3722 3728 ob-

2161 3748 2378 3819 strictas
2428 3763 2533 3816 Deo
2582 3748 2960 3827 repraesentari
2983 3795 2997 3817 ,
3029 3752 3252 3816 ideoque
3277 3760 3328 3804 et
3358 3758 3478 3827 post
3515 3748 3718 3827 fractam

2163 3837 2321 3891 lideu:
2369 3819 2685 3893 adulteras,
2734 3838 2788 3882 et
2834 3828 3191 3881 adulterarum
3239 3819 3390 3890 paena
3426 3819 3719 3893 plectendas

2161 3890 2395 3961 censeri.
2426 3909 2560 3969 Quot
2581 3890 2690 3957 irca
2735 3900 2954 3953 dubium
2989 3895 3186 3969 nemini
3218 3893 3378 3969 videri
3408 3890 3577 3969 debet,
3601 3893 3714 3969 quin

2164 3977 2406 4030 Romana
2437 3961 2560 4028 ~ista
2610 3971 2846 4044 synodus
2895 3967 3059 4044 nihilo
3112 3964 3276 4044 magis
3331 3972 3494 4015 ratutn
3547 3961 3714 4044 haberi

2164 4049 2396 4103 voluerit
2441 4033 2655 4102 novum'
2684 4057 2868 4097 cat-um
2919 4033 3257 4104 cotijuglntn,
3285 4048 3439 4104 quam
3471 4033 3713 4096 mulieris,

2162 4136 2282 4191 qu:t-,
2312 4122 2527 4174 vivente
2560 4119 2675 4191 viro
2701 4113 2859 4191 alteri
2890 4112 3135 4191 nuberet.

2239 4192 2257 4230 τ
2283 4193 2362 4246 lu.
2394 4207 2521 4255 ms.,
2560 4186 2985 4248 sicontinuisset;
3011 4183 3112 4235 hoc
3143 4186 3244 4243 est,
3269 4178 3318 4232 ni
3348 4175 3515 4241 fallor,
3539 4175 3580 4229 si
3601 4190 3715 4228 con-

2166 4266 2449 4319 tinentiam
2475 4268 2774 4315 siervasset.

2237 4317 2270 4383 ις-
2287 4336 2469 4389 Codex
2500 4331 2681 4387 Colb..
2713 4332 2776 4383 de
2811 4328 2890 4380 Itis
2938 4324 3056 4379 talis
3094 4337 3276 4376 sermo.
3327 4319 3417 4373 Hic
3443 4317 3713 4389 supplenda

2161 4388 2383 4461 videtur
2408 4404 2638 4474 quaestio
2655 4400 2724 4456 de
2751 4398 2962 4474 clericis
2987 4392 3436 4474 incontinentibus
3461 4388 3710 4474 sediaopo:

2164 4460 2371 4533 stolica:
2397 4460 2523 4530 a'nte
2559 4471 2834 4543 proposita
2867 4489 2878 4522 :
2907 4478 2962 4543 ιιι
3003 4461 3659 4543 quomodoinitiocapitis
3689 4460 3707 4512 l

2165 4549 2523 4617 prtepOnitnr,
2553 4533 2798 4615 quieritur
2822 4543 2885 4617 de
2909 4537 3183 4617 virginibus
3207 4533 3397 4617 relatis.
3423 4541 3546 4617 ctc.,
3575 4533 3640 4617 ita
3667 4543 3708 4584 et

2170 4603 2297 4677 huic
2343 4603 2894 4688 anteponendumgsit
2922 4653 2936 4675 ,
2962 4603 3225 4688 Δᾇιιιιειηξιιη·
3267 4603 3334 4688 de
3370 4603 3711 4662 sacerdotibus,

2165 4678 2556 4763 presbyteris'ret
2608 4684 2856 4763 diaconihs.
2889 4684 2977 4763 qui
3004 4678 3361 4733 continentiam
3391 4691 3487 4763 pon
3508 4685 3708 4763 servam,

2321 4745 2395 4816 lle
2449 4762 2531 4815 Itis
2582 4767 2762 4812 autem
2803 4745 2979 4809 Siticii
3033 4765 3209 4803 sermo
3242 4763 3332 4815 per
3359 4745 3530 4814 plures
3560 4746 3712 4820 eccle-

2167 4816 2276 4890 sias
2325 4834 2586 4896 manavit,
2648 4831 2764 4898 ipso
2820 4828 2984 4881 etiam
3035 4820 3343 4876 lnnocentio
3392 4827 3519 4870 teste
3567 4816 3712 4884 epist.

2167 4923 2218 4962 vx
2254 4948 2266 4969 ,
2324 4921 2377 4958 ιι.
2405 4903 2458 4958 4.

2239 4975 2266 5014 ιι
2297 4978 2442 5032 ltlent
2470 4973 2663 5038 codex,
2695 4969 3001 5025 instruendi.

2247 5048 2262 5085 ί
2295 5049 2351 5103 ltt
2379 5033 2838 5117 archetypoColb.
2857 5057 2976 5096 cum
3000 5033 3516 5117 legatumadulterum
3534 5044 3711 5117 sexum,

2167 5121 2339 5177 edidit
2367 5109 2788 5178 Sirm.,adulter
2809 5130 2980 5168 sexus.
3007 5111 3190 5166 Satius
3211 5109 3375 5158 visum
3397 5115 3494 5166 est,
3529 5109 3713 5178 retenta

2167 5174 2448 5263 archetypi
2476 5174 2992 5263 lecli0tte,_adjicere
3038 5179 3472 5263 prmpttsili‘tt'nerti.
3497 5174 3712 5263 0d,.qttic

2166 5247 2652 5337 pl‘tlplcdlflslnlllelll
2677 5247 2942 5337 syllabam
2960 5247 3273 5323 setjuentetu
3302 5247 3528 5311 librario,
3551 5253 3602 5295 ιιι

2169 5332 2290 5408 pius
2314 5335 2474 5408 solet,
2501 5332 2782 5408 exciderit.
2959 5398 2969 5408 ‘
3164 5395 3175 5408 ‘
3382 5391 3397 5408 Ι
3436 5389 3467 5408 ι,

2496 5382 3000 5466 uti-sirintmutando
3047 5411 3104 5447 ea
3142 5395 3203 5448 de
3226 5388 3570 5468 sacerdotibus.
3594 5382 3712 5468 illud

2169 5482 2234 5534 de
2281 5460 2690 5533 sacerdotibuse
2721 5474 2962 5541 margine
3004 5469 3054 5522 in
3098 5475 3297 5521 testum
3340 5460 3540 5516 videtur
3593 5460 3713 5510 irre-

2207 5567 2365 5606 SISSC.

2167 5569 2440 5679 p’issﬁiud
2470 5638 2570 5693 quo
2598 5617 2796 5693 pudore
2818 5614 2926 5683 jam
2958 5621 3112 5666 antea
3137 5609 3194 5693 in
3229 5603 3455 5693 epistola
3486 5603 3531 5684 5.
3555 5599 3712 5693 ξιιξῖῐὶ

2170 5711 2219 5753 c.
2249 5674 2557 5766 ill—egimus.
2579 5674 2754 5766 Simili
2783 5674 3101 5766 argumento
3127 5677 3437 5766 Ambrosius
3456 5674 3708 5766 episJultj.

2549 5744 2608 5819 ai
2640 5761 2731 5825 61,
2755 5744 2875 5813 eum
2917 5756 3112 5812 merito
3133 5767 3160 5806 a
3187 5751 3333 5828 clero
3355 5745 3517 5828 arceri
3550 5744 3710 5823 docet,

2172 5817 2526 5908 ἷιῖιῑέἕρῖἷήῐιά
2552 5817 2833 5908 :cottjt'tgia
2876 5828 3112 5908 sortitus
3158 5823 3262 5908 sit:
3296 5817 3711 5908 Qttdﬂltit‘iﬁfil‘lﬁ;

2633 5888 2888 5957 (οἰιίόιιινῐ
2918 5899 3147 5953 viduam.
3192 5896 3448 5946 hotmt‘are-
3481 5888 3710 5939 ποηστεατδ
