3874 6446
208 429 349 484 1185

1416 424 1772 484 ιῖιδιετοιιε
1809 423 1896 482 ET
1937 422 2286 482 DECRETA.

3346 424 3489 484 1186

210 538 448 591 nentiam
477 536 798 603 praedicare,
838 537 922 593 vel
965 534 1198 592 suadere
1219 545 1426 593 castum
1459 537 1639 593 cubile
1679 553 1801 592 ser-
1830 545 1882 604 Α
1907 537 1974 590 ab
1999 537 2140 592 escis
2165 549 2380 608 quoque
2401 549 2460 591 se
2491 534 2704 608 purgari
2729 535 2954 592 volunt:
2980 544 3035 592 et
3057 549 3141 592 me
3165 537 3491 609 interrogas,

206 643 362 691 vare,
391 628 433 680 si
486 628 599 698 ipse
629 630 827 683 saeculo
855 629 1026 699 magis
1086 627 1280 682 inslilit
1329 628 1472 683 lilios
1515 644 1799 698 generare,

205 735 368 790 quam
396 719 508 773 Deo
538 720 774 785 ?Adam,
801 721 890 791 qui
917 729 1246 789 przeceptum
1277 736 1383 774 nott
1414 721 1672 784 servavit,
1691 722 1804 790 eje-

199 822 324 868 ctus
352 811 496 867 foras
523 813 855 882 paradisum,
883 815 1058 868 caruit
1091 828 1258 883 regno
1282 813 1437 883 (Gen.
1473 829 1549 873 Ill,
1577 816 1672 882 9.5)
1704 831 1718 878 ;
1747 821 1804 869 et

200 906 678 978 praevaricatorem
731 915 888 976 putas
915 920 1075 974 posse
1103 904 1169 958 ad
1196 920 1361 974 regna
1405 904 1646 960 cmiestia
1679 921 1803 975 per-

199 999 445 1055 venire?
476 999 558 1052 Ob
606 1013 768 1068 quam
822 1014 937 1054 rem
988 997 1187 1052 Paulus
1218 997 1348 1052 dicit
1387 1015 1398 1052 :
1437 996 1534 1052 l'os
1557 1001 1674 1070 jam
1702 1015 1802 1052 non

199 1092 328 1145 estis
358 1092 409 1142 in
436 1105 608 1152 carne,
637 1090 727 1143 sed
770 1091 821 1144 in
853 1091 1040 1159 spiritu
1073 1089 1250 1159 (Rom.
1283 1105 1398 1153 vttt,
1424 1091 1482 1154 9)
1507 1106 1522 1151 ς
1555 1100 1606 1145 et
1631 1089 1757 1143 item
1785 1106 1799 1143 :

200 1179 276 1234 Et
302 1182 389 1249 qui
407 1179 590 1232 habent
621 1182 914 1246 u:ores,ita
946 1181 1047 1233 sint
1069 1181 1215 1249 quasi
1247 1197 1346 1234 non
1374 1181 1590 1234 habeant
1612 1180 1655 1250 (Ι
1679 1180 1800 1236 Cor.

205 1286 308 1338 vn,
344 1270 440 1340 ‘29)
472 1273 598 1325 ?An
629 1275 718 1343 qui
773 1274 1029 1342 populum
1063 1272 1290 1344 (Supple
1325 1273 1423 1343 sic)
1455 1274 1723 1339 hortatur,
1749 1282 1805 1330 et

200 1367 388 1421 lcvitis
415 1377 468 1421 et
495 1367 870 1422 sacerdotibus
902 1367 1204 1431 blandiens,
1236 1367 1508 1421 licentiam
1541 1367 1806 1435 praeberet

199 1473 346 1529 Opus
377 1459 639 1513 exhibere
665 1459 910 1524 carnale,
939 1457 1082 1512 idetu
1113 1459 1228 1526 ipse
1260 1459 1447 1514 dicens
1477 1473 1489 1508 :
1523 1457 1588 1510 Et
1635 1459 1804 1512 carnis

201 1567 386 1607 curam
417 1566 480 1603 ne
509 1551 730 1619 feceritis
761 1553 814 1604 in
847 1551 1272 1621 concupiscentiis
1295 1549 1476 1621 (Rom.
1508 1565 1625 1614 xnt,
1661 1548 1750 1619 14)
1786 1565 1800 1614 ;

202 1652 264 1700 et
293 1643 416 1698 alibi
453 1660 463 1692 :
510 1642 701 1696 l'ellem
727 1652 897 1694 autem
929 1659 1102 1695 omnes
1131 1645 1202 1695 sic
1235 1659 1343 1696 esse
1371 1646 1500 1696 sicut
1533 1659 1610 1696 me
1633 1645 1805 1713 ipsum

205 1735 252 1808 (Ι
273 1735 393 1790 Cor.
416 1752 512 1802 vtt,
543 1735 644 1805 7)?
670 1735 770 1803 Qui
800 1734 1002 1788 militat
1025 1733 1270 1799 Christo,
1304 1736 1394 1804 qui
1429 1737 1478 1787 in
1508 1734 1638 1789 sede
1668 1733 1803 1788 resi-

203 1831 300 1886 det
331 1831 600 1902 magistri,
630 1831 720 1900 qui
762 1830 965 1883 tnilitia:
990 1829 1333 1897 disciplinam
1367 1845 1472 1883 non
1502 1837 1684 1898 potest
1711 1843 1802 1883 cu-

206 1924 463 1978 stodire‘t

283 2015 336 2069 6.
374 2014 647 2068 [dolorum
706 2016 928 2068 cultores
977 2015 1244 2074 dwmoniis
1275 2015 1471 2068 litaturi
1496 2057 1510 2077 ,
1541 2014 1806 2068 continen-

206 2113 335 2166 tiam
368 2113 464 2166 sibi
495 2111 834 2183 imperabant.
873 2113 946 2167 De
995 2112 1075 2167 his
1104 2116 1286 2183 itaque
1322 2114 1493 2168 tribus
1528 2114 1804 2184 gradibus,

203 2221 346 2276 quos
378 2205 604 2276 legimus
632 2207 683 2259 in
707 2204 1030 2274 Scripturis,
1071 2221 1100 2258 a
1131 2207 1397 2261 ministris
1444 2207 1536 2261 Dei
1594 2206 1807 2261 mundi-

207 2301 286 2355 tia
321 2307 591 2369 pra-cepta
623 2309 707 2353 est
734 2299 1042 2363 observari,
1067 2299 1571 2366 quibusnecessitas
1595 2314 1810 2368 semper

208 2393 263 2448 in
302 2401 550 2462 promptu
579 2400 685 2446 est.
718 2395 822 2444 Aut
849 2390 992 2445 enim
1039 2391 1305 2460 baptisma
1356 2391 1680 2447 tradendum
1703 2401 1808 2458 est,

206 2494 306 2539 aut
332 2484 610 2538 oll'erenda
648 2494 772 2537 sunt
803 2483 1069 2538 sacrtlicia
1101 2482 1265 2554 (Vide
1299 2482 1457 2538 Siric.
1493 2485 1647 2555 epist.
1679 2487 1730 2547 1,
1763 2501 1809 2538 c.

209 2582 268 2646 7,
305 2595 349 2635 et
382 2579 565 2636 Innoc.
599 2598 680 2650 ep.
725 2581 758 2636 6
780 2624 793 2647 ,
848 2599 900 2634 n.
933 2581 1010 2650 Ξ).
1045 2580 1318 2652 Numquid
1379 2581 1688 2636 immundus
1714 2596 1812 2636 au-

209 2691 307 2730 sus
335 2675 436 2730 erit
467 2675 844 2729 contaminare
870 2674 1014 2744 quod
1045 2685 1292 2728 sanctum
1320 2685 1425 2741 est,
1456 2675 1672 2744 quando
1691 2690 1812 2744 quae

211 2777 401 2822 sancta
447 2777 592 2833 sunt,
631 2767 839 2821 sanctis
886 2779 1071 2821 sanCIa
1100 2767 1542 2837 sunt?Deuique
1591 2767 1690 2833 illi,
1723 2769 1812 2838 qui

212 2861 270 2916 in
306 2860 504 2928 templo
533 2858 796 2912 sacriﬁcia
829 2856 1148 2920 otl'erebant,
1172 2868 1226 2912 ut
1258 2857 1441 2911 mundi
1472 2867 1673 2922 essent,
1703 2868 1815 2912 toto

213 2968 362 3008 anno
395 2963 418 2988 ιι
443 2953 494 3006 in
529 2952 751 3020 templo,
786 2951 902 3006 solo
927 2950 1324 3006 observationis
1351 2952 1565 3014 merito,
1601 2966 1816 3022 perma-

215 3046 442 3108 nebant,
472 3043 665 3099 domus
683 3057 809 3097 suas
844 3045 1059 3112 penitus
1083 3043 1414 3097 nescientes.
1449 3042 1608 3097 Certe
1645 3042 1815 3097 idolo-

217 3137 481 3198 latr:e.ut
535 3135 843 3203 impietates
890 3143 1206 3194 exerceant.
1241 3144 1295 3188 ct
1345 3132 1686 3189 dannouibus
1720 3134 1817 3188 im-

214 3229 446 3294 molent,
501 3229 774 3298 imperant
802 3227 905 3282 sibi
938 3229 1331 3283 continentiam
1385 3227 1730 3293 muliebrem,
1763 3238 1816 3283 et

1905 627 1947 682 si
1977 629 2240 684 sacerdos
2271 628 2365 684 Dei
2392 628 2530 695 veri,
2579 630 2848 700 spiritalia
2893 629 3173 685 oblaturus
3201 630 3487 694 sacrificia,

1906 732 2160 792 purgatus
2205 730 2467 792 perpetuo
2515 722 2710 779 debeat
2737 737 2880 788 esse,
2931 739 2998 778 an
3033 733 3176 780 totus
3229 724 3283 780 in
3323 736 3491 780 carne

1903 818 2080 873 carnis
2109 832 2296 873 curam
2327 817 2522 873 debeat
2551 817 2731 875 facere
2757 819 2780 873 ‘l
2808 819 2864 874 Si
2913 819 3228 876 commixtio
3258 819 3494 891 pollutio

1904 920 2007 976 est,
2035 914 2222 984 utique
2253 913 2511 970 sacerdos
2539 923 2685 970 stare
2714 912 2877 970 debet
2900 913 2966 970 ad
2999 914 3235 970 ol'licium
3269 915 3496 971 cmicstc

1905 1013 2258 1074 praeparatus,
2291 1005 2384 1076 qui
2426 1020 2525 1074 pro
2554 1005 2746 1062 alienis
2795 1005 3033 1077 peccatis
3071 1018 3153 1062 cst
3183 1008 3485 1078 postulatu-

1905 1110 2034 1160 rus;
2061 1083 2127 1152 ne
2156 1097 2273 1168 ipse
2315 1096 2622 1154 inveniatur
2651 1098 2930 1169 indignus.
2957 1097 3090 1153 Nam
3135 1101 3179 1154 si
3209 1099 3277 1154 ad
3325 1099 3498 1155 laicos

1904 1186 2106 1242 dicitur
2135 1206 2146 1240 :
2183 1189 2440 1244 Abstinete
2465 1207 2551 1244 vos
2593 1191 2662 1244 ad
2713 1201 2928 1263 tempus,
2961 1200 3015 1245 ut
3045 1193 3231 1247 vacetis
3278 1193 3498 1248 orationi

1906 1277 1947 1348 (Ι
1983 1277 2102 1333 Cor.
2134 1295 2228 1345 vn,
2262 1282 2340 1352 5),
2369 1292 2424 1336 et
2464 1281 2542 1336 illi
2570 1290 2840 1337 creatura:
2867 1281 3098 1353 utiqueb
3143 1285 3498 1354 generatione

1903 1372 2252 1438 deserviunt;
2287 1375 2599 1430 sacerdotes
2631 1375 2740 1430 tale
2769 1384 2996 1445 possunt
3039 1377 3241 1432 habere
3267 1391 3498 1443 nomen,

1905 1468 2159 1521 meritum
2208 1468 2416 1525 habere
2469 1484 2576 1522 non
2625 1479 2876 1539 possunt.
2908 1468 3062 1537 Quod
3117 1471 3161 1524 si
3193 1469 3264 1523 ita
3315 1476 3502 1534 est,et

1906 1570 2192 1629 permanet
2245 1560 2620 1629 prmsumptio,
2653 1570 2868 1630 oportet
2895 1571 2917 1600 ο
2947 1563 3057 1629 jam
3113 1562 3496 1632 episcOporutn

1907 1653 1988 1706 vel
2022 1653 2468 1724 presbyterorum
2494 1664 2585 1707 aut
2613 1653 2967 1708 diaconorum
2992 1653 3126 1709 disci
3156 1669 3224 1710 ne
3244 1669 3365 1709 cum
3399 1671 3498 1724 pu-

1907 1745 2243 1800 blicanorum
2274 1746 2380 1801 vita
2410 1745 2628 1800 sociari.
2656 1745 3040 1814 Quamobrem,
3069 1748 3201 1801 mihi
3231 1745 3258 1783 ά
3289 1746 3498 1803 charis-

1907 1836 2386 1907 siuti,ltujusmodi
2443 1839 2756 1893 hominibus
2809 1838 3169 1909 coirquinatis
3193 1846 3249 1894 et
3272 1837 3502 1894 inlldeli-

1834 1923 1881 1983 B
1910 1931 2029 1996 hus,
2066 1932 2116 1985 in
2145 1931 2340 2001 quibus
2383 1931 2689 1987 sanctitudo
2744 1933 2992 2002 Corporis
3049 1946 3144 2002 per
3175 1932 3418 1989 illuviem
3447 1939 3503 1989 et

1910 2023 2360 2080 incontinentiam
2387 2024 2600 2080 videtur
2633 2039 2756 2080 esse
2797 2023 3023 2096 polluta,
3049 2025 3374 2096 mysterium
3407 2023 3505 2081 Dei

1911 2115 2136 2172 credere
2161 2129 2266 2170 non
2291 2117 2926 2186 oportere,veneratione
2949 2115 3229 2187 religionis
3249 2117 3363 2187 ipsa
3379 2132 3505 2173 sua-

1911 2207 2096 2274 dente,
2128 2221 2348 2264 moneo.
2383 2207 2491 2263 llos
2521 2207 2667 2262 enim
2694 2217 2748 2262 et
2779 2206 3082 2278 ratiojusta
3109 2207 3366 2264 secernit.
3392 2210 3505 2265 Au-

1914 2298 2062 2352 diant
2108 2307 2258 2354 certe
2301 2316 2313 2354 :
2346 2299 2600 2364 Quoniam
2650 2315 2770 2354 caro
2810 2309 2855 2352 et
2910 2300 3118 2372 sanguis
3149 2317 3364 2372 regnum
3403 2299 3503 2356 Del

1915 2408 2018 2446 non
2052 2393 2404 2462 possidebunt,
2431 2409 2594 2464 neque
2614 2394 2877 2462 corruptio
2903 2394 3360 2467 incorruptelam(l
3377 2394 3501 2452 Cor.

1916 2497 2007 2546 xv,
2067 2481 2182 2554 50).
2236 2483 2304 2538 Et
2351 2482 2513 2539 audet
2555 2485 2839 2555 presbyter
2868 2494 2959 2539 aut
3001 2485 3261 2542 diaconus
3291 2487 3508 2543 anima-

1918 2575 2048 2630 lium
2095 2591 2246 2632 more
2303 2578 2589 2645 subjacerc
2641 2578 3076 2634 econtendere?

1990 2670 2041 2723 7.
2071 2667 2205 2723 Eum
2235 2671 2322 2740 qui
2351 2671 2521 2740 fidelis
2551 2672 2736 2728 militat
2785 2672 2972 2727 sceculo
2991 2714 3005 2740 ,
3037 2673 3100 2728 ab
3123 2673 3376 2743 injustitia
3403 2691 3507 2732 non

1917 2776 2025 2815 esse
2051 2761 2350 2816 immunem.
2384 2761 2513 2816 Item
2545 2763 2614 2818 de
2653 2777 2738 2830 eo,
2763 2768 2854 2834 qui
2894 2764 3204 2820 militaverit
3224 2765 3334 2835 jam
3369 2765 3506 2823 lide-

1917 2852 1984 2908 lis
2018 2853 2222 2909 militia:
2255 2854 2525 2922 saculari,
2555 2853 2748 2912 notitia
2779 2868 2865 2913 est
2911 2858 3056 2929 quod
3087 2868 3266 2914 utatur
3298 2860 3512 2932 publica

1918 2949 2189 3005 libertate.
2222 2949 2353 3018 Quis
2372 2951 2518 3006 enim
2543 2961 2720 3022 potest
2744 2951 2897 3008 illum
2926 2952 3239 3009 custodire?
3269 2954 3389 3025 quis
3411 2971 3511 3012 ne-

1919 3057 2048 3112 gare
2077 3042 2162 3096 vel
2219 3042 2553 3112 spectaculis
2605 3045 2948 3112 interfuisse,
2977 3045 3062 3101 vel
3094 3048 3334 3114 pecuniae
3363 3049 3510 3104 utili-

1921 3143 2030 3189 tate
2059 3133 2345 3205 impulsum
2370 3150 2396 3188 a
2413 3135 2670 3192 violentia
2693 3145 2746 3193 et
2771 3135 3030 3207 injustitia
3057 3139 3351 3197 immunem
3387 3155 3511 3198 esse

1929 3223 1946 3262 ί
1975 3241 2081 3281 non
2117 3227 2403 3297 potuisse?

216 3395 291 3449 ad
322 3393 706 3448 custodiendam
732 3391 1056 3450 viduitatem.
1081 3390 1392 3444 servandam
1415 3391 1612 3443 maritis
1637 3391 1813 3460 fidem,
1843 3390 1887 3454 C
1922 3390 2023 3450 dit.
2041 3391 2151 3462 jam
2188 3391 2438 3462 episcopis
2469 3391 2546 3445 vel
2579 3391 2891 3462 presbyteris
2911 3400 3000 3445 aut
3031 3393 3262 3448 diaconis
3291 3395 3412 3462 dici,
3443 3414 3506 3454 ne

216 3483 377 3537 quam
405 3465 703 3537 ipse-priori
742 3464 984 3532 coniugio
1034 3478 1135 3514 non
1179 3465 1506 3537 reservaverit
1538 3463 1704 3537 {quia
1738 3463 1816 3514 tti-

219 3533 422 3592 inirnm
459 3534 600 3588 debet
654 3537 1052 3602 pra'ponderare
1078 3537 1178 3586 vita
1201 3533 1506 3595 sacerdotis,
1535 3535 1662 3585 sicut
1685 3547 1817 3602 pra:-

220 3607 481 3677 ponderut
519 3607 708 3678 gratia.

299 3686 326 3715 ⁸
351 3673 600 3732 Siriciinu
625 3677 784 3744 epist.
817 3676 866 3740 l,
897 3692 949 3728 n.
982 3675 1035 3740 9,
1059 3676 1166 3745 jam
1199 3675 1502 3728 audivimus
1531 3673 1718 3729 eadem
1752 3673 1818 3729 de

218 3762 389 3804 causa
413 3750 491 3802 sic
513 3747 872 3800 disserentem
905 3764 915 3797 :
945 3746 1048 3799 Cur
1076 3746 1228 3798 etiam
1258 3746 1489 3813 procula
1519 3747 1623 3798 suis
1653 3746 1819 3798 donti-

219 3821 342 3881 bus,
365 3834 500 3872 anno
532 3818 652 3870 ricis
679 3833 806 3870 suae.
857 3817 906 3868 in
941 3818 1130 3881 templo
1155 3815 1388 3868 habitare
1408 3815 1546 3886 jussi
1585 3826 1704 3868 sunt
1734 3833 1818 3868 sa-

220 3889 504 3945 cerdotes?
535 3887 645 3940 llac
693 3888 925 3940 videlicet
951 3890 1170 3944 ratione.
1216 3902 1276 3939 ne
1313 3888 1388 3939 uel
1418 3902 1530 3938 cum
1579 3887 1819 3941 uxoribus

221 3970 433 4033 possent
492 3960 697 4033 carnale
753 3973 986 4011 exercere
1018 3960 1396 4033 commercium,
1428 3968 1478 4009 ut
1503 3958 1820 4033 conscientia:

222 4027 524 4100 integritate
555 4032 830 4102 fulgentes,
859 4028 1177 4102 acceptabile
1211 4028 1315 4082 er
1344 4044 1527 4102 munus
1557 4027 1818 4102 offerrent.

223 4103 307 4158 Ex
335 4098 607 4162 eoetinm,
635 4098 774 4167 quod
826 4102 893 4154 de
938 4101 1276 4155 sacerdotum
1322 4099 1603 4169 gentilium
1649 4098 1823 4153 conti-

222 4171 416 4228 nentia
447 4171 751 4240 subjicitur,
789 4172 1094 4225 illustratur
1143 4169 1286 4240 quod
1321 4171 1460 4223 idem
1491 4184 1624 4240 papa
1659 4171 1823 4232 epist.

222 4245 286 4309 5,
319 4243 433 4307 n.5,
463 4237 722 4297 adversus
747 4242 1152 4296 incontinentes
1176 4239 1380 4295 Christi
1412 4237 1685 4294 minimos
1715 4242 1824 4294 elo-

222 4317 439 4386 quitur,
466 4323 625 4386 atque
650 4321 723 4366 att
758 4327 771 4365 :
803 4311 1044 4386 fallatur
1063 4314 1156 4365 hoc
1183 4312 1537 4386 approbrium,
1571 4311 1705 4379 quod
1733 4327 1824 4386 po:

226 4380 332 4441 (est
356 4388 479 4458 jure
501 4380 652 4437 etiam
683 4382 944 4458 gentilitas
974 4399 1233 4458 accusare.
1254 4383 1320 4436 Et
1343 4383 1392 4436 itl
1414 4380 1653 4458 quidem,
1683 4380 1822 4448 quod

224 4451 382 4513 nunc
403 4457 641 4524 apertius
671 4451 1306 4524 explicitucontlrmatur
1337 4463 1447 4508 tum
1469 4453 1551 4524 his
1580 4451 1828 4506 Clemen-

229 4530 308 4582 tis
359 4523 657 4582 Alexantlr.
709 4525 803 4578 lib.
834 4540 891 4579 ttt
918 4523 1123 4579 Strttm.
1158 4538 1277 4593 pag.
1337 4525 1441 4578 μϐ
1470 4540 1482 4576 :
1511 4523 1610 4590 Qui
1653 4525 1826 4577 colunt

225 4599 398 4662 idola,
446 4614 476 4651 a
527 4597 651 4650 cibis
697 4605 745 4648 et
779 4611 954 4649 venere
999 4594 1378 4648 abstinent.....
1430 4593 1601 4662 Magis
1628 4611 1829 4665 quoque

229 4685 376 4723 cura:
405 4680 501 4731 est,
523 4669 610 4734 qui
635 4666 846 4737 angelos
874 4667 1050 4720 colunt
1079 4675 1122 4718 et
1152 4667 1433 4730 dcemones,
1459 4665 1615 4737 simul
1653 4667 1826 4737 a_vino

1923 3478 2035 3514 cum
2054 3460 2441 3532 publicanorum
2457 3463 2557 3515 vita
2578 3460 2852 3536 sociemur.
2881 3461 3043 3536 Magis
3056 3465 3122 3517 ad
3145 3465 3332 3536 synodi
3358 3460 3510 3524 men-

1923 3541 2030 3586 tem
2062 3547 2183 3585 etnn
2219 3541 2288 3586 ita
2313 3536 2631 3608 castigatum
2672 3532 2934 3608 exhibere
2961 3532 3226 3602 licuisset,
3258 3537 3372 3608 jam
3400 3539 3510 3608 epi-

1921 3619 2232 3674 scoparum,
2281 3603 2691 3674 presbyterorum
2717 3614 2803 3656 aut
2841 3605 3179 3659 diaconatum
3231 3603 3506 3666 discrimen

1921 3673 2580 3748 cum‘publicanorutnrita
2605 3674 2810 3748 sociari.
2847 3674 2960 3748 Hoc
2983 3684 3086 3735 est,
3120 3677 3164 3731 si
3211 3679 3504 3748 episcoyis,

1922 3745 2252 3816 presbyteris
2289 3753 2379 3816 aut
2410 3744 2655 3816 diaconis
2709 3744 3096 3816 incontinentis
3151 3744 3506 3816 permittitur,

1920 3824 2134 3888 oportet
2160 3813 2350 3888 illosin
2373 3814 2567 3869 eodem
2595 3815 2805 3870 vivendi
2834 3831 3032 3888 genere
3057 3813 3179 3872 cum
3207 3813 3509 3888 publicanis

1921 3885 2137 3939 sociari.
2172 3883 2310 3938 Infra
2355 3893 2558 3947 autem.
2595 3901 2650 3941 ιι.
2693 3887 2725 3941 8
2756 3927 2772 3953 ,
2819 3883 3122 3956 publicanus
3171 3883 3402 3946 sumitur
3447 3902 3510 3948 ut

1921 3957 2132 4010 solutus
2177 3969 2207 4008 a
2259 3957 2416 4027 lego,
2465 3965 2521 4012 et
2571 3958 2620 4012 ei
2672 3958 2964 4028 opponitur
3015 3960 3106 4030 qui
3161 3960 3392 4016 observat
3439 3965 3512 4020 le-

1963 4042 2056 4082 cm.

1925 4045 2341 4170 gT’Provcrbo
2360 4098 2670 4170 charissinti,
2697 4098 2747 4153 in
2771 4096 3065 4170 archetypo
3087 4109 3265 4157 exstat
3287 4112 3412 4159 nota
3430 4121 3507 4162 cc.

1926 4184 2086 4239 quam
2120 4167 2442 4223 Sirtnondus
2471 4178 2647 4224 contra
2693 4167 3105 4240 interpretatus,
3160 4181 3330 4228 totum
3365 4174 3510 4232 hunc

1927 4240 2104 4295 locum
2141 4249 2346 4310 mutare
2372 4251 2536 4310 utque
2567 4240 2902 4310 interpolare
2930 4252 3152 4299 coactus
3174 4256 3256 4299 est
3285 4247 3336 4299 in
3368 4245 3510 4304 hunc

1928 4310 2143 4388 modum
2167 4326 2191 4388 ξ
2217 4307 2585 4388 ,ΝἰΙιὶιρόηινςι
2607 4307 2901 4388 Imjusntodi
2930 4311 3163 4388 Itomiaes
3210 4317 3510 4388 coinquina-

1929 4391 2003 4456 tos
2030 4390 2075 4434 et
2098 4379 2355 4456 inftleles,
2381 4381 2432 4433 in
2478 4379 2681 4456 quibus
2698 4382 2990 4456 sanctitudo
3011 4386 3246 4456 corporis
3276 4379 3363 4456 per
3390 4389 3514 4443 illu-

1931 4453 2053 4505 viem
2079 4452 2574 4527 etincontiuentiam
2626 4453 2822 4527 videtur
2861 4469 2970 4506 esse
3002 4455 3225 4527 polluta,
3254 4452 3512 4527 negotium

1929 4533 2021 4600 est,
2054 4521 2405 4600 to_lib_us(t|.t_t:e
2439 4523 2540 4577 tria
2581 4525 2739 4578 verba
2776 4523 2856 4600 _de
2887 4521 3009 4579 δυσ
3036 4524 3288 4600 addidit),
3317 4521 3512 4600 'rnystc-

1927 4595 2057 4646 rium
2084 4590 2177 4646 Dei
2206 4592 2341 4663 credi
2373 4609 2475 4648 non
2497 4604 2747 4663 oportere.
2776 4596 2831 4650 ltt
2864 4607 3048 4650 nOStra
3073 4590 3256 4653 autem
3277 4590 3509 4658 lcetittitc

1929 4679 2047 4718 cuin
2080 4663 2145 4717 ad
2172 4662 2457 4735 archetypi
2492 4662 2649 4720 Iidem
2684 4679 2903 4734 prorsus
2929 4677 3114 4721 exacta
3138 4669 3228 4732 sit,
3260 4671 3392 4726 nihil
3419 4671 3514 4728 de-

228 4740 558 4828 etLant'mjttLis
581 4749 628 4792 et
654 4734 800 4828 retin:
815 4737 1107 4828 labstinerer
1113 4738 1370 4801 venereis;
1401 4744 1510 4790 tum
1558 4736 1673 4828 istis
1699 4735 1823 4822 Por-
1855 4768 1904 4828 ο
1932 4734 2497 4828 sideraut‘ium‘restat.
2526 4735 2634 4818 t‘iec
2667 4737 2990 4828 tetn‘ere'hijc
3035 4753 3085 4820 a.
3116 4739 3514 4828 no'hisnlectuni

229 4808 420 4880 phytit
455 4809 546 4864 ltb.
583 4823 634 4864 tv
674 4809 742 4863 tle
765 4808 979 4862 Abstin.
1020 4825 1032 4860 :
1066 4806 1292 4877 Tempus
1322 4822 1462 4871 tero,
1486 4807 1626 4877 quod
1659 4811 1828 4880 requi-

228 4879 374 4935 ritur
400 4880 468 4932 ad
499 4879 865 4948 perfectionem
896 4895 1161 4933 sacrorum
1220 4880 1434 4940 rituum.
1487 4880 1682 4940 aliquot
1714 4879 1828 4932 die-

230 4967 355 5005 rum
385 4951 738 5020 complectitur
766 4965 1055 5008 numerum.
1096 4949 1242 5002 aliud
1287 4952 1495 5020 quidem
1542 4950 1759 5003 duorum
1785 4959 1831 5003 et

229 5022 606 5147 cluadraginta,
660 5021 806 5074 aliud
849 5022 942 5074 hoc
971 5021 1244 5075 constituto
1278 5023 1492 5074 termino
1518 5020 1713 5074 brevius
1757 5021 1834 5074 rel

261 5093 448 5147 onaius
478 5108 496 5146 .'
524 5094 655 5147 inter
675 5107 801 5147 auos
849 5104 1038 5147 septem
1071 5107 1347 5147 numquam
1380 5091 1833 5147 pratermittuntur

261 5091 496 5165 ongius’.’
524 5094 655 5147 inter
675 5107 801 5162 quos
849 5104 1038 5165 septem
1071 5107 1347 5165 numquam
1379 5091 1833 5165 praetermittuntur

233 5161 376 5224 diei.
406 5164 528 5233 quin
567 5165 777 5217 omnino
813 5163 877 5216 sit
906 5161 981 5217 eis
1022 5161 1316 5232 (Aigyptiis
1347 5162 1742 5233 sacerdonltus)
1772 5162 1833 5216 ab

234 5232 484 5289 animatis
506 5233 885 5297 abstinendum,
916 5235 1032 5288 item
1065 5236 1125 5287 ab
1154 5232 1441 5287 omniolere
1467 5243 1514 5285 et
1538 5233 1789 5302 legumine
1814 5249 1832 5298 ;

233 5309 336 5362 sed
367 5305 592 5360 omnium
617 5307 842 5359 maxime
871 5321 900 5357 a
929 5305 1294 5360 consuetudine
1306 5304 1561 5428 geminae
1616 5304 1828 5360 veneris.

238 5375 386 5428 Vide
413 5375 611 5428 .lultan.
649 5377 779 5428 itnn.
835 5375 930 5428 Or.
961 5379 1017 5428 5.
1066 5390 1183 5428 part.
1235 5376 1303 5428 '52
1348 5417 1358 5426 .
1411 5374 1518 5428 Sed
1571 5377 1652 5428 vel
1709 5378 1828 5428 hinc

238 5375 386 5432 Vtile
413 5375 611 5433 Jttltan.
649 5377 779 5444 itnp.
835 5375 930 5432 Or.
961 5379 1017 5443 5,
1066 5390 1183 5446 pag.
1235 5374 1358 5430 325.
1411 5374 1518 5430 Sed
1571 5377 1652 5428 vel
1709 5378 1833 5446 hinc

237 5463 411 5504 nemo
467 5464 570 5502 non
621 5447 1004 5503 ann’nadrertit
1035 5445 1073 5512 ,⁷
1122 5455 1320 5514 quanta
1372 5448 1438 5500 sit
1503 5447 1750 5515 epistolae
1806 5445 1829 5500 1

238 5519 468 5585 Siricii,
513 5532 723 5574 necnon
779 5519 982 5588 quintae
1023 5526 1078 5573 et
1133 5517 1325 5574 horum
1376 5532 1643 5572 canonum
1703 5532 1835 5572 con-

237 5603 457 5646 SCDSIO.

321 5658 505 5720 1’Attutl
533 5660 1354 5730 Sir.,generationi.lletinemus
1378 5674 1499 5715 cum
1515 5657 1830 5730 archetypo,

241 5735 596 5806 generatione,
640 5729 1076 5803 vecabulutnque
1107 5743 1354 5787 creatura:
1405 5734 1454 5786 ιιι
1505 5729 1666 5785 dandi
1708 5729 1837 5785 casu

242 5804 622 5871 intelligimus.

329 5886 350 5914 ε
385 5874 458 5929 ita
483 5874 856 5946 archetypum,
893 5873 1172 5946 nisigquod
1228 5875 1280 5930 in
1311 5889 1376 5929 eo
1426 5872 1505 5946 bis
1553 5879 1730 5946 exstat
1759 5872 1840 5946 di-

244 5948 392 6010 scine
417 5960 532 6001 cum
550 5943 958 6018 publicanorum.
1006 5943 1208 6001 Locum
1241 5950 1384 6002 hunc
1421 5944 1581 6001 Sirm.
1616 5945 1686 5997 ita
1727 5945 1841 6000 edi-

1931 4819 2050 4878 essie
2079 4805 2203 4878 mihi
2255 4806 2566 4869 churissimi.
2595 4807 2785 4862 suadet
2841 4807 2972 4864 illud
3003 4810 3246 4878 epistola:
3276 4812 3307 4866 6
3334 4811 3514 4870 Siricii

1934 4892 1987 4932 ιι.
2012 4877 2045 4931 5
2065 4895 2074 4929 :
2096 4874 2180 4954 De
2201 4893 2330 4954 quo,
2355 4877 2641 4954 charissimi
2663 4879 2813 4954 mihi,
2835 4887 2972 4954 ante,
3001 4874 3108 4934 etc.
3142 4883 3317 4950 Atque
3348 4882 3513 4954 hujus

1933 4950 2144 5017 generis
2171 4948 2496 5019 locutionem
2529 4949 2704 5004 Siricii
2757 4952 3028 5019 proprium
3076 4965 3200 5007 esse
3232 4948 3520 5011 conﬁrmat

1935 5019 2126 5073 similis
2175 5018 2415 5087 ejusdem
2449 5021 2606 5088 epist.
2639 5019 2694 5082 7,
2729 5037 2780 5074 n.
2816 5018 2892 5076 5’:
2925 5019 3040 5088 Qua
3082 5021 3146 5074 de
3173 5039 3230 5077 re
3285 5041 3521 5081 necessa-

1937 5091 2066 5165 i_-ium
2089 5086 2214 5165 satis
2241 5089 2357 5165 fuit,
2385 5086 2701 5165 dilectissimi
2739 5091 2885 5158 milii,
2932 5086 3048 5160 aut:
3087 5091 3170 5147 hic
3196 5105 3334 5165 gesta
3378 5109 3517 5153 sunt.

1937 5160 2107 5215 Porro
2137 5161 2276 5215 sicut
2305 5161 2534 5229 simplex
2569 5178 2595 5215 c
2627 5169 2773 5217 recte
2799 5165 3144 5231 interpretati
3169 5160 3291 5219 licet
3320 5165 3518 5221 charis-

1937 5232 2080 5306 sinte,
2113 5232 2182 5286 ita
2205 5231 2398 5306 duples
2425 5247 2478 5284 cc
2525 5247 2624 5306 pro
2651 5247 2781 5306 voce
2827 5233 3117 5306 cborissimi
3169 5237 3400 5306 positum
3431 5239 3516 5295 in-

1938 5303 2180 5378 lellige_rc
2213 5313 2312 5378 est.
2357 5300 2596 5378 Notariis
2617 5305 2762 5378 enim
2801 5303 2865 5378 id
2894 5319 2994 5360 usu
3029 5300 3194 5378 venit,
3220 5317 3276 5378 ut
3309 5308 3517 5378 littera,

1937 5372 2313 5447 qua-simplex
2339 5386 2526 5428 vocem
2558 5375 2810 5447 singulari
2846 5389 3069 5447 numero
3101 5375 3391 5447 si'gntilcat,
3424 5372 3518 5447 ge;

1939 5446 2137 5520 minata
2165 5445 2405 5520 eanulent
2439 5458 2624 5520 vocent
2650 5445 2859 5520 plurali
2891 5461 3118 5501 numero
3147 5445 3520 5520 designet.lta

1937 5515 1991 5569 in
2032 5514 2404 5592 consularibus
2459 5516 2602 5592 notis
2653 5514 2880 5587 simplex
2913 5533 2938 5570 r
2994 5532 3089 5588 pro
3137 5514 3290 5580 νὺν(
3315 5521 3515 5592 duplex

1937 5601 2034 5656 pro
2063 5587 2181 5640 viris
2211 5586 2366 5641 scribi
2399 5587 2560 5642 solet.

2017 5669 2037 5694 υ
2063 5656 2288 5723 Supple,
2321 5657 2654 5727 corruptioni,
2700 5658 2910 5713 scilicet
2947 5658 3144 5715 carnis.
3194 5659 3519 5720 Sirmondus

1943 5742 2042 5799 pro
2069 5727 2392 5802 contendere,
2422 5731 2697 5783 substituit
2717 5732 3028 5802 contentioni
3059 5745 3075 5784 :
3102 5744 3302 5802 prteter
3323 5733 3518 5792 arche-

1945 5811 2052 5870 typt
2079 5801 2247 5870 tidem
2278 5813 2338 5854 ac
2375 5815 2589 5854 sensum
2619 5801 2898 5856 orationis.

2023 5868 2395 5943 rParticnlum
2451 5882 2775 5943 negantem,
2831 5887 2956 5942 quae
3011 5874 3062 5929 in
3118 5887 3217 5928 ms.
3274 5872 3509 5943 deerat,

1947 5941 2106 5998 Sit'tn.
2138 5942 2425 6011 supplevit.
2459 5941 2590 5998 Vide
2612 5941 2910 6000 Innocentii
2932 5945 3213 6017 epistolam
3244 5944 3300 6013 2,
3330 5961 3384 6000 ιι.
3419 5941 3507 6005 HQ
