3900 6376
225 337 331 394 257

601 451 835 510 CODEX
872 451 1410 510 VERCELLENSIS.

228 556 362 610 tum.
384 545 556 600 donec
583 546 662 616 ξι)-
1055 545 1149 600 lite
1172 545 1378 610 timere,
1402 560 1488 600 er-

225 633 288 674 se
308 617 602 672 dimitteret
1053 631 1121 682 go
1148 631 1289 669 sum.

226 688 432 743 turbas.
1051 686 1141 754 28.
1182 685 1535 752 Respondeus
1559 701 1654 740 au-

221 758 312 814 25.
356 758 422 813 Et
449 757 669 812 dimissa
691 765 804 814 tur-
1053 765 1157 810 tem
1191 759 1380 810 Petrus

224 827 314 893 ba,
339 827 580 884 ascendit
605 829 660 882 in
1050 825 1185 882 dixit
1211 844 1225 879 :
1260 825 1517 890 Domine,
1548 825 1593 881 si

222 909 409 954 monte
437 899 586 954 solus
917 899 920 903 '
1053 907 1106 951 tu
1136 911 1216 962 es,
1243 896 1372 966 jube
1401 911 1487 952 me

221 984 398 1025 orare.
429 970 626 1037 VeSpe-
704 982 706 985 ·
1049 969 1232 1022 venire
1258 966 1324 1020 ad
1361 979 1410 1020 te

221 1055 281 1095 re
309 1049 488 1095 autem
517 1039 626 1095 fac-
1047 1052 1209 1106 super
1237 1052 1450 1105 aquam.

223 1119 280 1165 to
309 1113 456 1166 solus
483 1119 602 1164 erat
848 1173 850 1175 ,
1045 1105 1136 1162 29.
1181 1109 1244 1162 Ει
1272 1107 1389 1175 ipse
1415 1107 1492 1160 ait
1522 1123 1535 1159 :
1570 1105 1728 1162 Veni.

219 1179 311 1235 24.
353 1181 447 1236 ibi.
471 1179 728 1236 Navicula
1048 1179 1117 1232 Et
1140 1177 1474 1232 descendens

219 1261 401 1307 autem
428 1252 480 1306 in
1037 1248 1241 1307 Petrus
1266 1247 1332 1302 de
1356 1263 1449 1301 ua-

219 1321 398 1378 medio
423 1319 562 1376 mari
1045 1319 1238 1384 vicula,
1261 1321 1447 1373 ambu-

213 1390 425 1461 jactaba
468 1428 483 1444 .
528 1431 540 1444 .
587 1432 601 1444 .
646 1429 660 1443 .
1045 1389 1186 1444 labat
1207 1403 1368 1456 supra
1391 1403 1452 1461 a4

213 1458 295 1532 ιι)
320 1476 356 1519 ι
382 1461 632 1516 ﬂuctivua
661 1478 677 1514 :
1042 1467 1276 1532 quarunt
1297 1459 1452 1513 veni-’
1533 1486 1540 1516 _-

213 1528 332 1586 erat
355 1542 532 1586 autem
1043 1539 1128 1585 ret
1145 1529 1210 1582 ad
1234 1528 1438 1582 Iesum.

211 1601 324 1658 illis
351 1613 546 1658 ventus
1040 1599 1129 1655 δυ.
1173 1598 1375 1653 Videtis
1407 1613 1536 1653 vero
1564 1611 1695 1653 ven-

212 1672 540 1726 oontrarius.
1045 1677 1155 1723 tum
1183 1668 1439 1731 validum,

1044 1741 1217 1794 timuit
1247 1757 1260 1791 :
1292 1749 1346 1792 et
1368 1754 1492 1792 cum

1039 1811 1308 1880 coepisset
1328 1825 1470 1880 mer-

1075 1882 1112 1946 i,
1141 1879 1391 1934 Clamavit

1079 1951 1225 2006 icens
1249 1967 1263 2002 :
1299 1948 1543 2016 Domine,

1037 2021 1242 2076 salvum
1270 2034 1355 2074 nte
1385 2019 1489 2074 lac.

1037 2091 1124 2146 51.
1171 2091 1236 2145 ΕΙ.
1264 2091 1522 2144 continuo

966 2183 973 2186 π
1035 2160 1192 2216 Iesus
1218 2160 1511 2215 extendens

1039 2247 1277 2296 manum,
1302 2231 1495 2300 adpre—

1038 2301 1219 2356 hendit
1245 2317 1367 2355 eum
1393 2318 1404 2351 :

1037 2381 1091 2427 et
1119 2373 1192 2425 ait
1219 2372 1294 2425 illi
1329 2389 1340 2422 :
1373 2369 1544 2425 Modi-

1034 2457 1130 2496 cae
1160 2442 1278 2495 lidei
1301 2486 1315 2506 ,
1345 2455 1512 2509 quare

1035 2511 1124 2565 52.
1165 2509 1456 2565 dubitasti?
1484 2510 1554 2565 Et

1033 2595 1154 2633 cum
1185 2580 1459 2634 ascendis—

1033 2659 1155 2705 sent
1182 2651 1236 2702 in
1261 2649 1408 2703 navi-

939 2771 952 2787 ,
1033 2721 1230 2782 eniam,
1259 2733 1438 2774 cessa-

1034 2791 1109 2842 vit
1136 2800 1343 2843 ventus.

1033 2862 1120 2916 55.
1163 2860 1263 2927 Qui
1293 2869 1470 2913 autem
1500 2859 1550 2912 in

1039 2930 1278 2984 navicula
1303 2939 1478 2994 erant,

937 3026 940 3029 -
1037 3011 1320 3065 venerunt,

632 3116 862 3173 CODEX
900 3112 1371 3171 COIlBElENSlS.

199 3210 378 3265 donec
428 3213 442 3242 ¹
505 3209 800 3264 dimitteret
855 3209 874 3238 ³
927 3207 1157 3260 turbam.
1220 3206 1287 3258 Et
1337 3220 1458 3258 cum
1500 3203 1796 3256 dimisisset

201 3281 347 3346 illos,
377 3281 619 3335 ascendit
662 3281 714 3332 in
748 3289 983 3331 montem
1037 3276 1057 3306 ³
1106 3287 1160 3330 et
1195 3277 1383 3346 arabat
1437 3275 1604 3346 solus.
1652 3272 1791 3326 Ves-

199 3344 340 3420 pere
382 3362 561 3404 autem
613 3347 754 3403 facto
799 3349 1125 3420 isolusa-rat
1192 3347 1286 3399 ἰιιί.
1321 3344 1364 3420 ’δ
1416 3344 1575 3420 Navis
1610 3353 1790 3396 autem

197 3415 318 3474 erat
357 3422 410 3474 itt
456 3421 633 3474 medio
676 3419 808 3472 mari
863 3430 916 3472 et
967 3417 1270 3485 jactabatur
1315 3415 1562 3467 ﬂuctibus
1613 3431 1628 3468 :
1677 3422 1793 3485 erat

199 3494 348 3546 enim
400 3492 702 3546 contrarius
749 3488 854 3542 illis
910 3483 1122 3540 ventus.
1173 3490 1370 3549 Quarta
1422 3496 1599 3536 antem
1649 3483 1781 3550 vigi-

199 3562 272 3614 lia
300 3565 494 3626 ttoctis,
518 3565 665 3613 venit
690 3560 754 3612 nil
782 3574 876 3611 eos
903 3557 1183 3609 ambulans
1209 3570 1371 3626 super
1395 3569 1560 3607 mare.
1595 3551 1788 3626 Vitlch

202 3641 285 3684 tes
315 3622 494 3686 autem
522 3631 544 3661 ⁸
572 3631 724 3684 illuttt
762 3644 922 3695 Super
959 3641 1106 3680 mare
1149 3625 1546 3695 alllllltlsllllem,
1591 3622 1787 3695 turbati

200 3709 349 3764 sunt,
381 3701 620 3753 dicentes
645 3717 657 3752 :
689 3693 1190 3766 Quia-pltaustasuta
1219 3696 1238 3725 ⁶
1260 3705 1424 3766 esset.
1447 3703 1472 3730 α
1502 3693 1617 3766 Non
1643 3694 1784 3746 enim

203 3770 612 3832 intellexerant,
646 3771 783 3820 sicut
827 3764 925 3819 ttec
966 3769 1018 3819 itt
1067 3766 1316 3833 panibus.
1354 3765 1478 3817 Erat
1506 3764 1661 3833 enim
1695 3778 1788 3815 cor

201 3854 389 3892 eorum
417 3838 694 3892 obtusum.
722 3837 787 3889 Et
809 3851 914 3904 prae
943 3832 1134 3888 timore
1160 3836 1178 3865 ⁷
1209 3833 1464 3904 clamant.
1489 3832 1784 3887 Confestim

200 3919 381 3962 autem
423 3909 633 3962 loeutus
680 3918 764 3961 est
809 3901 876 3959 ad
922 3920 1047 3967 eos,
1079 3905 1261 3957 dicens
1297 3922 1308 3955 :
1341 3901 1664 3957 Constantes
1704 3918 1792 3958 es-

203 3988 316 4033 tnte
341 3979 366 4015 ⁸
392 3988 446 4033 et
474 3977 637 4032 nolite
668 3977 876 4031 timere.
924 3975 988 4029 Et
1026 3974 1360 4043 resprtndens
1385 3975 1433 4028 ei
1471 3973 1659 4028 SilllOll
1693 3975 1790 4026 Pe—

203 4060 320 4104 trus
344 4049 518 4103 dtxit:
559 4049 815 4109 Domine,
845 4047 888 4099 si
918 4053 976 4100 tu
1014 4061 1073 4100 es
1094 4087 1108 4110 ,
1148 4045 1276 4110 jube
1308 4061 1390 4098 me
1422 4044 1607 4097 Venire
1635 4043 1700 4095 ad
1739 4051 1790 4096 te

200 4133 368 4190 super
392 4129 605 4190 aquam.
632 4122 658 4190 7°
692 4119 752 4171 Et
794 4119 884 4190 ille
925 4118 1066 4190 dixit
1099 4135 1111 4169 :
1144 4115 1301 4169 Veni.
1345 4116 1408 4167 Et
1434 4116 1473 4145 ¹⁰
1514 4114 1791 4190 descendit

201 4182 397 4244 Petrus
425 4182 494 4244 de
523 4189 662 4246 navi.
693 4198 748 4242 et
773 4188 1081 4240 ambulabat
1106 4201 1267 4251 super
1291 4200 1478 4250 aquam
1503 4195 1554 4234 ut
1587 4182 1792 4233 veniret

202 4263 269 4314 ad
291 4261 477 4316 Iesum
507 4259 706 4312 Vitletts
725 4266 902 4310 autem
927 4263 1140 4309 ventum
1165 4253 1420 4310 validum,
1451 4253 1488 4281 ¹¹
1513 4251 1786 4301 ettttnttit;

204 4339 260 4386 et
287 4347 408 4386 cum
439 4332 706 4397 coepisset
739 4329 780 4397 ξ’
811 4321 1400 4397 demergere:clamavit
1427 4319 1610 4370 dicens
1638 4334 1648 4368 :
1672 4318 1788 4397 _Do—

205 4403 374 4465 mine,
393 4386 599 4454 salvuitt
623 4413 708 4450 nte
731 4396 830 4448 lac.
853 4395 917 4447 Et
937 4393 980 4424 ¹³
1000 4386 1284 4465 confestim
1308 4388 1462 4465 Iesus
1479 4386 1788 4465 extendens

205 4457 445 4536 manum,
477 4465 828 4539 apprehendit
852 4479 972 4518 eum
999 4479 1012 4514 :
1045 4474 1093 4516 et
1121 4460 1288 4539 aitillt
1322 4474 1350 4539 :7
1371 4457 1608 4539 ltoilieae
1638 4457 1800 4522 ﬁdei,

204 4556 373 4616 quare
400 4527 712 4616 dubitasti?‘
727 4536 811 4616 βε-
837 4548 998 4616 quum
1027 4532 1360 4616 ascendisset
1391 4527 1520 4616 in.”
1555 4541 1746 4581 navem
1766 4569 1782 4591 ,

204 4602 439 4668 (Sessavit
467 4621 673 4665 ventus.
700 4608 745 4639 ¹⁸
771 4606 836 4661 Et
865 4605 919 4658 lti
951 4607 1038 4673 qui
1072 4603 1122 4656 in
1155 4602 1275 4655 navi
1317 4610 1468 4654 erant
1487 4639 1500 4664 ,

211 1741 304 1798 26.
341 1742 544 1811 Quarta
571 1751 751 1797 autem

209 1812 394 1883 vigilia
420 1813 615 1877 noctis,

210 1881 362 2007 :enit
384 1883 451 1936 ad
476 1896 571 1938 eos
601 1881 675 2007 Sc)

239 1968 366 2007 esus
385 1953 428 2007 -Ι-
452 1953 611 2007 atubu
633 1968 675 2006 at

207 1951 366 2024 Iesus
385 1953 428 2024 -ι-
452 1951 732 2024 ambulans

206 2021 302 2079 26.
342 2021 504 2092 supra
534 2024 691 2078 mari.
721 2022 814 2077 Vi-

207 2093 399 2164 dentes
427 2092 507 2164 (ά)
535 2104 712 2149 autem
735 2093 776 2163 ἰ-

209 2163 362 2218 illum
390 2179 553 2233 supra

208 2249 359 2289 mare
387 2235 576 2287 ambu-

205 2303 426 2363 lantem.
459 2304 638 2357 turba-

207 2372 247 2426 ti
276 2383 422 2434 sunt,
451 2373 632 2427 dicen-

205 2450 290 2495 tes
319 2460 333 2494 :
362 2443 494 2510 Quia
527 2441 642 2496 fau-

206 2512 471 2566 tltasmata
501 2521 602 2565 est.

205 2582 272 2638 Et
299 2597 427 2651 prae
452 2583 609 2637 timo-

204 2669 266 2707 re
291 2653 558 2707 clamave-

201 2723 294 2777 27.
338 2731 480 2777 runt.
516 2721 736 2778 Statim-

201 2809 310 2863 que
337 2794 497 2849 Iesns
524 2793 672 2847 locu-

205 2874 293 2918 tus
317 2873 401 2919 est
421 2865 499 2917 eis
515 2904 529 2926 .
559 2863 642 2918 di-

200 2948 334 2990 cens
360 2952 374 2986 :
404 2934 669 2989 Constan-

202 3013 286 3059 tes
304 3013 486 3062 estote
517 3019 613 3058 110-

1187 332 1633 394 EVANGELIUM
1657 333 2028 395 SECUNDUM
2058 336 2486 396 ΜΛΤΤΗᾹΞΠΜ.

3382 342 3504 400 258

2335 454 2566 512 CODEX
2617 451 3063 511 VERONENSIS.

1909 545 2081 600 donec
2108 547 2219 612 ipse
2733 557 2911 601 autem
2940 545 2988 598 ei
3017 545 3118 601 Pe-

1908 616 2204 671 dimitteret
2733 626 2847 670 trus
2874 616 3009 670 dixit
3033 634 3048 671 :

1909 681 2111 741 turbas.
2737 687 2959 740 Domine
2978 728 2994 748 ,
3024 687 3070 741 si
3118 700 3119 703 ‘

1905 755 1997 811 25.
2039 757 2103 810 Et
2127 756 2347 812 dimissa
2732 765 2790 811 tu
2817 773 2898 820 es,
2921 758 3050 826 juve

1908 829 2083 890 turba,
2110 829 2355 884 ascendit
2731 843 2818 882 me
2848 831 3033 882 venire

1832 901 1835 904 ’
1907 899 1960 950 in
1993 909 2226 952 montem
2729 897 2799 951 ad
2823 905 2872 951 te
2900 912 3062 964 super

2729 966 2818 1023 29.
2852 983 3062 1035 aquam.
3097 967 3178 1020 Ad

2731 1039 2846 1102 ipse
2871 1040 2943 1091 ait
2974 1055 2986 1089 :
3020 1036 3176 1092 Veni.

2733 1107 2802 1161 Et
2829 1109 3158 1163 descendens

2736 1177 2924 1233 Petrus
2943 1179 3009 1233 de
3038 1195 3131 1232 na-

1905 967 2050 1022 solus
2075 983 2250 1023 orare.

1905 1037 2143 1106 Vespere
2162 1048 2338 1092 autem

1905 1106 2045 1160 facto
2070 1109 2215 1162 solus
2241 1115 2356 1162 erat

1901 1176 1994 1230 24.
2036 1177 2106 1232 ibi
2140 1197 2154 1232 :
2186 1178 2440 1232 Navicula

1902 1256 2100 1320 autem»
2119 1247 2194 1320 (α)
2219 1248 2328 1317 jam
2357 1247 2400 1316 -ι-

1901 1319 1955 1371 itt
1984 1318 2316 1372 ntediu‘tuari

1895 1387 2200 1456 iactabatur
2221 1385 2305 1526 se)

1899 1472 1930 1510 a
1953 1457 2202 1512 ﬂuctibus
2287 1474 2301 1510 :

1899 1472 1930 1510 a
1953 1457 2202 1512 ﬂuctibus
2221 1457 2263 1512 'l-
2287 1474 2301 1510 :

1900 1539 2016 1582 erat
2040 1527 2185 1581 enim

1899 1598 2008 1652 illis
2029 1607 2218 1652 ventus
2245 1596 2339 1652 ad-

1900 1667 1991 1721 25.
2033 1668 2325 1722 versarius.

2731 1249 2925 1309 virula.
2959 1249 3149 1302 ambu-

2729 1318 2870 1372 labat
2899 1335 3062 1385 super

2732 1404 2924 1458 aquatn
2945 1399 3004 1441 ut
3024 1390 3177 1443 veni-

2730 1470 2813 1512 ret
2834 1460 2899 1511 ad
2925 1459 3131 1512 Iesum.

2729 1528 2818 1582 50.
2859 1528 3058 1582 Videtis
3087 1545 3213 1583 vero

2728 1607 2946 1652 ventum
2977 1599 3233 1663 validum,

2730 1668 2905 1722 timuit
2938 1686 2952 1724 :
2983 1678 3174 1723 etcum

2727 1740 2992 1807 coepisset
3023 1739 3211 1808 mergi,

2727 1809 2975 1862 clamavit
3002 1809 3187 1864 dicens
3213 1826 3228 1861 :

2728 1877 2972 1942 Dnmine,
3005 1881 3210 1933 salvum

2726 1949 2815 2003 3t.
2857 1964 2944 2004 me
2967 1948 3068 2004 l'ac.
3102 1949 3167 2003 Et

2727 2021 2985 2072 continuo
3007 2019 3165 2074 Iesus

2728 2090 3024 2143 extendens

2728 2175 2971 2224 manum,
3004 2158 3098 2213 ad-

1901 1738 2098 1805 Quarta

1899 1821 2079 1863 autem
2111 1807 2286 1878 vigilia

1900 1880 2098 1942 noctis,
2127 1877 2274 1932 venit
2306 1877 2372 1931 ad

1898 1963 1993 2003 ens
2027 1949 2097 2019 (c)
2125 1947 2280 2003 Iesus
2306 1947 2347 2017 -ί-

1899 2019 2178 2097 ambulans
2211 2031 2370 2097 supra

1897 2089 1988 2143 26.
2029 2105 2200 2143 mare.
2227 2085 2480 2144 Videntes
2507 2088 2585 2158 (ά)

1897 2168 2074 2213 autem
2101 2158 2143 2226 1·
2173 2158 2346 2222 illum,

1901 2229 2093 2284 turbati
2125 2238 2267 2291 sunt,
2727 2229 3049 2298 praeltendit

1896 2299 2137 2354 dicentes
2163 2317 2176 2352 ;
2204 2299 2333 2365 Quia
2726 2315 2846 2354 eum
2878 2317 2892 2353 :

1898 2368 2160 2424 fantasma
2183 2379 2283 2423 est.
2725 2381 2779 2424 et
2808 2369 2884 2424 ait
2909 2370 2984 2425 illi
3011 2388 3025 2424 :

2724 2440 2946 2495 Modica:
2969 2441 3088 2495 ﬁdei
3108 2482 3121 2502 .

2722 2525 2886 2573 quare
2909 2510 3199 2566 dubitasti?

2722 2579 2813 2635 52.
2857 2580 2926 2634 Et
2948 2597 3068 2634 cum
3095 2595 3284 2635 ascen-

2723 2649 2892 2704 disset
2916 2651 2968 2703 in
2996 2651 3147 2704 navi-

2723 2719 2920 2781 culam,
2950 2735 3128 2775 cessa-

2722 2790 2811 2845 55.
2850 2787 2935 2844 ’νίι
2963 2801 3173 2846 ventus.
3203 2790 3308 2859 Qui

2724 2868 2903 2914 autem
2929 2862 2980 2914 itt
3004 2864 3154 2917 navi-

1896 2440 1964 2494 Et
1995 2454 2122 2509 prae
2147 2440 2344 2494 timore

1896 2512 2278 2565 clamaverunt.

1894 2579 1987 2633 27.
2027 2581 2324 2648 Statimque
2352 2579 2508 2634 Iesus

1894 2649 2102 2704 locutus
2124 2658 2206 2704 est
2230 2650 2295 2704 il-

1891 2719 1981 2781 lis,
2013 2720 2196 2774 dicens
2229 2738 2242 2773 :
2271 2718 2414 2774 Con-

1893 2796 2097 2842 stantes
2127 2799 2296 2844 estote

1895 2859 2060 2912 nolite
2085 2862 2274 2914 timere
2293 2901 2306 2923 ,

1964 2944 1994 2982 ο
2023 2945 2164 2983 sum.
2725 2933 2847 2986 Cula
2876 2941 3051 2997 erant,

1893 2999 1984 3053 28.
2028 2999 2382 3070 Respondens
2725 3011 3014 3066 venerunt,

2351 3111 2582 3168 CODEX
2619 3112 3017 3170 BRIXIANUS.

1897 3203 2071 3259 donec
2132 3205 2425 3260 dimitteret
2483 3206 2682 3259 turbas.
2748 3207 2817 3259 Et
2867 3208 3087 3261 dimissa
3143 3211 3314 3264 turba.
3389 3227 3474 3265 as-

1897 3275 2080 3330 cendit
2123 3277 2174 3328 itt
2203 3285 2382 3329 ntonte
2410 3275 2572 3346 solus
2617 3292 2792 3329 orare.
2829 3277 3065 3346 Vespere
3103 3289 3280 3334 autem
3311 3279 3470 3334 l'acto.

1898 3347 2046 3419 solus
2095 3355 2212 3419 erat
2253 3346 2324 3419 ibi
2379 3345 2633 3399 Navicula
2671 3354 2851 3419 autem
2886 3345 3147 3403 itt’tnedio
3188 3352 3318 3403 mari
3363 3349 3478 3419 jac-

1898 3417 2112 3474 tabatur
2164 3416 2412 3469 ﬂuctibus
2465 3427 2580 3468 erat
2632 3418 2775 3469 enim
2826 3419 3130 3471 contrarius
3178 3416 3387 3474 venttts'.
3450 3421 3475 3458 ι’

1896 3485 2096 3560 Quarta
2122 3497 2297 3538 autem
2324 3487 2496 3552 vigilia
2531 3488 2723 3560 unctis.
2765 3490 2907 3540 venit
2937 3488 3002 3560 ad
3032 3505 3126 3542 eos
3153 3489 3225 3557 (c)
3247 3490 3405 3546 Iesus
3436 3491 3475 3560 ’ξ-

1890 3555 2170 3630 atttbttlatts
2214 3570 2376 3630 super
2431 3572 2579 3610 mare
2625 3556 3007 3630 Videtttcsltl)
3049 3555 3227 3613 autem
3273 3560 3313 3630 ’ξ-
3355 3555 3478 3613 eum

1891 3624 2140 3697 discipuli
2178 3625 2312 3697 ejus.
2353 3641 2512 3697 supra
2546 3642 2693 3680 utare
2731 3624 3115 3680 atttbulantt-ut.
3148 3624 3479 3697 expa'verunt

1892 3694 2153 3749 dicentes.
2183 3695 2314 3772 Quia
2345 3695 2663 3772 phantasma
2685 3709 2787 3749 est.
2823 3698 2881 3749 Et
2914 3713 3042 3772 prae
3076 3694 3266 3772 timore
3291 3700 3474 3772 excla-

1894 3778 2190 3818 mavernnt.
2225 3766 2411 3820 Stattnt
2439 3776 2616 3819 autem
2651 3766 2858 3820 locutus
2891 3766 3082 3822 est'eis
3109 3769 3265 3822 Iesus
3291 3771 3476 3820 dicens

1897 3834 2100 3889 Hztbete
2128 3836 2395 3890 litlttcittttt.
2422 3852 2522 3905 ego
2550 3853 2666 3888 suut
2697 3839 2864 3890 nultte
2889 3841 3094 3891 timere.
3129 3838 3476 3903 liespoudctts

1896 3912 2075 3959 autem
2108 3908 2154 3960 ei
2185 3907 2372 3959 Pctt'tts
2400 3907 2532 3958 dixit
2578 3911 2819 3960 immitte.
2862 3910 2908 3960 si
2940 3917 2991 3959 tu
3020 3922 3077 3960 es
3107 3908 3234 3973 jttlte
3273 3923 3355 3960 tne
3386 3924 3476 3962 ve-

1896 3979 2014 4030 nire
2056 3977 2121 4029 ad
2165 3987 2216 4029 te
2260 3991 2419 4042 super
2460 3992 2644 4036 aquas.
2689 3975 2808 4041 Ipse
2849 3985 3024 4027 autent
3057 3975 3189 4027 tltxit
3223 3975 3373 4030 chi.
3410 3979 3476 4030 lit

1896 4047 2230 4099 descendens
2260 4045 2445 4116 l’ctrus
2491 4047 2717 4116 debitavi
2759 4045 3064 4097 ambulabat
3095 4061 3255 4114 super
3284 4063 3476 4116 aquam

1899 4125 1956 4167 ut
1977 4118 2182 4167 veniret
2211 4116 2274 4167 ad
2304 4115 2504 4166 Iesum.
2539 4114 2735 4167 Videtis
2760 4124 2939 4166 autem
2967 4123 3184 4168 rentum
3221 4114 3476 4171 taltdum.

1897 4183 2075 4235 timuit
2097 4193 2151 4235 et
2179 4199 2296 4234 cum
2323 4184 2591 4247 coepisset
2617 4187 2778 4252 mergi
2806 4187 3124 4238 exclamavit
3157 4187 3343 4242 deeius
3376 4192 3481 4242 lto-

1899 4251 2044 4303 tnine
2074 4254 2278 4305 salvum
2323 4267 2407 4302 tnc
2436 4255 2535 4304 lac.
2569 4251 2840 4305 Continuo
2871 4269 3046 4308 ament
3095 4256 3247 4310 Iesus
3291 4271 3478 4313 exten-

1897 4321 2029 4373 dens
2058 4336 2273 4373 manum
2317 4321 2706 4386 adpraeltendit
2750 4339 2875 4381 eum
2904 4337 2955 4377 et
2999 4328 3075 4379 ait
3104 4329 3200 4381 illi.
3241 4327 3481 4383 Modicao

1897 4389 2040 4443 lidei.
2069 4407 2233 4460 quare
2263 4391 2535 4445 dubitasu.
2585 4395 2648 4446 lit
2684 4401 2806 4446 cum
2835 4393 3178 4451 ascendisset
3206 4399 3257 4452 itt
3288 4415 3476 4452 navent

1895 4469 2127 4516 cessavit
2156 4473 2366 4517 ventus.
2407 4464 2507 4528 Qui
2537 4474 2717 4520 autent
2761 4463 2815 4519 in
2863 4467 3106 4522 navicula
3140 4476 3295 4523 erant
3321 4484 3482 4524 vene-

1897 4543 2020 4586 runt

888 4713 1280 4771 VARIANTES
1317 4711 1700 4768 LECTIONES
1737 4708 2004 4766 CODlClS
2041 4710 2150 4766 MS.
2194 4710 2251 4764 S.
2295 4710 2798 4768 GERMANENSIS.

273 4817 289 4846 ι
328 4817 337 4825 .

270 4879 291 4908 ¹
326 4827 514 4924 iiii-itas.
543 4874 605 4924 Et
623 4876 819 4925 dimissa
837 4872 981 4925 turba

273 4940 294 4970 ³
327 4936 460 4985 solus
483 4948 644 4985 orare.
926 4937 927 4940 “

270 4998 294 5030 δ
324 4996 557 5047 Navicula
586 5000 752 5047 autem
779 4998 878 5059 iam
900 4997 950 5045 in
972 4993 1136 5044 medio
1152 4992 1270 5042 mari
1287 4989 1560 5054 iactabatur
1584 5003 1610 5040 a
1633 4991 1790 5042 ﬂucti-

207 5060 317 5110 bus.
347 5059 529 5116 Quarta

269 5123 295 5214 ς
325 5132 436 5232 (ἔξω
459 5119 786 5170 ambulantem
809 5130 955 5181 supra

268 5244 290 5276 ⁷
327 5240 742 5302 exclamaverunt,
765 5242 925 5290 statim
949 5237 1298 5302 νει-(μεως...
1322 5236 1398 5287 eis

271 5305 294 5337 ⁸
327 5304 480 5355 nolite
503 5304 701 5364 timere,
727 5298 842 5364 ego
884 5313 1008 5351 sum.
1053 5299 1374 5362 Respondeas
1416 5305 1581 5350 autem
1616 5298 1797 5349 Petrus

1895 4808 2018 4857 dixit
2040 4805 2109 4855 illi

1956 4870 1978 4900 ⁹
2013 4868 2078 4916 At
2091 4868 2203 4928 ipse
2223 4866 2289 4928 ait

1961 4929 2005 5022 ξς
2037 4925 2344 5036 illitis—gaudens
2373 4925 2552 4976 Petrus
2567 4925 2630 4976 de
2654 4927 2891 4989 navicula,
2915 4928 3044 4977 amb.

1960 4992 1975 5022 ¹
1986 4991 2001 5020 ¹
2040 4991 2198 5038 timuit

1962 5052 2005 5082 ⁸⁸
2037 5051 2197 5110 mergi

1959 5111 2005 5142 "
2037 5115 2264 5159 continuo

1959 5171 2004 5202 ιδ
2038 5173 2302 5221 naviculam

1962 5234 2006 5264 "
2041 5233 2131 5292 Qui
2158 5242 2322 5284 autem
2345 5234 2395 5282 in
2426 5235 2643 5286 navicula
2663 5245 2826 5300 erant,
2849 5247 3110 5300 venerunt,
3135 5244 3187 5288 et

1523 5403 1891 5461 BLANCﬂlNl
1929 5404 2159 5462 ΝΟΤιΕ.

283 5515 310 5544 ι
353 5505 466 5560 lluc
491 5519 558 5558 ex
585 5501 745 5555 Marci
783 5499 959 5568 capite
985 5508 1161 5564 sexto,
1189 5513 1328 5555 vers.
1356 5496 1446 5563 52,
1482 5498 1800 5554 translatum

211 5577 429 5633 videtur
451 5588 689 5646 przesens
709 5571 1156 5625 additamentum.

1975 5495 2001 5534 δ
2042 5497 2098 5551 1η
2131 5497 2231 5550 ltoc
2255 5497 2428 5565 spatio
2453 5497 2663 5552 derasa:
2690 5508 2816 5554 sunt
2838 5499 2892 5554 in
2919 5495 3103 5555 codice
3129 5498 3338 5553 litterae.

285 5694 364 5765 (α)
403 5693 565 5765 Addit
587 5695 742 5764 jam:
770 5701 847 5765 et_
866 5693 934 5746 ita
969 5695 1144 5765 textus
1173 5688 1391 5744 Grazcus
1410 5730 1426 5755 ,
1451 5689 1668 5765 ﬁda._—
1692 5687 1772 5758 (ὁ)

1907 5697 1966 5765 et
1991 5695 2170 5765 textus
2199 5686 2446 5754 Graecus,
2486 5689 2589 5744 ὑπὸ
2613 5697 2712 5746 τῶν
2748 5689 3004 5758 κυμάτων.
3037 5716 3107 5728 -
3129 5686 3202 5760 (c)
3237 5690 3486 5760 Additur,

215 5755 394 5832 hius,
410 5764 564 5834 juxta
585 5755 788 5820 textum
810 5763 1053 5818 Graecum
1073 5759 1099 5816 ὀ
1120 5760 1333 5821 Ἰησοῦς.
1362 5788 1434 5802 -—
1456 5759 1539 5829 (ἀ)
1576 5759 1653 5816 lla
1676 5755 1734 5817 et
1750 5755 1783 5816 c

1899 5757 2053 5815 Cant.
2075 5755 2148 5813 δέ.
