3874 6446
200 430 333 489 ιξοι

827 428 1143 488 CENSURA
1186 428 1656 489 DECRETOIIUM
1696 430 1977 489 DAMASO
2018 432 2039 487 Ι
2077 430 2281 488 ΡΑΡΆΕ
2323 428 2833 490 ASCRIPTOBUM.

3337 434 3359 489 1
3372 432 3480 489 202

198 558 321 615 quae
358 542 471 598 illic
514 542 787 599 celebrata
817 553 899 597 cst
930 542 1202 596 conditum
1226 584 1239 606 ,
1273 557 1485 597 necnon
1519 556 1641 597 eum
1694 541 1786 611 qui

1906 545 2128 615 ἑντυχεῖν
2154 584 2167 606 ,
2196 545 2281 597 καί
2319 550 2392 613 τῷ
2434 546 2647 619 πέρυσιν
2687 545 2735 597 ἐν
2785 540 3297 601 κωνσταντινουπόλει
3335 546 3482 621 παρά

196 639 483 707 superiore
559 653 702 692 anno
770 637 1235 707 Constantinopoli
1307 636 1376 691 ab
1449 637 1786 691 meumenica

199 730 409 801 synodo
438 731 615 785 editus
636 740 743 793 est,
771 729 1268 799 legereilignemini
1292 729 1520 799 ,quibus
1549 730 1599 782 in
1626 730 1789 782 tomis

200 822 365 877 ﬁdem
400 834 639 877 nosu'am
672 823 893 876 uberius
938 828 1321 891 exposuimus,
1373 831 1428 875 et
1468 822 1520 873 in
1546 819 1787 874 hrreses

200 928 403 971 recens
433 925 651 969 exmias
682 914 1048 968 anatlieinaiis
1070 914 1392 969 sententiam
1440 913 1788 982 protulimus.

280 1007 345 1062 V.
389 1008 462 1062 De
489 1010 803 1079 particulari
837 1018 1015 1063 autem
1048 1008 1407 1062 ecclesiarum
1442 1006 1793 1060 administra-

202 1102 385 1164 tione.
432 1103 689 1170 antiqua,
740 1111 793 1154 ut
846 1101 1012 1168 probe
1044 1102 1245 1165 nostis,
1304 1099 1536 1152 obtinuit
1577 1096 1789 1151 sanctio

202 1202 263 1246 et
302 1206 610 1246 sancmrum
648 1202 858 1261 patrum
892 1191 1085 1245 Nicaea:
1114 1199 1564 1260 congregatarum
1587 1187 1789 1256 regula,

205 1295 270 1339 ut
310 1286 359 1339 in
387 1286 611 1353 singulis
654 1285 944 1353 provinciis
998 1284 1249 1351 Episcopi
1288 1283 1429 1335 illius
1463 1280 1790 1350 provincia),

202 1388 261 1433 et
286 1380 328 1432 si
365 1379 467 1433 illis
498 1381 791 1448 placuerit,
823 1394 925 1432 una
953 1394 1073 1432 cum
1116 1380 1245 1447 ipsis
1292 1374 1535 1440 finitimi,
1564 1374 1788 1429 ordina-

204 1472 390 1523 tiones
421 1483 577 1539 prout
619 1472 748 1527 utile
782 1472 943 1525 fuerit
973 1470 1189 1524 faciant.
1230 1471 1307 1523 Ex
1349 1484 1576 1538 quarum
1612 1469 1790 1536 legum

206 1562 529 1632 prasiripto
558 1572 668 1616 tum
708 1563 945 1633 reliquas
989 1564 1255 1616 ecclesias
1288 1577 1311 1614 a
1348 1562 1499 1614 nubis
1528 1560 1792 1613 adminis-

204 1655 342 1708 trari
371 1655 591 1718 scitote,
629 1665 737 1707 tum
778 1656 1230 1709 nobilissimarum
1262 1656 1616 1709 ecclesiarum
1641 1668 1794 1707 crea-

206 1753 299 1800 tos
342 1760 460 1799 esse
490 1747 821 1801 Sacerdotes.
884 1746 1036 1803 Unde
1090 1748 1251 1801 etiam
1302 1746 1797 1815 Constantinopoli-

206 1848 351 1895 tanie
383 1841 629 1894 ecclesia:
669 1856 892 1906 recens,
945 1848 1002 1894 ut
1054 1842 1123 1894 ita
1168 1841 1449 1903 dicamus,
1508 1838 1745 1893 fundata:
1779 1878 1792 1901 ,

1890 645 1981 697 τῆς
2015 639 2358 707 οίκουμενικῆς
2402 636 2640 690 ἐκτεθέντι
2690 633 2934 690 συνόδου·
2979 640 3032 690 hi
3058 632 3131 696 οἷς
3168 636 3482 711 πλατύτερον

1891 736 1979 789 τήν
2024 732 2196 785 πίστιν
2247 728 2662 801 ὡμολογήσαμεν,
2715 732 2798 782 καί
2844 736 2942 783 τῶν
2988 726 3210 801 ἔναγχος
3251 749 3482 783 καινοτοο

1892 823 2141 893 μηθεισῶν
2180 820 2426 895 αἱρέσεων
2462 821 2867 891 ἀναθεματισμόν
2915 817 3163 893 ὃίγραφον
3206 824 3485 878 πεποιήκασι

1892 935 1982 983 μεν
1992 953 2002 965 .

1964 1011 2080 1082 Περί
2104 1004 2156 1061 δέ
2184 1014 2282 1060 τῶν
2311 1006 2600 1077 οἰκονομιῶν
2633 1012 2731 1059 τῶν
2759 1006 2891 1059 κατά
2922 1006 3075 1079 μέρος
3103 1005 3153 1057 ἐν
3178 1012 3291 1065 ταῖς
3312 1005 3482 1062 ἔκκλη-

1894 1101 2029 1157 σίαις
2057 1098 2273 1158 παλαιός
2301 1118 2353 1151 τε
2378 1137 2390 1157 .
2424 1100 2491 1156 ὡς
2530 1096 2639 1152 ἴστε
2668 1138 2681 1161 ,
2724 1096 2908 1166 θεσμός
2935 1098 3202 1171 κεκράτηκε
3226 1138 3238 1157 .
3272 1100 3358 1149 καὶ
3386 1104 3484 1150 τῶν

1897 1188 2049 1261 ἀγίων
2086 1191 2133 1241 ἐν
2174 1189 2353 1261 Νικαίᾳ
2393 1191 2629 1264 πατέρων
2660 1186 2796 1263 ὄρος,
2829 1186 2941 1241 κατ’
2967 1188 3181 1244 ἑκάστην
3224 1186 3485 1263 ἐπαρχίαν

1896 1284 2015 1341 τοὺς
2056 1290 2147 1342 τῆς
2190 1280 2474 1358 ἐπαρχίας,
2523 1285 2609 1335 καί
2654 1280 2795 1352 εἴπερ
2848 1283 3021 1335 ἓκεῖνοι
3071 1279 3352 1352 βούλοιντο,
3393 1284 3488 1334 σὺν

1900 1374 2067 1433 αὐτοῖς
2095 1377 2211 1433 τοὺς
2260 1374 2479 1450 ὁμόρους
2508 1376 2636 1449 πρὸς
2684 1374 2741 1427 τὸ
2788 1374 3045 1446 συμφέρον
3087 1375 3343 1426 ποιεῖσθαι
3394 1373 3489 1431 τὰς

1900 1470 2220 1542 χειροτονίας
2237 1484 2250 1497 ’
2280 1465 2350 1527 οἷς
2373 1470 2650 1527 ἀκολούθως
2678 1470 2770 1528 τάς
2797 1488 2849 1523 τε
2872 1468 3051 1527 λοιπάς
3080 1468 3349 1527 ἑκκλησίας
3364 1468 3491 1543 παρ’

1900 1562 2014 1629 ἡμῖν
2066 1561 2433 1630 οἰκονομεῖσθαι
2482 1563 2780 1630 γινώσκετε,
2830 1561 3049 1613 καὶτῶν
3102 1559 3490 1629 ἐπισημοτάτων

1902 1653 2175 1709 ἐκκλησιῶν
2214 1650 2576 1722 ἀναδεδεῖχθαι
2624 1654 2744 1711 τοὺς
2792 1651 2964 1725 ἱερεῖς.
2993 1648 3135 1705 Ὀθεν
3171 1658 3260 1712 τῆς
3302 1654 3393 1720 μὲν
3437 1649 3490 1705 ἐν

1902 1744 2419 1799 Κωνσταντινουπόλει
2466 1749 2764 1816 νεοπαγοῦς.
2810 1744 2876 1802 ὡς
2907 1737 2965 1800 ἂν
2999 1739 3132 1797 εἴποι
3175 1763 3276 1803 τις,
3318 1742 3492 1799 inlin-

1902 1838 2038 1897 σίας,
2069 1836 2126 1892 ἣν
2158 1837 2333 1912 ὥσπερ
2372 1838 2424 1889 ἐκ
2467 1836 2726 1906 στόματος
2754 1834 2951 1893 λέοντος
2981 1840 3071 1892 τῆς
3097 1839 3198 1887 τῶν
3228 1832 3493 1907 αίρετικῶυ

206 1946 371 2002 quam
400 1948 463 1987 ex
491 1932 866 1986 hereticorum
899 1933 1236 2001 blasphemia
1271 1944 1541 2002 tamquam
1584 1948 1650 1986 ex
1681 1931 1793 1985 leo-

1906 1931 2222 2000 βλασφημίας
2264 1930 2489 1999 ὐπόγυον
2536 1929 2895 2001 ἑξηρπάσαμεν
2948 1924 3031 1980 διά
3077 1934 3178 1979 τῶν
3224 1929 3493 2001 οἰκτιρμῶν

208 2023 297 2077 nis
330 2022 605 2084 faucibus,
648 2040 739 2093 per
765 2025 1191 2077 misericordiam
1236 2024 1329 2077 Dei
1380 2039 1551 2093 nuper
1598 2024 1795 2092 eripui-

208 2129 355 2178 mus,
385 2116 891 2169 revereinliSsiinum
911 2130 973 2170 ac
997 2117 1458 2185 religiosissimum
1487 2115 1797 2169 Nectarium

208 2205 594 2260 ordinaviinus
651 2206 1005 2276 epiSCllltUl",
1065 2209 1115 2260 in
1175 2209 1467 2261 universali
1528 2206 1795 2269 concilio,

206 2300 485 2354 communi
528 2300 768 2353 omnium
805 2316 1110 2363 Consensu,
1158 2316 1340 2355 Coram
1389 2301 1799 2369 religiosissima

206 2390 541 2458 imperatore
583 2390 924 2455 Theodosio,
972 2392 1337 2461 adStipulante
1379 2393 1525 2445 omni
1569 2392 1719 2445 clero
1746 2400 1801 2444 ct

206 2484 465 2538 universa
494 2484 734 2537 civitate.
780 2486 1185 2552 Antiquissinne
1230 2499 1360 2538 vero
1393 2499 1627 2554 vereque
1671 2497 1800 2553 apo-

208 2577 421 2631 stolica:
451 2576 804 2629 Antiuclienre
832 2577 882 2629 in
913 2577 1066 2647 Syria
1096 2578 1337 2631 ecclesia!
1362 2620 1375 2642 ,
1413 2578 1466 2630 ili
1498 2594 1601 2647 qua
1630 2592 1798 2631 vene-

207 2666 440 2720 randum
500 2665 933 2720 Christiinorum
1003 2680 1196 2720 nomen
1253 2670 1483 2736 primum
1557 2666 1796 2720 auditum

208 2770 293 2813 est
330 2760 468 2827 (Art.
497 2774 583 2823 χι,
612 2758 683 2812 ‘26
709 2760 759 2829 ).
793 2760 1308 2813 reverendissiinum
1358 2769 1413 2813 et
1454 2758 1799 2829 religiOsissi-

208 2867 359 2907 munt
411 2854 726 2919 episcopum
779 2852 1091 2906 Flavianum
1151 2864 1260 2906 tum
1312 2853 1457 2906 illius
1504 2853 1801 2921 prmincim

210 2951 324 2995 tum
355 2942 649 2995 Orientalis
676 2943 1183 3011 diﬂlCCSlSt‘pi‘COPl
1211 2944 1261 2996 in
1293 2959 1458 2996 Unum
1481 2943 1797 3013 congregati

206 3034 477 3088 canonice
505 3033 858 3097 ordinarunt,
895 3044 1000 3086 tota
1031 3035 1259 3087 ecclesia
1313 3034 1693 3088 consentiente
1747 3044 1802 3088 et

206 3129 364 3197 quasi
394 3143 501 3179 uno
533 3143 627 3181 ore
658 3128 828 3181 virum
853 3129 1213 3183 collaudante.
1260 3127 1428 3193 Quam
1469 3128 1690 3197 quidem
1722 3128 1798 3181 le-

206 3221 453 3292 gitimam
483 3222 881 3273 ordinationem
921 3222 1080 3275 etiam
1116 3222 1355 3291 synodus
1387 3221 1637 3273 universa
1678 3236 1799 3273 sus-

1901 2030 1991 2077 τοῡ
2021 2028 2169 2085 Θεοῦ,
2200 2022 2285 2075 τόν
2324 2018 2726 2091 αἰδεσιμὼτατον
2764 2022 2851 2072 καὶ
2891 2018 3271 2090 θεοφιλέστατον
3296 2018 3495 2073 Νεκτά-

1899 2135 2007 2189 ριον
2044 2115 2318 2167 ἐπίσκοπον
2364 2114 2844 2186 κεχειροτονηκαμεν
2893 2112 2976 2164 ἐπὶ
3018 2118 3109 2168 τῆς
3153 2110 3495 2181 οίκουμενικῆς

1899 2203 2116 2259 συνόδου
2149 2207 2278 2275 μετά
2313 2213 2473 2263 κοινῆς
2507 2202 2771 2273 ὁμονοίας,
2795 2200 2883 2255 ὑπ’
2920 2198 3068 2271 ὄφεσι
3094 2204 3293 2255 καὶτοῦ
3330 2205 3496 2272 θεοφιο

1898 2296 2143 2350 λιστάτου
2173 2296 2420 2365 βασιλέως
2452 2293 2741 2355 Θεοδοσίου,
2786 2296 2976 2354 παντός
3005 2314 3058 2349 τε
3087 2299 3176 2348 τοῦ
3203 2294 3387 2370 κλήρου
3411 2298 3495 2347 καί

1900 2390 2067 2447 πάσης
2096 2388 2521 2460 ἐπιψηφιζομένης
2551 2396 2641 2448 τῆς
2669 2387 2880 2446 πόλεως.
2909 2396 3009 2446 Τῆς
3043 2386 3096 2441 δὲ
3125 2386 3495 2458 πρεσϐυτάτης

1901 2483 1982 2533 καί
2004 2477 2160 2540 ὄντως
2188 2480 2527 2539 ἀποστολικῆς
2566 2480 2831 2541 ἐκκλησίας
2875 2488 2967 2539 τῆς
3008 2482 3058 2532 ἐν
3092 2478 3379 2551 ’Δντιοχεία
3402 2488 3495 2539 τῆς

1900 2578 2081 2646 Συρίας
2104 2614 2115 2635 ,
2147 2574 2195 2626 ἐν
2283 2575 2462 2645 πρώτῃ
2494 2574 2552 2626 τό
2581 2574 2747 2643 τίμιον
2790 2579 2889 2625 τῶν
2917 2577 3228 2646 Χριστιανῶν
3253 2571 3494 2646 ἐχρημά-

1902 2686 2037 2719 τισεν
2064 2662 2214 2735 ὄνομα
2237 2705 2250 2726 ,
2284 2665 2367 2719 τόν
2402 2662 2805 2735 αἱδεσιμὼτατον
2842 2668 2928 2718 καὶ
2968 2665 3347 2737 θεοφιλέστατον
3388 2665 3499 2716 ἐπί-

1901 2777 2089 2810 σκοπον
2114 2756 2384 2809 Φλαϐιανόν
2405 2794 2419 2817 ,
2447 2756 2493 2809 οἷ
2522 2777 2577 2811 τε
2606 2765 2697 2817 τῆς
2726 2758 2988 2831 ἐπαρχίας
3028 2760 3109 2810 καί
3143 2766 3234 2816 τῆς
3261 2757 3497 2811 ἀνατολιο

1902 2857 1989 2906 κῆς
2015 2846 2304 2907 διοικήσεως
2339 2845 2715 2921 συνδραμόντες
2751 2856 3018 2908 κανονικῶς
3058 2850 3458 2925 ἐχειροτόνησαν
3482 2889 3497 2913 ,

1903 2942 2071 2999 πάσης
2101 2938 2375 3011 συμψήφου
2420 2947 2513 2999 τῆς
2560 2939 2822 3000 ἐκκλησίας
2854 2942 3027 3015 ὥσπερ
3059 2938 3143 2994 διὰ
3182 2946 3303 3009 μιᾶς
3337 2948 3500 3012 φωνῆς

1902 3033 1984 3085 τόν
2041 3028 2202 3105 ἄνδρα
2258 3030 2577 3102 τιμησοίσης.
2630 3029 2815 3107 Ἠνπερ
2876 3031 3115 3103 ἔνθεσμον
3179 3036 3500 3109 χειροτονίαν

1902 3124 2099 3189 ἐδέξατο
2148 3129 2232 3179 καὶ
2284 3126 2340 3180 τὸ
2383 3134 2473 3185 τῆς
2520 3124 2728 3180 συνόδου
2777 3126 2952 3180 κοινόν.
3000 3134 3100 3186 Τῆς
3145 3124 3196 3179 δέ
3221 3147 3275 3199 γε
3306 3130 3499 3199 μητρός

1902 3218 2115 3272 ἀπασῶν
2135 3226 2235 3272 τῶν
2262 3217 2535 3275 ἓκκλησιῶν
2567 3226 2657 3277 τῆς
2692 3219 2743 3271 ἐν
2762 3216 3123 3290 Ιιεροσολύμοις
3143 3258 3157 3279 ,
3188 3218 3271 3271 τὸν
3312 3215 3503 3271 αίδεσι·

208 3312 377 3378 cepit.
413 3311 912 3381 llierosolyrnitame
942 3326 1121 3364 antem
1150 3311 1391 3365 ecclesia
1411 3352 1425 3371 ,
1456 3326 1573 3379 qua}
1627 3322 1798 3365 mater

1908 3315 2139 3381 μώτατον
2186 3312 2271 3363 καί
2322 3308 2702 3380 θεοφιλέστατον
2754 3308 2982 3383 κύριλλον
3044 3309 3318 3362 ἐπίσκοπον
3372 3303 3495 3362 εἶναι

210 3405 550 3458 estonmiuin
568 3405 938 3465 ecclesiarum,
962 3404 1474 3456 reverendissiinum
1499 3418 1561 3456 ac
1588 3404 1802 3472 religio-

210 3495 491 3548 sissimum
523 3495 783 3564 Cyrillum
812 3497 1121 3563 episciiputtt
1153 3494 1479 3556 indieatttus,
1509 3494 1596 3562 qui
1639 3503 1692 3546 et
1713 3507 1802 3545 Ca-

212 3588 409 3642 n0nice
433 3589 499 3639 ab
526 3589 795 3656 episciipis
822 3586 1111 3656 provinciie
1136 3587 1263 3640 olim
1294 3588 1389 3639 fuit
1418 3588 1720 3649 ordinatus,
1748 3594 1803 3639 et

211 3678 444 3750 plunima
467 3679 631 3732 variis
654 3680 701 3732 iti
723 3678 1051 3732 lociscontra
1069 3679 1298 3732 Ariauos
1312 3678 1600 3731 certamina
1615 3676 1798 3731 subiit.

291 3770 377 3823 \‘l.
412 3771 617 3835 Quibus
648 3779 915 3838 tamquam
947 3770 1181 3838 legitime
1214 3781 1265 3821 ct
1309 3770 1567 3821 Cationice
1595 3768 1801 3820 consti-

210 3862 349 3917 lutis
380 3875 615 3915 vestram
668 3878 880 3931 quoque
923 3860 1281 3915 reverentiam
1326 3860 1580 3929 gratulari
1616 3859 1801 3912 linrta-

212 3970 360 4015 mur,
397 3954 763 4007 intercedetth
789 3954 1335 4023 spiritalicliaiitate;
1385 3962 1439 4006 et
1480 3951 1691 4004 Domini
1735 3952 1801 4004 ti-

213 4061 371 4102 more
403 4061 621 4100 omnem
667 4046 884 4115 quidem
928 4044 1221 4098 humanum
1276 4043 1524 4097 allectum
1570 4043 1805 4111 compri-

212 4152 431 4202 mente,
486 4140 840 4194 ecclesiarum
898 4150 1074 4193 autem
1121 4140 1528 4192 a'diﬁcatiuttem
1583 4142 1803 4207 privatae

210 4248 343 4301 erga
383 4232 626 4298 singulos
659 4233 1050 4285 beneviilentize
1098 4233 1180 4285 vel
1210 4233 1397 4300 gratim
1430 4241 1799 4299 przeponente.

212 4326 331 4381 llac
354 4325 496 4379 cnim
550 4326 758 4378 ratione
791 4325 875 4377 tibi
928 4325 1151 4378 verbum
1205 4324 1322 4377 lidei
1370 4326 1640 4377 communi
1669 4340 1800 4377 cono

212 4433 384 4472 sensu
434 4416 733 4470 stabilitum
759 4458 771 4479 ,
825 4426 879 4469 et
924 4414 1232 4468 Christiana
1261 4414 1500 4468 cliaritas
1534 4416 1676 4469 inter
1708 4430 1805 4469 nos

209 4512 535 4566 conlirmata
588 4509 779 4573 fuerit,
838 4508 1153 4561 desinemus
1194 4509 1244 4561 id
1299 4508 1484 4562 dicere
1524 4508 1666 4577 quod
1740 4508 1807 4561 ab

207 4602 495 4668 ApOstolis
522 4602 937 4655 eundemnatuni
962 4610 1071 4653 est:
1103 4598 1215 4671 Ego
1240 4600 1443 4668 quidem
1482 4617 1597 4654 sum
1628 4599 1802 4665 Pauli,

1906 3404 2226 3473 γνωρίζομεν,
2261 3408 2526 3460 κανονικῶς
2552 3420 2605 3453 τε
2630 3402 2775 3471 παρά
2800 3406 2897 3453 τῶν
2916 3408 3006 3459 τῆς
3035 3402 3294 3473 ἐπαρχίας
3326 3420 3496 3475 χειρός

1905 3494 2168 3550 τονηθέντα
2189 3534 2203 3555 ,
2242 3493 2393 3547 πάλαι
2412 3532 2426 3557 ,
2460 3495 2543 3545 καί
2574 3492 2800 3547 πλεῖστα
2824 3493 2955 3567 πρὸς
2989 3495 3111 3555 τοὺς
3136 3492 3419 3567 Ἀρειανοὺς
3449 3494 3493 3547 ἑν

1905 3582 2159 3661 διαφόροις
2184 3585 2360 3645 τόποις
2390 3584 2706 3643 ἀθλήσαντα.

1976 3764 2061 3827 Οἷς
2083 3771 2150 3828 ὡς
2176 3768 2428 3837 ἐνθέσμως
2448 3770 2529 3821 καί
2553 3775 2820 3829 κανονικῶς
2847 3768 2967 3842 παρ’
2986 3771 3105 3840 ἡμῖν
3130 3772 3492 3845 κεκρατηκόσι,

1904 3862 1991 3912 καί
2018 3864 2105 3916 την
2134 3858 2388 3932 ὑμετέραν
2430 3861 2746 3932 συγχαίρειν
2788 3859 3177 3935 παρακαλοῦμεν
3214 3862 3490 3927 εὐλάϐειαν,

1904 3961 1995 4012 τῆς
2034 3960 2376 4021 πνευματικῆς
2423 3953 2795 4023 μεσιτευούσης
2825 3954 3056 4024 ἀγάπης.
3088 3956 3170 4006 καί
3199 3960 3292 4007 τοῦ
3319 3976 3496 4029 κυρια-

1906 4053 1994 4099 κοῦ
2018 4045 2192 4117 φόϐου,
2221 4050 2395 4099 πᾶσαν
2429 4048 2517 4116 μὲν
2544 4045 2967 4103 καταστέλλοντος
2994 4048 3305 4120 ἀνθρωπίνην
3333 4068 3497 4121 προσ-

1906 4140 2138 4199 πάθειαν,
2168 4142 2257 4194 την
2292 4135 2343 4190 δέ
2370 4144 2470 4191 τῶν
2508 4134 2781 4193 ἐκκλησιῶν
2820 4133 3080 4207 οἰκοδομήν
3122 4141 3496 4210 προτιμοτέραν

1906 4237 2171 4291 ποιοῦντος
2186 4240 2277 4289 τῆς
2297 4232 2425 4305 πρὸς
2448 4230 2531 4282 τόν
2552 4229 2664 4283 καθ’
2684 4230 2771 4283 ἕνα
2800 4237 2825 4265 ³
2854 4233 3173 4301 συμπαθείας
3196 4231 3226 4290 ἧ
3255 4231 3494 4307 χάριτος.

1907 4324 2053 4379 Οὕτω
2078 4325 2177 4397 γάρ
2207 4328 2357 4376 τοῡτε
2396 4331 2487 4381 τῆς
2521 4324 2749 4381 πίστεως
2779 4324 3191 4392 συμφωνηθέντος
3218 4324 3392 4396 λόγου.
3416 4329 3498 4378 καὶ

1907 4424 1998 4475 τῆς
2040 4421 2401 4487 Χριστιανικῆς
2448 4414 2757 4486 κυρωθείσης
2802 4413 2848 4464 ἐν
2886 4415 3001 4485 ἡμῖν
3048 4415 3274 4486 ἀγάπης,
3303 4416 3498 4470 παυσό-

1909 4508 2032 4577 μεθα
2058 4505 2281 4575 λέγοντες
2309 4505 2365 4556 τὸ
2404 4506 2544 4578 παρὰ
2579 4510 2679 4557 τῶν
2715 4500 3012 4559 ἀποστόλων
3047 4508 3493 4577 κατεγνωσμένον·

1912 4601 2038 4671 Ἐγὼ
2068 4600 2158 4669 μέν
2199 4599 2303 4669 εἰμι
2354 4598 2576 4657 Παύλου,
2610 4597 2706 4670 ἐγὼ
2735 4595 2787 4651 δέ
2839 4598 3082 4659 ’Λπολλῶ,
3110 4600 3209 4671 ἐγώ
3237 4597 3291 4652 δέ
3334 4606 3496 4672 Κηφᾶ.

209 4712 311 4765 ego
366 4710 479 4745 vero
512 4694 731 4761 Apollo,
788 4708 879 4763 ego
933 4701 1101 4744 autem
1149 4692 1332 4761 Capita:
1365 4692 1406 4759 (Ι
1427 4692 1545 4746 Cor.
1581 4708 1629 4755 ι,
1663 4693 1732 4747 η
1761 4693 1798 4759 ).

1908 4693 2089 4750 Πάντες
2114 4688 2166 4744 δέ
2195 4694 2419 4763 Χριστοῦ
2457 4691 2689 4761 φανέντες
2708 4729 2723 4750 ,
2776 4685 2829 4749 ὃς
2856 4690 2905 4743 ἐν
2936 4691 3051 4760 ἡμῖν
3082 4692 3138 4744 οὐ
3166 4693 3498 4766 μεμέρισται,

211 4787 327 4842 Sed
353 4787 476 4837 dum
509 4802 696 4838 omnes
727 4785 1025 4837 videbimur
1054 4799 1175 4837 esse
1205 4785 1401 4838 CliriSIi
1421 4826 1437 4850 ,
1467 4785 1555 4853 qui
1584 4800 1689 4838 non
1719 4793 1804 4839 est

208 4881 424 4932 scissus
456 4879 506 4929 in
542 4878 729 4939 nobis,
774 4879 1039 4946 integrum
1072 4876 1193 4931 sine
1225 4878 1327 4931 ulla
1368 4877 1655 4931 scissione.
1693 4876 1806 4931 Deo

199 4973 470 5043 juvante,
504 4970 845 5023 servabimus
868 4985 1068 5039 enrpus
1099 4968 1396 5037 Ecclesiae,
1454 4979 1509 5025 et
1538 4970 1606 5025 ad
1645 4969 1809 5025 tribu-

209 5064 309 5120 nal
340 5063 553 5117 Domini
579 5079 700 5117 cum
734 5063 925 5117 ﬁducia
951 5063 1233 5117 stabimus.

208 5216 269 5258 c.
303 5199 359 5265 4,
395 5217 448 5254 tt.
479 5202 530 5262 5,
564 5201 705 5255 hunc
754 5209 943 5253 tomum
992 5200 1403 5253 Occidentalium
1455 5201 1807 5266 inlelligentis

210 5276 406 5329 nescio
454 5289 611 5340 quam
660 5274 928 5338 epistolam
955 5272 1401 5335 Occidentalium,
1434 5289 1533 5339 qua
1557 5276 1810 5326 docentse

207 5345 628 5397 communionem
681 5342 1106 5395 Antiochenorum
1156 5344 1425 5407 amplecti,
1476 5346 1595 5413 quia
1626 5354 1809 5397 rectam

1911 4789 2040 4838 Θεοῦ
2080 4782 2472 4845 καταξιοῦντος,
2520 4777 2781 4850 ἄσχιστον
2824 4781 2881 4834 τό
2923 4788 3071 4834 σῶμα
3101 4790 3191 4839 τῆς
3232 4783 3501 4845 ἐκκλησίας

1912 4882 2217 4947 τηρήσομεν,
2248 4877 2331 4927 καί
2358 4881 2429 4944 τῷ
2457 4872 2650 4943 βήματι
2680 4879 2769 4926 τοῦ
2810 4874 2991 4944 κυρίου
3027 4875 3156 4943 μετά
3202 4873 3502 4947 παρρησίας

1914 4968 2372 5045 παραστησόμεθα.

1914 5202 2067 5268 ﬁdem
2111 5199 2453 5269 proﬁtentur,
2503 5199 2595 5252 etsi
2628 5197 2829 5252 Meletii
2872 5208 2919 5252 et
2963 5198 3175 5253 Paulini
3226 5201 3503 5261 schismate

1914 5272 2167 5325 laborant.
2196 5274 2470 5327 COUTAN‘I‘.

1989 5344 2015 5373 ⁸
2046 5344 2238 5405 Sirln.,
2268 5344 2554 5403 συνηθείας.
2604 5341 2680 5396 ΙΙ).

207 5452 3487 5481 ————.————_—-———_——“——

256 5565 1006 5644 DECBETORUM
1080 5568 1540 5639 DAMASO
1616 5569 1657 5640 Ι
1733 5571 2036 5641 ΡΑΡᾹΞ
2107 5567 2888 5642 ASCRIPTOBUM
2960 5569 3468 5652 CENSUBA.

294 5840 348 5893 1.
395 5838 523 5904 Qua:
548 5839 599 5891 in
632 5838 860 5892 Romana
886 5839 1079 5907 synodo
1111 5837 1359 5891 Damasus
1380 5838 1698 5892 constituisse
1724 5836 1811 5889 ob-

219 5930 478 5991 tenditur.
499 5957 567 5969 —-
590 5932 643 5983 In
680 5946 804 5984 mox
847 5929 987 5983 dicta
1017 5929 1294 5983 Sarazanii
1320 5930 1641 5984 collectione
1670 5945 1723 5998 p.
1751 5929 1815 5981 ει

1917 5845 2123 5891 exstat:
2161 5836 2275 5891 Vita
2306 5838 2364 5891 Β.
2394 5836 2603 5891 Damasi
2631 5855 2696 5892 ea:
2725 5839 2841 5892 cod.
2873 5856 2965 5893 nis.
2996 5842 3205 5893 arcliivii
3233 5843 3501 5898 canonico-

1933 5947 2044 5984 rum
2066 5930 2125 5984 8.
2153 5929 2297 5985 Petri
2326 5933 2594 5999 exscripta,
2626 5931 2676 5986 in
2704 5946 2811 6001 qua
2842 5934 2907 5988 de
2933 5933 3024 5987 illo
3046 5934 3391 6003 praedicatur:
