3874 6402
436 392 578 450 1205

1900 389 2246 449 ADDENDA.

3578 398 3706 455 1203

514 535 532 565 ι
569 512 607 566 I.
651 510 706 566 ln
741 510 931 566 diebus
961 520 1138 565 autem
1172 510 1298 578 illis,
1332 513 1647 568 convocatis
1671 513 1943 582 episcopis
1964 511 2035 568 de
2062 513 2116 572 Α
2140 514 2403 569 sufﬁciat:
2444 535 2460 564 ις
2490 514 2543 568 In
2567 513 2768 567 eisdem
2798 514 2938 567 cnim
2965 512 3234 585 (Orientis)
3265 515 3519 585 partibus,
3547 516 3703 586 impc-

441 604 671 659 divcrsis
696 603 880 656 mundi
909 602 1172 672 partibus,
1196 601 1488 659 celebravit
1510 605 1820 668 concilium,
1851 606 1904 661 in
1933 619 2040 674 quo

439 694 826 752 condemnavit
852 694 1226 750 Macedoninm
1253 694 1513 767 Spiritum
1547 710 1792 753 sanctum
1836 712 2040 766 negan-

444 801 576 853 tem,
612 798 668 844 et
701 789 1025 844 Eunomium
1056 797 1109 843 et
1139 787 1406 844 Donatum
1435 790 1650 845 Arianae
1689 788 2044 861 blasphemia:

443 889 774 942 sectatores;
801 878 1179 934 condemnavit
1203 879 1365 935 etiam
1389 880 2046 951 ApollinaremLaodicize

442 972 615 1036 Syrite
638 975 976 1045 episcopum,
1012 982 1202 1027 contra
1231 989 1390 1043 quem
1423 974 1686 1041 decrevit,
1716 984 1770 1028 nt
1803 995 1821 1027 ‹
1846 974 1899 1031 Si
1924 976 2046 1046 quis

447 1066 645 1122 Filium
677 1066 792 1130 Dei,
825 1065 918 1136 qui
949 1065 1091 1119 sicut
1121 1081 1249 1121 vere
1275 1067 1435 1132 Deus,
1470 1068 1540 1122 ita
1573 1082 1699 1123 vere
1733 1066 1896 1121 homo
1927 1068 2042 1135 fuit,

450 1158 533 1213 vel
560 1158 915 1212 humanitatis
939 1157 1140 1230 aliquid
1169 1159 1251 1214 vel
1275 1158 1493 1214 deitatis
1515 1161 1693 1214 minus
1719 1159 1927 1216 diceret
1956 1161 2049 1213 ha—

448 1251 653 1316 lmisse,
684 1249 895 1305 aliemts
926 1249 994 1304 ab
1029 1249 1272 1306 Ecclesia
1302 1251 1661 1320 judicaretur.
1687 1272 1703 1302 »
1731 1251 1902 1319 Quam
1925 1266 2052 1306 sen-

452 1345 670 1399 tentiam
703 1344 1013 1399 confirmari
1046 1345 1301 1417 praecepit
1327 1345 1488 1400 etiam
1515 1345 1566 1399 in
1596 1354 1781 1401 sancta
1813 1347 2050 1401 secunda

454 1437 683 1508 synodo,
719 1453 838 1507 qua:
870 1447 1142 1507 praecepto
1169 1448 1220 1490 et
1248 1439 1570 1493 auctoritate
1594 1437 1710 1508 ejus
1741 1439 1881 1509 apud
1911 1435 2052 1492 Con-

454 1531 862 1600 smntiuopolim
890 1532 1164 1587 celebrata
1195 1541 1296 1587 est.

531 1643 549 1675 -ι
585 1624 644 1678 ll.
689 1622 954 1693 Praecepit
981 1635 1244 1696 prteterea
1281 1625 1538 1680 Damasus
1569 1623 1966 1690 sacerdotibus,
1997 1633 2056 1678 ut

457 1724 718 1786 negarent
759 1726 1001 1772 sanctam
1032 1715 1467 1772 communionem
1501 1726 1555 1770 et
1583 1716 1935 1773 ecclesiarum
1970 1716 2051 1769 in-

456 1825 699 1881 gressum
745 1810 1000 1865 omnibus
1039 1809 1347 1880 sacrilegis,
1395 1811 1483 1880 qui
1515 1809 1655 1865 bona
1689 1808 2055 1864 ecclesiastira

2146 614 2297 661 rante
2326 607 2548 661 Valente
2567 647 2581 673 ,
2616 605 2681 660 de
2707 606 2858 675 cujus
2887 604 3168 677 tyrannide
3196 621 3352 675 supra
3381 606 3571 659 dictum
3600 617 3704 673 est,

2145 699 2522 754 haeresiarchas
2550 709 2659 753 tres
2681 709 2854 763 erant,
2876 698 3135 763 Meletius,
3162 698 3347 754 Vitalis
3373 711 3422 754 et
3445 699 3704 764 Paulinus,

2146 796 2234 865 qui
2269 795 2490 848 scissam
2531 792 2582 846 in
2622 800 2730 847 tres
2764 803 2942 862 partes
2991 791 3282 847 Ecclesiam
3331 792 3393 846 ad
3438 807 3494 846 se
3532 807 3706 860 rapere

2148 884 2490 940 festinabant.
2535 904 2552 936 ι
2605 884 2733 953 Quis
2782 885 2898 939 haec
2933 884 3188 948 audiens,
3238 884 3547 954 imperitiam
3589 885 3712 940 ferat

2149 980 2343 1035 horum
2375 991 2615 1034 actorum
2641 979 2886 1043 artificis,
2928 978 3206 1033 Paulinum
3237 978 3614 1032 Iueresiarcham
3641 979 3710 1030 in-

2151 1068 2296 1128 sulse
2323 1072 2458 1127 adeo
2477 1071 2834 1143 appellantis;
2859 1071 3158 1138 Paulinum,
3184 1072 3413 1141 inquam,
3443 1089 3592 1142 quem
3621 1073 3709 1126 Da-

2153 1181 2335 1220 masus
2361 1165 2556 1221 litteris
2586 1167 2696 1219 suis
2728 1173 2834 1219 tam
2866 1165 3139 1230 modeste,
3181 1175 3393 1233 tamque
3438 1163 3713 1219 lienorilice

2154 1259 2442 1329 alloquitur
2473 1255 2651 1330 (Dant.
2685 1273 2768 1326 ep.
2798 1255 2871 1325 5),
2898 1265 2952 1310 et
2978 1255 3047 1309 de
3081 1271 3184 1325 quo
3212 1255 3419 1310 concilii
3452 1255 3606 1310 ltalitc
3635 1270 3716 1324 pa-

2156 1364 2267 1410 tres
2297 1353 2362 1409 ad
2392 1352 2754 1408 Theodosium
2800 1353 2924 1419 imp.
2967 1365 3112 1404 anno
3149 1351 3244 1406 331
3298 1350 3532 1404 scribunt
3560 1348 3715 1420 (Apud

2158 1445 2320 1502 Sirm.
2365 1462 2485 1517 opp.
2528 1443 2644 1498 cod.
2693 1442 2794 1497 Tlt.
2826 1461 2945 1515 pag.
2977 1442 3101 1512 i03)
3123 1483 3137 1507 ,
3180 1461 3198 1492 ι
3233 1441 3381 1496 Hunc
3413 1443 3461 1496 in
3491 1456 3713 1495 commu-

2159 1540 2317 1594 nione
2348 1547 2530 1592 nostra
2562 1537 2824 1591 mansisse
2855 1536 3122 1590 consortia
3151 1578 3164 1600 ,
3203 1551 3318 1606 qua:
3366 1552 3392 1590 a
3443 1534 3714 1604 majoribus

2159 1631 2424 1686 inoffense
2449 1629 2628 1694 ducta,
2651 1630 2990 1683 testantur?»
3022 1628 3150 1695 Quis
3173 1629 3250 1681 vel
3276 1631 3534 1697 patienter
3551 1626 3717 1681 audiat

2159 1721 2429 1776 Melelium
2465 1721 2654 1776 eodem
2683 1720 3041 1774 hwresiarclta:
3080 1719 3291 1773 nomine
3327 1719 3593 1782 infamari,
3636 1719 3716 1787 qui

2163 1821 2326 1873 totius
2357 1817 2592 1873 Orientis
2619 1815 3015 1871 venerationem
3047 1813 3144 1868 sibi
3187 1813 3480 1868 conciliavit
3507 1855 3521 1878 ,
3555 1811 3640 1881 qui
3671 1819 3718 1866 et

459 1903 811 1968 invaserunt,
843 1912 896 1956 et
924 1918 989 1957 ex
1018 1903 1097 1957 eis
1137 1906 1371 1960 maxime
1399 1904 1487 1975 qui
1525 1903 1763 1959 decimas
1798 1918 1901 1957 non
1932 1917 2054 1973 per-
2089 1906 2137 1967 B
2165 1927 2379 1982 magnus
2408 1921 2461 1963 et
2494 1909 2696 1962 divinus
2723 1907 2789 1961 ab
2825 1905 3142 1960 ortltodoxis
3176 1905 3517 1976 scriptoribus
3551 1903 3721 1973 appel-

458 1997 756 2052 solverent.

540 2114 557 2138 «t
594 2088 682 2143 lll.
728 2088 835 2142 Eos
866 2091 1030 2144 etiam
1059 2089 1267 2144 censuit
1295 2089 1364 2143 de
1392 2088 1556 2143 domo
1591 2087 1688 2143 Dei
1722 2087 2019 2159 ejiciendos
2042 2129 2056 2152 ,

459 2182 547 2247 qui
583 2180 757 2235 fenori
792 2192 845 2235 et
877 2182 1056 2236 usuris
1099 2181 1407 2238 inserviunt
1429 2224 1442 2245 ,
1485 2180 1673 2235 dicens
1706 2181 1850 2236 inter
1882 2189 2063 2250 rapto-

469 2288 580 2327 rem
611 2283 659 2326 ct
697 2274 1004 2328 nsurarium
1035 2274 1237 2328 nullam
1271 2288 1392 2328 esse
1418 2272 1753 2327 distantiam.

546 2384 563 2414 4
597 2364 685 2419 ιν.
713 2364 973 2420 Similiter
989 2377 1040 2420 et
1067 2382 1162 2420 eos
1184 2365 1276 2435 qui
1297 2368 1348 2420 in
1372 2367 1619 2420 ecclesiis
1640 2375 2062 2427 commorantes,

467 2458 776 2529 vaniloquis
823 2468 877 2513 ct
923 2459 1112 2515 otiosis
1173 2460 1524 2515 sermonibus
1580 2469 1817 2514 vacant:
1886 2458 2068 2514 aiebat

468 2551 649 2605 enim:
685 2551 738 2606 Si
769 2550 962 2605 domus
1004 2553 1264 2607 orationis
1311 2561 1426 2617 est,
1476 2554 1613 2607 sicut
1657 2553 1915 2608 Dominus
1956 2553 2065 2614 ait,

470 2643 604 2698 nulli
637 2645 685 2699 in
717 2659 777 2698 ea
811 2644 956 2711 licet,
990 2645 1092 2701 nisi
1123 2661 1307 2711 Orare,
1349 2647 1614 2714 psallere,
1650 2657 1867 2714 peccata
1896 2649 2060 2703 conli-

473 2737 597 2803 tcri,
629 2747 684 2792 ct
716 2739 928 2797 veniam
954 2739 1265 2807 implorare.

553 2847 570 2878 «ι
609 2829 672 2882 ν.
708 2827 815 2883 Sed
841 2839 894 2882 et
922 2829 1046 2885 illos
1072 2830 1605 2885 anathematizaudos
1628 2832 1859 2898 censuit,
1883 2832 1970 2899 qui
1993 2832 2073 2885 tli-

477 2921 615 2977 vinte
643 2922 777 2994 legis
804 2924 1171 2990 immemores,
1209 2925 1487 2980 maleficiis
1518 2935 1569 2980 et
1598 2925 2074 2997 superstitionibus

475 3023 638 3084 atque
663 3015 1118 3071 incantationibus
1147 3019 1297 3071 vanis
1326 3018 1750 3072 inserviunt.....
1799 3017 1953 3079 Ideo.
1987 3018 2072 3071 in-

476 3107 610 3177 quit,
639 3107 1005 3177 pratcipimus,
1034 3119 1090 3161 ut.
1111 3112 1437 3181 quicumque
1464 3110 1846 3175 divinationes,
1876 3112 1957 3162 vel
1982 3125 2075 3163 att-

479 3198 633 3267 guria
659 3241 674 3267 ,
706 3199 818 3254 sive
849 3212 1026 3255 sortes
1056 3219 1187 3266 quas
1219 3204 1556 3256 mentiuntur
1580 3218 1700 3257 esse
1729 3214 2036 3256 sanctorum
2061 3245 2074 3264 ,
2133 3197 2138 3202 ’

477 3292 872 3358 observaverit,
903 3304 953 3346 et
983 3310 1167 3365 magos
1198 3296 1283 3349 vel
1314 3296 1678 3350 iuctntatores
1707 3297 1970 3362 audierit,
1998 3297 2076 3355 in-

482 3393 562 3438 ter
592 3383 934 3441 Christianos
965 3387 1272 3444 nullatenus
1303 3389 1630 3443 nominetur.

561 3498 578 3527 α
618 3477 703 3532 \‘l.
751 3478 854 3533 Eas
883 3497 1094 3550 quoque
1123 3481 1376 3534 mulieres
1403 3481 1470 3536 ab
1499 3482 1750 3535 ecclesiis
1777 3482 1895 3549 ejici
1929 3482 2083 3535 volu-

484 3587 631 3636 mus,
675 3589 793 3641 qua:
820 3571 1125 3626 daunonnm
1163 3573 1504 3627 illusioniluts
1533 3582 1586 3626 ct
1619 3574 2084 3640 phantasmatibus

483 3663 738 3724 seduCIar,
763 3662 990 3718 credunt
1013 3680 1071 3718 se
1103 3673 1366 3718 nocturno
1391 3663 1606 3718 silentio
1633 3679 1752 3716 cum
1780 3663 2082 3718 llcrodiade

485 3766 538 3810 et
571 3759 847 3814 innumera
885 3758 1227 3812 multitudine
1260 3757 1539 3812 mulierum
1571 3760 1847 3829 equitare,
1889 3769 2019 3824 etc.,
2059 3778 2076 3811 ι

487 3865 677 3919 usque,
709 3869 727 3899 ι
771 3865 866 3918 per
895 3848 1055 3905 devia
1096 3867 1320 3922 quaeque
1359 3849 1600 3913 deducit,
1642 3867 1660 3900 ι
1700 3859 1756 3903 ut
1783 3849 1922 3919 apud
1949 3850 2084 3905 Gra-

485 3941 688 3994 tiantttn
717 3939 807 4005 ‘26,
838 3952 1027 4010 quaest.
1055 3941 1110 4006 5,
1143 3956 1192 3996 c.
1220 3941 1320 4010 12,
1347 3951 1401 3997 et
1427 3941 1565 4011 apud
1598 3941 1958 4012 Augustinum
1989 3941 2078 3995 lib.

486 4032 551 4086 de
580 4032 787 4102 Spiritu
819 4043 874 4088 et
901 4033 1076 4088 anima
1110 4048 1160 4088 c.
1187 4032 1280 4102 28,
1317 4035 1498 4102 paucis
1527 4034 1708 4088 verbis
1736 4034 1975 4088 mutatis.

573 4148 583 4177 l
627 4126 735 4181 νιι.
777 4127 1114 4182 Renovatnm
1151 4142 1363 4197 quoque
1391 4127 1487 4181 fuit
1516 4127 1569 4182 in
1598 4127 1787 4182 eodem
1817 4126 2049 4182 concilio
2069 4167 2084 4193 ,

487 4218 631 4289 quod
657 4220 708 4271 in
736 4216 953 4272 Nicaeuo
976 4218 1146 4273 fuerat
1173 4219 1544 4285 constitutum,
1572 4228 1628 4272 ut
1651 4220 1695 4274 si
1717 4220 1836 4290 quis
1867 4219 1954 4274 die
1983 4219 2088 4274 Do-

493 4312 692 4368 minico
716 4328 880 4381 super
908 4313 1094 4376 horam
1126 4315 1341 4369 tertiam
1366 4329 1530 4369 ausus
1551 4313 1710 4368 fuerit
1734 4328 1931 4370 canere
1964 4311 2060 4367 lilis

487 4421 622 4475 sam,
654 4418 708 4463 et
739 4401 857 4463 aliis
889 4409 1079 4465 diebus
1109 4424 1137 4463 a
1183 4408 1354 4464 media
1396 4418 1583 4480 quarta
1636 4407 1766 4463 hora
1819 4423 1987 4479 usque
2012 4408 2086 4462 in

488 4502 674 4556 horam
705 4516 923 4566 nonam,
948 4501 1453 4557 anatltematizetur.

570 4612 584 4645 ι
629 4591 759 4647 Vlll.
801 4593 955 4649 Tunc
1004 4609 1218 4666 quoque
1261 4595 1546 4649 constituit
1588 4594 1647 4650 S.
1691 4594 1982 4660 Damasus,
2028 4601 2086 4650 ιιι

2164 2005 2259 2058 lari
2295 2003 2527 2066 meruit,
2573 2017 2731 2072 quem
2781 2016 2905 2055 mox
2947 2001 3092 2054 citati
3131 1999 3341 2054 Concilii
3372 1999 3530 2053 Italia:
3558 2011 3721 2065 patres

2164 2099 2284 2168 fidei
2305 2097 2568 2152 conciuere
2584 2111 2643 2151 se
2669 2110 2891 2150 censere
2915 2095 3269 2148 testilirantur
3285 2093 3306 2145 ‘?
3323 2091 3396 2146 Ne
3413 2091 3590 2145 \‘italis
3610 2091 3722 2160 qui-

2164 2191 2309 2256 dem,
2345 2189 2569 2244 Valente
2607 2189 2904 2259 imperantc
2929 2230 2942 2253 ,
2989 2187 3372 2241 lia-resiarcha:
3412 2185 3501 2240 sed
3532 2193 3722 2238 tantum

2166 2296 2290 2354 post
2319 2283 2662 2352 imperatoris
2692 2283 2850 2353 hujus
2874 2297 3058 2337 necem
3088 2298 3204 2335 enm
3235 2279 3540 2350 Apollinarii
3571 2278 3726 2330 hzrre-

2166 2377 2394 2432 siarchze
2439 2376 2763 2445 discipulum
2796 2391 2916 2431 esse
2962 2373 3276 2444 patefactum
3325 2383 3422 2426 est.
3459 2372 3528 2425 Ex
3567 2368 3729 2423 verbis

2169 2480 2345 2525 autem
2385 2469 2694 2540 Hieronymi
2740 2469 2790 2521 in
2838 2467 3101 2537 superiori
3145 2465 3299 2536 epist.
3335 2465 3420 2528 il,
3453 2479 3504 2517 n.
3532 2462 3590 2516 2:
3625 2481 3639 2509 ‹
3675 2458 3727 2513 lu

2172 2573 2277 2617 tres
2305 2572 2484 2634 partes
2511 2560 2680 2615 scissa
2700 2561 2928 2615 ecclesia
2950 2559 3014 2613 ad
3043 2575 3101 2614 se
3133 2573 3320 2627 rapere
3353 2571 3434 2611 me
3459 2555 3725 2609 festinat...

2171 2655 2441 2721 Meletius,
2478 2653 2670 2707 Vitalis
2698 2663 2858 2721 atque
2899 2652 3150 2706 Paulinus
3191 2651 3284 2704 tibi
3333 2650 3530 2703 hterere
3571 2662 3628 2700 se
3663 2644 3735 2697 di-

2173 2760 2320 2814 cunt,
2345 2769 2364 2798 ι
2400 2762 2678 2817 perperam
2710 2747 2997 2801 intellectis
3027 2746 3326 2813 hujusmodi
3359 2744 3600 2818 figmenta
3624 2746 3735 2792 nata

2176 2859 2294 2897 esse
2323 2841 2463 2895 haud
2493 2842 2782 2895 obscurum
2815 2851 2912 2893 est.
2964 2838 3163 2892 Exinde
3194 2839 3236 2892 si
3269 2837 3451 2892 eadem
3484 2847 3592 2887 acta
3628 2848 3736 2902 per-

2176 2935 2328 3005 sequi
2390 2935 2584 3001 placet,
2630 2932 2768 2986 haud
2815 2930 3026 3001 Iotgius
3070 2928 3506 3001 progrediendum
3537 2925 3654 2988 erit,
3687 2935 3740 2976 ut

2177 3037 2482 3082 commenta
2512 3025 2705 3080 similia
2741 3025 3228 3094 deprehendantur.
3263 3022 3314 3075 ltt
3347 3021 3525 3089 primis
3549 3019 3741 3086 aliquot

2179 3121 2456 3177 offendere
2484 3131 2568 3176 est
2603 3120 2898 3190 fragmenta
2940 3121 3271 3186 superiorum
3311 3117 3642 3186 epistularum
3682 3112 3740 3166 10

2181 3225 2236 3270 el
2265 3217 2350 3281 li,
2387 3215 2700 3286 Hieronymi
2728 3215 2793 3269 ad
2825 3215 3105 3270 Damasum
3132 3256 3144 3277 ,
3187 3215 3250 3267 iis
3277 3212 3551 3281 depravata
3589 3212 3739 3260 inter.

2187 3308 2583 3378 polationibus,
2618 3323 2750 3377 quas
2783 3308 2835 3361 in
2867 3311 3109 3377 genuinis
3131 3306 3518 3375 exemplaribus
3557 3302 3736 3355 frustra

2185 3402 2479 3473 quaesieris.
2505 3401 2641 3455 Tum
2671 3403 2934 3471 expositis
2961 3401 3323 3472 petitionibus,
3349 3414 3475 3468 quas
3496 3396 3739 3463 Hierony-

2187 3511 2305 3551 mus
2339 3499 2388 3549 itt
2416 3495 2660 3564 epistolis
2693 3495 2799 3549 illis
2826 3495 3120 3560 explicuit,
3173 3494 3462 3562 subjicitur,
3499 3512 3514 3541 ι
3563 3490 3738 3544 Beatus

2187 3605 2316 3644 rem
2365 3589 2626 3643 Damasus
2677 3587 2759 3642 his
2799 3588 3140 3656 petitionibus
3163 3602 3392 3656 congrue
3421 3582 3683 3645 satisfecit,
3718 3600 3731 3630 ι

2184 3682 2325 3755 quod
2360 3699 2488 3736 sane
2520 3681 2734 3736 aliunde
2761 3697 2864 3736 non
2893 3682 3160 3736 novimus.

2257 3774 2309 3828 ὅ.
2356 3772 2543 3828 Plures
2582 3774 2696 3843 ejus
2731 3773 2918 3846 fabula:
2944 3773 3076 3826 circa
3105 3773 3413 3826 Arimineme
3452 3767 3733 3826 concilium,

2188 3865 2378 3921 Liberii
2409 3869 2673 3933 exsilium,
2704 3877 2802 3922 etc.
2837 3868 2892 3923 Si
2918 3883 3046 3923 vero
3075 3868 3139 3920 ad
3174 3883 3235 3921 ea
3259 3909 3272 3931 ,
3305 3879 3420 3933 quae
3450 3860 3738 3917 memoratis

2191 3959 2429 4013 decretis
2461 3961 2881 4029 pnemillunlur,
2915 3957 3277 4029 regredianmr
3299 3997 3312 4020 ,
3349 3970 3443 4010 nec
3472 3955 3539 4007 ibi
3577 3952 3739 4005 minus

2189 4061 2376 4122 aperte
2409 4053 2652 4120 imperita
2703 4051 3011 4120 imp0storis
3059 4049 3261 4104 fallacia
3306 4063 3362 4101 se
3395 4047 3577 4118 prodit.
3617 4043 3736 4097 Nam

2192 4145 2438 4209 Lucifer,
2495 4146 2808 4200 l‘ancratins
2854 4153 2907 4199 et
2950 4143 3206 4206 Hilarius,
3238 4157 3368 4210 quos
3397 4157 3420 4189 τι
3454 4138 3649 4192 Liberio
3677 4135 3734 4187 ad

2191 4238 2564 4295 Constantium
2590 4255 2732 4294 anno
2760 4238 2863 4295 554
2897 4239 3106 4302 missos,
3133 4247 3185 4291 et
3207 4251 3340 4290 anno
3357 4233 3456 4288 555
3477 4248 3504 4287 e
3526 4229 3737 4283 concilio

2193 4332 2576 4388 Mediolancnsi
2611 4331 2878 4401 relegatos
2904 4346 3025 4385 esse
3054 4337 3260 4383 constat
3287 4370 3299 4394 ,
3332 4335 3449 4396 post
3474 4322 3733 4378 concilium

2191 4425 2556 4489 Ariminense,
2590 4425 2735 4495 quod
2777 4439 2919 4478 anno
2946 4421 3050 4478 559
3094 4421 3325 4475 habitum
3371 4425 3477 4475 est,
3521 4415 3577 4466 ad
3609 4412 3734 4465 hunc

2193 4520 2574 4588 imperatorem
2603 4517 2759 4588 legati
2784 4515 3074 4586 ﬁnguntur,
3101 4526 3153 4567 ιιι
3176 4529 3294 4567 eum
3317 4526 3462 4576 super
3482 4507 3732 4574 nequitiam

2193 4611 2246 4666 in
2279 4610 2471 4666 eodem
2504 4611 2732 4664 concilio
2762 4607 3052 4661 admissam
3099 4609 3474 4657 commonereut.
3523 4597 3728 4658 Deinde,

490 4686 681 4754 psalmi
710 4686 797 4742 die
830 4699 1101 4759 noctuque
1127 4699 1451 4743 canerentur
1473 4703 1567 4757 per
1591 4703 1779 4742 omnes
1806 4688 2082 4743 ecclesias.
2113 4669 2170 4730 Ῑ)
2193 4704 2491 4759 secundum
2522 4701 2711 4758 eadem
2742 4710 2880 4764 acia,
2903 4696 3247 4753 Constantius
3272 4693 3527 4747 Liberium
3555 4709 3570 4739 ι
3596 4696 3729 4743 extra

487 4776 590 4846 Qui
621 4787 677 4834 et
704 4777 806 4834 hoc
837 4780 1110 4857 praecepit,
1138 4788 1197 4834 ut
1227 4780 1279 4834 in
1315 4779 1422 4835 line
1441 4780 1866 4849 uniuscujusque
1895 4781 2088 4852 psalmi

487 4869 935 4939 subjungeretur:
957 4869 1133 4925 Gloria
1158 4870 1304 4926 Patri
1331 4882 1376 4926 et
1409 4871 1547 4926 Filio
1569 4882 1615 4926 et
1641 4871 1864 4943 Spiritui
1889 4882 2088 4926 sancto:

487 4963 618 5016 sicut
641 4973 750 5015 erat
780 4965 830 5015 in
860 4964 1137 5035 principio,
1169 4973 1215 5016 et
1247 4979 1404 5028 nunc,
1430 4972 1476 5018 et
1495 4979 1714 5034 semper,
1740 4973 1786 5016 et
1817 4963 1870 5016 in
1898 4965 2091 5018 swcula

487 5055 811 5108 seculorum.
846 5055 1023 5108 Amen.
1064 5076 1082 5107 ι

562 5146 638 5201 Ea
672 5149 782 5216 ipsa
813 5147 1028 5203 decreta
1052 5147 1316 5203 Baronius
1345 5147 1410 5204 ad
1440 5163 1639 5204 annum
1662 5147 1787 5216 386,
1812 5149 1958 5205 velut
1979 5149 2088 5204 sitt—

488 5252 612 5295 cera
637 5241 830 5310 probat
869 5257 932 5296 ac
976 5240 1175 5296 laudat.
1214 5239 1366 5299 Unde
1396 5253 1448 5298 et
1479 5251 1596 5298 acta
1620 5284 1634 5308 ,
1671 5257 1736 5297 ex
1768 5241 1961 5311 quibus
1990 5256 2087 5296 ex-

490 5344 671 5402 cerpta
703 5343 856 5396 sunt,
898 5332 1107 5389 videtur
1135 5332 1445 5388 admittere.
1479 5333 1586 5391 Sed
1619 5349 1680 5389 ea
1707 5375 1720 5398 ,
1765 5349 1884 5405 quc
1915 5332 1969 5388 in
2005 5334 2087 5388 his

490 5425 625 5479 aenis
653 5425 871 5480 decreta
903 5423 991 5479 illa
1036 5423 1123 5480 vel
1166 5424 1497 5480 antecedunt
1542 5425 1629 5482 vel
1666 5425 2084 5496 subsequuntur,

489 5519 655 5573 immo
682 5529 739 5575 et
763 5534 884 5589 quae
913 5519 967 5574 in
1006 5519 1137 5588 ipsis
1169 5523 1520 5578 enuntientur
1562 5522 1833 5589 decretis,
1869 5536 2083 5577 omnem

488 5610 569 5665 eis
602 5609 761 5665 fidem
793 5613 1076 5682 abrogant.

555 5725 607 5779 ‘2.
643 5724 915 5779 Falsorum
947 5727 1156 5782 Damasi
1175 5738 1433 5799 gestorum
1461 5732 1771 5785 architectus
1793 5731 2078 5802 imperitus.

490 5811 752 5870 dleletium
796 5825 844 5872 et
891 5817 1175 5874 Paulinum
1220 5822 1584 5877 haeresiarchas
1620 5822 1764 5894 facit.
1801 5821 1868 5878 Et
1911 5839 1974 5878 ex
2019 5825 2083 5879 iis

493 5907 727 5980 quidem,
757 5922 877 5982 qute
904 5908 1324 5982 subsequuntur,
1358 5912 1409 5967 id
1456 5915 1506 5969 in
1553 5914 1789 5970 medium
1842 5915 1973 5989 proft
1999 5929 2087 5972 rre.

2195 4798 2466 4856 civitatem
2491 4837 2504 4859 ,
2543 4794 2695 4864 quasi
2727 4793 2778 4850 in
2809 4793 3058 4848 exsilium
3086 4789 3348 4858 deportari
3380 4784 3645 4858 percepit:
3687 4789 3732 4834 et

2197 4888 2462 4946 habitavit
2488 4898 2662 4953 extra,
2680 4885 2908 4943 miliario
2940 4882 3118 4946 tertio,
3137 4883 3186 4935 in
3213 4881 3498 4936 cauniterio
3517 4874 3645 4945 quod
3671 4872 3730 4926 di-

2195 4983 2339 5038 citur
2365 4979 2574 5047 Noella,
2595 4979 2676 5034 via
2700 4978 2906 5034 Salaria
2931 4997 2950 5030 ι
2979 4985 3033 5031 et
3060 4994 3077 5028 ο
3104 4974 3227 5029 dum
3254 4975 3301 5027 in
3335 4970 3563 5027 exsilium
3589 4965 3732 5019 duce-

2196 5085 2346 5132 retur
2367 5077 2651 5130 Damasum
2674 5075 2725 5129 in
2742 5074 2874 5129 urbe
2887 5070 3138 5126 vicarium
3156 5067 3449 5138 dereliquit.
3466 5063 3594 5128 iQuo
3613 5070 3732 5113 tem-

2199 5184 2331 5241 pore
2367 5188 2386 5235 ᾳ
2418 5179 2596 5221 actum
2624 5176 2726 5232 est,
2759 5176 2818 5220 ut
2845 5179 3033 5221 omnes
3057 5163 3310 5233 cpisc0pi,
3338 5170 3464 5230 quos
3492 5150 3730 5222 imperan

2196 5277 2294 5318 seu
2325 5269 2496 5316 metus
2519 5260 2572 5314 in
2603 5259 2930 5316 Ariminensi
2957 5256 3183 5311 concilio
3212 5256 3402 5309 fecerat
3429 5248 3643 5308 deviare.
3675 5241 3730 5296 ad

2195 5354 2357 5413 fidem
2379 5353 2696 5409 catholicam
2725 5351 2844 5422 ejus
2872 5348 3156 5424 (Damasi)
3187 5344 3507 5402 suasionibus
3543 5352 3728 5391 remea-

2197 5454 2337 5502 rent.
2373 5467 2390 5497 ι
2428 5444 2494 5498 Ει
2539 5444 2720 5515 paucis
2763 5439 3094 5511 interpositis
3141 5437 3441 5508 subjicitur,
3487 5449 3502 5481 ‹
3552 5429 3728 5482 Eodem

2198 5549 2461 5608 tempore.
2489 5537 2955 5607 appr0pinquante
2983 5534 3323 5587 solemnitate
3347 5523 3601 5585 Paschali,
3639 5535 3729 5588 qua

2195 5633 2246 5687 in
2287 5630 2506 5686 Christo
2555 5630 2762 5685 renasci
2797 5626 3010 5698 plurimi
3043 5624 3396 5695 temptabant,
3447 5613 3729 5670 convocavit

2195 5725 2438 5797 Liberius
2467 5738 2659 5777 onmes
2682 5722 2981 5776 catholicos
3019 5712 3359 5773 ecclesiastici
3394 5709 3605 5780 gradus,
3653 5719 3728 5797 ses

2191 5794 2433 5884 densque
2463 5815 2514 5869 in
2546 5813 2851 5870 cmmiterio
2895 5808 3204 5885 supradicto
3231 5801 3473 5876 (Noellai
3500 5801 3573 5854 sic
3602 5794 3726 5865 loqui

2192 5924 2418 5966 exorsus
2444 5916 2550 5973 est,
2579 5916 2684 5962 etc.
2720 5924 2739 5957 ι
2790 5904 2919 5975 Qtue
2957 5903 3132 5958 omnia
3163 5898 3384 5955 sincera:
3411 5905 3575 5951 rerum
3603 5887 3732 5942 veri-
