3874 6420
242 400 382 455 ’1905

869 394 1192 458 CENSURA
1232 396 1703 455 DECRETORUM
1743 398 2018 457 DAMASO
2056 402 2074 457 1
2119 402 2322 459 ΡΛΡΕ.
2365 402 2873 462 ASCRIPTORUM.

3373 408 3515 465 ηοθ

242 520 338 571 tati
372 524 624 586 quantum
654 524 970 585 repugnent,
997 529 1154 567 nemo
1181 528 1284 568 non
1316 512 1476 568 videt.
1507 511 1715 583 Quippe
1736 512 1825 567 Li-
1862 520 1902 573 .\
1933 516 2083 581 dicit,
2117 539 2133 569 ι
2159 517 2391 588 praecepi
2422 518 2887 588 Constantinopoli
2917 520 3355 590 congregandum
3387 536 3517 578 con-

241 612 456 666 beriuni
508 610 737 665 Beroam
784 610 837 662 in
869 608 1139 672 Thracia,
1186 607 1272 661 ubi
1321 607 1463 660 nulla
1509 606 1558 660 ei
1602 606 1827 661 clericos

242 704 576 759 convocandi
612 712 848 773 potestas
878 710 1012 765 erat,
1043 702 1338 770 relegatum
1371 699 1537 754 fuisse
1564 714 1633 754 ex
1660 698 1831 754 Tlteo-

237 796 431 851 doreto
452 812 512 851 ac
533 796 833 851 Sozomeno
854 802 1191 861 compertum
1216 803 1317 847 est.
1346 791 1418 846 lbi
1448 790 1695 846 Liberius
1718 792 1830 860 ipse

230 888 348 957 jam
385 889 585 943 fractus
612 929 625 951 ,
658 896 710 943 et
738 886 803 941 ad
836 886 1159 940 Arianorum
1203 883 1528 938 voluntatem
1566 882 1826 948 inﬂexus,

238 979 403 1034 fidem
452 979 551 1032 sibi
599 993 625 1030 a
673 977 1023 1048 DemOpliilo,
1074 977 1163 1045 qui
1214 976 1497 1031 Beroensis
1543 976 1829 1044 episcopus

236 1081 382 1137 erat,
413 1072 711 1139 expositam
746 1071 1051 1139 suscepisse
1078 1084 1137 1123 se
1166 1079 1390 1123 testatur
1440 1066 1643 1137 (Liber.
1676 1067 1824 1137 epist.

234 1163 293 1228 8,
323 1180 375 1215 ιι.
403 1162 477 1231 6).
505 1162 686 1232 Neque
706 1163 880 1216 minue
902 1172 1107 1215 certum
1131 1167 1232 1222 est,
1259 1159 1679 1213 Liberium'ante
1704 1157 1826 1211 Ari-

238 1256 486 1311 iuinense
508 1258 796 1311 concilium
822 1256 1075 1309 Romanae
1102 1253 1350 1307 Ecclesia:
1374 1266 1478 1305 non
1503 1250 1660 1305 modo
1674 1265 1829 1320 erep-

234 1358 388 1414 tum,
431 1349 523 1403 sed
566 1358 619 1402 et
673 1348 936 1402 redditum
970 1347 1149 1399 fuisse.
1190 1343 1339 1399 Unde
1373 1342 1603 1396 llilarius
1639 1351 1824 1395 contra

234 1438 607 1494 Con~tantinm
637 1440 875 1507 proxime
905 1449 1020 1507 post
1045 1437 1354 1508 praedictum
1377 1434 1662 1489 concilium
1692 1434 1831 1488 scri-

235 1532 374 1587 bens
409 1549 461 1585 n.
496 1533 585 1595 ll,
623 1534 760 1585 bone
789 1533 1166 1600 imperatorem
1198 1530 1273 1584 sic
1302 1530 1616 1597 alloquitur:
1655 1549 1672 1579 ι
1694 1527 1826 1583 Ver-

234 1626 349 1680 ti~ti
376 1625 569 1680 deinde
602 1641 773 1695 n~qne
797 1625 859 1677 ad
891 1624 1112 1677 Romam
1142 1622 1339 1676 bellum
1371 1633 1549 1675 tuum:
1581 1620 1823 1690 eripuisti

232 1718 387 1773 illinc
418 1720 729 1788 episcOpum
752 1736 763 1771 :
785 1728 857 1783 et,
886 1733 915 1769 o
946 1726 995 1771 te
1020 1714 1298 1778 miserum,
1326 1714 1415 1785 qui
1438 1714 1617 1767 nescio
1646 1722 1822 1767 utrum

235 1811 441 1881 majore
466 1810 736 1879 impietate
763 1809 1102 1875 relegaveris,
1129 1821 1285 1876 quam
1308 1805 1603 1861 remiseris.
1632 1823 1650 1855 ι
1680 1805 1821 1858 Mora

1930 610 2130 664 cilium.
2165 631 2183 661 ι
2212 611 2291 666 Ex
2325 627 2432 679 quo
2461 611 2775 667 confutatur
2804 623 2857 667 et
2888 614 3051 675 istud,
3084 630 3191 684 quo
3218 625 3405 671 saneta
3431 632 3516 672 se-

1930 703 2100 757 cunda
2146 703 2383 774 synodus
2430 712 2703 774 princepto
2747 714 2801 760 et
2852 708 3182 765 auctoritate
3218 708 3335 776 ejus
3373 709 3515 779 apud

1929 793 2450 864 Consmntinopolim
2480 796 2754 850 celebrata
2788 817 2807 849 ι
2840 797 3181 864 obtenditur,
3214 798 3513 854 conﬁrma-

1932 897 2120 956 turqne
2148 888 2413 941 sententia
2440 888 2565 940 Ant.
2587 888 2732 957 Pagii
2757 888 2822 943 ad
2846 904 3044 943 annum
3065 889 3189 954 38L
3218 908 3272 945 ιι.
3305 892 3355 958 7,
3382 892 3518 947 alio-

1930 994 2174 1050 rumque,
2205 980 2292 1047 qui
2327 978 2465 1034 hanc
2495 980 2757 1051 synodum
2791 995 2820 1034 a
2851 980 3087 1035 Damaso
3123 982 3377 1038 indictum
3420 998 3515 1041 ne-

1928 1078 2076 1139 gant.

2000 1158 2051 1211 "l.
2074 1157 2285 1214 Decreta
2303 1160 2541 1231 pleraque
2558 1160 2875 1233 disciplinam
2894 1164 3096 1231 sapiunt
3124 1181 3149 1212 ν
3177 1181 3236 1217 ac
3257 1181 3307 1218 vr
3326 1166 3511 1219 seculo

1928 1252 2184 1305 usitatam.
2219 1250 2426 1308 Caetera
2471 1252 2691 1309 decreta
2723 1270 2841 1309 eam
2874 1265 2930 1309 ut
2964 1256 3250 1325 plurimum
3296 1259 3516 1328 sapiunt

1927 1343 2261 1413 disciplinam
2284 1388 2299 1412 ,
2323 1362 2443 1415 quae
2491 1347 2541 1399 in
2566 1349 2752 1415 quinto
2776 1363 2837 1402 ac
2870 1350 3267 1418 p05terioribus
3299 1349 3514 1404 sareulis

1931 1437 2114 1506 viguit.
2148 1438 2254 1492 Nec
2276 1439 2509 1507 suSpicio
2540 1441 2716 1506 deest,
2743 1457 2804 1495 ea
2829 1456 2894 1496 ex
2917 1440 3135 1508 scriptis
3156 1457 3249 1496 seu
3275 1452 3508 1510 patrum,

1928 1546 2022 1584 seu
2045 1532 2394 1585 conciliorum
2417 1530 2817 1587 Gallicanorum
2844 1535 3007 1589 fuisse
3031 1549 3313 1604 expressa.
3338 1535 3406 1590 Et
3427 1550 3516 1591 se-

1928 1622 2158 1675 cundum
2175 1622 2391 1693 quidem
2407 1634 2832 1678 consentaneum
2854 1635 2934 1679 est
2955 1628 3278 1695 Agatliensis
3295 1627 3513 1682 concilii

1927 1714 2117 1767 canoni
2148 1713 2210 1779 Δ,
2260 1730 2368 1783 quo
2397 1716 2743 1769 constituitur
2774 1719 2946 1785 utqui
2984 1720 3362 1788 possessiones
3406 1718 3513 1774 Ec.

1928 1802 2108 1857 clesia:
2136 1803 2479 1869 abstulerint,
2516 1824 2535 1856 ι
2563 1821 2668 1875 quo
2694 1821 2863 1876 usque
2891 1807 3141 1870 reddant,
3170 1809 3238 1863 ab
3266 1807 3515 1862 ecclesiis

234 1904 401 1972 igitur
430 1902 603 1957 fabula
627 1912 704 1955 est
730 1900 816 1954 illa
844 1901 1078 1962 Damasi,
1102 1898 1226 1951 dum
1251 1896 1498 1951 Liberius
1527 1896 1817 1959 exsularet,
1856 1895 1898 1953 Β
1928 1896 2308 1950 exeluduntur.
2340 1917 2357 1947 ι
2392 1899 2526 1952 Cum
2559 1899 2748 1953 eodem
2778 1900 3007 1969 aliisque
3034 1900 3348 1955 conferendi
3382 1911 3509 1955 sunt

231 1994 302 2047 ad
334 2010 427 2048 eos
457 1995 546 2063 qui
577 1991 805 2047 Arimini
840 1990 970 2058 lapsi
1000 1989 1207 2044 fuerant
1259 1988 1587 2043 revocandos
1628 1988 1820 2041 collata

231 2102 423 2158 Opera.
456 2086 599 2141 Idem
628 2086 695 2140 de
720 2084 903 2139 viCarii
951 2098 1208 2146 munere,
1255 2095 1361 2151 quo
1406 2079 1563 2134 simul
1608 2079 1823 2132 functus

234 2181 477 2248 ponitur,
511 2195 572 2234 ac
594 2182 805 2233 ctetcris
836 2180 905 2232 ibi
933 2177 1224 2231 enuntiatis
1257 2175 1615 2229 sentiendum.

307 2286 358 2327 4.
408 2272 470 2325 In
498 2272 711 2325 decretis
739 2272 1001 2336 multiplex
1030 2270 1148 2339 falsi
1190 2270 1426 2337 suspicio.
1476 2267 1662 2321 Exstat
1688 2274 1741 2321 et
1771 2267 1821 2320 iu

228 2365 448 2419 cmteris
474 2363 662 2433 gestis,
700 2378 817 2429 qum
869 2362 937 2414 ibi
986 2370 1292 2424 narrantur,
1326 2358 1580 2412 similium
1616 2356 1824 2427 farrago

229 2459 580 2523 ineptiarum.
613 2455 766 2510 Unde
801 2456 981 2508 mirari
1016 2455 1145 2506 satis
1195 2454 1477 2521 nequimus
1521 2467 1626 2521 quo
1674 2460 1825 2520 pacto

227 2550 425 2605 doctus
457 2550 744 2605 Annalium
776 2563 971 2618 parens
998 2556 1197 2600 tantam
1228 2546 1535 2615 ltnjusmodi
1564 2546 1697 2597 actis
1728 2544 1821 2597 tri-

228 2642 412 2697 buerit
443 2642 839 2705 auctoritatem,
871 2648 927 2693 ut
957 2639 1256 2692 Romanam
1298 2636 1560 2709 synodum
1605 2636 1823 2689 aliunde

229 2738 496 2805 ignotam,
527 2746 580 2789 et
607 2752 725 2805 quae
757 2736 808 2788 in
836 2749 897 2788 ea
929 2735 1250 2801 jactitantur
1274 2730 1440 2785 fuisse
1459 2730 1697 2795 decreta,
1728 2744 1825 2800 pro

229 2828 383 2882 veris
414 2828 737 2897 susciperet,
774 2826 1003 2881 maxime
1049 2840 1169 2877 cum
1214 2838 1309 2877 nec
1348 2824 1398 2876 in
1432 2823 1560 2891 ipsis
1588 2823 1826 2876 decretis

230 2918 343 2973 ulla
376 2920 489 2973 veri
520 2921 589 2972 sit
615 2918 929 2972 similitudo.

310 3014 363 3065 5.
408 3010 638 3065 Donatus
685 3011 897 3081 ﬁngitur
955 3008 1159 3062 Arianw
1214 3006 1542 3076 blasphemia:
1585 3014 1820 3058 sectator.

232 3106 417 3159 l‘rimo
442 3103 656 3173 quidem
686 3105 805 3172 quis
829 3103 915 3156 ille
942 3112 1023 3154 est
1060 3100 1292 3153 Donatus
1322 3098 1534 3151 Arianae
1576 3095 1826 3164 blasphe-

235 3200 361 3250 niia-
395 3206 658 3257 sectator,
693 3196 782 3265 qui
824 3195 983 3262 priori
1036 3194 1084 3246 in
1122 3193 1341 3247 decreto
1371 3206 1472 3245 una
1502 3207 1620 3245 cum
1652 3190 1824 3245 Mac’e-

230 3291 404 3344 donio
428 3331 440 3354 ,
477 3290 741 3343 Eunotnio
771 3298 823 3342 et
854 3286 1151 3355 Apollinari
1189 3286 1581 3339 cendeinnatus
1625 3285 1822 3339 asseri-
1848 3267 1894 3329 Ο

234 3384 361 3438 tur?
391 3383 673 3438 Probabile
705 3393 785 3435 est
826 3398 945 3435 eum
979 3382 1065 3434 hic
1096 3381 1267 3433 notari
1296 3420 1310 3443 ,
1361 3380 1449 3449 qui
1505 3377 1720 3432 nefandi
1770 3379 1820 3429 iu

232 3476 420 3531 Africa
455 3474 761 3529 scliismatis
802 3484 989 3527 auctor
1019 3487 1078 3525 ac
1118 3472 1367 3542 princeps
1414 3470 1546 3533 fuit;
1590 3485 1823 3539 eumque

233 3571 455 3625 Arianae
487 3569 835 3637 blasphemiae
866 3577 1189 3621 sectatorem
1214 3566 1333 3618 ideo
1358 3563 1672 3634 nuncupari,
1699 3564 1820 3631 quia

235 3661 426 3717 Ariani
460 3676 601 3715 anno
642 3661 743 3714 547
777 3658 1137 3726 ΡΙιιΙὶιιροροΙί
1184 3655 1512 3725 congregati,
1541 3655 1821 3724 epistolam

235 3754 555 3826 synodicam
583 3751 915 3806 Sardiceusis
946 3748 1156 3803 eoncilii
1187 3750 1401 3801 nomine
1425 3746 1733 3813 inscriptam
1756 3746 1821 3800 ad

237 3848 415 3916 ipsum
442 3846 701 3897 miserint.
728 3841 830 3897 Sed
859 3842 947 3894 ille
980 3857 1073 3893 nec
1101 3840 1165 3893 ad
1200 3840 1405 3892 Damasi
1434 3847 1674 3906 tempora
1702 3852 1823 3905 per-

236 3939 422 4000 venit,
455 3952 554 3991 nec
604 3945 658 3989 ut
711 3936 921 3989 Arianae
970 3932 1316 4002 blasphemiae
1361 3941 1592 3985 sectator
1633 3930 1819 3993 audiit.

234 4028 472 4084 Tantum
505 4042 689 4081 rumor
716 4026 1113 4096 percrebuerat,
1153 4042 1169 4074 ι
1202 4023 1447 4089 Arianos,
1476 4038 1597 4075 cum
1630 4037 1655 4073 a
1679 4036 1828 4076 com-

238 4124 502 4179 munione
524 4122 787 4177 eatltoliea
811 4120 1231 4188 discrepassent,
1253 4117 1558 4170 Donatistas
1580 4116 1629 4168 in
1650 4115 1825 4170 Africa

237 4215 347 4271 sibi
381 4215 590 4269 sociare
623 4223 878 4274 tentasse,
923 4232 939 4262 ι
972 4222 1027 4264 ιιι
1055 4211 1383 4278 Angusunus
1418 4207 1485 4261 ab
1513 4207 1704 4277 Alypio
1731 4205 1828 4259 ad-

240 4308 482 4364 motitus
511 4308 668 4376 epist.
700 4306 828 4358 olim
862 4306 983 4367 165,
1009 4318 1148 4357 nunc
1173 4302 1264 4366 44,
1298 4317 1350 4353 ιι.
1385 4302 1439 4362 6,
1464 4299 1667 4354 scribit.

318 4401 370 4453 6.
415 4399 654 4470 Fiugilur
697 4395 948 4449 Damasus
1005 4394 1297 4463 prwcepisse
1342 4401 1394 4445 ut
1430 4391 1630 4444 decreta
1672 4391 1829 4460 ipsius

238 4492 473 4563 synodus
497 4492 532 4544 ἓ.
567 4492 809 4559 ﬁrmaret.
862 4487 919 4541 In
948 4504 1145 4540 cassum
1169 4488 1275 4539 lucc
1299 4486 1483 4539 dicitur
1512 4484 1653 4538 illius
1698 4500 1830 4555 pra!-

238 4594 388 4654 cepto
416 4591 740 4653 congregata.
775 4582 975 4636 Deinde
1018 4579 1067 4633 id
1114 4578 1251 4649 quod
1285 4577 1557 4644 adjicitur,
1611 4596 1627 4627 ι
1660 4576 1827 4645 Quam

1925 1988 2013 2056 qui
2060 1987 2197 2055 apud
2243 1989 2604 2059 Augustinum
2638 1991 2689 2043 in
2722 1993 3021 2060 appendice
3052 1994 3185 2047 torni
3217 1992 3257 2042 V
3293 2002 3513 2048 exstant

1924 2080 2143 2135 Caesarii
2188 2081 2525 2138 Arelatensis
2554 2084 2849 2141 Sermones
2878 2085 2984 2141 276
3015 2098 3069 2142 et
3097 2086 3223 2151 277,
3267 2088 3336 2143 de
3383 2089 3511 2143 red-

1926 2170 2114 2225 dendis
2141 2174 2405 2239 decimis;
2435 2173 2560 2238 27%,
2590 2175 2656 2229 de
2681 2178 2951 2246 auguriis;
2974 2177 3081 2233 285
3103 2188 3156 2233 et
3183 2178 3311 2245 286,
3340 2179 3407 2234 de
3430 2181 3512 2234 vi-

1928 2263 2103 2317 tandis
2136 2265 2187 2317 in
2212 2266 2443 2319 ecclesia
2472 2269 2818 2324 sermonibus
2846 2270 3053 2324 otiosis.
3088 2270 3146 2324 In
3194 2271 3295 2325 hoc
3334 2270 3513 2327 nomi-

1926 2359 2091 2411 natim
2108 2358 2376 2414 Caesarius
2398 2376 2546 2413 num.
2573 2360 2606 2414 6
2634 2362 2710 2415 sic
2736 2377 2865 2416 suos
2886 2363 3179 2433 alloquitur
3209 2364 3510 2417 auditores:

1933 2467 1951 2498 ι
1988 2448 2277 2504 Venientes
2297 2450 2360 2503 ad
2393 2452 2677 2506 ecclesiam
2709 2452 2810 2507 boc
2839 2453 3014 2507 solum
3046 2454 3188 2524 quod
3214 2456 3323 2512 fieri
3349 2469 3514 2526 espe-

1927 2544 2003 2598 dit
2030 2546 2193 2611 agite,
2230 2544 2279 2597 id
2311 2556 2412 2611 ess,
2439 2556 2529 2598 aut
2556 2556 2730 2611 orate,
2754 2558 2840 2601 aut
2868 2548 3101 2616 psallite,
3136 2556 3191 2601 ut
3224 2558 3278 2601 et
3305 2546 3511 2602 orando

1929 2648 2265 2707 peceatorum
2298 2640 2512 2693 veniam
2546 2641 2789 2709 accipere
2812 2682 2826 2704 ,
2856 2653 2906 2694 et
2940 2641 3220 2709 psallendo
3247 2641 3313 2696 ad
3346 2641 3507 2710 spiri-

1927 2734 2088 2786 talem
2121 2734 2335 2801 possitis
2366 2734 2603 2788 laetitiam
2648 2738 2960 2804 pervenire.
2996 2755 3014 2787 ι
3066 2735 3168 2789 Cui
3197 2735 3319 2791 loco
3351 2735 3511 2790 affine

1928 2836 2009 2879 est
2041 2825 2169 2879 illud
2197 2827 2494 2894 Superioris
2520 2826 2724 2882 decreti
2754 2829 2820 2883 ιε
2874 2848 2892 2879 ι
2925 2828 2981 2882 Si
3020 2828 3216 2884 domus
3252 2829 3513 2883 orationis

1929 2927 2029 2978 est,
2064 2916 2201 2970 sicut
2233 2916 2494 2971 Dominus
2522 2917 2637 2985 ait,
2683 2919 2815 2974 nulli
2845 2920 2895 2973 in
2927 2935 2991 2974 ea
3032 2920 3160 2975 licet
3190 2920 3291 2975 nisi
3318 2935 3511 2984 orare,

1931 3012 2180 3078 psallere,
2210 3021 2425 3078 peccata
2459 3014 2707 3068 conﬁteri
2736 3024 2789 3067 et
2822 3014 3033 3067 veniam
3068 3014 3383 3083 implorare.
3420 3033 3437 3063 ρ

1997 3103 2048 3157 8.
2094 3102 2269 3157 Sortes
2298 3114 2611 3157 sanctorum.
2639 3103 2770 3159 Item
2803 3105 3024 3161 decreto
3054 3105 3299 3175 sequenti
3322 3105 3514 3160 adverv

1927 3209 2019 3249 sus
2042 3211 2156 3259 eos,
2175 3196 2265 3264 qui
2288 3196 2669 3263 divinationes,
2692 3201 2913 3268 auguria
2938 3208 2994 3255 et
3011 3209 3185 3255 sortes
3200 3209 3511 3254 sanctorum

1927 3288 2214 3342 observant
2243 3330 2257 3353 ,
2302 3288 2459 3343 valde
2479 3302 2764 3360 cognatum
2791 3300 2868 3344 est
2896 3290 3039 3360 quod
3064 3291 3471 3347 Aurelianensis
3495 3306 3509 3344 t

1928 3380 2142 3435 concilii
2163 3396 2371 3436 canone
2393 3383 2461 3437 50
2490 3383 2816 3453 praccipitur,
2853 3403 2871 3435 ι
2893 3385 2950 3439 Si
2972 3385 3093 3455 quis
3117 3384 3369 3446 clericus,
3394 3400 3510 3438 mo-

1927 3473 2165 3536 nachus,
2198 3472 2475 3527 saecularis
2509 3473 2890 3530 divinationem
2943 3475 3024 3530 vel
3069 3474 3291 3542 auguria
3331 3474 3510 3529 credi-

1927 3564 2069 3619 derit
2093 3565 2425 3619 observanda
2445 3606 2459 3630 ,
2510 3566 2593 3619 vel
2622 3578 2831 3631 sortes,
2862 3582 2997 3637 quas
3030 3568 3363 3622 mentiuntur
3390 3582 3511 3621 esse

1929 3668 2257 3723 sanctorum,
2291 3657 2712 3728 quibuscumque
2736 3660 3042 3723 putaverint
3067 3659 3416 3723 intimandas,
3445 3660 3511 3717 ab

1930 3748 2182 3803 Ecclesia:
2225 3750 2606 3805 communione
2647 3750 2932 3819 pellantur.
2968 3769 2986 3801 ι
3020 3750 3229 3806 Similia
3258 3750 3511 3806 sanciunt

1927 3849 1983 3894 et
2010 3840 2326 3895 Veneticum
2359 3856 2479 3895 can.
2516 3842 2580 3897 16
2602 3882 2617 3908 ,
2651 3843 2960 3912 Agatiiense
2985 3858 3105 3897 can.
3140 3841 3241 3906 l2,
3269 3851 3325 3897 et
3350 3843 3509 3898 Auti-

1929 3931 2247 3986 siodorense
2276 3948 2395 3987 ean.
2426 3934 2480 3989 4.
2513 3933 2568 3988 1η
2601 3932 2702 3991 hoc
2733 3945 2912 3990 sortes
2942 3944 3251 3995 sanctorum
3304 3954 3320 3985 ι
3354 3936 3422 3990 de
3453 3935 3514 3988 li-

1930 4043 2035 4097 gno
2064 4039 2152 4081 aut
2188 4029 2253 4083 de
2294 4044 2431 4100 pane
2472 4030 2606 4089 fieri.
2644 4051 2663 4084 ι
2714 4032 2766 4085 in
2814 4030 3075 4089 Venetico
3118 4042 3172 4090 et
3216 4033 3512 4104 Agatbeusi

1938 4139 1955 4170 ι
1986 4136 2321 4192 quacumque
2350 4121 2748 4191 Scriptui-arum
2778 4126 3135 4194 inspectione,
3171 4144 3189 4177 ι
3224 4124 3512 4181 indicatur.

1931 4211 2050 4276 Quo
2070 4221 2277 4280 spectat
2309 4214 2439 4267 illud
2470 4215 2762 4284 capitulum
2788 4233 2814 4268 ιι
2839 4215 3126 4273 Sirtnoudn
3150 4226 3223 4271 to.
3248 4215 3510 4274 llCoucil.

1931 4300 2070 4356 Gall.
2108 4318 2224 4373 pag.
2267 4303 2403 4367 157,
2446 4304 2512 4358 ad
2543 4320 2668 4359 ann.
2704 4306 2841 4371 789,
2890 4308 3158 4363 relatum:
3200 4326 3216 4364 :
3248 4308 3433 4365 Nullus
3461 4310 3513 4363 in

1933 4392 2210 4461 psalterio,
2245 4395 2325 4447 vel
2359 4396 2408 4447 in
2443 4393 2758 4465 Evangelio,
2784 4396 2868 4451 vel
2903 4398 2952 4450 in
2982 4397 3105 4455 aliis
3137 4397 3300 4454 rebus
3331 4398 3515 4456 sortiri

1935 4494 2242 4553 praemittat,
2271 4501 2369 4541 nec
2393 4486 2746 4543 divinationes
2767 4489 2976 4559 aliquas
2997 4491 3306 4547 observare.
3331 4510 3350 4543 ι
3378 4492 3519 4549 lntet‘

1935 4587 2130 4631 statuta
2158 4576 2414 4634 Bonifacii
2440 4580 2835 4653 archiepiscopi
2881 4581 3176 4651 Mognntini
3221 4581 3411 4651 Spicil.
3441 4593 3513 4635 to.

238 4645 571 4733 sententiain
606 4645 926 4729 'conlirmari
959 4674 1210 4741 praecepit
1254 4671 1414 4724 etiam
1448 4671 1498 4723 in
1532 4680 1713 4722 sancta
1746 4684 1831 4724 se-
1856 4645 1910 4705 D
1934 4667 2023 4734 IX,
2053 4683 2173 4739 pag.
2206 4668 2274 4725 66
2299 4712 2313 4735 ,
2352 4645 2644 4741 capitulum
2673 4670 2740 4725 33
2770 4671 2846 4724 sic
2873 4672 3220 4741 exprimitur.
3254 4691 3274 4725 ι
3312 4672 3368 4729 Si
3398 4674 3520 4742 quis

238 4769 418 4826 cunila
439 4767 665 4839 synodo,
700 4788 716 4803 ι
745 4766 986 4821 refellunt
1014 4765 1178 4832 huius
1199 4764 1448 4818 secundae
1470 4762 1660 4833 synodi
1679 4773 1830 4831 geSIa

238 4870 300 4916 et
331 4859 574 4925 decreta,
610 4860 663 4911 in
695 4858 888 4927 quibus
919 4857 1061 4911 nulla
1095 4856 1322 4919 Donati,
1368 4855 1513 4908 nulla
1544 4854 1707 4907 ullius
1742 4853 1833 4923 qui

244 4954 461 5010 Damasi
489 4954 635 5006 vices
666 4960 840 5020 gerat,
880 4960 969 5003 aut
1010 4949 1101 5015 qui
1139 4949 1256 5018 ejus
1285 4951 1500 5002 nomine
1540 4947 1830 5017 quidquam

238 5046 547 5119 praecipiat,
577 5045 779 5099 mentio
808 5042 1051 5097 habetur.
1081 5042 1188 5095 lloc
1217 5058 1378 5094 untnn
1402 5040 1468 5095 de
1490 5040 1719 5094 cencilio
1740 5039 1833 5093 illo

239 5141 513 5195 Damasus
540 5136 784 5207 epistolis
811 5137 845 5191 8
871 5145 925 5190 et
951 5138 982 5189 9
1014 5133 1236 5188 Acbolio
1275 5148 1338 5187 ac
1369 5132 1531 5186 sociis
1560 5130 1795 5201 priceipit
1816 5171 1831 5196 ,

241 5244 308 5288 ut
337 5246 555 5302 operam
588 5230 711 5284 dent
744 5270 758 5293 ,
791 5226 1244 5298 quemadmodum
1276 5226 1326 5277 in
1358 5240 1423 5279 eo
1458 5222 1837 5277 Constantino-

242 5325 357 5398 poli
386 5323 670 5393 episcopus
692 5322 992 5389 inculpalus
1018 5320 1317 5374 ordinetur.
1355 5336 1373 5367 ι
1398 5317 1555 5383 Quia,
1584 5336 1601 5367 ι
1637 5317 1832 5384 inquit,

240 5416 410 5485 epist.
444 5414 500 5479 8,
531 5428 583 5466 n.
616 5413 669 5473 5.
723 5430 743 5460 α
772 5411 1001 5481 cognovi
1027 5410 1348 5480 dispositum
1376 5423 1497 5463 esse
1526 5408 1836 5462 Constanti-

241 5508 436 5573 nopoli
464 5506 753 5562 concilium
788 5505 905 5560 fleri
946 5505 1175 5571 debere,
1218 5504 1499 5557 sinceritas
1536 5514 1711 5557 vestra
1742 5501 1834 5558 det

238 5617 496 5673 operam,
519 5598 970 5670 quemadmodum
1001 5597 1267 5668 praedicta:
1293 5596 1526 5650 civitatis
1547 5596 1832 5665 episcopus

239 5696 507 5764 eligatur,
537 5694 625 5763 qui
654 5693 852 5747 nullam
892 5692 1084 5746 habeat
1112 5691 1607 5761 reprehen~ionem.
1662 5710 1679 5740 ι
1729 5689 1829 5745 Ubi

239 5800 306 5846 et
348 5787 475 5840 illud
507 5788 798 5840 notandum
839 5784 979 5853 quod
1026 5786 1121 5852 ait,
1178 5808 1195 5835 ι
1227 5783 1461 5853 Cognovi
1510 5782 1831 5851 dispositum

244 5894 377 5939 esse
418 5876 879 5943 Consmiitinopoli
915 5876 1205 5930 concilium
1248 5876 1359 5929 lleri
1400 5873 1600 5929 debere
1624 5914 1638 5937 ,
1677 5894 1695 5924 ι
1730 5888 1829 5928 nec

1934 4759 2217 4829 presbyter
2261 4769 2353 4814 aut
2396 4762 2625 4816 clericus
2657 4762 2877 4833 auguria
2924 4763 3006 4819 vel
3038 4763 3400 4819 divinationes
3427 4776 3519 4819 aut

1932 4854 2159 4911 somnia.
2191 4854 2302 4908 sive
2331 4865 2506 4909 sortes
2526 4871 2620 4909 seu
2649 4854 2996 4925 phylactcria,
3027 4856 3078 4913 id
3106 4865 3190 4913 est
3213 4855 3521 4927 Scripturas

1932 4944 2325 5008 observaverit,
2351 4945 2485 5000 sciat
2507 4960 2565 5000 se
2593 4961 2859 5001 canonum
2889 4948 3175 5015 subiacere
3206 4949 3478 5004 vindictis.
3496 4968 3515 4999 ι

1934 5036 2036 5093 Ubi
2070 5047 2251 5092 notatu
2281 5038 2524 5107 dignum,
2554 5038 2695 5109 quod
2725 5049 2888 5093 sortes
2919 5051 2971 5093 et
3011 5040 3332 5111 phylacteria
3377 5041 3523 5094 velut

1937 5145 2233 5199 synonyma
2269 5129 2584 5184 habeantur.
2620 5129 2666 5185 Is
2692 5140 2869 5184 autem
2903 5146 3038 5196 mos,
3088 5147 3193 5201 quo
3217 5147 3249 5186 e
3276 5131 3522 5200 Scriptu-

1938 5237 2119 5275 rarum
2156 5222 2486 5292 inspectione
2513 5220 2812 5276 futurorum
2845 5224 3105 5293 prmsagia
3147 5222 3517 5293 capiebantur,

1938 5314 2187 5383 quamvis
2215 5328 2245 5366 a
2272 5314 2468 5368 s;t-eulo
2497 5329 2547 5367 vt
2578 5315 2797 5369 ineunte
2827 5329 2890 5368 ac
2916 5314 3171 5384 deinceps
3205 5314 3365 5369 toties
3394 5330 3520 5383 pro-

1937 5405 2163 5468 hibitus,
2195 5406 2285 5460 ditt
2315 5416 2491 5462 tamen
2520 5419 2704 5479 postea
2735 5407 3119 5475 perseveravit,
3147 5416 3201 5462 et
3224 5406 3397 5462 adhuc
3419 5420 3519 5460 stn-

1939 5498 2060 5554 culo
2093 5515 2166 5555 xu
2198 5500 2412 5554 ineunte
2445 5501 2700 5571 frequens
2729 5509 2865 5554 erat.
2894 5499 3025 5554 Hinc
3044 5499 3426 5572 prognosticum
3452 5499 3519 5552 il-

1936 5590 2048 5653 lud,
2076 5591 2229 5658 cujus
2255 5588 2544 5645 Guibertus
2574 5591 2736 5644 abbas
2766 5588 2949 5659 Novig.
2982 5589 3072 5645 lib.
3108 5605 3142 5643 tt
3172 5588 3239 5643 de
3260 5588 3377 5645 Vita
3411 5603 3507 5642 sua

1938 5692 1989 5737 et
2018 5683 2109 5736 lib.
2140 5682 2193 5749 3,
2225 5697 2272 5736 c.
2301 5682 2355 5745 4,
2386 5696 2596 5735 necnon
2621 5681 2939 5737 Guillelmus
2968 5680 3249 5736 Malmesb.
3276 5680 3364 5735 lib.
3401 5696 3415 5731 l
3449 5680 3518 5734 de

1937 5775 2091 5829 Pont.
2120 5775 2274 5845 Augl.
2299 5772 2390 5837 fol.
2418 5774 2539 5839 121,
2568 5774 2878 5838 meminere,
2905 5788 3010 5846 quo
3032 5772 3297 5831 videlicet,
3322 5779 3513 5839 aperto

1938 5870 2121 5925 codice
2150 5882 2333 5925 Sacro.
2370 5866 2577 5920 futuros
2606 5878 2782 5920 mores
2810 5864 2965 5919 electi
2999 5865 3110 5919 sive
3136 5861 3367 5932 episc0pi
3398 5866 3513 5918 sive
