3874 6442
382 373 523 435 ηοί
1753 398 1760 409 ο
1858 368 2063 426 ΑοῡΕῙ

2172 378 2211 425 t.
3522 375 3659 433 1208

384 492 596 549 abbatis
636 490 1020 562 conjiciebant.
1067 489 1241 560 Quem
1291 502 1499 545 morem
1545 485 1982 557 antiquissimum
2010 488 2064 548 Α
2092 500 2221 541 num
2263 487 2577 559 episcopum
2622 487 2677 543 in
2734 486 2960 545 ecclesia
3000 501 3093 543 sua
3140 487 3462 556 instituisse,
3508 498 3665 559 atque

390 598 509 639 esse
542 582 740 653 probat
767 593 955 639 noster
985 581 1301 638 Edtnundus
1332 580 1573 637 Marteue
1601 588 1678 635 to.
1709 577 1753 633 ΙΙ
1783 578 1852 635 de
1873 578 1988 635 An-
2099 579 2240 636 hunc
2263 595 2425 636 unum
2451 582 2517 637 ab
2530 581 2866 638 Antiochena
2892 581 3116 639 ecclesia
3140 581 3206 638 ad
3227 591 3445 638 caeteras
3463 598 3665 653 perma-

392 676 492 745 tiq.
517 674 664 732 Eccl.
696 676 787 730 rit.
823 691 943 748 pag.
974 675 1095 730 5'51.
2101 686 2261 729 nasse
2306 673 2556 730 Socrates
2598 674 2691 729 lib.
2736 690 2818 741 vt,
2845 689 2895 730 c.
2927 674 2981 739 8,
3012 685 3200 731 auctor
3229 684 3329 732 est.
3362 675 3467 731 iloc
3508 676 3664 731 etiam

463 768 518 824 9.
554 767 802 823 Mulieres
824 768 1113 822 dtemomtm
1143 766 1471 822 illusionibus
1488 762 1997 831 seducta—Quod
2101 767 2305 824 Plinius
2327 769 2486 838 epist.
2523 767 2647 834 102,
2676 768 2743 824 ad
2786 768 3071 839 Trajanum
3105 784 3223 825 sese
3270 783 3300 824 a
3350 765 3663 823 Christianis

396 862 450 916 in
484 861 709 917 decreto
747 863 779 917 6
807 862 874 917 de
924 861 1246 916 mulieribus
1289 860 1601 916 dremouum
1651 860 2001 915 illusionibus
2104 862 2438 933 comperisse
2483 862 2703 927 scribit,
2756 882 2773 914 ι
2803 862 2944 934 quod
2986 870 3169 917 essent
3220 861 3361 917 soliti
3404 870 3538 916 stato
3578 860 3670 916 die

406 957 649 1012 seductis
684 956 936 1027 legimus,
982 955 1247 1011 habemus
1275 966 1331 1011 et
1378 956 1430 1010 in
1479 954 1784 1026 appendice
1816 964 1892 1009 to.
1928 952 2000 1009 Vl
2105 964 2231 1009 ante
2260 954 2435 1010 lucem
2476 956 2786 1021 convenire,
2812 970 3133 1026 carmenque
3160 954 3369 1011 Christo
3388 956 3531 1026 quasi
3562 953 3672 1008 Deo

403 1051 719 1121 Augustini,
756 1051 846 1104 lib.
877 1050 945 1104 de
988 1049 1191 1120 Spiritu
1233 1059 1288 1103 et
1336 1049 1531 1104 Anima
1564 1064 1615 1103 c.
1642 1048 1736 1114 28,
1765 1063 1829 1102 ac
1856 1047 2005 1101 velut
2106 1047 2289 1104 dicere
2330 1063 2513 1104 secum
2553 1049 2784 1104 invicem.
2830 1068 2848 1099 θ
2884 1048 3066 1120 Neque
3106 1049 3401 1103 auctoritati
3436 1047 3549 1102 huic
3573 1045 3673 1101 de-

402 1160 467 1199 cx
500 1158 708 1198 canone
755 1143 781 1197 1
822 1143 1098 1214 Ant-yrani
1128 1143 1344 1199 concilii
1378 1147 1577 1197 citatur
1617 1158 1644 1195 a
1689 1141 2005 1197 Burchardo
2111 1140 2274 1195 trahit
2303 1139 2774 1211 quidquam,quod
2797 1140 3155 1197 Tertulliauus
3180 1140 3454 1212 Apologet.
3482 1155 3592 1210 cap.
3614 1137 3672 1206 9.,

400 1236 499 1293 lib.
554 1253 607 1302 x,
643 1255 692 1290 c.
747 1237 811 1298 1;
847 1236 1011 1291 [Vorte
1068 1237 1245 1305 p.11,
1278 1251 1328 1291 c.
1388 1236 1476 1301 50,
1532 1246 1586 1291 et
1626 1235 1884 1292 Gratiano
1909 1236 2001 1302 26,
2111 1234 2251 1289 istud
2298 1234 2513 1289 invicem
2556 1236 2939 1305 prmtermittit.
2989 1250 3052 1290 ac
3095 1233 3275 1289 dicere
3321 1234 3447 1288 satis
3495 1232 3672 1296 habet,

402 1342 597 1401 qmcst.
629 1332 685 1392 5,
718 1346 770 1386 c.
808 1330 896 1386 12.
952 1328 1050 1385 Cui
1101 1331 1519 1400 adjudicandum
1554 1332 1646 1395 sit,
1697 1348 1802 1386 non
1852 1330 2008 1386 facile
2112 1324 2342 1381 Plinium
2370 1326 2437 1381 ad
2464 1326 2755 1397 Trajauttm
2783 1326 3093 1397 scripsisse,
3134 1346 3151 1377 ι
3189 1325 3317 1380 nihil
3347 1324 3482 1380 aliud
3518 1339 3575 1380 se
3608 1323 3679 1379 de

405 1424 715 1479 definiatur.
748 1422 827 1478 Ad
855 1423 1170 1493 praedictum
1205 1425 1271 1479 de
1300 1426 1497 1492 Spiritu
1526 1433 1581 1479 et
1604 1427 1781 1479 anima
1810 1424 2009 1480 librum
2114 1419 2472 1475 sacramentis
2529 1433 2717 1474 eorum
2773 1418 3275 1490 (Christianorum)
3332 1419 3677 1488 comperisse,

406 1515 551 1587 quod
577 1517 794 1579 attinet,
823 1532 945 1571 cum
976 1517 1021 1571 is
1062 1532 1200 1586 pene
1235 1532 1417 1573 merus
1458 1528 1617 1572 cento
1645 1518 1714 1573 sit
1744 1533 1810 1572 ex
1848 1516 2012 1571 variis
2116 1528 2276 1584 quam
2302 1521 2472 1569 coetus
2519 1511 2867 1567 antelucanos
2913 1512 2976 1565 ad
3030 1510 3326 1567 cauendum
3377 1510 3582 1567 Christo
3628 1518 3683 1565 ct

407 1612 679 1679 excerptis
718 1609 1085 1680 undequaque
1128 1610 1285 1664 lectis
1331 1609 1619 1676 conflatus,
1647 1618 1790 1663 totus
1821 1609 1914 1663 ille
1945 1608 2013 1662 de
2119 1605 2252 1660 Deo.
2297 1628 2309 1658 ι
2346 1605 2419 1660 lbi
2445 1605 2588 1660 enim
2637 1604 3002 1669 Tertulliano,
3052 1604 3209 1660 Plinii
3256 1619 3358 1659 non
3396 1614 3495 1658 tam
3524 1602 3683 1658 verba

412 1701 652 1758 seductis
681 1701 1019 1757 mulierculis
1063 1702 1216 1757 locus
1262 1702 1482 1756 aliunde
1529 1700 1769 1757 adscitus
1818 1698 2016 1755 merito
2120 1712 2280 1769 quam
2329 1697 2654 1753 sententiam
2706 1698 2990 1755 referenti.
3041 1696 3182 1751 licita
3245 1696 3340 1751 fttit
3388 1695 3683 1767 huiusmodi

414 1805 723 1850 censeatur.
764 1794 870 1850 Sed
910 1810 1088 1865 neque
1131 1796 1270 1849 inter
1299 1794 1664 1864 Anquirensis
1706 1808 1801 1847 seu
1833 1794 2013 1864 Ancy-
2123 1790 2529 1861 prtetcrmisdo.
2561 1789 2641 1844 Ex
2670 1798 2852 1844 mutua
2875 1797 3049 1844 autem
3077 1789 3360 1844 verborum
3391 1788 3687 1843 PliniiTer-

417 1890 534 1943 rani
576 1888 790 1943 concilii
837 1902 1075 1942 canones
1117 1898 1418 1956 comparet.
1464 1886 1718 1941 Restaret
1762 1886 1925 1955 igitur
1961 1895 2021 1938 ut
2052 1890 2097 1950 Β
2128 1886 2449 1955 tnllianique
2490 1884 2779 1940 collatione
2810 1898 2978 1955 prope
3007 1896 3152 1939 certa
3193 1882 3398 1939 videtur
3423 1880 3683 1937 Lombcrti

416 1980 568 2035 illum
618 1980 997 2050 praenomiuati
1044 1994 1312 2034 canonum
1357 1980 1746 2050 compilatores
1796 1994 1861 2034 ex
1917 1976 2023 2032 Ro—
2128 1979 2459 2051 conjecmra,
2495 1994 2597 2049 qua
2630 1994 2728 2049 pro
2758 1978 2959 2034 Christo
3000 1990 3046 2033 et
3088 1977 3217 2046 Deo,
3258 1977 3393 2049 apud
3420 1976 3691 2033 Tertullia-

421 2087 598 2127 mante
639 2072 833 2143 synodi
861 2072 1028 2142 gestis
1058 2072 1111 2127 in
1150 2073 1259 2126 vita
1307 2072 1525 2127 Damasi
1567 2071 1799 2125 laudatis
1840 2086 2025 2139 sump-
2130 2091 2257 2129 num
2307 2072 2510 2128 Christo
2560 2082 2614 2126 ut
2656 2072 2764 2126 Deo
2804 2071 3194 2128 restituendum
3236 2086 3352 2127 esse
3396 2070 3688 2125 arbitratur.

425 2168 564 2220 sisse
606 2165 1008 2234 jndicarentur,
1070 2166 1169 2219 nisi
1234 2166 1344 2220 duo
1400 2166 1681 2220 obstarent
1719 2183 1729 2218 :
1767 2167 2026 2233 primum,
2131 2168 2262 2236 Quis
2284 2168 2426 2223 enim
2457 2182 2564 2222 non
2592 2168 3002 2234 animadvertat,
3026 2182 3145 2222 eum
3175 2165 3300 2221 illud
3327 2165 3478 2220 Plinii
3498 2162 3693 2218 Christo

425 2256 567 2328 quod
600 2271 631 2310 a
659 2257 806 2312 nullo
827 2272 1015 2311 eorum
1041 2267 1135 2312 aut
1162 2257 1397 2312 Damaso
1418 2269 1509 2313 aut
1538 2259 1795 2313 Romana:
1820 2258 2028 2331 synodo
2132 2262 2279 2333 quasi
2315 2261 2421 2315 Deo
2445 2261 2750 2331 exprimere
2780 2259 3015 2315 voluisse
3036 2302 3051 2327 ,
3082 2259 3317 2330 adeoque
3342 2268 3395 2312 ut
3421 2273 3512 2328 pro
3533 2258 3691 2325 quasi,

425 2351 780 2416 attribuatur;
809 2351 1065 2417 alterum,
1099 2350 1243 2419 quod
1271 2352 1414 2421 apud
1447 2353 1567 2407 illos
1590 2352 1798 2421 plenior
1818 2354 2028 2407 etinte-
2133 2370 2241 2410 non
2272 2363 2318 2409 et
2338 2397 2352 2421 ,
2386 2353 2636 2410 debuisse
2666 2353 2944 2409 Scribere?
2970 2352 3127 2408 Certe
3166 2351 3216 2406 in
3266 2350 3522 2407 veterabus
3548 2348 3696 2404 libris

427 2446 595 2515 grior,
631 2444 682 2497 in
716 2444 823 2498 vita
861 2453 1040 2499 autem
1077 2445 1289 2500 Damasi
1324 2449 1494 2517 magis
1524 2448 1741 2515 jejunus
1763 2462 1825 2501 ac
1864 2448 2032 2501 mani-
2136 2460 2183 2504 et
2212 2464 2309 2519 pro
2340 2459 2397 2502 ut
2429 2448 2681 2520 frequens
2722 2448 2933 2519 legitur.
2984 2447 3049 2502 Et
3081 2446 3131 2502 id
3165 2444 3371 2517 quidem
3403 2444 3484 2499 hic
3521 2443 3697 2499 ob~er~

427 2537 568 2591 feste
616 2534 929 2591 decurtatus
975 2547 1234 2608 appareat
1262 2555 1273 2591 :
1300 2536 1547 2607 adeoque
1592 2538 1703 2594 illic
1759 2554 1824 2593 ex
1883 2537 2034 2594 fonte
2139 2544 2372 2599 validum
2417 2543 2576 2608 duxi,
2609 2541 2836 2614 utquod
2866 2542 3113 2612 superius
3143 2556 3260 2612 pag.
3285 2540 3350 2595 59
3380 2538 3430 2593 in
3458 2537 3691 2593 eumdem

428 2641 618 2697 Purus.
652 2627 738 2681 hic
768 2635 951 2681 θυῑθῐη
988 2640 1278 2697 εοιτιιριιιε
1310 2628 1460 2683 “HM-
1493 2629 1739 2694 Βτενὶηεν
1779 2629 1874 2684 sed
1910 2628 2035 2685 huic
2139 2636 2452 2693 Tertulliani
2505 2636 2679 2691 locttm
2732 2651 2798 2690 ex
2846 2635 3107 2691 relatione
3154 2650 3258 2689 non
3297 2633 3422 2689 satis
3463 2641 3692 2686 accurata

437 2720 664 2773 omnino
690 2718 867 2774 simile
891 2728 975 2773 est
1002 2719 1280 2775 decretum
1311 2720 1480 2785 aliud,
1513 2720 1655 2791 quod
1686 2720 2037 2776 Bnrchardus
2140 2731 2314 2787 obiter
2339 2738 2655 2784 auuotatum
2680 2728 2885 2794 fuerat,
2918 2727 3041 2784 inde
3079 2730 3390 2799 corrigatur.
3425 2725 3610 2781 Verum
3641 2732 3695 2778 ut

432 2811 528 2866 lib.
561 2829 620 2877 κ,
652 2826 700 2867 c.
729 2811 820 2874 29,
854 2822 909 2867 et
936 2812 1025 2867 lvo
1060 2828 1112 2883 p.
1150 2815 1237 2877 11,
1263 2829 1312 2869 c.
1343 2814 1436 2880 54,
1477 2829 1543 2870 ex
1573 2814 1871 2885 Agatltensi
1903 2830 2037 2869 con-
2142 2820 2207 2875 ad
2237 2820 2309 2885 id,
2339 2820 2480 2875 unde
2527 2819 2756 2891 digressi
2810 2818 3115 2884 fueramus,
3145 2818 3470 2890 regrediatur
3497 2815 3694 2879 oratio,

444 2906 571 2959 cilio
600 2919 650 2959 c.
684 2905 718 2960 4
741 2905 930 2971 citant,
960 2908 1210 2974 quamvis
1232 2907 1299 2962 ab
1329 2908 1433 2963 hoc
1456 2909 1686 2962 Concilio
1716 2910 1918 2978 pariter
1946 2909 2041 2964 ab-
2143 2914 2349 2969 Plinins
2381 2913 2486 2979 ibi,
2522 2929 2626 2967 non
2658 2927 2813 2968 secus
2836 2920 2995 2983 atque
3024 2912 3273 2968 Socrates
3300 2924 3475 2980 supra.
3507 2915 3698 2962 tantum

437 3000 543 3056 sit:
576 3021 593 3048 τί
632 3000 1058 3070 Perquirendum
1098 3013 1181 3057 est
1228 3003 1274 3057 si
1317 3003 1495 3072 aliqua
1541 3003 1753 3057 femitna
1800 3003 1891 3068 sit,
1922 3018 2042 3072 quae
2146 3005 2797 3078 hymnosquosdam,nou
2824 3005 3114 3076 generatim
3147 3003 3439 3075 psalmosin
3457 3000 3701 3055 Christia-

441 3107 540 3162 per
570 3092 816 3162 quaedam
845 3093 1106 3149 maleficia
1129 3103 1184 3149 et
1206 3094 1605 3150 incantationes
1630 3103 1841 3151 mentes
1871 3094 2044 3150 homi-
2147 3116 2338 3156 norum
2375 3101 2603 3155 coetibus
2635 3101 2937 3155 alternatim
2965 3099 3276 3155 decantatos
3300 3104 3567 3151 memorat.
3590 3092 3701 3149 Plc-

441 3200 571 3240 num
604 3200 664 3240 se
697 3187 985 3241 immutare
1033 3201 1191 3256 posse
1223 3187 1389 3253 dicat,
1418 3186 1471 3242 id
1502 3198 1608 3254 est,
1641 3198 1697 3241 ut
1734 3187 1805 3242 de
1832 3187 1958 3241 odio
1992 3188 2043 3242 in

2172 3195 2304 3265 'iqt-ie
2340 3208 2468 3250 vero
2508 3194 2784 3250 decretum
2829 3194 3045 3248 allatum
3093 3193 3158 3248 de
3201 3192 3517 3264 psalmorum
3555 3197 3703 3243 cantu

442 3292 711 3343 amorem,
744 3286 839 3332 aut
867 3278 935 3333 de
965 3294 1150 3334 amore
1181 3279 1239 3333 in
1258 3280 1441 3334 odium
1465 3290 1770 3342 convertat,
1794 3290 1883 3335 aut
1900 3280 2039 3335 bona

2172 3289 2369 3343 tlternis
2437 3288 2647 3343 vicibus
2710 3287 3032 3343 celebrando
3104 3288 3543 3357 interpretantur,
3617 3296 3705 3336 nec

446 3374 731 3429 hominum
765 3384 859 3429 aut
888 3374 1107 3431 damnet
1136 3385 1228 3430 aut
1262 3376 1524 3448 subripiat
1554 3396 1565 3432 :
1591 3388 1643 3432 et
1665 3378 1711 3432 si
1737 3379 1913 3449 aliqua
1942 3389 2045 3445 est,

445 3485 569 3540 quae
603 3484 664 3524 se
693 3468 838 3524 dicat
867 3484 988 3524 cum
1018 3469 1326 3525 daemonum
1352 3470 1505 3525 turba
1552 3472 1602 3525 in
1636 3471 2046 3527 similitudinem

446 3565 736 3620 mulierum
781 3564 1163 3619 transformata
1201 3565 1365 3619 certis
1398 3566 1651 3621 noctibus
1678 3568 1924 3634 equitare
1954 3581 2048 3618 su-

447 3674 546 3730 per
572 3657 833 3728 qnasdam
858 3658 1063 3713 bestias
1084 3698 1099 3721 ,
1121 3666 1175 3712 et
1206 3658 1257 3712 in
1282 3673 1470 3712 eorum
1494 3660 1771 3713 consortio
1792 3674 2054 3714 annume—

450 3760 624 3805 ratam
674 3764 823 3815 esse;
864 3749 978 3803 haec
1011 3749 1136 3803 talis
1180 3750 1509 3805 omnimodis
1555 3750 1735 3821 scopis
1775 3765 2052 3823 correpta,

450 3858 518 3898 ex
552 3843 807 3911 parochia
832 3842 1098 3913 ejiciatur.
1142 3862 1160 3892 ι

528 3938 616 3993 10.
665 3935 746 3991 De
787 3936 1071 3990 Missurum
1111 3936 1530 3991 celebrandarum
1561 3938 1709 3992 hora.
1748 3969 1819 3979 —
1854 3940 2055 3995 Decre-

457 4041 572 4086 tum
606 4030 636 4083 7
668 4029 737 4084 dc
775 4029 922 4083 horis
952 4028 1148 4098 quibus
1191 4029 1381 4083 Missas
1416 4031 1697 4086 celebrare.
1731 4031 1909 4096 liceat,
1952 4048 2058 4087 non

456 4128 638 4183 minus
671 4125 884 4179 videtur
912 4123 1181 4183 fictitium.
1206 4138 1366 4193 quam
1396 4123 1649 4179 Nicmnus
1678 4141 1872 4191 canon,
1908 4127 2062 4197 cujus

457 4220 742 4277 renovatio
794 4219 848 4272 in
893 4232 959 4273 eo
989 4216 1321 4272 obtenditur.
1362 4218 1507 4273 Inter
1545 4234 1627 4285 ea,
1673 4237 1793 4289 qum
1824 4221 2063 4278 Isidorus

460 4317 731 4371 Mercator
763 4314 950 4381 priuis
974 4312 1317 4381 pontificibus
1339 4312 1574 4381 affinxit,
1595 4324 1773 4369 exstat
1796 4315 1935 4370 istud
1955 4316 2061 4371 Tc-

458 4408 702 4479 lesphori
754 4421 904 4476 papae
949 4406 1170 4459 nomine
1215 4422 1228 4459 :
1275 4425 1293 4456 ι
1343 4405 1587 4475 Reliquis
1623 4408 1957 4476 temporibus
2004 4412 2063 4480 (a

463 4512 622 4559 nocte
680 4500 976 4556 nativitatis
1028 4498 1279 4566 Domini)
1333 4498 1615 4554 Missarum
1668 4501 2065 4558 celebrationes

462 4604 589 4651 ante
644 4593 832 4649 horam
889 4593 1107 4646 tertiam
1175 4589 1400 4646 minime
1451 4602 1577 4647 sunt
1626 4593 2000 4660 celebrandm;
2044 4616 2061 4647 ι

2152 3382 2367 3438 aliunde
2395 3381 2623 3453 permoti
2661 3382 2944 3437 Damasum
2976 3397 3103 3437 usus
3149 3381 3302 3451 hujus
3338 3387 3596 3434 auctorem
3627 3374 3701 3430 fa-

2152 3478 2319 3533 ciunt.
2366 3475 2520 3544 Quod
2559 3475 2771 3545 quidem
2821 3478 2891 3530 ita
2943 3490 3253 3547 persuasum
3293 3473 3514 3529 habebat
3558 3480 3696 3526 vetus

2153 3571 2388 3636 scriptor
2416 3584 2446 3623 a
2475 3568 2781 3623 Mabillonio
2811 3577 2994 3623 nostro
3024 3568 3171 3639 prmi.
3204 3567 3255 3622 in
3287 3583 3323 3621 tt
3348 3581 3459 3636 par.
3487 3580 3605 3620 δίκε.
3637 3579 3699 3628 tv,

2156 3658 2274 3715 Act.
2308 3659 2510 3714 Bened.
2545 3676 2597 3714 n.
2631 3659 2738 3715 210
2767 3660 3068 3725 Laudatus,
3099 3670 3155 3714 ut
3184 3660 3233 3713 in
3258 3657 3596 3728 Chronologia
3625 3656 3703 3711 Li-

2157 3752 2363 3806 rinensi
2395 3750 2461 3807 de
2490 3753 2545 3808 S.
2579 3752 2859 3823 Agricolo,
2891 3753 2982 3822 qui
3008 3767 3072 3808 ex
3102 3752 3359 3808 Lirinensi
3385 3750 3622 3811 coenobio
3649 3748 3709 3803 ad

2158 3847 2551 3902 Aveniunensis
2590 3846 2833 3903 ecclesirc
2862 3846 3173 3902 cathedram
3200 3854 3376 3916 raptus
3412 3842 3593 3907 fuerat,
3622 3857 3708 3897 eo-

2160 3955 2265 4010 que
2293 3950 2508 3995 cantum
2540 3940 2803 3996 alternum
2827 3940 3077 3995 inducere
3105 3939 3366 4003 voluerat,
3396 3938 3526 3993 istud
3550 3938 3703 3991 tradi-

2163 4031 2303 4087 derit
2332 4030 2414 4085 his
2439 4030 2652 4086 verbis:
2685 4053 2701 4082 ‹
2742 4029 2920 4085 Voluit
2959 4030 3118 4085 etiam
3161 4030 3315 4084 horas
3353 4029 3623 4084 canonicas
3659 4036 3706 4082 ct

2165 4124 2344 4180 divina
2391 4124 2570 4179 officia
2618 4123 2872 4196 deinceps
2927 4125 2980 4179 in
3024 4124 3207 4179 eadem
3256 4123 3474 4179 ecclesia
3528 4122 3700 4177 eodem

2166 4218 2356 4286 modo,
2389 4233 2496 4289 quo
2520 4219 2758 4274 solerent
2780 4218 2830 4273 in
2860 4218 3223 4283 monasteriis,
3253 4218 3453 4272 alternis
3482 4214 3711 4270 videlicet

2167 4313 2398 4368 cantibus
2428 4314 2659 4368 recitari.
2684 4313 2930 4368 Nondum
2958 4313 3097 4367 enim
3130 4313 3182 4366 in
3211 4310 3312 4365 illis
3333 4309 3558 4381 partibus
3579 4310 3711 4361 iuva.

2170 4408 2343 4462 luerat
2373 4408 2462 4462 ille
2511 4422 2658 4468 mos,
2691 4422 2846 4485 quem
2883 4406 3085 4477 aliquot
3126 4415 3248 4460 ante
3278 4419 3442 4459 annos
3481 4401 3711 4457 Πιτυιαδυς

2168 4499 2411 4570 pontifex
2441 4500 2702 4555 maximus
2726 4500 3021 4555 invexerat.
3066 4520 3082 4548 3

2246 4591 2330 4646 12.
2393 4590 2553 4646 Moris
2598 4592 2750 4664 hujus
2794 4600 2974 4645 auctor
3026 4589 3313 4643 Ambrosius
3354 4590 3405 4642 in
3451 4586 3714 4641 Occidente.

463 4690 619 4757 cujus
648 4688 939 4743 falsitatem
972 4686 1039 4742 de
1066 4688 1183 4756 ipso
1213 4684 1548 4756 Telesphoro
1577 4695 1800 4757 agentes
1822 4704 1944 4760 pag.
1966 4690 2057 4756 59,
2092 4681 2141 4742 Ι)
2170 4683 2452 4739 Flavianus
2494 4694 2539 4738 et
2587 4683 2850 4738 Diodorus
2888 4685 2941 4736 in
2988 4680 3211 4736 Oriente.
3252 4711 3319 4721 —
3365 4679 3533 4736 Nihilo
3559 4690 3716 4734 tamen
3806 4750 3809 4755 _

465 4779 837 4851 probavimus.

540 4875 628 4932 Η.
661 4875 742 4929 Αη
770 4875 1086 4946 psalmorum
1112 4873 1325 4930 alternis
1349 4876 1544 4930 vicibus
1582 4877 1931 4932 canendorum
1966 4878 2071 4933 Da-

470 4986 643 5025 masus
670 4970 737 5022 sit
767 4977 968 5022 auctor.
1011 4998 1080 5009 —-
1107 4968 1393 5024 Decretum
1420 4969 1474 5033 8,
1504 4985 1611 5041 quo
1643 4972 1842 5026 dicitur
1867 4972 1923 5028 S.
1962 4973 2069 5027 Da;

470 5075 656 5114 masus
686 5060 1072 5123 constituisse,
1112 5080 1128 5110 ι
1165 5069 1223 5113 ut
1263 5061 1451 5129 psalmi
1488 5062 1575 5117 die
1613 5072 1882 5135 noctuque
1914 5080 2074 5121 cane-

471 5164 662 5209 rentur
706 5167 804 5224 per
840 5167 1027 5207 omnes
1072 5154 1367 5220 ecclesias,
1405 5172 1424 5203 ο
1461 5164 1624 5224 atque
1669 5155 1793 5218 hoc,
1835 5165 1893 5210 ut
1930 5160 2070 5227 apud

473 5247 815 5301 Anasmsium
864 5244 1107 5310 additur,
1142 5264 1161 5295 ’ί
1199 5244 1533 5317 presbyteris
1575 5258 1627 5301 et
1678 5249 1946 5320 episcopis
1987 5252 2075 5307 vel

477 5339 822 5401 monasteriis
859 5358 878 5390 ι
917 5338 1264 5408 ρηιιεερίςεε,
1300 5338 1522 5410 intelligi
1546 5338 1835 5411 dupliciter
1861 5352 2069 5413 potest:

474 5431 557 5486 vel
588 5431 841 5485 nimirum
870 5440 929 5486 ut
972 5430 1291 5502 simpliciter
1320 5443 1665 5502 canerentur,
1701 5434 1781 5489 vel
1812 5444 1869 5489 ut
1903 5440 2073 5492 alter-

476 5524 561 5578 nis
587 5524 815 5579 vicibus.
868 5531 935 5577 At
974 5540 1104 5578 vero
1148 5523 1291 5579 hunc
1339 5539 1544 5578 morem
1578 5535 1634 5581 ut
1680 5540 1775 5597 per
1814 5528 2075 5583 ecclesias

474 5619 669 5686 psalmi
714 5616 1032 5688 simpliciter
1067 5628 1418 5685 canerentur,
1453 5633 1559 5674 non
1607 5636 1636 5674 a
1685 5620 1918 5676 Damaso
1964 5639 2075 5679 cce-

476 5710 622 5779 pisse
641 5752 656 5775 ,
688 5710 783 5763 sed
812 5710 880 5764 ab
903 5710 1161 5767 Ecclesize
1191 5712 1341 5767 initio
1368 5727 1581 5783 semper
1609 5715 1912 5770 obtinuisse
1936 5719 2075 5773 anti-

474 5800 689 5869 quitatis
721 5802 875 5871 periti
904 5804 1158 5857 sentiunt.
1197 5801 1262 5858 Ut
1291 5806 1451 5859 etiam
1494 5806 1679 5878 hymni
1713 5808 1959 5862 nonnulli
1992 5810 2071 5864 al-

467 5897 630 5951 ternis
658 5894 836 5950 choris
864 5892 1305 5963 decantarentttr,
1358 5897 1415 5952 S.
1463 5896 1725 5969 lgnatium
1770 5900 2068 5960 Antioche-

2174 4781 2351 4834 minus
2380 4778 2596 4834 Cardin.
2640 4778 2785 4833 Bona
2827 4776 2894 4831 de
2932 4776 3044 4830 Div.
3088 4774 3345 4846 psalmud.
3381 4789 3427 4830 c.
3455 4772 3546 4833 16.
3574 4790 3624 4827 n.
3655 4775 3672 4827 i
3701 4814 3714 4839 ,

2173 4871 2376 4927 erroris
2400 4886 2495 4926 eos
2522 4878 2703 4936 notat,
2736 4870 2824 4941 qui
2851 4870 3131 4924 Damasum
3152 4877 3335 4924 cantus
3354 4867 3534 4923 alterni
3561 4866 3610 4921 in
3631 4866 3719 4921 0c-

2174 4965 2389 5021 cidente
2418 4972 2696 5018 auctorem
2725 4974 3006 5028 asserunt,
3042 4977 3162 5018 cum
3203 4971 3456 5033 quotquot
3491 4962 3541 5016 in
3576 4961 3718 5015 latina

2177 5058 2407 5115 ecclesia
2455 5057 2524 5114 de
2568 5060 2735 5113 sacris
2779 5058 2969 5113 ritibus
3009 5055 3274 5122 scribunt,
3318 5056 3537 5111 inducue
3581 5052 3718 5120 hujus

2178 5152 2585 5210 consuetudinis
2608 5154 2830 5224 gloriam
2864 5152 3145 5207 Ambrosio
3180 5150 3402 5206 tribuant
3423 5192 3437 5213 ,
3482 5149 3717 5203 nitantur-

2179 5264 2284 5321 que
2318 5248 2625 5303 testimonio
2654 5247 2961 5318 Augustini,
2985 5245 3075 5317 qui
3108 5245 3200 5300 lib.
3233 5261 3281 5300 Ix
3317 5241 3462 5300 Couf.
3492 5256 3538 5295 c.
3567 5241 3595 5294 7
3624 5254 3717 5294 rem

2179 5343 2453 5399 memorim
2480 5342 2751 5398 mandavit
2779 5344 2830 5398 in
2856 5342 2995 5396 hunc
3018 5339 3229 5396 modum
3255 5358 3305 5394 ει
3331 5338 3438 5394 Νοιι
3468 5337 3613 5406 longe
3628 5348 3720 5389 co:-

2178 5448 2331 5510 perat
2356 5436 2765 5493 Mediolanensis
2794 5437 3016 5493 ecclesia
3048 5450 3216 5506 genus
3251 5434 3348 5489 hoc
3372 5427 3717 5488 consolationis

2180 5540 2236 5588 et
2260 5529 2653 5587 exhortationis
2702 5530 3018 5592 celebrare,
3072 5542 3260 5597 magno
3312 5523 3482 5581 Sittdin
3522 5520 3716 5575 {nitrum

2180 5623 2582 5681 concinentium
2628 5623 2847 5679 vocibus
2888 5630 2942 5677 et
2983 5618 3252 5675 cordibus.
3286 5615 3532 5673 Nimirum
3571 5625 3719 5667 annus

2180 5726 2327 5783 erat,
2361 5725 2453 5771 aut
2481 5731 2587 5771 non
2622 5718 2789 5771 multo
2815 5714 3044 5783 amplius
3066 5757 3079 5779 ,
3110 5727 3229 5767 cum
3271 5708 3471 5767 Justina
3512 5703 3718 5758 Valenti-

2180 5811 2322 5866 niani
2371 5810 2510 5878 regis
2558 5811 2706 5881 pueri
2737 5819 2909 5864 mater
2937 5806 3204 5862 hominem
3237 5816 3381 5858 tuum
3413 5796 3716 5853 Ambrosium

2181 5911 2597 5973 persequeretur
2642 5900 2862 5957 hat-rosis
2908 5913 3017 5955 suae
3065 5912 3263 5963 causa,
3314 5906 3411 5963 qua
3446 5889 3602 5946 fuerat
3641 5902 3717 5942 sco:
