3874 6438
207 452 232 510 1
243 450 345 509 209

834 447 1148 507 CENSURA
1195 445 1666 504 DECRETORUM
1703 446 1982 505 DAMASO
2021 454 2040 506 l
2083 452 2288 509 PAPIE
2334 453 2846 514 ASCRIPTORUM.

3341 464 3480 520 1210

203 569 362 626 ducta
411 569 479 624 ab
521 567 750 623 Ariauis.
792 565 1100 621 Excubabat
1134 565 1216 634 pia
1256 563 1405 635 plebs
1437 564 1488 618 in
1516 562 1742 618 ecclesia
1767 602 1783 628 ,
1814 561 1868 621 Α
1895 565 2144 629 tandum,
2181 568 2324 632 lure,
2361 588 2378 618 ι
2415 567 2661 624 Nondum
2689 572 2834 626 enim
2859 571 2911 626 in
2937 571 3039 628 illis
3068 574 3306 643 partibus
3329 575 3482 632 inva-

205 665 345 720 mori
395 672 579 734 parata
620 678 739 718 eum
774 664 1027 731 episcopo
1067 675 1166 714 suo
1208 675 1362 714 servo
1403 667 1585 713 tuo....
1629 657 1782 712 Tunc

207 755 392 828 hymni
433 765 488 810 et
535 756 717 823 psalmi
767 764 824 808 ut
871 763 1194 808 canerentur
1243 751 1534 808 secundum
1577 765 1783 806 morem

205 847 565 904 Orientalium
631 846 891 916 partium,
966 860 1030 899 ne
1063 844 1287 913 populus
1341 842 1588 898 mmroris
1633 840 1792 895 tardio

205 939 649 1003 contabesceret,
684 939 984 993 institutum
1018 948 1128 1003 est,
1170 947 1223 992 et
1249 952 1317 991 ex
1349 937 1444 990 illo
1492 938 1543 990 in
1576 934 1791 989 bodier-

203 1049 335 1088 num
367 1044 666 1096 retentum,
694 1031 872 1086 multis
915 1031 1026 1102 jam
1060 1046 1122 1086 ac
1153 1045 1288 1100 pene
1331 1029 1580 1084 onmibus
1617 1027 1790 1097 gregi-

202 1125 306 1182 bus
335 1125 439 1179 tuis
465 1136 513 1178 et
548 1139 644 1195 per
667 1137 859 1179 cietera
884 1124 1028 1179 orbis
1060 1123 1408 1178 imitantibus.
1443 1143 1460 1173 ι
1492 1121 1547 1175 In
1571 1119 1789 1174 Oriente

201 1229 414 1281 autem,
453 1216 790 1272 Theodoreto
837 1217 926 1270 lib.
971 1233 1004 1273 ιι
1052 1217 1186 1272 liist.
1228 1217 1362 1271 eccl.
1415 1230 1463 1270 c.
1513 1213 1582 1268 9.4
1621 1223 1786 1288 teste,

203 1309 491 1366 Flavianus
517 1323 579 1363 ac
610 1309 902 1375 Diodorus,
947 1324 1065 1363 eum
1110 1307 1282 1362 adhuc
1311 1307 1448 1361 inter
1474 1307 1638 1360 laicos
1665 1320 1788 1360 ver—

202 1412 474 1467 sarentur,
510 1423 526 1454 t
569 1404 723 1472 primi
765 1403 1103 1473 psallentium
1140 1403 1338 1456 clioros
1369 1401 1502 1453 duas
1529 1399 1580 1452 in
1609 1405 1792 1469 partes

200 1495 524 1557 diviserunt,
557 1507 609 1548 et
646 1495 923 1549 Davidicos
954 1495 1181 1566 hymnos
1215 1493 1438 1548 alternis
1460 1506 1655 1546 canere
1690 1489 1790 1542 tio-

201 1598 468 1643 currunt:
501 1588 640 1655 quod
669 1589 881 1659 quidem
915 1599 1036 1642 tunc
1070 1589 1298 1657 primum
1335 1585 1634 1641 Antioi-liia:
1677 1582 1791 1637 fieri

201 1689 482 1750 carptum,
528 1678 652 1734 inde
697 1679 761 1732 ad
814 1679 1048 1747 reliquos
1075 1679 1341 1747 pervasit,
1384 1689 1436 1732 et
1467 1677 1530 1731 ad
1577 1677 1792 1730 ultimos

212 1787 387 1842 usque
412 1783 670 1826 terrarqu
715 1772 844 1826 fines
875 1771 1138 1840 perlatum
1170 1778 1268 1825 est.
1309 1791 1325 1821 ι

279 1865 365 1918 13.
405 1862 518 1917 Dici
545 1866 714 1929 nequit
745 1881 856 1917 eum
885 1883 915 1917 a
951 1865 1171 1917 Damaso
1198 1865 1554 1931 confirmation
1581 1880 1705 1916 esse.
1725 1893 1794 1903 —

1895 655 2065 712 iuerat
2105 659 2194 713 ille
2236 675 2390 724 mos,
2429 676 2585 731 quem
2629 664 2833 734 aliquot
2870 676 2993 720 ante
3025 681 3193 722 annos
3229 669 3487 725 Damasus

1895 751 2130 818 pontifex
2163 754 2427 808 maximus
2455 755 2770 822 invexerat,
2813 778 2830 806 ι
2875 759 3096 814 minime
3141 761 3196 815 S.
3246 761 3481 831 Agricoli

1895 844 2055 898 verba
2085 861 2233 909 esse,
2266 847 2359 900 sed
2389 847 2807 918 ehronograolii.

1966 938 2052 992 14.
2081 939 2158 993 Au
2192 939 2447 996 Damasus
2475 944 2821 1008 constituerit,
2845 955 2902 998 ut
2923 945 3126 1002 GLORIA
3150 948 3339 1015 ΡΑτιιι,
3358 960 3484 1018 etc.,

1895 1030 2104 1099 psalmis
2136 1033 2548 1103 subjungeretur.
2577 1065 2648 1074 —
2670 1037 2749 1089 An
2787 1036 2973 1092 saltem
3021 1037 3353 1094 admittenda
3383 1040 3479 1096 de-

1895 1126 2026 1177 creti
2057 1125 2221 1179 ultimi
2247 1141 2514 1196 postrema
2542 1142 2663 1197 pars
2683 1170 2698 1196 ,
2723 1145 2827 1199 qua
2851 1129 3112 1184 Dnuasus
3132 1133 3476 1188 constituisse

1893 1214 2110 1280 dicitur,
2139 1225 2194 1269 ut
2224 1218 2272 1270 in
2307 1217 2411 1272 fine
2438 1219 2697 1289 cujusque
2730 1221 2919 1289 psalmi
2944 1219 3122 1275 Gloria
3153 1222 3322 1290 Patri,
3351 1233 3480 1289 etc.,

1893 1307 2306 1377 adjungcretur?
2322 1307 2622 1364 Cardiualis
2649 1311 2792 1366 Bona
2811 1313 2876 1366 de
2905 1313 3019 1366 Div.
3039 1316 3228 1382 psalm.
3251 1330 3370 1384 cap.
3393 1316 3481 1382 16,

1895 1415 1950 1454 ιι.
1973 1399 2028 1461 ‘2,
2061 1399 2271 1466 fatetur,
2299 1401 2496 1456 mulzos
2519 1403 2808 1472 scriptores
2855 1405 3089 1472 alioiuin
3140 1406 3243 1461 fide
3275 1405 3481 1477 dignis-

1895 1493 2061 1545 sitnos
2093 1491 2226 1548 hanc
2256 1493 2560 1564 doxoiogiac
2602 1495 2654 1549 in
2703 1495 2808 1551 line
2849 1497 3177 1566 psalmorum
3226 1497 3485 1553 cauenda:

1897 1585 2068 1654 legem
2114 1584 2180 1639 ad
2231 1587 2512 1641 Damasum
2563 1587 2797 1654 referre,
2831 1605 3055 1660 eamque
3100 1591 3166 1645 ab
3205 1591 3306 1646 lioe
3353 1606 3485 1662 papa

1898 1676 2206 1747 Hieronymi
2233 1693 2490 1745 persuasu
2515 1688 2568 1734 et
2587 1679 2806 1735 inductu
2833 1682 2988 1736 latam
3007 1683 3485 1739 arbitrariﬁ’erum

1900 1767 1996 1822 bos
2029 1769 2282 1838 deceptos
2312 1786 2432 1826 esse
2473 1781 2651 1826 nionet
2697 1773 2994 1828 adulterina
3032 1776 3290 1845 epistola,
3325 1792 3486 1846 quam

1899 1864 2103 1917 scilicet
2131 1863 2455 1935 llzeronymo
2497 1865 2739 1921 Isidorus
2781 1867 3049 1922 Mercator
3086 1869 3400 1939 supposuit,
3432 1869 3486 1922 in

205 1953 308 2008 Pia
355 1956 681 2009 ecclesiarum
710 1956 1034 2009 mmulutione
1077 1967 1386 2027 prapagatrts
1423 1958 1538 2026 fuit.
1589 1987 1657 1996 -—
1705 1955 1792 2010 Sic
1825 1949 1872 2009 Β
1899 1970 1998 2022 qua
2031 1957 2209 2024 legere
2237 1968 2354 2010 est:
2389 1975 2405 2005 ι
2446 1955 2702 2010 Precatur
2743 1972 2873 2026 ergo
2914 1957 3087 2012 cliens
3109 1965 3264 2021 tuus,
3299 1966 3356 2011 ιιι
3381 1972 3486 2011 vox

202 2062 340 2102 vero
370 2047 618 2101 laudatus
651 2046 954 2102 C-irdiualis
987 2050 1129 2116 pium
1162 2049 1303 2103 hunc
1335 2065 1538 2103 morem
1575 2050 1643 2101 ab
1669 2053 1794 2101 Am-

203 2137 390 2192 brosio
417 2140 648 2209 primum
686 2141 734 2192 in
769 2140 1114 2194 Occidentem
1146 2140 1374 2193 affirmat
1409 2140 1789 2205 indurtum,nt

205 2236 394 2301 postea
426 2243 475 2286 ct
502 2247 530 2284 a
560 2233 786 2287 Damaso
821 2249 951 2302 papa
984 2234 1276 2302 pontificali
1321 2236 1639 2288 auctoritate
1666 2249 1794 2288 con-

199 2324 479 2380 firmatum
521 2327 833 2391 existimet,
860 2336 1019 2396 atque
1071 2327 1193 2379 hinc
1241 2327 1622 2380 historicorum
1657 2344 1794 2380 non-

205 2418 507 2482 nullorum,
543 2419 631 2486 qui
658 2419 944 2472 Damasum
974 2419 1092 2487 ejus
1119 2429 1400 2473 auctorem
1424 2420 1676 2482 credunt,
1713 2435 1796 2473 er-

205 2524 394 2566 rorem
426 2510 702 2564 effluxisse
744 2515 1022 2578 opinetur.
1057 2511 1253 2564 Verum
1286 2527 1382 2565 nec
1418 2527 1604 2565 errore
1643 2521 1797 2567 vacat

204 2601 328 2657 lucc
373 2602 576 2670 opinio.
621 2602 676 2656 Si
723 2608 867 2657 enim
917 2603 982 2656 ab
1033 2617 1097 2656 eo
1139 2611 1345 2656 tanttnu
1381 2613 1652 2674 tempore,
1687 2621 1798 2673 quo

203 2692 557 2748 Ambrosium
585 2692 797 2748 Justina
852 2696 1300 2762 persequebatur,
1332 2695 1472 2761 quod
1514 2711 1654 2749 anno
1693 2697 1797 2750 586

204 2787 466 2856 contigit,
499 2789 665 2851 cmpil
689 2789 801 2842 lucc
829 2787 1195 2852 consuetudo;
1227 2791 1500 2856 quomodo
1531 2789 1673 2842 illam
1706 2805 1799 2859 po-

203 2882 311 2935 tuit
339 2882 662 2937 Confirmare
692 2883 982 2945 Damasus,
1017 2899 1171 2950 quem
1197 2898 1340 2935 anno
1369 2884 1469 2938 38i
1500 2885 1704 2937 obiisse
1735 2899 1797 2938 ac

204 2975 464 3030 Siricium
493 2975 559 3029 ab
586 2978 740 3029 initio
768 2977 954 3029 saltem
997 2977 1120 3030 anui
1167 2978 1270 3032 38.3
1299 2993 1670 3032 successorem
1705 2977 1800 3029 lia-

205 3067 426 3130 buisse,
488 3068 654 3136 ipsius
701 3068 874 3122 Siricii
918 3068 980 3122 ad
1029 3068 1321 3122 Iiimerium
1365 3069 1588 3137 epistola
1637 3067 1797 3122 fidem

204 3161 352 3215 facit.
386 3160 454 3215 Et
473 3177 601 3216 vero
624 3179 743 3216 cum
769 3164 1098 3232 Augustinus
1123 3179 1324 3218 morem
1353 3165 1500 3218 illum
1526 3165 1676 3219 brevi
1703 3180 1799 3234 per

203 3263 384 3310 totum
417 3272 551 3324 pene
596 3258 780 3312 orbem
822 3269 1169 3327 prepagatum
1219 3269 1522 3322 memoret,
1552 3258 1689 3312 lianc
1721 3269 1801 3310 ta-

1898 2048 1992 2100 ista
2027 2046 2364 2115 psallentium
2415 2047 2466 2101 in
2513 2048 2638 2101 δρός·
2668 2057 2752 2102 tua
2799 2049 3036 2103 liomaua
3083 2048 3176 2102 diu
3221 2058 3487 2118 noctuque

1898 2151 2153 2206 canatur,
2187 2151 2232 2193 et
2280 2143 2328 2192 in
2377 2139 2481 2194 ﬁne
2515 2140 2703 2208 psalmi
2735 2140 3019 2209 cujuslibet
3061 2140 3178 2194 sive
3210 2138 3487 2193 matutinis

1897 2231 2010 2284 sive
2041 2233 2360 2299 vespertinis
2389 2230 2534 2285 boris
2577 2233 2828 2302 conjungi
2852 2233 3130 2302 praecipiat
3153 2232 3486 2301 apostolatus

1900 2321 1972 2374 tui
2003 2321 2136 2375 Ordo
2167 2320 2347 2376 Gloria
2385 2322 2528 2376 Patri
2559 2334 2605 2376 et
2636 2323 2777 2377 Filio
2807 2333 2852 2377 et
2873 2323 3096 2387 Spiritui
3119 2334 3326 2389 sancto;
3356 2325 3488 2378 sicut

1899 2427 2148 2478 erat,etc.
2175 2435 2192 2466 ι
2221 2416 2359 2471 Sane
2390 2432 2531 2470 anno
2556 2418 2680 2482 529,
2707 2427 2763 2471 ιιι
2783 2435 2846 2472 ex
2876 2419 3132 2473 \‘asensis
3173 2418 3212 2472 ll
3233 2419 3478 2485 concilii,

1897 2507 2039 2578 quod
2073 2511 2171 2562 boe
2191 2524 2331 2562 anno
2359 2518 2440 2562 est
2477 2508 2803 2563 celebratum
2828 2550 2843 2574 ,
2875 2524 3080 2564 canone
3110 2510 3163 2573 ὅ,
3197 2510 3480 2579 colligitur,

1901 2603 1986 2657 hic
2015 2618 2142 2656 usus
2171 2605 2221 2656 in
2241 2602 2426 2658 Galliis
2458 2603 2693 2656 nendum
2725 2612 2982 2672 receptus
3015 2612 3151 2667 erat,
3179 2612 3233 2656 ut
3263 2602 3487 2657 doxolo-

1899 2697 1996 2765 girc
2052 2694 2228 2748 Gloria
2285 2693 2431 2748 Patri
2482 2710 2668 2749 vet'Sus
2722 2695 2866 2751 Sicut
2917 2705 3027 2750 erat
3082 2695 3482 2765 adjungeretut‘,

1899 2790 2142 2858 quamvis
2173 2790 2363 2843 aliisin
2394 2791 2703 2859 regionibus
2727 2790 2835 2858 jam
2865 2789 3204 2844 obtinuisset.
3229 2789 3315 2842 Sic
3340 2791 3483 2843 enim

1900 2882 2136 2950 loquitur
2161 2885 2446 2937 concilium
2483 2902 2494 2935 :
2526 2907 2545 2931 α
2585 2885 2717 2949 Quia
2751 2899 2856 2937 non
2905 2885 3074 2938 solum
3107 2885 3156 2936 in
3187 2883 3312 2937 sede
3352 2897 3486 2952 apo-

1900 2978 2083 3030 stolica
2106 3018 2120 3042 ,
2146 2978 2239 3030 sed
2273 2979 2430 3030 etiam
2463 2993 2556 3044 per
2585 2987 2754 3031 totum
2783 2977 3054 3031 Orientem
3078 2987 3130 3031 et
3155 2986 3319 3030 totatu
3350 2975 3491 3029 Afri-

1900 3083 2015 3122 cam
2041 3069 2125 3122 vel
2158 3069 2379 3133 Italiam,
2414 3079 2633 3140 prOptcr
2663 3070 3038 3124 iiwreiiCot‘tttn
3080 3070 3328 3122 astutiam
3352 3110 3366 3133 ,
3399 3068 3486 3137 qui

1902 3161 1995 3214 Dei
2021 3161 2210 3214 Filium
2235 3179 2337 3215 non
2365 3176 2581 3230 semper
2603 3176 2724 3214 cum
2763 3161 2916 3215 Patre
2945 3161 3128 3224 fuisse,
3160 3159 3253 3214 sed
3285 3176 3313 3212 a
3352 3170 3485 3212 tem-

1903 3269 2032 3322 pore
2059 3258 2286 3324 empissc
2310 3255 2699 3322 blasplietnant,
2726 3255 2776 3308 in
2801 3255 3048 3307 omnibus
3069 3253 3344 3317 clausulis,
3370 3262 3488 3321 post

205 3363 334 3402 men
370 3348 579 3403 Damasi
607 3350 1069 3405 confirmationem
1101 3367 1322 3420 prorsus
1352 3353 1494 3405 silet.
1531 3352 1605 3404 Ac
1639 3353 1795 3419 looge
1827 3323 1872 3387 ο
1904 3346 2084 3400 Gloria
2105 3388 2118 3410 ,
2155 3347 2301 3400 Sicut
2349 3357 2456 3399 erm
2484 3347 2549 3398 in'
2581 3347 2840 3414 principio
2878 3345 3096 3410 dicitur,
3129 3345 3288 3398 etiam
3317 3353 3369 3398 et
3393 3360 3489 3398 nos

204 3440 543 3510 probabilius
589 3452 702 3505 est,
753 3442 993 3511 singulas
1039 3444 1298 3496 ecclesias
1349 3453 1534 3496 sancta
1565 3442 1792 3508 quadam

203 3531 550 3586 miuulatione
583 3534 786 3597 potius,
822 3550 978 3600 quam
1005 3532 1109 3586 ulla
1135 3532 1418 3598 pontificali
1444 3536 1791 3594 auctoritate,

205 3623 361 3678 illum
393 3625 701 3692 arripuisse.
729 3626 886 3680 Certe
930 3626 982 3682 iu
1027 3626 1388 3681 Aveuionensi
1417 3627 1644 3680 ecclesia
1673 3641 1792 3679 cum

207 3715 272 3768 S.
301 3713 586 3784 Agricoius
622 3717 737 3786 ejus
785 3718 1299 3771 administrationem
1341 3719 1605 3786 suscepit,
1656 3734 1792 3772 non-

211 3807 344 3862 dum
378 3807 718 3873 obtinuerat,
752 3818 807 3862 ut
837 3825 995 3878 supra
1030 3810 1279 3865 vidimus.
1318 3811 1464 3865 [dem
1499 3811 1790 3865 dicendum

203 3909 263 3954 et
309 3897 375 3952 dc
414 3898 752 3963 Arelatensi,
784 3916 904 3954 cum
937 3903 985 3955 ei
1035 3901 1317 3968 pr;l‘fcclll3
1361 3913 1445 3956 est
1482 3903 1788 3967 (licearius;

202 3991 297 4062 qui
331 4007 450 4044 cum
486 3993 697 4048 tandem
732 3995 1099 4064 impetrasset,
1138 4003 1194 4048 ut
1232 4004 1286 4049 et
1331 3996 1419 4049 illa
1451 3995 1792 4050 Consuetudo

203 4082 608 4146 admitteretur,
649 4087 902 4154 gaudium
943 4103 1096 4140 suum
1130 4090 1409 4142 continere
1442 4105 1545 4142 non
1571 4090 1789 4154 valens,

205 4176 341 4231 illud
372 4177 630 4245 singulari
661 4177 941 4244 Sermone,
973 4180 1060 4248 qui
1093 4194 1233 4233 nunc
1263 4179 1399 4248 apud
1435 4179 1794 4248 Augustinum

200 4265 312 4322 284
363 4267 414 4319 in
467 4268 767 4336 appentlice
809 4271 934 4323 tomi
965 4270 1003 4319 ν
1035 4280 1240 4332 exstat.
1273 4270 1522 4338 aperuit:
1554 4290 1571 4320 ι
1612 4270 1796 4325 Plures

201 4359 352 4414 enim
385 4369 539 4413 erant
568 4361 692 4414 anui
715 4403 727 4424 ,
760 4361 958 4432 inquit,
989 4362 1132 4431 quod
1177 4378 1271 4423 pro
1305 4362 1404 4416 bac
1432 4379 1489 4416 re
1535 4361 1794 4415 testuabat

205 4449 424 4503 animus
451 4466 602 4505 mt-us
626 4493 639 4516 ,
673 4463 725 4505 et
761 4463 866 4505 tota
896 4452 1076 4506 cordis
1105 4454 1406 4509 intentione
1431 4453 1794 4518 desiderabat,

201 4549 268 4596 ιιι
299 4541 446 4596 illam
505 4544 770 4612 psallendi
817 4545 1258 4599 consuetudmem
1283 4548 1434 4601 vobis
1465 4547 1582 4614 pius
1614 4546 1797 4600 Domi-

203 4649 315 4691 nus
343 4636 726 4704 iuspiraret....
752 4639 882 4692 Cum
917 4640 1057 4692 enim
1091 4653 1183 4690 vos
1213 4653 1314 4708 ego
1341 4639 1409 4692 ita
1443 4639 1672 4707 ps:illcre
1703 4638 1798 4692 de—

201 4727 536 4795 siderarem,
570 4731 840 4800 quomodo
870 4731 921 4786 in
952 4733 1068 4786 aliis
1095 4733 1287 4787 vicinis
1312 4733 1626 4786 civitatibus
1657 4733 1796 4802 psal-

201 4822 452 4890 lebatur,
497 4825 672 4880 taliter
714 4826 1032 4896 prteparavit
1077 4826 1216 4881 Deus
1257 4828 1492 4879 animum
1520 4834 1793 4889 vestrum,

202 4925 271 4971 ut
301 4913 403 4970 hoc
438 4917 597 4972 etiam
643 4918 864 4982 melius,
899 4918 1185 4986 adjuvmte
1218 4918 1481 4984 Domino,
1523 4916 1798 4986 complea-

205 5006 301 5061 tis.
341 5026 359 5058 ι
393 5007 532 5064 Sane
563 5010 607 5064 si
641 5011 834 5064 sumini
869 5012 1132 5080 pontificis
1161 5011 1530 5078 prie-cessisset
1555 5025 1618 5065 ea
1643 5011 1710 5063 de
1740 5023 1796 5063 re

201 5103 461 5169 generale
488 5110 844 5172 prirceptum,
879 5111 986 5157 tam
1027 5102 1268 5158 celebres
1295 5103 1569 5168 ecclesiae,
1604 5103 1655 5155 in
1690 5101 1795 5155 ita-

201 5189 300 5244 lia:
327 5190 560 5246 confinio
591 5195 775 5261 positae
796 5235 808 5252 ,
837 5199 880 5246 ei
925 5209 1113 5262 parere
1143 5200 1250 5246 tam
1283 5193 1373 5245 diu
1415 5191 1799 5246 nondistuiis-

201 5291 364 5346 sent;
397 5298 494 5338 nec
539 5285 968 5354 prietermisisset
1007 5285 1270 5339 Cic-sarius
1307 5285 1618 5355 apostolica:
1648 5287 1796 5340 sedis

203 5375 264 5431 In
318 5373 504 5430 Galliis
543 5377 688 5430 vices
734 5391 926 5445 gerens
980 5388 1083 5430 tam
1140 5392 1355 5447 gravem
1408 5377 1795 5434 commendare

199 5467 620 5535 auctoritatem,
647 5477 701 5522 ut
739 5468 880 5538 quod
925 5478 1070 5523 tanto
1107 5469 1270 5522 animi
1315 5478 1448 5523 testu
1487 5470 1791 5538 exoptabat,

199 5558 374 5614 citius
399 5569 843 5629 consequeretur.
895 5561 1075 5632 Neque
1103 5572 1277 5617 tamen
1307 5563 1411 5626 ait,
1445 5583 1461 5612 ι
1497 5565 1626 5618 Cum
1652 5565 1796 5618 enim

200 5666 310 5706 vos
335 5666 434 5720 ego
463 5652 532 5706 ita
585 5655 811 5722 psallere
843 5653 1237 5720 desiderarem,
1279 5675 1296 5707 ι
1339 5657 1606 5726 quomodo
1651 5657 1799 5712 sedis

203 5748 524 5818 apostolica:
582 5757 850 5818 prmcepto
894 5749 1210 5816 jubebatur;
1255 5750 1348 5804 sed
1403 5751 1502 5804 lioc
1547 5759 1794 5816 tantum,

211 5861 236 5893 ι
271 5838 547 5909 quomodo
587 5843 637 5894 in
667 5841 785 5896 aliis
812 5842 997 5895 vicinis
1037 5842 1345 5898 civitatibus
1384 5843 1731 5912 psallebatur.
1775 5867 1792 5896 ι

202 5933 267 5990 In
295 5930 570 6002 superiore
597 5941 775 5989 autem
803 5934 921 5991 loco
945 5951 1008 5990 ex
1032 5933 1378 6005 cirronologia
1401 5934 1665 5990 Lirinensi
1698 5951 1796 5991 no-

1821 4698 1876 4758 D

1902 3438 1954 3492 in
1987 3439 2244 3491 universis
2270 3439 2511 3493 ecclesiis
2557 3441 2755 3493 nostris
2798 3438 2898 3492 hoc
2937 3439 3005 3490 ita
3045 3437 3330 3491 dicendum
3364 3452 3484 3491 esse

1899 3530 2258 3584 decernimus.
2326 3551 2341 3580 ι
2398 3532 2469 3584 lbi
2516 3531 2729 3600 quidem
2770 3542 2891 3600 post
2938 3530 3093 3584 verbi
3152 3531 3205 3583 in
3256 3531 3486 3583 omnibus

1899 3622 2144 3674 clausulis
2208 3636 2312 3674 non
2392 3621 2712 3690 exprimitur
2781 3637 2882 3674 vox
2963 3624 3312 3689 psalmorum,
3391 3622 3484 3674 sed

1901 3711 2039 3766 lianc
2094 3720 2274 3766 tamen
2321 3713 2600 3766 subaudiri
2654 3714 2820 3781 liquet
2863 3728 2927 3766 ex
2975 3713 3055 3765 Itis
3108 3710 3284 3781 Vigiiii
3338 3728 3486 3782 papa:

1898 3805 2059 3873 epist.
2111 3819 2149 3866 ι,
2194 3803 2260 3857 ad
2308 3803 2657 3858 Profuturum
2712 3804 3099 3859 Braearensem
3128 3807 3442 3875 episcopum
3471 3847 3486 3869 ,

1900 3914 2049 3952 nunt.
2096 3899 2129 3952 ’5
2176 3915 2188 3950 :
2256 3917 2273 3948 ι
2335 3897 2467 3951 Illud
2524 3907 2705 3952 autem
2760 3899 2960 3952 novelli
3014 3914 3134 3953 esse
3183 3899 3488 3966 ⁴Ῑιιιὶίοςιιιιιιε

1899 3991 2132 4052 erroris,
2186 3989 2330 4055 quod
2385 4005 2503 4043 cum
2557 3991 2609 4042 in
2668 3991 2771 4058 [ine
2828 3991 3142 4060 psalmorum
3190 3992 3258 4044 ab
3311 3991 3488 4044 omni-

1903 4084 2003 4137 bus
2029 4081 2326 4136 Catholicis
2370 4098 2432 4136 ex
2481 4098 2633 4137 more
2669 4083 2878 4138 dicatur
2903 4082 3081 4137 Gloria
3107 4082 3252 4136 Patri
3279 4095 3327 4136 et
3351 4082 3490 4136 Filio

1900 4185 1947 4227 et
1979 4175 2196 4242 Spiritui
2224 4185 2423 4237 sancto,
2453 4183 2558 4229 etc.
2601 4195 2618 4225 ι
2644 4176 2700 4228 Si
2733 4187 2914 4229 autem
2947 4177 2998 4228 in
3027 4176 3338 4228 accessione
3369 4191 3489 4227 vcr-

1898 4281 1990 4318 sus
2007 4266 2152 4319 Sicut
2181 4274 2292 4317 erat
2319 4266 2541 4319 Oriente
2567 4274 2681 4319 toto
2711 4267 2984 4333 posterior
3013 4267 3110 4320 fuit
3141 4266 3338 4330 Gallia,
3365 4267 3511 4321 eum'

1899 4365 2049 4409 certe.
2081 4357 2130 4408 in
2163 4370 2261 4410 usu
2299 4357 2526 4410 canendi
2569 4355 2749 4412 Gloria
2793 4357 2941 4411 Patri
2990 4362 3146 4430 longe
3189 4363 3485 4429 praecessit.

1898 4447 2190 4502 Cassianus
2233 4451 2434 4518 quippe
2465 4449 2516 4502 iu
2549 4449 2688 4504 libro
2723 4467 2756 4505 ιι
2803 4455 2870 4506 de
2905 4453 3079 4508 lustit.
3113 4454 3329 4508 ccenob.
3357 4496 3370 4519 ,
3403 4457 3496 4523 qui

1901 4551 2026 4595 ante
2044 4540 2948 4609 annum“ﬁndornattisereditur,
2965 4560 3081 4613 cap.
3102 4545 3134 4599 8
3152 4547 3362 4600 scribit:
3387 4567 3403 4596 ι
3426 4547 3492 4600 li-

1902 4634 1994 4688 ltiti
2015 4633 2199 4697 etiam,
2225 4636 2367 4703 quod
2395 4637 2445 4688 in
2475 4637 2574 4689 bac
2604 4639 3218 4706 provit-eia(Gallicaua)
3235 4639 3486 4704 vidimus,

1904 4736 1961 4781 ut
1989 4742 2096 4781 uno
2125 4736 2378 4783 cantante
2426 4729 2478 4783 in
2523 4731 2762 4784 clausula
2814 4731 3002 4800 psalmi
3046 4747 3234 4785 omnes
3283 4742 3490 4786 stantes

1900 4825 2194 4877 concinaut
2221 4839 2342 4877 cum
2373 4823 2613 4880 clamore
2643 4823 2819 4878 Gloria
2848 4824 2996 4878 Patri
3024 4840 3068 4878 et
3103 4825 3239 4879 Filio
3277 4837 3325 4880 et
3366 4826 3490 4890 Spi—

1898 4917 2021 4970 ritui
2064 4926 2270 4979 sancto,
2306 4932 2565 4986 nusquam
2598 4932 2693 4985 per
2722 4933 2936 4971 omnem
2975 4918 3249 4972 Orientem
3281 4917 3488 4970 audivi-

1901 5025 2042 5064 mus.
2079 5030 2098 5061 ι
2123 5009 2254 5078 Qua:
2281 5025 2402 5065 cum
2434 5013 2502 5065 ita
2531 5012 2662 5075 sint,
2686 5009 2959 5066 fatendum
2984 5012 3287 5081 doxologia:
3312 5011 3488 5066 Gloria

1905 5100 2054 5156 Patri
2082 5117 2204 5156 cum
2231 5104 2542 5158 accessione
2571 5119 2758 5157 versus
2784 5104 2930 5158 Sicut
2956 5113 3064 5158 erat
3097 5107 3146 5156 in
3178 5103 3285 5158 fine
3307 5106 3489 5173 cujus-

1902 5210 2005 5264 que
2038 5195 2225 5263 psalmi
2250 5195 2509 5249 eanenda:
2536 5211 2690 5249 usum
2718 5197 2994 5264 antiquum
3034 5211 3152 5251 esse
3174 5236 3188 5261 ,
3219 5212 3340 5249 eum
3369 5196 3482 5251 lite-

1903 5301 2088 5342 reseos
2124 5287 2337 5342 Arianae
2374 5288 2779 5356 compescenda?
2811 5289 2980 5358 gratia
3013 5290 3353 5357 excogitatas
3382 5291 3484 5354 sit,

1903 5394 1966 5433 ac
1999 5379 2253 5446 paulatim
2288 5395 2382 5448 per
2415 5388 2576 5435 totam
2617 5379 2914 5434 Ecclesiam
2962 5381 3124 5434 fuisse
3166 5392 3482 5450 receptum:

1901 5470 1994 5525 sed
2027 5470 2160 5524 nibil
2185 5480 2267 5526 est
2297 5485 2394 5525 cur
2422 5471 2650 5526 Damaso
2682 5472 2964 5526 tribuatur.

1975 5563 2060 5618 15.
2088 5562 2301 5618 Damasi
2350 5564 2606 5616 decretum
2632 5566 2766 5617 circa
2794 5565 2946 5616 ritum
2989 5567 3228 5618 cantandi
3253 5568 3305 5618 in
3348 5564 3485 5621 Urbe

1903 5657 2132 5711 alleluia.
2163 5687 2232 5697 —
2261 5655 2462 5710 Practer
2489 5665 2612 5710 octo
2634 5657 2910 5726 superiora
2951 5658 3186 5721 decreta,
3221 5675 3342 5728 quae
3377 5661 3482 5712 Da-

1901 5762 2052 5802 maso
2089 5749 2426 5802 aseribuntur
2474 5749 2623 5801 velut
2675 5749 2726 5802 in
2781 5748 3014 5802 llomana
3061 5751 3272 5819 synodo
3318 5750 3484 5816 edita,

1898 5841 2047 5896 aliud
2071 5843 2119 5895 ei
2149 5841 2433 5911 Gregorius
2472 5840 2493 5895 Ι
2531 5841 2676 5895 circa
2708 5841 2946 5897 vocabuli
2976 5841 3203 5895 Alleluia
3235 5843 3285 5895 iu
3338 5841 3486 5896 Urbe

1900 5931 2150 5986 cantandi
2177 5930 2641 5987 ritum’attribuit.
2679 5932 2755 5987 Ex
2807 5929 2989 5986 Sicilia
3035 5947 3224 6001 nempe
3269 5931 3492 5987 veniens
