3900 6370
383 321 490 378 259
907 320 1178 379 EUSEBII
1216 319 1554 377 VERCELL.
1596 318 2041 378 EVANGELIUM
2079 320 2219 379 CUM
2261 317 2481 378 VAltIlS
2518 319 2673 379 COD.
2714 319 3109 379 COLLATUM.

2489 436 2715 492 CODEX
2757 436 3209 497 VERONEIISIS.
3282 498 3285 501 .

764 432 991 489 CODEX
1034 434 1568 491 VERCELLENSIS.

386 539 441 585 el
466 528 725 583 adoravc-
1215 526 1528 593 grediuntur

385 609 509 653 runt
534 614 653 653 eum
673 638 687 661 ,
711 596 811 652 di»
1218 598 1557 650 traditionem

384 680 570 724 centes
600 685 613 721 :
642 668 777 723 Vere
1212 666 1519 720 seniorum?

1213 752 1319 790 non
1349 737 1489 790 enim
1521 737 1594 790 la-

1210 818 1337 861 νωιι
1365 822 1552 861 manus

1212 891 1356 942 suas,
1386 891 1504 931 eum
1539 893 1629 945 pa-

1214 962 1334 1002 nem
1366 948 1588 1004 mandu-

1211 1027 1354 1071 cant.

1210 1088 1262 1157 5.
1306 1087 1423 1154 ipse
1450 1096 1628 1145 autem
1652 1103 1763 1146 res-

1214 1157 1456 1225 pendens
1479 1161 1555 1213 ait

1214 1228 1319 1282 illis
1344 1246 1358 1283 :
1390 1228 1564 1295 Quare
1590 1239 1645 1285 et

1213 1313 1308 1352 vos
1336 1307 1604 1368 transgre-

1214 1368 1397 1423 ditniui
1423 1384 1573 1423 man—

387 742 551 794 Filius
583 738 674 793 Dei
699 754 779 793 es.

382 810 471 864 51.
516 810 582 863 Ει
611 825 731 864 cum
757 817 928 863 trans-

352 938 355 941 .
382 882 676 935 fretassent

384 952 707 1006 invenerunt

386 1023 437 1076 in
469 1032 661 1076 terram

381 1092 473 1148 35.
515 1091 812 1147 Genuesar.
849 1090 914 1145 Et

382 1178 503 1217 cum
528 1176 729 1233 cogno-

384 1233 587 1289 vissent
615 1235 764 1287 illum

381 1305 481 1358 viri
512 1305 613 1357 loci
648 1304 749 1356 illi-

383 1388 467 1437 us,
492 1373 788 1427 adorabaut

382 1458 527 1498 eum.
562 1442 626 1496 Et
652 1458 780 1497 con-
814 1445 823 1450 ’

383 1512 558 1568 festim
590 1511 762 1567 mise-’

382 1593 509 1637 runt
537 1584 589 1636 in
618 1582 735 1638 uni-

381 1669 587 1708 versam
618 1656 791 1724 regio—

381 1739 503 1779 nem
534 1725 698 1792 illam,
730 1736 785 1779 et

381 1796 692 1861 Oplulerunt

381 1864 430 1919 ei
454 1879 643 1918 omnes
670 1878 782 1917 ma-

334 1958 335 1961 η
382 1934 431 1988 le
460 1933 738 1988 habentes.

382 2004 471 2058 56.
513 2003 581 2057 Et
606 2004 866 2069 rogabant

379 2089 501 2129 eum
530 2085 586 2128 ut
615 2074 697 2129 vel
720 2076 838 2129 tim-

378 2144 549 2198 hriam
571 2144 731 2199 vesti-

380 2217 547 2271 menti
575 2215 690 2286 ejus
714 2226 831 2270 tan-

375 2295 583 2355 gerent.
621 2287 687 2340 Et
707 2287 825 2353 qui-

376 2372 604 2426 cumque
628 2358 817 2425 tetige-

379 2436 525 2485 runt.
551 2427 683 2480 salvi
709 2427 817 2480 fac-

379 2496 417 2549 ti
446 2505 587 2552 sunt.

562 2607 788 2666 CtPUT
826 2605 943 2662 XV.

448 2702 501 2755 1.
544 2699 694 2755 Tune
726 2713 968 2755 accesse-

380 2781 504 2827 runt
524 2770 588 2825 ad
610 2786 731 2824 eum

378 2841 617 2905 Scribae,
652 2847 706 2895 et
734 2838 869 2893 Pha-

379 2912 534 2966 risaei
558 2912 624 2965 ab
648 2911 833 2964 Hiero-

378 2982 605 3051 solyma,
636 2981 818 3035 dicen—

375 3050 429 3104 2.
475 3060 553 3105 tes
578 3067 591 3102 :
616 3051 791 3117 Quare
810 3050 916 3105 dis-
1209 3067 1294 3104 um
1320 3068 1335 3104 :
1364 3062 1415 3106 et
1445 3054 1663 3108 inritttm

378 3121 538 3192 eipuli
566 3122 638 3174 tui
663 3129 835 3175 trans-
1206 3120 1406 3176 fecistis
1438 3138 1557 3177 ver-

799 3233 1027 3293 CODEX
1062 3235 1532 3293 CORBEIENSIS.

304 3370 307 3372 -
378 3331 739 3385 adoraverunt
776 3346 919 3393 eum.
950 3329 1190 3385 dicentes
1220 3348 1231 3381 :
1262 3329 1401 3385 Vere
1444 3330 1614 3384 Filius
1651 3330 1741 3384 Dei
1780 3346 1857 3385 es.
1894 3330 1962 3385 Et

380 3417 540 3468 quum
568 3402 1021 3468 transfretassent.
1058 3411 1322 3454 venerunt
1346 3402 1396 3453 in
1428 3409 1625 3455 terram
1651 3402 1665 3431 ¹
1697 3400 1961 3455 Genesar.

380 3467 447 3524 Et
474 3478 530 3523 ut
575 3467 942 3538 eoguoverunt
971 3470 1216 3523 homines
1246 3470 1345 3525 loci
1382 3471 1526 3525 illius
1553 3514 1568 3536 ,
1600 3472 1961 3526 adoraveruut

378 3556 524 3593 eum.
571 3541 634 3593 Et
687 3540 972 3595 Confestim
1023 3542 1284 3593 miserunt
1311 3542 1360 3594 in
1394 3558 1607 3596 omnem
1652 3544 1957 3606 continent,

379 3620 432 3663 et
462 3611 771 3663 obtulerunt
808 3610 856 3663 ei
891 3626 1078 3664 omnes
1102 3611 1238 3664 male
1283 3610 1563 3666 habentes.
1605 3612 1668 3665 Et
1702 3614 1961 3680 rogabant

379 3695 500 3733 cum
549 3690 606 3733 ut.
635 3683 653 3711 ²
688 3691 889 3734 tantum
940 3681 1205 3751 fimbriam
1256 3684 1558 3751 vestimenti
1609 3683 1725 3749 ejus
1770 3694 1959 3751 tange-

380 3759 518 3805 rent.
562 3751 623 3802 Et
684 3751 1003 3819 quicumque
1057 3750 1362 3816 tetigerunt,
1393 3750 1411 3779 ³
1439 3752 1626 3819 salvati
1654 3758 1794 3801 sunt.

452 3819 564 3873 XV.
606 3818 755 3874 Tunc
793 3828 1134 3873 arcesseruut
1170 3819 1236 3870 ad
1286 3835 1405 3871 eum
1438 3818 1453 3845 ’δ
1490 3821 1557 3872 ab
1601 3818 1961 3887 Jerosolymis

377 3890 595 3945 Scribae
631 3906 683 3944 et
722 3889 1027 3951 Pharisaei,
1069 3887 1311 3942 dicentes
1345 3905 1356 3940 :
1390 3887 1567 3951 Quare
1611 3889 1854 3955 discipui
1885 3889 1958 3941 tui

379 3961 840 4023 transgrediuntur
864 3958 1199 4015 traditionem
1231 3958 1540 4013 seniorum?
1580 3974 1683 4011 non
1718 3958 1858 4009 enim
1886 3959 1960 4009 Ia-

380 4040 504 4080 vaut
533 4030 552 4059 ⁵
577 4046 764 4084 manus
787 4046 930 4089 suas,
954 4046 1116 4099 qutun
1147 4044 1334 4097 panem
1359 4029 1699 4082 manducaui.
1726 4029 1744 4058 θ
1772 4029 1837 4082 At
1868 4030 1958 4080 ille

380 4100 708 4169 respondens
754 4102 830 4154 ait
874 4101 977 4154 illis
1016 4117 1028 4152 :
1063 4100 1239 4166 Quare
1282 4108 1336 4154 et
1382 4116 1475 4153 vos
1523 4099 1956 4169 transgredimiui

379 4167 683 4240 mundatum
730 4170 818 4224 Dei
861 4180 1078 4240 propter
1124 4179 1355 4225 vestram
1404 4167 1782 4223 traditiontmt?
1823 4167 1953 4221 Nam

380 4235 731 4310 Deus_tiixit:
762 4235 976 4294 Honora
1022 4251 1257 4310 patrem,
1311 4247 1367 4293 et
1413 4252 1671 4303 matrem;
1706 4249 1803 4294 et:
1854 4240 1953 4306 Qui

318 4323 329 4329 ί
378 4305 713 4359 ιικιΙιεάίιθτίι
760 4312 933 4374 patri,
982 4305 1131 4363 7"vel
1189 4305 1383 4374 matri,
1443 4325 1616 4363 morte
1675 4305 1949 4363 morietur.

383 4375 488 4430 Vos
532 4387 709 4430 autem
759 4376 978 4429 dicitis:
1026 4380 1047 4410 ³
1094 4380 1426 4445 Quicumque
1477 4379 1816 4433 maledixerit
1863 4396 1956 4445 pa-

377 4446 483 4510 tri,
536 4448 618 4502 vel
670 4446 867 4511 matri,
927 4462 1048 4499 reus
1096 4448 1198 4498 erit
1241 4447 1521 4512 gehennae
1572 4448 1708 4515 ignis
1750 4464 1763 4497 :
1812 4449 1954 4513 quod

383 4534 487 4571 non
515 4516 885 4571 honoriiicavit
910 4528 1114 4583 patrem
1143 4530 1319 4580 suum,
1352 4517 1372 4545 τ’
1404 4515 1488 4567 vel
1518 4525 1741 4569 matrem
1772 4530 1953 4569 suam:

376 4596 431 4641 et
458 4590 662 4643 irritum
718 4586 919 4642 fecistis
939 4586 978 4617 ¹⁰
995 4601 1116 4641 νοις

1212 1440 1393 1493 datum
1420 1440 1516 1511 Dei
1543 1450 1702 1511 prop;

1152 1556 1157 1559 _
1212 1518 1292 1564 ter
1318 1510 1555 1563 traditio-4

1211 1595 1330 1633 nem
1358 1583 1625 1635 vestram?

1210 1649 1341 1704 Nam
1374 1651 1514 1703 Deus
1542 1652 1675 1705 dixit
1708 1670 1721 1705 :

1209 1719 1265 1775 4.
1308 1721 1517 1773 llortura
1541 1736 1636 1789 pa-

1212 1798 1353 1861 trem
1384 1789 1460 1861 (b)
1494 1799 1574 1841 tu-

1213 1875 1299 1912 um
1328 1859 1401 1929 1-,
1416 1866 1470 1913 et
1493 1876 1602 1913 ma-

1214 1936 1349 1983 trem
1380 1942 1519 1983 tuam
1540 1948 1552 1992 ;

1209 2008 1263 2054 et
1290 2017 1302 2053 :
1332 2001 1583 2067 Quicum-

1210 2084 1314 2138 que
1339 2071 1502 2124 malc-

1210 2141 1335 2195 dicit
1364 2144 1499 2209 patri

1211 2222 1385 2266 morte
1411 2227 1525 2267 mo‘

1209 2282 1396 2335 rietur.

1208 2349 1262 2403 5.
1310 2351 1413 2404 Vos
1438 2358 1617 2405 autem
1645 2352 1725 2406 di-

1206 2420 1327 2473 citis
1360 2438 1372 2472 :
1404 2423 1656 2487 Quicum-

1206 2504 1311 2556 que
1338 2491 1531 2543 dixerit

1212 2560 1373 2626 patri,
1408 2561 1489 2614 vel
1512 2575 1622 2614 ma—

1210 2632 1277 2682 tri
1306 2647 1319 2682 :
1345 2646 1537 2684 munus

1208 2700 1582 2767 quodettmque

1208 2784 1273 2824 ex
1301 2787 1406 2833 me,
1438 2772 1529 2825 tibi
1563 2788 1681 2840 pre-

1208 2840 1259 2893 6.
1302 2840 1461 2903 derit,
1493 2842 1564 2913 (ε)
1595 2859 1698 2898 nou
1728 2843 1822 2901 ho-

1208 2914 1508 2965 norilieavit

1205 2987 1412 3050 patrem
1434 2998 1523 3035 su-

2070 534 2122 579 et
2144 523 2401 580 adorave-

2070 604 2194 648 runt
2221 596 2577 659 eunr,'dieeno

2070 675 2149 719 tes
2175 684 2187 718 :
2221 665 2356 720 Vere
2387 666 2551 720 Filius

2895 527 3210 582 seniorum?

2898 612 3002 649 non
3027 600 3169 652 enim
3194 599 3269 654 la-

2898 679 3020 721 ι’ίιιιι
3050 683 3239 725 manus

2032 1166 2035 1169 ’
2067 1172 2189 1211 cunt
2217 1158 2499 1228 cognovis-

2070 736 2163 792 Dei
2196 750 2255 788 es
2285 734 2360 859 211)
2895 753 3042 802 suas,
3076 755 3197 793 cum
3229 756 3323 810 pa-

2072 816 2125 859 tu
2147 805 2205 859 '1‘.
2250 809 2281 859 5
2328 844 2341 859 .
2383 805 2587 859 Etcum
2897 823 3017 859 nem
3052 811 3323 859 mandneai

2072 816 2125 859 tu
2147 805 2205 875 1-.
2230 805 2345 877 A54.
2383 805 2587 860 Etcum
2897 823 3017 862 nem
3052 805 3401 877 manducaut,

2069 874 2528 942 transfretassent,
2896 880 2949 933 5.
2994 879 3113 948 Ipse
3137 890 3313 936 :mtem

2070 957 2330 1019 venerunt
2899 951 3232 1019 respondens

2900 1019 3138 1074 aitillis:

2899 1090 3076 1156 Quare
3097 1097 3153 1146 et
3180 1106 3277 1148 vos

2901 1161 3330 1226 transgredimiui

2069 1017 2123 1071 in
2155 1026 2349 1071 terram

2069 1086 2163 1143 35.
2186 1086 2442 1143 Genesar.
2474 1087 2540 1143 Et

2070 1241 2191 1281 sent
2208 1244 2329 1283 eum
2360 1229 2459 1283 viri
2901 1232 3209 1288 maudatum

2070 1296 2172 1371 loci
2198 1296 2360 1362 illius,
2900 1299 2991 1354 Dei
3018 1312 3237 1371 propter

2069 1369 2363 1424 adorabant
2390 1385 2536 1429 eum.
2898 1369 3240 1429 traditionem

2896 1445 3163 1497 veSIram?
3194 1444 3326 1499 Nam

2898 1512 3041 1565 Deus
3063 1513 3200 1568 dixit
3225 1532 3239 1569 :

2895 1582 2950 1635 4.
2985 1583 3196 1639 Honora
3221 1600 3315 1653 pa—

2900 1662 3034 1705 tretn
3067 1652 3144 1722 (b)
3179 1663 3328 1710 tuum
3357 1654 3419 1724 '3',

2899 1730 2954 1775 ΕΙ.
2979 1731 3201 1778 matrem
3241 1738 3248 1749 '

2901 1800 3064 1853 tuam;
3094 1803 3148 1846 et
3182 1812 3196 1848 :
3224 1794 3329 1861 Qui

2900 1862 3235 1919 maledixerit

2901 1934 3063 2001 patri,
3096 1935 3174 1988 vel
3199 1951 3312 1990 ma-

2903 2003 2992 2069 tri,
3026 2014 3196 2058 morte

2072 1436 2137 1491 Et
2163 1439 2445 1495 confestim

2072 1509 2330 1563 miserunt
2360 1511 2413 1565 in

2072 1579 2377 1633 universam

2071 1651 2344 1717 regionem
2375 1650 2544 1715 illam,

2076 1726 2131 1771 et
2155 1722 2466 1787 Optulernnt

2074 1788 2122 1841 ei
2154 1807 2338 1844 oumes
2366 1790 2505 1845 male

2072 1860 2159 1912 {6.
2196 1859 2472 1915 habentes.
2506 1859 2571 1913 Et

2073 1931 2330 1998 rogabant
2358 1946 2479 1985 cum

2073 2010 2130 2053 ut
2152 2002 2232 2054 vel
2258 2002 2517 2055 iimbriatn

2072 2073 2371 2125 vestimenti
2702 2092 2706 2095 ·
2900 2076 3180 2128 moriatur.

2068 2141 2186 2212 ejus
2216 2152 2509 2212 tangerent.
2897 2143 2947 2197 5.
3006 2144 3108 2198 Vos
3138 2154 3317 2199 autem

2068 2211 2137 2265 Et
2165 2211 2465 2283 quicunque
2895 2214 3072 2267 dicitis
3105 2229 3117 2270 :
3148 2214 3398 2282 Quicum-

2070 2284 2379 2354 tetigc-rnnt,
2816 2320 2819 2321 ν
2896 2300 3001 2354 que
3028 2285 3227 2338 dixerit

2069 2353 2201 2405 salvi
2229 2354 2351 2408 facti
2898 2353 3057 2421 patri,
3090 2356 3169 2409 vel
3204 2371 3318 2409 uta-

2069 2431 2215 2475 sunt.
2897 2426 2964 2477 tri
2995 2426 3236 2491 corbam,

2244 2492 2467 2550 CAPUT
2514 2495 2555 2548 Χ
2570 2495 2629 2548 ν.

2144 2562 2191 2614 1.
2244 2562 2395 2619 Tnnc
2423 2580 2665 2622 accesse-

2069 2642 2194 2686 runt
2220 2634 2283 2686 :nl
2315 2652 2436 2690 eum

2069 2704 2156 2756 Sci
2172 2705 2306 2766 ibae,
2340 2718 2388 2760 et

2068 2771 2298 2829 Farisaei
2322 2778 2388 2829 ab

2069 2842 2476 2917 Hierosolymis,

2066 2913 2120 2965 2.
2165 2913 2408 2971 dicentes
2431 2935 2444 2970 :
2478 2917 2653 2985 Quare

2066 2985 2313 3051 discipuli
2343 2989 2414 3039 tui

2068 3057 2531 3122 transgrediuntur

2067 3124 2412 3181 traditionem

2896 2495 3036 2563 quod
3060 2504 3165 2559 est,
3192 2511 3307 2549 mu-

2900 2582 2997 2619 nus
3021 2568 3321 2636 quodcum—

2900 2651 3003 2704 que
3022 2647 3107 2703 est
3145 2653 3213 2689 ex

2903 2720 3008 2771 me,
3041 2706 3130 2759 tibi
3157 2719 3285 2774 pro-

2904 2774 2957 2829 6.
3009 2771 3174 2837 derit;
3193 2774 3264 2844 (ε)
3290 2787 3394 2827 non
3424 2771 3523 2826 ltu-

2906 2845 3206 2899 norilicavit

2901 2926 3103 2984 patrem
3131 2930 3313 2980 suum,

2896 2996 2949 3040 οι
2977 2996 3203 3040 matrem
3234 3003 3249 3038 ε

2897 3066 2951 3110 et
2980 3056 3192 3110 irritum

2899 3125 3071 3180 facitis
3101 3124 3323 3180 verbum

2525 3239 2757 3296 CODEX
2794 3236 3190 3294 BRIXIANUS.

2066 3342 2121 3388 et
2133 3334 2492 3388 adorarerunt
2513 3347 2635 3388 eum
2649 3328 3057 3385 dieentes.Vere
3074 3328 3172 3383 Dei
3188 3326 3519 3382 Filiuses.Et
3532 3341 3656 3382 cum

2034 3452 2035 3455 η
2068 3406 2506 3459 transfretassent
2534 3411 2795 3457 venerunt
2826 3404 2875 3453 in
2900 3410 3098 3455 terram
3118 3398 3433 3454 Genesaret.
3458 3397 3655 3451 Etcum

2064 3477 2579 3543 cognovissenteum
2608 3474 2704 3527 viri
2720 3474 2817 3525 loci
2836 3469 3261 3543 illiusMiserunt
3276 3471 3325 3543 in
3349 3469 3655 3543 universam

2065 3537 2350 3617 Legionem
2372 3546 2600 3601 illatn.et
2617 3543 2928 3597 obtulerunt
2940 3542 3192 3617 eiomnes
3208 3540 3358 3617 male
3373 3537 3656 3617 habentes.

2067 3609 2422 3684 Et'rogabant
2441 3633 2560 3668 eum
2578 3626 2631 3667 ut
2652 3624 2861 3667 tantum
2876 3613 2955 3665 vel
2979 3612 2993 3663 l
3019 3619 3042 3645 ο
3064 3609 3311 3684 itubriam
3342 3609 3655 3684 vestiment

2068 3685 2187 3751 ejus
2217 3677 2493 3753 (angerer:
2546 3686 2612 3739 Et
2654 3684 2979 3753 quicumque
3008 3680 3297 3753 tetigerunt
3344 3677 3653 3753 salvidfacti

2068 3748 2216 3807 sunt.
2247 3748 2394 3808 Tunc
2423 3748 2768 3809 accesserunt
2790 3753 2853 3805 ad
2896 3751 3080 3806 .lesum
3112 3748 3337 3806 Scriba:
3383 3764 3437 3804 et
3466 3748 3657 3801 Phari-

2068 3824 2162 3875 saei
2191 3825 2259 3877 ab
2290 3824 2347 3895 lli
2378 3824 2403 3861 ι’
2433 3825 2750 3895 οτυδιιιγηιίς
2780 3824 3040 3895 dicentes.
3098 3821 3275 3889 Quare
3303 3819 3553 3895 discipuli
3577 3818 3654 3895 tui

2070 3894 2531 3961 transgrediuntur
2562 3888 2902 3948 traditionem
2930 3888 3221 3945 seniorum.
3259 3907 3364 3961 non
3387 3892 3531 3943 enim
3577 3888 3654 3943 Ia-

2074 3974 2093 3997 t‘
2130 3960 2258 4015 baut
2308 3980 2493 4017 manus
2534 3980 2652 4016 cum
2688 3978 2875 4030 panem
2926 3962 3271 4014 manducaut.
3299 3960 3418 4027 lpse
3470 3969 3650 4030 autem

2068 4032 2401 4099 respondens
2452 4034 2525 4084 ait
2555 4027 2698 4084 illisﬁ
2731 4032 2907 4096 Quare
2954 4040 3009 4081 et
3062 4044 3157 4081 vos
3211 4027 3648 4099 transgredimiui

2070 4096 2376 4154 mainlatum
2412 4103 2523 4155 Itei.
2576 4109 2791 4169 proliter
2819 4100 3157 4151 traditionem
3190 4109 3445 4169 vestram.
3499 4096 3643 4169 Deus

2064 4174 2208 4225 enim
2248 4172 2517 4241 praecepit
2546 4164 2730 4245 dicens
2762 4169 3206 4245 lloi:ora.pat_retn
3237 4164 3315 4245 (b)
3341 4178 3489 4245 tuum
3533 4165 3574 4234 ἦ·
3595 4173 3652 4244 et

2064 4235 2290 4296 matrem
2325 4235 2487 4295 tuam.
2532 4250 2588 4296 et
2631 4242 2733 4309 Qui
2789 4239 3127 4294 maledixerit
3174 4235 3311 4306 patri
3358 4235 3440 4289 vel
3481 4236 3648 4289 matri

2063 4326 2237 4366 morte
2262 4314 2542 4368 moriatur.

2139 4383 2243 4437 Vos
2266 4395 2443 4438 autem
2476 4382 2651 4437 dicitis
2677 4382 3012 4451 Quicumque
3037 4378 3234 4451 dixerit
3259 4376 3501 4451 patri_ve_l
3530 4391 3647 4430 ma-

2064 4451 2131 4503 tri
2177 4469 2367 4507 muuus
2417 4447 2789 4520 quodcumque
2819 4463 2903 4506 est
2927 4447 3009 4507 ἐκ
3042 4466 3128 4504 me
3158 4449 3251 4503 tibi
3284 4447 3545 4516 proderit.
3592 4452 3649 4501 et

2066 4470 2131 4503 11³1
2177 4470 2367 4507 munus
2417 4470 2789 4573 (proauumque
2819 4470 2903 4506 es:
2944 4470 3009 4507 ex
3042 4470 3128 4504 me
3158 4470 3251 4503 ιιυι
3284 4470 3545 4516 prooem.
3592 4470 3643 4501 ει

2066 4535 2173 4573 non
2225 4522 2545 4575 honoritcat
2597 4534 2801 4589 patrem
2854 4537 3031 4576 suum.
3084 4530 3177 4574 aut
3205 4526 3435 4573 matrem
3465 4532 3643 4585 suam,

2062 4597 2116 4641 et
2141 4591 2353 4643 inritum
2382 4590 2583 4644 fecistis
2609 4604 2767 4644 man-

1048 4743 1444 4802 V’ARIANTES
1479 4698 1861 4800 moriones
1899 4744 2165 4803 comets
2205 4747 2316 4802 ns.
2359 4747 2416 4803 s.
2456 4744 2965 4803 GERMANENSIS.

443 4880 453 4911 ²
493 4881 730 4954 Genesar.
752 4880 941 4931 Etcum
961 4881 1303 4954 cognovissent
1326 4893 1440 4954 eum
1460 4879 1550 4931 viri
1568 4877 1663 4927 loci
1686 4878 1833 4942 illius,
1857 4881 1952 4929 mi-

371 4951 543 5034 serunt
560 4943 613 5050 |in
632 4944 906 4991 universam
929 4941 1187 5003 regionem
1202 4941 1352 5003 illam,
1376 4948 1430 4991 et

493 5017 553 5052 ve

352 5054 355 5061 ἱ
436 5066 458 5096 ³
490 5063 608 5113 salvi
629 5063 736 5113 facti
767 5069 881 5111 sunt

435 5128 455 5155 ε
488 5126 706 5187 Scribae,
735 5134 786 5174 et
804 5123 1055 5172 Pharisaei
1080 5124 1140 5172 ab
1158 5122 1487 5187 Hierosolyma

430 5190 451 5219 δ
484 5200 674 5247 manus,
699 5199 808 5237 cum

2119 4882 2139 4913 ⁶
2175 4882 2286 4946 Ipse
2301 4891 2467 4935 autem

2117 4946 2135 4975 τ
2172 4956 2311 4997 aut...
2338 4949 2567 4996 moriatur

2116 5006 2343 5077 {Munus
2360 5008 2701 5072 quodcumque
2724 5020 2788 5059 ex
2808 5019 2890 5059 me
2914 5005 3001 5058 tibi
3028 5008 3262 5072 proderit,
3286 5022 3384 5059 non
3406 5009 3640 5063 honoriﬁ-

2052 5069 2180 5118 cabit
2378 5069 2391 5072 ’
2619 5069 2629 5071 “
3032 5069 3047 5121 ί

2111 5131 2131 5161 9
2168 5136 2253 5178 aut

2113 5192 2156 5221 ¹⁰
2190 5192 2460 5243 mandatum

1678 5288 2043 5350 DLANCHINI
2082 5293 2313 5351 NOTAE.

441 5416 466 5443 ει
493 5407 547 5462 ln
576 5406 758 5462 vocula
792 5404 880 5459 illa
912 5404 1186 5471 ﬁmbriam,
1220 5404 1391 5472 postf
1427 5404 1615 5459 extrita
1648 5414 1731 5460 est
1758 5406 1937 5463 littera

368 5476 522 5542 cujus
556 5481 850 5547 testigium‘
868 5490 973 5529 non
1003 5486 1104 5529 est.
1139 5546 1145 5547 γ
1305 5517 1314 5525 .

438 5541 463 5584 ι’
498 5547 553 5600 In
583 5541 769 5603 vocula
805 5541 1195 5617 Hierosolymis,
1248 5542 1417 5615 prima
1462 5547 1659 5605 vocalis
1713 5557 1852 5616 erat,
1902 5565 1935 5618 ῃ

2040 5420 2193 5491 posta
2221 5426 2250 5491 a
2276 5424 2583 5491 correctore
2611 5418 2819 5476 derasis
2841 5420 3118 5491 cornibus,
3148 5431 3207 5478 ut
3233 5422 3252 5475 ἱ
3282 5394 3461 5478 fieret.

2115 5491 2136 5518 ε
2169 5482 2360 5547 labant,
2398 5501 2495 5554 pro
2524 5487 2714 5543 lavem.

436 5672 513 5753 (μ)
553 5674 710 5730 Addit
736 5686 813 5753 tu.
836 5676 999 5733 etiam
1020 5674 1187 5735 codex
1212 5673 1367 5733 Cant.
1394 5676 1639 5749 σύμ-*(11)
1658 5676 1820 5735 Addit
1842 5685 1954 5730 tum.

2074 5672 2189 5730 tiam
2213 5682 2388 5731 textus
2415 5676 2635 5736 Gnccus
2658 5678 2928 5753 σοῦ.--(ε)
2949 5678 3090 5735 Ante
3118 5693 3252 5743 itan,
3282 5676 3435 5734 deest
3483 5686 3557 5743 et,
3580 5679 3628 5732 in

365 5740 486 5796 cod.
522 5758 729 5812 quoque
754 5746 909 5801 Cant.
