3874 6410
436 406 578 467 1215

1920 408 2274 466 ΑΒΒΕΝΟΑ.

3585 423 3706 482 I216

437 534 553 588 rat;
601 520 974 595 Chrysostomi
1023 524 1341 578 nominatim
1389 525 1811 581 commentarios
1856 524 2033 590 citari,
2065 530 2115 588 Α
2142 535 2288 580 sunt.
2320 525 2414 582 Cui
2448 526 2607 599 igitur
2635 529 2925 587 reddamus
2960 531 3235 589 decretum
3271 546 3452 593 contra
3485 553 3595 604 eos,
3626 543 3704 609 qui

440 630 562 671 cum
588 614 743 670 divus
777 615 1139 688 Hieronymus
1158 616 1605 689 ChrySiistomum
1641 634 1863 688 prorsus
1888 618 2041 687 igno—

442 708 599 764 rarit.
636 727 654 758 ιι
691 708 959 779 Ignoravit
1000 720 1149 765 certe
1179 712 1606 767 commentarios
1647 712 1764 779 ejus
1806 711 1857 766 in
1908 712 2042 767 Mat-

442 798 664 867 thaaum,
716 799 972 870 quamdiu
1026 800 1289 856 Damasus
1330 802 1486 856 vixit.
1540 804 1697 857 Anno
1740 801 1884 856 enim
1936 801 2040 857 584

440 893 633 950 vivere
660 893 821 950 desiit
849 894 938 949 hic
984 910 1141 965 papa.
1163 894 1589 966 Chrysostnmus
1617 906 1794 950 autem
1830 904 2038 950 tantum

440 1001 585 1041 anno
610 987 714 1045 586
744 987 1031 1059 presbyter
1054 986 1334 1042 ordinatus
1363 987 1676 1043 concionari
1712 989 1898 1058 coepit.
1926 987 2035 1044 Sed

443 1091 494 1136 et
519 1081 681 1137 verba
716 1082 861 1136 velut
888 1097 951 1135 ex
986 1080 1394 1135 commentariis
1421 1083 1539 1149 ejus
1573 1082 1623 1135 in
1650 1081 1840 1136 Matth.
1865 1097 1961 1145 xu,
1988 1082 2039 1146 I,

441 1174 529 1229 hic
554 1175 737 1241 citata,
776 1175 828 1228 in
872 1175 981 1229 illis
1023 1174 1218 1230 frustra
1264 1174 1637 1245 qmesivimus.
1685 1175 1953 1230 Prmterea
1998 1174 2041 1228 si

441 1268 727 1338 epistolam
760 1271 917 1323 istam
949 1284 1071 1323 cum
1105 1270 1387 1336 pratmisso
1416 1268 1637 1324 decreto
1673 1268 2040 1333 conferamus,

440 1357 599 1415 unius
618 1362 968 1430 ejusdemque
991 1361 1214 1415 artiﬁcis
1239 1376 1376 1431 Opus
1403 1376 1524 1415 esse
1545 1361 2040 1430 deprehendemus,

440 1453 605 1508 modo
623 1453 917 1507 consiliarii
940 1455 1029 1523 qui
1047 1454 1386 1519 consulatur,
1409 1454 1571 1508 modo
1592 1454 1788 1524 judieis
1806 1457 1898 1526 qui
1920 1472 2043 1511 sen-

443 1546 666 1599 tentiam
711 1546 876 1613 dICilI,
908 1562 1196 1617 personam
1232 1548 1474 1602 ferentis.
1514 1548 1578 1602 Et
1609 1564 1671 1603 ex
1707 1549 1894 1603 eodem
1927 1550 2045 1619 qui-

440 1637 560 1693 dem
588 1638 734 1694 fontc
758 1655 881 1694 eum
908 1641 1198 1711 Gregorius
1223 1643 1505 1712 presbyter
1521 1643 1736 1695 nomine
1760 1641 2041 1713 Polycarpi

440 1741 620 1798 nutus,
664 1742 776 1786 tum
821 1734 1120 1787 Gratianus
1152 1744 1439 1804 ntrntnque
1477 1746 1889 1801 excerpserunt.
1941 1734 2044 1789 Im-

439 1839 715 1896 p0storem
740 1843 957 1898 quoque
986 1830 1151 1882 multa
1182 1829 1287 1883 alia
1316 1829 1571 1896 produnt.
1596 1828 1726 1883 Nam
1751 1845 1871 1883 cum
1898 1844 2042 1884 anno

2142 620 2444 677 oblationes
2468 622 2536 678 de
2559 626 2729 679 sacris
2754 625 2998 686 ecclesiis
3023 628 3235 684 auferre
3252 631 3556 699 utoliuntur,
3575 633 3705 701 quod

2143 712 2299 768 nobis
2332 724 2386 768 ιιι
2415 720 2631 785 antiqua
2664 732 2891 773 cccsvtn
2926 728 3136 789 patrunt
3170 721 3505 778 Nicanorum
3536 726 3703 795 regula

2144 806 2559 864 mendacissime
2602 808 2901 879 jactitatur,
2950 813 3050 867 nisi
3092 815 3371 871 nmissimo
3419 816 3707 873 mendacio-

2144 918 2263 957 rum
2307 903 2609 971 bujusmodi
2636 907 2889 975 parenti?

2214 994 2304 1049 26.
2362 994 2434 1049 De
2490 996 2822 1053 violatoribus
2870 1016 3143 1055 canonum.
3185 1031 3256 1042 -
3296 1002 3348 1057 In
3399 1002 3705 1061 editionibus

2143 1090 2495 1145 conciliorum
2528 1102 2777 1160 quartum
2820 1092 2919 1149 lioe
2956 1096 3187 1151 refertur
3208 1096 3473 1153 decretum
3500 1117 3512 1153 :
3541 1120 3557 1147 ε
3587 1099 3703 1154 Vio-

2145 1181 2347 1237 latores
2366 1198 2632 1238 canonum
2663 1184 2944 1239 voluntarii
2960 1188 3202 1255 graviter
3218 1202 3244 1241 a
3266 1190 3462 1244 sanctis
3484 1190 3705 1259 patribus

2139 1273 2473 1344 judicantur,
2495 1286 2544 1330 et
2560 1293 2588 1331 a
2605 1288 2792 1331 sancto
2817 1277 3042 1349 Spiritu.
3065 1279 3217 1349 cujus
3235 1280 3482 1335 instinctu
3500 1296 3561 1338 ac
3575 1281 3704 1337 dono

2145 1366 2330 1421 dictati
2376 1379 2522 1432 sunt,
2569 1370 2933 1425 damnantur:
2965 1370 3217 1441 quoniam
3266 1372 3626 1442 hlasphemare
3652 1374 3702 1429 in

2126 1461 2404 1527 .Spiritutn
2454 1473 2700 1517 sanctum
2745 1479 2849 1517 nou
2902 1465 3192 1535 incongrue
3240 1466 3501 1530 videntur,
3551 1479 3650 1523 etc.
3682 1488 3698 1519 ι

2146 1552 2290 1608 lstud
2317 1565 2491 1608 tamen
2524 1555 2785 1611 inedituin
2816 1571 2920 1610 non
2955 1568 3090 1612 erat.
3115 1558 3159 1613 Α
3189 1557 3441 1612 Gratiano
3464 1559 3600 1613 enim
3620 1558 3701 1625 25,

2145 1658 2336 1718 qua-st.
2366 1665 2403 1711 ι,
2435 1664 2485 1703 c.
2517 1651 2570 1712 5,
2599 1651 2932 1720 descriptum
2969 1662 3051 1707 est
3090 1667 3156 1707 ex
3188 1667 3248 1705 ea
3277 1652 3516 1719 epistola,
3557 1667 3700 1721 quain

2144 1740 2380 1796 Isidorus
2411 1743 2676 1797 Mercator
2703 1743 2934 1797 Damaso
2969 1754 3024 1797 ut
3056 1743 3121 1797 ad
3153 1745 3421 1798 Aurelium
3450 1744 3714 1813 Carthagie

2147 1852 2369 1891 nensem
2393 1837 2708 1905 episcopum
2733 1838 3053 1892 rescribenti
3076 1839 3400 1906 suppositam
3418 1837 3699 1893 collectioni

439 1920 544 1976 502
584 1922 684 1976 sub
710 1922 1039 1993 Symmacho
1070 1938 1203 1991 papa
1237 1937 1425 1977 coram
1455 1922 1686 1977 concilio
1721 1923 1856 1978 lecta
1889 1932 2034 1977 esset
2072 1918 2117 1976 Β
2144 1942 2255 1981 suae
2284 1928 2622 1999 |pra3posuit,
2670 1944 2937 1997 quamque
2978 1928 3119 1997 apud
3158 1928 3423 1984 Labheum
3445 1971 3459 1992 ,
3497 1937 3620 1983 tom.
3668 1925 3701 1981 ll

438 2018 711 2083 scriptura
744 2018 888 2087 regis
922 2016 1272 2081 llerulorum,
1299 2032 1402 2083 qua
1432 2016 1651 2086 regibus
1681 2016 1731 2069 in
1759 2016 2045 2069 facultates

443 2110 692 2164 ecclesia:
742 2110 1019 2177 quoddam
1062 2110 1149 2178 jus
1195 2109 1495 2162 attribuere
1544 2108 1817 2169 tentabat,
1862 2120 1921 2161 ut
1965 2108 2041 2161 rei

448 2204 710 2255 hactenus
741 2202 996 2255 inaudito
1030 2202 1346 2256 reclamavit
1380 2204 1692 2256 universum
1722 2202 2039 2265 concilium.

442 2308 505 2348 ac
543 2296 862 2347 nominatim
912 2294 1154 2348 Eulalius
1194 2296 1484 2362 episc0pus
1526 2294 1664 2347 dixit
1711 2295 2038 2365 (Symniuch.

439 2404 520 2459 ep.
556 2403 613 2453 ν,
644 2406 697 2442 n.
733 2388 823 2459 Il)
856 2406 869 2446 '.
910 2410 925 2439 ς
966 2389 1137 2443 Lairis
1169 2392 1419 2459 quamvis
1468 2388 1735 2457 religiosis
1782 2389 1924 2442 nulla
1975 2389 2042 2444 dc

438 2484 826 2539 ecclesiasticis
873 2484 1221 2538 facultatibus
1268 2484 1449 2553 aliqua
1475 2484 1802 2550 disiionendi
1848 2483 2043 2553 legitur

436 2591 694 2645 umquam
740 2576 996 2629 attributa
1052 2576 1301 2630 facultas.
1348 2598 1364 2625 η
1406 2576 1751 2647 Quapropter
1796 2576 2034 2639 Damasi,

435 2680 497 2721 ac
551 2668 711 2739 longe
762 2668 933 2738 magis
984 2668 1216 2723 Nic-aena:
1263 2669 1482 2739 synodi,
1529 2670 1866 2739 temporibus
1906 2670 2042 2724 nihil

436 2774 572 2829 Opus
610 2772 748 2824 erat,
787 2770 843 2814 ιιι
878 2761 945 2815 ab
977 2762 1365 2816 ecclesiasticis
1392 2762 1755 2817 oblationibus
1786 2763 1891 2817 sibi
1924 2766 2041 2817 vin-

436 2853 683 2908 dicandis
716 2855 836 2908 laici
882 2866 1285 2910 coercerentur.
1322 2856 1427 2909 Isltl
1473 2872 1632 2925 prava
1674 2860 2034 2923 consuetudo,

438 2963 601 3018 quam
637 2949 687 3000 in
723 2948 836 3002 dies
876 2951 1060 3018 augeri
1095 2960 1146 3001 et
1178 2966 1429 3003 crescere
1472 2950 1736 3018 impostor
1772 2951 2037 3019 queritur,

436 3040 621 3093 s:eculi
666 3042 845 3107 potius
878 3057 951 3104 ix,
989 3042 1141 3094 initia
1176 3044 1334 3110 sapit.
1372 3042 1639 3107 Quocirca
1666 3044 1908 3112 episcopi
1943 3058 2040 3095 an-

450 3147 512 3185 no
557 3130 662 3186 856
698 3133 748 3185 iit
789 3134 1210 3201 Aquisgraneusi
1255 3149 1291 3186 ll
1334 3135 1570 3186 concilio
1613 3136 1951 3204 congregati,
1989 3135 2036 3187 id

440 3224 581 3292 quod
612 3235 769 3278 antea
800 3246 817 3276 ι
856 3235 1046 3279 contra
1080 3241 1194 3289 eos,
1222 3227 1316 3295 qui
1361 3226 1565 3279 nullum
1600 3242 1717 3281 esse
1743 3228 2035 3282 discrimen

2149 2020 2356 2075 Concil.
2386 2036 2504 2091 pag.
2532 2021 2639 2077 863
2671 2031 2725 2076 ct
2752 2022 2878 2076 alibi
2911 2023 3181 2093 vulgatam
3218 2022 3399 2077 videre
3432 2023 3569 2077 lict-t.

2215 2112 2305 2165 27.
2343 2110 2419 2165 De
2449 2113 2876 2180 metropolitanis,
2905 2114 2991 2182 qui
3027 2114 3241 2181 pallium
3281 2124 3507 2182 expetere
3552 2116 3705 2185 negli-

2146 2216 2374 2274 gunt.——
2394 2205 2735 2259 Postremum
2767 2206 2836 2259 ita
2866 2220 2924 2259 Sc
2953 2205 3139 2260 habet:
3173 2226 3189 2256 ε
3223 2205 3477 2274 Quoniam
3502 2208 3701 2276 quidam

2147 2299 2686 2366 metropolitanorum
2732 2297 2892 2353 fidem
2934 2314 3112 2363 suam,
3163 2299 3449 2353 secundum
3491 2300 3703 2369 priscam

2146 2388 2633 2454 consuetudinem,
2681 2401 2880 2442 sancta:
2934 2390 3049 2443 sedi
3096 2390 3400 2457 apostolicae
3452 2405 3706 2458 exponere

2147 2478 2538 2545 detrectantes,
2570 2495 2724 2533 usum
2752 2480 2893 2549 pallii
2920 2495 3095 2549 neque
3117 2490 3393 2550 expetunt,
3423 2495 3519 2535 nec
3542 2481 3703 2550 perci-

2148 2574 2330 2641 piunt;
2364 2586 2424 2626 ac
2470 2588 2563 2641 per
2592 2571 2693 2627 hoc
2730 2573 3103 2642 episcOporum
3134 2575 3465 2627 consecratio
3491 2574 3707 2627 viduatis

2146 2665 2390 2719 ecclesiis
2435 2679 2540 2718 non
2588 2666 2705 2719 sine
2759 2664 2999 2732 periculo
3046 2666 3387 2733 protelatur:
3428 2665 3615 2735 placuit
3656 2673 3709 2717 ut

2144 2762 2388 2829 quisquis
2417 2759 2868 2828 mctr0politauns
2896 2758 3030 2813 infra
3062 2768 3174 2812 tres
3196 2773 3405 2813 menses
3434 2772 3707 2812 Consecra-

2146 2856 2306 2911 tionis
2334 2871 2443 2909 sure
2472 2855 2536 2909 ad
2576 2855 2733 2909 ﬁdem
2775 2868 2927 2907 suam
2970 2852 3362 2923 exponendam,
3397 2852 3709 2921 pallimnque

2145 2949 2549 3017 suscipiendum
2597 2948 2663 3001 ad
2711 2946 3059 3017 apostolicam
3107 2946 3286 3001 sedem
3339 2960 3439 3001 non
3489 2945 3705 3008 miserit,

2144 3044 2434 3097 Commissa
2468 3043 2567 3095 sibi
2610 3052 2791 3096 careat
2831 3040 3120 3111 dignitate;
3154 3044 3325 3111 sitque
3354 3040 3559 3095 licentia
3599 3055 3707 3094 me-

2145 3134 2486 3204 tropoliiauis
2514 3134 2654 3197 aliis,
2683 3143 2801 3202 post
2830 3134 3117 3188 secundam
3148 3143 3204 3188 et
3241 3132 3448 3189 tertiam
3478 3147 3708 3188 commo-

2144 3232 2432 3295 nitiouem,
2479 3228 2719 3284 viduatis
2747 3228 3015 3291 ecclesiis,
3063 3242 3184 3283 cum
3227 3228 3449 3282 consilio
3490 3225 3708 3281 Romani

436 3315 710 3382 dicebant,
746 3318 787 3370 si
821 3318 982 3371 rebus
1012 3321 1117 3371 Deo
1146 3320 1339 3373 oblatis
1368 3323 1417 3372 in
1452 3320 1565 3373 suis
1613 3322 2036 3376 necuissitatihus
2067 3305 2111 3367 Ο
2146 3321 2443 3392 p0utiﬁcis,
2479 3321 2787 3375 ordinando
2828 3322 3112 3392 episcopos
3152 3321 3430 3375 subvenire
3459 3320 3600 3383 (Am.
3632 3318 3708 3372 vi-

435 3419 744 3479 uterentur,
778 3432 796 3460 »
834 3412 900 3465 ad
932 3412 1216 3482 Pippinum
1252 3431 1433 3483 regem
1476 3418 1829 3486 scripserant,
1863 3420 2035 3472 tribus

435 3501 592 3556 libris
638 3503 704 3555 ad
751 3504 1000 3558 eumdem
1046 3522 1228 3575 regem
1273 3510 1453 3563 missis
1483 3512 1905 3580 Scripturarum,
1944 3528 2037 3582 pa-

438 3607 578 3652 trum
611 3598 1083 3667 conciliorumque
1114 3603 1438 3657 tesdmoniis
1464 3605 1880 3660 conﬁrmarunt.

503 3692 595 3745 25.
632 3692 841 3746 Isidoro
873 3692 1159 3748 Mercatori
1189 3697 1331 3749 haud
1360 3705 1547 3751 temere
1575 3700 1734 3752 tribui
1762 3711 2037 3765 utrumque

435 3801 603 3855 posse.
646 3815 717 3825 —
760 3785 1064 3858 Utrumque
1116 3789 1278 3856 igitur
1324 3793 1587 3861 scriptum
1633 3803 1757 3863 apte
1798 3795 1848 3847 in
1904 3794 2035 3848 illud

434 3880 692 3935 convenit
730 3892 965 3949 tempus,
995 3898 1105 3951 quo
1133 3882 1371 3938 Isidorus
1416 3886 1683 3955 impostor
1712 3890 1863 3941 vixit.
1897 3889 2037 3943 heu-

437 3983 578 4029 trum
609 3975 827 4044 quidem
859 3986 1038 4031 exStat
1081 3979 1134 4030 in
1182 3980 1358 4048 ampla
1393 3981 1512 4048 ejus
1539 3982 1863 4037 collectione
1897 4001 1909 4036 :
1942 3983 2035 4036 sed

440 4065 571 4121 nihil
608 4076 758 4120 vetat
805 4070 1094 4135 quominus
1127 4080 1244 4137 post
1271 4070 1387 4139 ejus
1417 4072 1712 4126 editionem
1761 4074 2034 4143 ingenium

443 4162 737 4217 mendaciis
778 4164 916 4217 adeo
962 4163 1249 4217 fecundum
1296 4165 1545 4219 nonnihil
1586 4167 1710 4219 novi
1746 4168 2037 4236 protulisse

436 4266 746 4310 censeatur.
780 4256 923 4311 Sane
968 4257 1056 4325 qui
1100 4256 1167 4311 de
1209 4272 1367 4311 versu
1397 4258 1579 4311 Gloria
1634 4258 1779 4313 Patri
1830 4260 1880 4313 in
1932 4262 2037 4313 line

437 4349 704 4419 cujusque
747 4349 937 4418 psalmi
992 4350 1339 4419 adjungendo
1374 4350 1687 4421 Hieronymi
1718 4350 1940 4405 nomine
1970 4351 2035 4404 ad

437 4440 727 4496 Damasum
779 4442 1021 4510 scripsit,
1066 4461 1083 4493 ‹
1128 4442 1390 4497 Precatur
1435 4458 1565 4513 ergo
1612 4444 1785 4497 cliens
1824 4453 1969 4505 tuus,
2019 4466 2031 4493 ›

435 4533 627 4589 eodem
661 4536 879 4588 nomine
904 4534 1154 4589 eumdem
1181 4536 1379 4604 alloqui
1408 4552 1553 4590 nunc
1582 4534 1792 4589 videtur
1821 4538 1871 4589 in
1898 4534 2039 4588 hunc

437 4627 680 4693 modum,
710 4650 726 4681 ι
756 4628 890 4695 Quia
914 4629 982 4685 de
1007 4630 1305 4698 quaestione
1331 4646 1490 4700 quam
1521 4632 1848 4700 proposuisti
1878 4632 2037 4684 clien-

2141 3416 2318 3471 duata:
2364 3416 2681 3471 ecclesite...
2732 3414 3036 3470 ordinando
3084 3416 3433 3485 episcopum).
3476 3413 3531 3468 Si
3589 3428 3709 3467 vero

2139 3509 2496 3565 consecrandi
2526 3510 2769 3578 episc0pi
2802 3510 3124 3577 negligentia
3153 3509 3473 3578 provenerit,
3499 3517 3552 3561 ut
3579 3506 3706 3559 ultra

2142 3615 2253 3659 tres
2283 3619 2497 3658 menses
2526 3603 2755 3657 ecclesia
2786 3603 2999 3656 viduata
3032 3605 3318 3660 consistat:
3344 3602 3708 3656 communione

2143 3698 2387 3767 privetur
2409 3713 2515 3765 quo
2550 3710 2718 3765 nsque
2748 3704 2839 3749 aut
2865 3694 2985 3748 loco
3006 3694 3184 3759 cedat,
3208 3704 3296 3747 aut
3324 3708 3381 3748 se
3402 3707 3710 3747 consecran-

2141 3791 2267 3846 dum
2302 3790 2546 3861 praebere
2592 3805 2697 3842 non
2743 3787 2977 3843 differat.
3018 3786 3170 3855 Quod
3218 3786 3263 3840 si
3306 3786 3441 3840 ultra
3486 3786 3708 3855 quinque

2141 3900 2358 3941 menses
2398 3899 2492 3952 per
2518 3898 2670 3937 suam
2701 3880 3085 3953 negligentiam
3133 3880 3417 3935 retinuerit
3455 3878 3706 3932 viduatam

2141 3977 2463 4039 ecclesiam;
2500 3990 2673 4043 neque
2702 3974 2799 4040 ibi,
2829 3988 3005 4043 neque
3032 3972 3157 4026 alibi
3182 3970 3597 4025 consecrationis
3622 3968 3709 4022 do.

2143 4085 2270 4123 num
2308 4068 2594 4137 percipiat,
2622 4068 2786 4120 immo
2816 4065 3214 4133 metropolitani
3243 4064 3321 4117 sui
3341 4061 3540 4132 judicio
3561 4061 3710 4116 cedat

2144 4165 2293 4233 (Ans.
2330 4161 2590 4229 recedat).
2633 4182 2649 4209 ι
2688 4160 2753 4213 Et
2780 4157 2920 4213 istud
2950 4157 3166 4228 quidem
3196 4157 3417 4211 Damaso
3445 4156 3509 4208 ab
3530 4153 3709 4207 Ansel-

2142 4272 2232 4311 mo
2256 4257 2348 4310 lib.
2380 4272 2450 4321 ιι,
2476 4270 2523 4309 c.
2558 4254 2659 4317 80;
2686 4250 2997 4306 Ilurchardo
3036 4251 3129 4305 lib.
3161 4265 3199 4312 ι,
3234 4264 3282 4302 c.
3306 4247 3401 4313 25;
3434 4247 3708 4318 Polycarpo

2142 4354 2236 4408 lib.
2269 4368 2327 4415 ιι,
2362 4351 2443 4403 tit.
2482 4349 2570 4413 10,
2601 4357 2656 4402 et
2696 4346 3002 4401 Panormite
3029 4353 3249 4400 auctore
3280 4344 3371 4398 lib.
3416 4359 3489 4405 nt.
3530 4359 3576 4397 c.
3623 4343 3705 4407 Il,

2141 4446 2455 4501 ascribitur.
2489 4443 2559 4498 At
2591 4442 2680 4496 lvo
2707 4457 2824 4512 par.
2854 4457 2931 4502 ni,
2968 4455 3018 4495 c.
3046 4439 3167 4505 1'56,
3200 4454 3260 4494 ac
3290 4438 3567 4493 Gratianus
3585 4437 3702 4491 dist.

2146 4538 2268 4599 100,
2314 4553 2362 4590 e.
2399 4538 2453 4599 I,
2492 4535 2690 4604 quibus
2718 4542 2773 4587 et
2815 4531 3056 4587 concinit
3086 4530 3424 4585 Innocentius
3460 4528 3543 4594 Ill,
3571 4528 3702 4582 lib.t

2143 4633 2303 4701 epist.
2343 4632 2465 4694 Il7,
2514 4630 2579 4685 ad
2616 4628 3004 4683 Bituricensem
3055 4624 3533 4693 archiepiscopum,
3562 4624 3706 4689 cujus

438 4724 546 4776 tuto
578 4731 688 4776 tuo.
725 4742 741 4774 ιι
779 4722 879 4791 Qui
910 4733 1141 4793 utroque
1172 4724 1449 4793 inscripto
1475 4724 1815 4779 sanctionem
1845 4738 2038 4778 νοω-ιι-
2066 4704 2119 4763 D
2147 4726 2357 4780 initium
2392 4723 2474 4778 Ne
2498 4723 2540 4777 si
2571 4721 2817 4783 uniuersi,
2844 4718 2972 4773 illud
3003 4718 3219 4788 Pelagio
3240 4718 3548 4771 attribuunt.
3568 4714 3702 4769 Idem

438 4823 548 4870 tem
592 4816 744 4871 velut
773 4815 1046 4886 antiquam
1080 4827 1389 4871 sanetorum
1427 4828 1639 4887 patrum
1672 4818 1911 4886 regulam
1944 4832 2037 4871 au-

438 4907 553 4961 dire
585 4909 719 4975 vult,
765 4924 945 4963 nonne
975 4909 1316 4978 dignoscitur
1355 4910 1469 4979 ipse
1516 4926 1659 4975 esse,
1702 4912 1792 4977 qui
1841 4910 2037 4980 placita

440 5013 535 5053 sua
582 5009 855 5071 tamquam
898 5001 1165 5071 majorum
1208 5001 1425 5057 decreta
1456 5002 1736 5056 venditare
1779 5002 1939 5065 solet,
1976 5016 2039 5055 ac.

440 5093 770 5147 vetustiores
814 5093 1090 5147 Romanos
1139 5093 1424 5162 pontiﬁces
1464 5094 1722 5148 inducere
1754 5094 2041 5148 consuevit

437 5199 625 5239 eorum
655 5185 894 5241 vindices
940 5187 1310 5252 decretorum,
1344 5205 1463 5257 qua:
1507 5188 1833 5256 posteriores
1878 5189 2036 5242 dum-

438 5280 931 5335 taxatedixerunt?
954 5281 1055 5349 Ipsi
1085 5282 1301 5336 demum
1330 5284 1598 5352 peculiare
1620 5294 1700 5337 est
1728 5294 2035 5339 commenta

438 5385 531 5426 sua
565 5373 763 5429 Nicreni
807 5376 1020 5430 CttnsiIiI
1067 5376 1247 5431 ﬁctitia
1278 5380 1598 5434 auctoritate
1626 5380 2030 5435 commendare.

438 5464 591 5531 Quod
626 5475 683 5519 ιιι
704 5468 751 5520 ei
794 5468 1003 5523 felicius
1046 5469 1225 5533 cedat,
1266 5471 1336 5523 ab
1375 5473 1490 5540 ipso
1536 5472 1880 5526 colloctionis
1922 5487 2036 5526 sua:

439 5560 702 5629 prooemio
740 5561 791 5617 id
824 5580 1035 5619 summo
1076 5567 1260 5621 studio
1303 5569 1546 5632 enititur,
1580 5578 1636 5621 nt
1668 5565 1867 5622 Nicreni
1905 5583 2038 5622 eon-

441 5654 545 5710 cilii
578 5659 737 5727 longe
774 5660 954 5729 plures
999 5676 1260 5726 canones,
1290 5678 1451 5733 quam
1484 5663 1574 5732 qui
1610 5661 1876 5716 habentur
1904 5663 2032 5715 olim

437 5744 607 5802 fuisse
656 5750 994 5816 persuadeat.
1032 5752 1183 5807 Unde
1213 5764 1266 5808 et
1299 5754 1611 5825 identidem,
1660 5754 1753 5808 sed
1803 5756 2034 5809 maxime

436 5836 490 5890 in
517 5840 877 5909 pseudo-Julii
900 5843 1147 5911 epistola,
1179 5846 1400 5915 plurima
1427 5849 1549 5903 huic
1573 5847 1806 5902 concilio
1828 5848 2036 5904 adscri-

441 5922 567 5987 bere
606 5948 712 5989 non
768 5935 921 5990 timet
963 5936 1207 6004 decreta,
1240 5954 1361 6013 quae
1389 5941 1458 5997 ab
1501 5956 1567 5996 eo
1604 5955 1826 6013 prorsus
1856 5942 2029 5995 aliena

2140 4818 2509 4875 Innocentius.
2544 4824 2704 4871 extra
2736 4813 2804 4869 de
2836 4812 3081 4867 translat.
3111 4812 3274 4881 episc.
3305 4810 3422 4873 αξ,
3450 4808 3475 4881 §
3510 4809 3557 4874 I,
3581 4809 3706 4862 rela-

2142 4924 2248 4974 tus,
2294 4913 2441 4965 velut
2468 4926 2531 4965 ex
2563 4908 2771 4963 Canoue
2806 4919 3084 4977 postrema
3107 4906 3223 4976 ejus
3254 4906 3410 4961 verba
3440 4908 3516 4957 sic
3542 4904 3663 4957 citat
3689 4920 3700 4953 :

2149 5027 2166 5059 ‹
2201 5006 2384 5076 Neque
2422 5004 2577 5067 illud,
2606 5002 2749 5072 quod
2781 5003 2831 5057 in
2866 5000 3075 5055 Canoue
3101 5000 3293 5069 legitur
3322 4998 3387 5052 de
3426 4997 3613 5058 electo,
3652 5002 3703 5046 ut

2143 5102 2187 5154 si
2216 5099 2352 5152 ultra
2381 5112 2472 5151 sex
2500 5098 2645 5165 (uota
2686 5095 2754 5149 ibi
2792 5108 2911 5154 sex.
2959 5108 3061 5145 non
3101 5092 3331 5161 quinque
3358 5087 3477 5159 legi)
3504 5097 3702 5140 menses

2150 5209 2243 5262 per
2283 5207 2433 5245 suam
2480 5188 2857 5259 negligentiam
2896 5185 3182 5239 retinuerit
3221 5183 3495 5237 ecclesiam
3526 5180 3701 5234 vidua-

2145 5294 2275 5349 tam,
2310 5295 2410 5336 nec
2437 5280 2507 5335 ibi
2538 5277 2996 5334 neciilibidonum
3021 5273 3443 5330 consecrationis
3467 5272 3699 5341 accipiat.

2144 5378 2311 5431 immo
2341 5372 2749 5441 metropolitani
2778 5371 2857 5425 sui
2892 5369 3045 5424 cedat
3065 5369 3290 5437 judicio,
3319 5377 3418 5423 etc.
3456 5384 3475 5417 ι

2214 5469 2305 5523 28.
2342 5468 2541 5521 Verum
2568 5480 2744 5535 neque
2785 5466 3030 5526 Damaso,
3059 5478 3227 5532 neque
3261 5458 3510 5530 Pelagio!
3545 5471 3627 5511 aut
3663 5456 3701 5511 II

2143 5562 2413 5633 congruit,
2450 5568 2635 5628 utpote
2667 5572 2773 5625 quo
2802 5555 3070 5610 asseritur
3115 5569 3177 5609 ac
3229 5553 3518 5607 vindicatur
3545 5548 3699 5603 disci-

2145 5656 2288 5725 plina
2311 5663 2501 5708 oclavo
2535 5659 2740 5705 tantum
2766 5647 2967 5703 sceculo
2996 5648 3230 5711 inducta,
3253 5645 3328 5698 uti
3360 5642 3600 5706 Colligere
3625 5649 3701 5695 est

2144 5766 2208 5803 ex
2236 5748 2471 5803 concilio
2500 5744 2586 5800 cui
2619 5743 2927 5799 Bonifacius
2953 5741 3237 5811 episcopus
3260 5734 3585 5806 Moguntinus
3611 5750 3701 5786 an-

2145 5856 2215 5896 no
2258 5842 2362 5895 742
2406 5837 2644 5910 praefuit,
2682 5848 2735 5891 et
2764 5835 2829 5889 de
2866 5850 2976 5905 quo
3015 5835 3173 5902 epist.
3208 5830 3304 5885 102)
3337 5830 3447 5899 ipse
3484 5828 3699 5882 scribit:

2202 5933 2558 5991 Decrevimus
2590 5940 2775 5986 nostro
2805 5928 3052 5997 synodali
3082 5928 3366 5993 conventu,
3401 5931 3453 5980 et
3478 5920 3697 5977 confessi
