  <div class='ocr_page' id='page_1' title='image "/cluster/home/n/w/nwhite01/storage/ocr_20150623/12-13/uc1.31175013632818/128.png"; bbox 0 0 5220 6432; ppageno 0'>
   <div class='ocr_carea' id='block_1_1' title="bbox 317 321 412 377">
    <p class='ocr_par' dir='ltr' id='par_1_1' title="bbox 317 321 412 377">
     <span class='ocr_line' id='line_1_1' title="bbox 317 321 412 377; baseline 0 0"><span class='ocrx_word' id='word_1_1' title='bbox 317 321 412 377; x_wconf 74' lang='lat' dir='ltr'><strong>2H</strong></span> 
     </span>
    </p>
   </div>
   <div class='ocr_carea' id='block_1_2' title="bbox 691 437 1505 494">
    <p class='ocr_par' dir='ltr' id='par_1_2' title="bbox 691 437 1505 494">
     <span class='ocr_line' id='line_1_2' title="bbox 691 437 1505 494; baseline -0.001 -1"><span class='ocrx_word' id='word_1_2' title='bbox 691 437 921 493; x_wconf 73' lang='lat' dir='ltr'><strong>CODEX</strong></span> <span class='ocrx_word' id='word_1_3' title='bbox 963 437 1505 494; x_wconf 74' lang='lat' dir='ltr'><strong>VERCELLENSIS.</strong></span> 
     </span>
    </p>
   </div>
   <div class='ocr_carea' id='block_1_3' title="bbox 307 523 1483 612">
    <p class='ocr_par' dir='ltr' id='par_1_3' title="bbox 307 523 1483 612">
     <span class='ocr_line' id='line_1_3' title="bbox 307 523 1483 612; baseline 0.003 -30"><span class='ocrx_word' id='word_1_4' title='bbox 307 526 432 612; x_wconf 77' lang='lat' dir='ltr'><strong>hum</strong></span> <span class='ocrx_word' id='word_1_5' title='bbox 456 527 548 612; x_wconf 63' lang='lat' dir='ltr'><strong>Dei</strong></span> <span class='ocrx_word' id='word_1_6' title='bbox 574 523 738 612; x_wconf 82' lang='lat' dir='ltr'><strong>prop-</strong></span> <span class='ocrx_word' id='word_1_7' title='bbox 1138 531 1483 612; x_wconf 73' lang='lat' dir='ltr'><strong>scandalizati</strong></span> 
     </span>
    </p>
   </div>
   <div class='ocr_carea' id='block_1_4' title="bbox 309 599 1434 658">
    <p class='ocr_par' dir='ltr' id='par_1_4' title="bbox 309 599 1434 658">
     <span class='ocr_line' id='line_1_4' title="bbox 309 599 1434 658; baseline 0.005 -6"><span class='ocrx_word' id='word_1_8' title='bbox 309 606 388 652; x_wconf 85' lang='lat' dir='ltr'><strong>ter</strong></span> <span class='ocrx_word' id='word_1_9' title='bbox 412 599 652 654; x_wconf 83' lang='lat' dir='ltr'><strong>traditio-</strong></span> <span class='ocrx_word' id='word_1_10' title='bbox 1138 604 1304 658; x_wconf 76' lang='lat' dir='ltr'><strong>sunt?</strong></span> <span class='ocrx_word' id='word_1_11' title='bbox 1426 621 1434 631; x_wconf 92' lang='grc'><strong>·</strong></span> 
     </span>
    </p>
   </div>
   <div class='ocr_carea' id='block_1_5' title="bbox 307 672 1786 742">
    <p class='ocr_par' dir='ltr' id='par_1_5' title="bbox 307 672 1786 742">
     <span class='ocr_line' id='line_1_5' title="bbox 307 672 1786 742; baseline 0.004 -21"><span class='ocrx_word' id='word_1_12' title='bbox 307 682 711 742; x_wconf 72' lang='lat' dir='ltr'><strong>netn_vestram.</strong></span> <span class='ocrx_word' id='word_1_13' title='bbox 774 740 785 742; x_wconf 86' lang='lat'>_</span> <span class='ocrx_word' id='word_1_14' title='bbox 1140 674 1226 729; x_wconf 77' lang='grc'><strong>15.</strong></span> <span class='ocrx_word' id='word_1_15' title='bbox 1287 673 1351 727; x_wconf 84' lang='lat' dir='ltr'><strong>Et</strong></span> <span class='ocrx_word' id='word_1_16' title='bbox 1379 672 1535 727; x_wconf 70' lang='lat' dir='ltr'><strong>.lcsus</strong></span> <span class='ocrx_word' id='word_1_17' title='bbox 1562 686 1786 742; x_wconf 84' lang='lat' dir='ltr'><strong>respon-</strong></span> 
     </span>
    </p>
   </div>
   <div class='ocr_carea' id='block_1_6' title="bbox 307 739 1560 811">
    <p class='ocr_par' dir='ltr' id='par_1_6' title="bbox 307 739 1560 811">
     <span class='ocr_line' id='line_1_6' title="bbox 307 739 1560 811; baseline 0 -17"><span class='ocrx_word' id='word_1_18' title='bbox 307 740 359 794; x_wconf 88' lang='lat'><strong>7.</strong></span> <span class='ocrx_word' id='word_1_19' title='bbox 406 739 744 811; x_wconf 80' lang='lat' dir='ltr'><strong>Hypocritae,</strong></span> <span class='ocrx_word' id='word_1_20' title='bbox 773 740 868 795; x_wconf 87' lang='lat' dir='ltr'><strong>he-</strong></span> <span class='ocrx_word' id='word_1_21' title='bbox 1141 743 1276 797; x_wconf 85' lang='lat' dir='ltr'><strong>deus</strong></span> <span class='ocrx_word' id='word_1_22' title='bbox 1300 746 1367 796; x_wconf 85' lang='lat' dir='ltr'><strong>ait</strong></span> <span class='ocrx_word' id='word_1_23' title='bbox 1398 761 1411 796; x_wconf 90' lang='lat'><strong>:</strong></span> <span class='ocrx_word' id='word_1_24' title='bbox 1435 743 1560 797; x_wconf 75' lang='lat' dir='ltr'><strong>0n:-</strong></span> 
     </span>
    </p>
   </div>
   <div class='ocr_carea' id='block_1_7' title="bbox 311 811 1534 884">
    <p class='ocr_par' dir='ltr' id='par_1_7' title="bbox 311 811 1534 884">
     <span class='ocr_line' id='line_1_7' title="bbox 311 811 1534 884; baseline -0.003 -18"><span class='ocrx_word' id='word_1_25' title='bbox 311 825 378 884; x_wconf 88' lang='lat' dir='ltr'><strong>ne</strong></span> <span class='ocrx_word' id='word_1_26' title='bbox 411 811 696 884; x_wconf 54' lang='lat' dir='ltr'><strong>prttphelaf</strong></span> <span class='ocrx_word' id='word_1_27' title='bbox 733 883 739 884; x_wconf 13' lang='grc' dir='ltr'>ί</span> <span class='ocrx_word' id='word_1_28' title='bbox 1141 816 1223 869; x_wconf 88' lang='lat' dir='ltr'><strong>nis</strong></span> <span class='ocrx_word' id='word_1_29' title='bbox 1255 815 1534 884; x_wconf 74' lang='lat' dir='ltr'><strong>plztttlalin,</strong></span> 
     </span>
    </p>
   </div>
   <div class='ocr_carea' id='block_1_8' title="bbox 305 882 1613 955">
    <p class='ocr_par' dir='ltr' id='par_1_8' title="bbox 305 882 1613 955">
     <span class='ocr_line' id='line_1_8' title="bbox 305 882 1613 955; baseline 0.003 -21"><span class='ocrx_word' id='word_1_30' title='bbox 305 883 380 955; x_wconf 55' lang='lat' dir='ltr'><strong>vit</strong></span> <span class='ocrx_word' id='word_1_31' title='bbox 407 882 471 955; x_wconf 85' lang='lat' dir='ltr'><strong>de</strong></span> <span class='ocrx_word' id='word_1_32' title='bbox 490 884 641 955; x_wconf 81' lang='lat' dir='ltr'><strong>vobis</strong></span> <span class='ocrx_word' id='word_1_33' title='bbox 672 883 752 954; x_wconf 89' lang='lat' dir='ltr'><strong>(a)</strong></span> <span class='ocrx_word' id='word_1_34' title='bbox 1137 882 1293 953; x_wconf 83' lang='lat' dir='ltr'><strong>quam</strong></span> <span class='ocrx_word' id='word_1_35' title='bbox 1325 903 1429 938; x_wconf 81' lang='lat' dir='ltr'><strong>non</strong></span> <span class='ocrx_word' id='word_1_36' title='bbox 1461 885 1613 955; x_wconf 78' lang='lat' dir='ltr'><strong>plan-</strong></span> 
     </span>
    </p>
   </div>
   <div class='ocr_carea' id='block_1_9' title="bbox 305 952 1589 1023">
    <p class='ocr_par' dir='ltr' id='par_1_9' title="bbox 305 952 1589 1023">
     <span class='ocr_line' id='line_1_9' title="bbox 305 952 1589 1023; baseline 0.002 -15"><span class='ocrx_word' id='word_1_37' title='bbox 305 952 491 1023; x_wconf 67' lang='lat' dir='ltr'><strong>Eseiis</strong></span> <span class='ocrx_word' id='word_1_38' title='bbox 510 953 572 1023; x_wconf 53' lang='lat'><strong>1’.</strong></span> <span class='ocrx_word' id='word_1_39' title='bbox 602 952 788 1009; x_wconf 81' lang='lat' dir='ltr'><strong>dicens</strong></span> <span class='ocrx_word' id='word_1_40' title='bbox 814 972 828 1007; x_wconf 90' lang='lat'><strong>:</strong></span> <span class='ocrx_word' id='word_1_41' title='bbox 1136 952 1273 1010; x_wconf 86' lang='lat' dir='ltr'><strong>tavit</strong></span> <span class='ocrx_word' id='word_1_42' title='bbox 1301 952 1589 1010; x_wconf 60' lang='lat' dir='ltr'><strong>Pater&#39;me-</strong></span> 
     </span>
    </p>
   </div>
   <div class='ocr_carea' id='block_1_10' title="bbox 305 1022 1499 1087">
    <p class='ocr_par' dir='ltr' id='par_1_10' title="bbox 305 1022 1499 1087">
     <span class='ocr_line' id='line_1_10' title="bbox 305 1022 1499 1087; baseline 0 -9"><span class='ocrx_word' id='word_1_43' title='bbox 305 1023 358 1078; x_wconf 91' lang='lat'><strong>8.</strong></span> <span class='ocrx_word' id='word_1_44' title='bbox 403 1022 562 1078; x_wconf 75' lang='lat' dir='ltr'><strong>Plebs</strong></span> <span class='ocrx_word' id='word_1_45' title='bbox 589 1025 723 1081; x_wconf 87' lang='lat' dir='ltr'><strong>haec</strong></span> <span class='ocrx_word' id='word_1_46' title='bbox 1137 1042 1199 1082; x_wconf 93' lang='lat' dir='ltr'><strong>us</strong></span> <span class='ocrx_word' id='word_1_47' title='bbox 1228 1027 1499 1087; x_wconf 79' lang='lat' dir='ltr'><strong>caelestis.</strong></span> 
     </span>
    </p>
   </div>
   <div class='ocr_carea' id='block_1_11' title="bbox 1137 1099 1514 1152">
    <p class='ocr_par' dir='ltr' id='par_1_11' title="bbox 1137 1099 1514 1152">
     <span class='ocr_line' id='line_1_11' title="bbox 1137 1099 1514 1152; baseline -0.003 0"><span class='ocrx_word' id='word_1_48' title='bbox 1137 1099 1514 1152; x_wconf 86' lang='lat' dir='ltr'><strong>eradicahittn&#39;.</strong></span> 
     </span>
    </p>
   </div>
   <div class='ocr_carea' id='block_1_12' title="bbox 1138 1167 1771 1226">
    <p class='ocr_par' dir='ltr' id='par_1_12' title="bbox 1138 1167 1771 1226">
     <span class='ocr_line' id='line_1_12' title="bbox 1138 1167 1771 1226; baseline 0.006 -4"><span class='ocrx_word' id='word_1_49' title='bbox 1138 1169 1223 1222; x_wconf 74' lang='grc' dir='ltr'><strong>Η.</strong></span> <span class='ocrx_word' id='word_1_50' title='bbox 1255 1168 1427 1224; x_wconf 85' lang='lat' dir='ltr'><strong>Sinite</strong></span> <span class='ocrx_word' id='word_1_51' title='bbox 1452 1167 1572 1221; x_wconf 85' lang='lat' dir='ltr'><strong>illos</strong></span> <span class='ocrx_word' id='word_1_52' title='bbox 1600 1186 1612 1221; x_wconf 92' lang='lat'>:</span> <span class='ocrx_word' id='word_1_53' title='bbox 1646 1184 1771 1226; x_wconf 85' lang='lat' dir='ltr'><strong>cac-</strong></span> 
     </span>
    </p>
   </div>
   <div class='ocr_carea' id='block_1_13' title="bbox 1136 1239 1532 1294">
    <p class='ocr_par' dir='ltr' id='par_1_13' title="bbox 1136 1239 1532 1294">
     <span class='ocr_line' id='line_1_13' title="bbox 1136 1239 1532 1294; baseline 0 -1"><span class='ocrx_word' id='word_1_54' title='bbox 1136 1240 1184 1293; x_wconf 90' lang='lat' dir='ltr'><strong>ci</strong></span> <span class='ocrx_word' id='word_1_55' title='bbox 1215 1249 1341 1294; x_wconf 84' lang='lat' dir='ltr'><strong>sunt</strong></span> <span class='ocrx_word' id='word_1_56' title='bbox 1365 1239 1532 1293; x_wconf 87' lang='lat' dir='ltr'><strong>duces</strong></span> 
     </span>
    </p>
   </div>
   <div class='ocr_carea' id='block_1_14' title="bbox 1135 1324 1587 1371">
    <p class='ocr_par' dir='ltr' id='par_1_14' title="bbox 1135 1324 1587 1371">
     <span class='ocr_line' id='line_1_14' title="bbox 1135 1324 1587 1371; baseline 0 -8"><span class='ocrx_word' id='word_1_57' title='bbox 1135 1324 1440 1371; x_wconf 84' lang='lat' dir='ltr'><strong>caecorum.</strong></span> <span class='ocrx_word' id='word_1_58' title='bbox 1465 1324 1587 1363; x_wconf 87' lang='lat' dir='ltr'><strong>cae-</strong></span> 
     </span>
    </p>
   </div>
   <div class='ocr_carea' id='block_1_15' title="bbox 1136 1380 1506 1435">
    <p class='ocr_par' dir='ltr' id='par_1_15' title="bbox 1136 1380 1506 1435">
     <span class='ocr_line' id='line_1_15' title="bbox 1136 1380 1506 1435; baseline -0.008 0"><span class='ocrx_word' id='word_1_59' title='bbox 1136 1395 1232 1435; x_wconf 92' lang='lat' dir='ltr'><strong>cus</strong></span> <span class='ocrx_word' id='word_1_60' title='bbox 1257 1393 1433 1434; x_wconf 89' lang='lat' dir='ltr'><strong>autem</strong></span> <span class='ocrx_word' id='word_1_61' title='bbox 1461 1380 1506 1433; x_wconf 89' lang='lat' dir='ltr'><strong>si</strong></span> 
     </span>
    </p>
   </div>
   <div class='ocr_carea' id='block_1_16' title="bbox 1135 1454 1577 1505">
    <p class='ocr_par' dir='ltr' id='par_1_16' title="bbox 1135 1454 1577 1505">
     <span class='ocr_line' id='line_1_16' title="bbox 1135 1454 1577 1505; baseline 0.002 -1"><span class='ocrx_word' id='word_1_62' title='bbox 1135 1465 1300 1505; x_wconf 86' lang='lat' dir='ltr'><strong>caeco</strong></span> <span class='ocrx_word' id='word_1_63' title='bbox 1328 1454 1577 1505; x_wconf 88' lang='lat' dir='ltr'><strong>ducatutn</strong></span> 
     </span>
    </p>
   </div>
   <div class='ocr_carea' id='block_1_17' title="bbox 1170 1530 1525 1584">
    <p class='ocr_par' dir='ltr' id='par_1_17' title="bbox 1170 1530 1525 1584">
     <span class='ocr_line' id='line_1_17' title="bbox 1170 1530 1525 1584; baseline -0.006 -8"><span class='ocrx_word' id='word_1_64' title='bbox 1170 1530 1387 1584; x_wconf 68' lang='lat' dir='ltr'><strong>raestet,</strong></span> <span class='ocrx_word' id='word_1_65' title='bbox 1409 1536 1525 1574; x_wconf 88' lang='lat' dir='ltr'><strong>am-</strong></span> 
     </span>
    </p>
   </div>
   <div class='ocr_carea' id='block_1_18' title="bbox 307 1094 571 1150">
    <p class='ocr_par' dir='ltr' id='par_1_18' title="bbox 307 1094 571 1150">
     <span class='ocr_line' id='line_1_18' title="bbox 307 1094 571 1150; baseline 0.004 -2"><span class='ocrx_word' id='word_1_66' title='bbox 307 1094 463 1148; x_wconf 80' lang='lat' dir='ltr'><strong>labiis</strong></span> <span class='ocrx_word' id='word_1_67' title='bbox 485 1110 571 1150; x_wconf 90' lang='lat' dir='ltr'><strong>me</strong></span> 
     </span>
    </p>
   </div>
   <div class='ocr_carea' id='block_1_19' title="bbox 311 1164 559 1233">
    <p class='ocr_par' dir='ltr' id='par_1_19' title="bbox 311 1164 559 1233">
     <span class='ocr_line' id='line_1_19' title="bbox 311 1164 559 1233; baseline 0 -15"><span class='ocrx_word' id='word_1_68' title='bbox 311 1164 559 1233; x_wconf 81' lang='lat' dir='ltr'><strong>honorat,</strong></span> 
     </span>
    </p>
   </div>
   <div class='ocr_carea' id='block_1_20' title="bbox 305 1246 594 1290">
    <p class='ocr_par' dir='ltr' id='par_1_20' title="bbox 305 1246 594 1290">
     <span class='ocr_line' id='line_1_20' title="bbox 305 1246 594 1290; baseline 0 0"><span class='ocrx_word' id='word_1_69' title='bbox 305 1249 399 1290; x_wconf 81' lang='lat' dir='ltr'><strong>COI‘</strong></span> <span class='ocrx_word' id='word_1_70' title='bbox 419 1250 444 1288; x_wconf 72' lang='lat'><strong>3</strong></span> <span class='ocrx_word' id='word_1_71' title='bbox 453 1252 483 1288; x_wconf 88' lang='grc' dir='ltr'>ιι</span> <span class='ocrx_word' id='word_1_72' title='bbox 491 1246 594 1290; x_wconf 87' lang='lat' dir='ltr'><strong>teut</strong></span> 
     </span>
    </p>
   </div>
   <div class='ocr_carea' id='block_1_21' title="bbox 307 1309 634 1362">
    <p class='ocr_par' dir='ltr' id='par_1_21' title="bbox 307 1309 634 1362">
     <span class='ocr_line' id='line_1_21' title="bbox 307 1309 634 1362; baseline 0.009 -3"><span class='ocrx_word' id='word_1_73' title='bbox 307 1320 492 1359; x_wconf 87' lang='lat' dir='ltr'><strong>eorum</strong></span> <span class='ocrx_word' id='word_1_74' title='bbox 519 1309 634 1362; x_wconf 88' lang='lat' dir='ltr'><strong>lon-</strong></span> 
     </span>
    </p>
   </div>
   <div class='ocr_carea' id='block_1_22' title="bbox 303 1384 660 1445">
    <p class='ocr_par' dir='ltr' id='par_1_22' title="bbox 303 1384 660 1445">
     <span class='ocr_line' id='line_1_22' title="bbox 303 1384 660 1445; baseline 0.008 -14"><span class='ocrx_word' id='word_1_75' title='bbox 303 1391 370 1445; x_wconf 72' lang='lat' dir='ltr'><strong>ge</strong></span> <span class='ocrx_word' id='word_1_76' title='bbox 396 1384 479 1430; x_wconf 92' lang='lat' dir='ltr'><strong>cst</strong></span> <span class='ocrx_word' id='word_1_77' title='bbox 501 1393 530 1430; x_wconf 91' lang='lat' dir='ltr'><strong>a</strong></span> <span class='ocrx_word' id='word_1_78' title='bbox 555 1394 660 1434; x_wconf 88' lang='lat' dir='ltr'><strong>me.</strong></span> 
     </span>
    </p>
   </div>
   <div class='ocr_carea' id='block_1_23' title="bbox 243 1447 714 1505">
    <p class='ocr_par' dir='ltr' id='par_1_23' title="bbox 243 1447 714 1505">
     <span class='ocr_line' id='line_1_23' title="bbox 243 1447 714 1505; baseline 0.006 -3"><span class='ocrx_word' id='word_1_79' title='bbox 243 1462 248 1468; x_wconf 89' lang='lat'>&#39;</span> <span class='ocrx_word' id='word_1_80' title='bbox 305 1449 358 1502; x_wconf 83' lang='lat'><strong>9.</strong></span> <span class='ocrx_word' id='word_1_81' title='bbox 405 1447 530 1502; x_wconf 89' lang='lat' dir='ltr'><strong>Sine</strong></span> <span class='ocrx_word' id='word_1_82' title='bbox 553 1464 714 1505; x_wconf 82' lang='lat' dir='ltr'><strong>causa</strong></span> 
     </span>
    </p>
   </div>
   <div class='ocr_carea' id='block_1_24' title="bbox 304 1527 585 1574">
    <p class='ocr_par' dir='ltr' id='par_1_24' title="bbox 304 1527 585 1574">
     <span class='ocr_line' id='line_1_24' title="bbox 304 1527 585 1574; baseline 0.014 -3"><span class='ocrx_word' id='word_1_83' title='bbox 304 1527 480 1571; x_wconf 76' lang='lat' dir='ltr'><strong>autem</strong></span> <span class='ocrx_word' id='word_1_84' title='bbox 499 1535 585 1574; x_wconf 84' lang='lat' dir='ltr'><strong>me</strong></span> 
     </span>
    </p>
   </div>
   <div class='ocr_carea' id='block_1_25' title="bbox 304 1589 632 1655">
    <p class='ocr_par' dir='ltr' id='par_1_25' title="bbox 304 1589 632 1655">
     <span class='ocr_line' id='line_1_25' title="bbox 304 1589 632 1655; baseline 0.009 -13"><span class='ocrx_word' id='word_1_85' title='bbox 304 1589 506 1655; x_wconf 91' lang='lat' dir='ltr'><strong>colunt,</strong></span> <span class='ocrx_word' id='word_1_86' title='bbox 535 1591 632 1645; x_wconf 91' lang='lat' dir='ltr'><strong>do-</strong></span> 
     </span>
    </p>
   </div>
   <div class='ocr_carea' id='block_1_26' title="bbox 302 1660 638 1715">
    <p class='ocr_par' dir='ltr' id='par_1_26' title="bbox 302 1660 638 1715">
     <span class='ocr_line' id='line_1_26' title="bbox 302 1660 638 1715; baseline 0 0"><span class='ocrx_word' id='word_1_87' title='bbox 302 1669 486 1715; x_wconf 87' lang='lat' dir='ltr'><strong>centes</strong></span> <span class='ocrx_word' id='word_1_88' title='bbox 510 1660 638 1715; x_wconf 89' lang='lat' dir='ltr'><strong>doc-</strong></span> 
     </span>
    </p>
   </div>
   <div class='ocr_carea' id='block_1_27' title="bbox 304 1731 745 1795">
    <p class='ocr_par' dir='ltr' id='par_1_27' title="bbox 304 1731 745 1795">
     <span class='ocr_line' id='line_1_27' title="bbox 304 1731 745 1795; baseline 0.011 -12"><span class='ocrx_word' id='word_1_89' title='bbox 304 1731 491 1795; x_wconf 88' lang='lat' dir='ltr'><strong>trinas,</strong></span> <span class='ocrx_word' id='word_1_90' title='bbox 522 1743 573 1786; x_wconf 92' lang='lat' dir='ltr'><strong>et</strong></span> <span class='ocrx_word' id='word_1_91' title='bbox 597 1749 745 1787; x_wconf 79' lang='lat' dir='ltr'><strong>man-</strong></span> 
     </span>
    </p>
   </div>
   <div class='ocr_carea' id='block_1_28' title="bbox 303 1800 637 1858">
    <p class='ocr_par' dir='ltr' id='par_1_28' title="bbox 303 1800 637 1858">
     <span class='ocr_line' id='line_1_28' title="bbox 303 1800 637 1858; baseline 0.009 -5"><span class='ocrx_word' id='word_1_92' title='bbox 303 1800 427 1855; x_wconf 83' lang='lat' dir='ltr'><strong>data</strong></span> <span class='ocrx_word' id='word_1_93' title='bbox 465 1802 637 1858; x_wconf 89' lang='lat' dir='ltr'><strong>homi-</strong></span> 
     </span>
    </p>
   </div>
   <div class='ocr_carea' id='block_1_29' title="bbox 305 1887 452 1925">
    <p class='ocr_par' dir='ltr' id='par_1_29' title="bbox 305 1887 452 1925">
     <span class='ocr_line' id='line_1_29' title="bbox 305 1887 452 1925; baseline 0 -1"><span class='ocrx_word' id='word_1_94' title='bbox 305 1887 452 1925; x_wconf 90' lang='lat' dir='ltr'><strong>num.</strong></span> 
     </span>
    </p>
   </div>
   <div class='ocr_carea' id='block_1_30' title="bbox 305 1942 838 2002">
    <p class='ocr_par' dir='ltr' id='par_1_30' title="bbox 305 1942 838 2002">
     <span class='ocr_line' id='line_1_30' title="bbox 305 1942 838 2002; baseline 0.008 -6"><span class='ocrx_word' id='word_1_95' title='bbox 305 1942 391 1996; x_wconf 76' lang='grc'><strong>10.</strong></span> <span class='ocrx_word' id='word_1_96' title='bbox 439 1943 506 1998; x_wconf 86' lang='grc' dir='ltr'><strong>Ει</strong></span> <span class='ocrx_word' id='word_1_97' title='bbox 527 1947 838 2002; x_wconf 73' lang='lat' dir='ltr'><strong>convocatis</strong></span> 
     </span>
    </p>
   </div>
   <div class='ocr_carea' id='block_1_31' title="bbox 302 2013 665 2081">
    <p class='ocr_par' dir='ltr' id='par_1_31' title="bbox 302 2013 665 2081">
     <span class='ocr_line' id='line_1_31' title="bbox 302 2013 665 2081; baseline 0.014 -16"><span class='ocrx_word' id='word_1_98' title='bbox 302 2013 367 2066; x_wconf 89' lang='lat' dir='ltr'><strong>ad</strong></span> <span class='ocrx_word' id='word_1_99' title='bbox 387 2028 444 2066; x_wconf 88' lang='lat' dir='ltr'><strong>se</strong></span> <span class='ocrx_word' id='word_1_100' title='bbox 475 2016 665 2081; x_wconf 90' lang='lat' dir='ltr'><strong>turbis,</strong></span> 
     </span>
    </p>
   </div>
   <div class='ocr_carea' id='block_1_32' title="bbox 301 2081 778 2141">
    <p class='ocr_par' dir='ltr' id='par_1_32' title="bbox 301 2081 778 2141">
     <span class='ocr_line' id='line_1_32' title="bbox 301 2081 778 2141; baseline 0.01 -5"><span class='ocrx_word' id='word_1_101' title='bbox 301 2081 438 2137; x_wconf 79' lang='lat' dir='ltr'><strong>dixit</strong></span> <span class='ocrx_word' id='word_1_102' title='bbox 459 2085 535 2138; x_wconf 80' lang='lat' dir='ltr'><strong>eis</strong></span> <span class='ocrx_word' id='word_1_103' title='bbox 562 2102 574 2138; x_wconf 93' lang='lat'>:</span> <span class='ocrx_word' id='word_1_104' title='bbox 609 2087 778 2141; x_wconf 84' lang='lat' dir='ltr'><strong>Andi-</strong></span> 
     </span>
    </p>
   </div>
   <div class='ocr_carea' id='block_1_33' title="bbox 305 2158 751 2228">
    <p class='ocr_par' dir='ltr' id='par_1_33' title="bbox 305 2158 751 2228">
     <span class='ocr_line' id='line_1_33' title="bbox 305 2158 751 2228; baseline 0.013 -21"><span class='ocrx_word' id='word_1_105' title='bbox 305 2162 378 2228; x_wconf 86' lang='lat' dir='ltr'><strong>t_c_,</strong></span> <span class='ocrx_word' id='word_1_106' title='bbox 407 2166 461 2208; x_wconf 93' lang='lat' dir='ltr'><strong>et</strong></span> <span class='ocrx_word' id='word_1_107' title='bbox 487 2158 751 2228; x_wconf 64' lang='lat' dir='ltr'><strong>intellegi-</strong></span> 
     </span>
    </p>
   </div>
   <div class='ocr_carea' id='block_1_34' title="bbox 303 2224 934 2306">
    <p class='ocr_par' dir='ltr' id='par_1_34' title="bbox 303 2224 934 2306">
     <span class='ocr_line' id='line_1_34' title="bbox 303 2224 934 2306; baseline 0.014 -30"><span class='ocrx_word' id='word_1_108' title='bbox 303 2224 406 2306; x_wconf 52' lang='grc' dir='ltr'><strong>υ.</strong></span> <span class='ocrx_word' id='word_1_109' title='bbox 435 2236 507 2306; x_wconf 78' lang='lat' dir='ltr'><strong>te.</strong></span> <span class='ocrx_word' id='word_1_110' title='bbox 543 2226 660 2306; x_wconf 78' lang='lat' dir='ltr'><strong>Non</strong></span> <span class='ocrx_word' id='word_1_111' title='bbox 676 2224 823 2306; x_wconf 67' lang='lat' dir='ltr'><strong>quod</strong></span> <span class='ocrx_word' id='word_1_112' title='bbox 854 2231 934 2285; x_wconf 86' lang='lat' dir='ltr'><strong>in-</strong></span> 
     </span>
    </p>
   </div>
   <div class='ocr_carea' id='block_1_35' title="bbox 308 2299 803 2366">
    <p class='ocr_par' dir='ltr' id='par_1_35' title="bbox 308 2299 803 2366">
     <span class='ocr_line' id='line_1_35' title="bbox 308 2299 803 2366; baseline 0.008 -18"><span class='ocrx_word' id='word_1_113' title='bbox 308 2299 484 2366; x_wconf 83' lang='lat' dir='ltr'><strong>lratin</strong></span> <span class='ocrx_word' id='word_1_114' title='bbox 515 2310 596 2359; x_wconf 86' lang='lat' dir='ltr'><strong>os,</strong></span> <span class='ocrx_word' id='word_1_115' title='bbox 629 2299 803 2366; x_wconf 83' lang='lat' dir='ltr'><strong>inqui-</strong></span> 
     </span>
    </p>
   </div>
   <div class='ocr_carea' id='block_1_36' title="bbox 303 2365 726 2421">
    <p class='ocr_par' dir='ltr' id='par_1_36' title="bbox 303 2365 726 2421">
     <span class='ocr_line' id='line_1_36' title="bbox 303 2365 726 2421; baseline 0.009 -3"><span class='ocrx_word' id='word_1_116' title='bbox 303 2377 393 2418; x_wconf 87' lang='lat' dir='ltr'><strong>nat</strong></span> <span class='ocrx_word' id='word_1_117' title='bbox 417 2365 686 2421; x_wconf 83' lang='lat' dir='ltr'><strong>hominem</strong></span> <span class='ocrx_word' id='word_1_118' title='bbox 706 2365 726 2421; x_wconf 16' lang='lat'><strong>7:</strong></span> 
     </span>
    </p>
   </div>
   <div class='ocr_carea' id='block_1_37' title="bbox 303 2434 715 2505">
    <p class='ocr_par' dir='ltr' id='par_1_37' title="bbox 303 2434 715 2505">
     <span class='ocr_line' id='line_1_37' title="bbox 303 2434 715 2505; baseline 0.007 -17"><span class='ocrx_word' id='word_1_119' title='bbox 303 2434 396 2488; x_wconf 89' lang='lat' dir='ltr'><strong>sed</strong></span> <span class='ocrx_word' id='word_1_120' title='bbox 428 2436 567 2501; x_wconf 82' lang='lat' dir='ltr'><strong>quod</strong></span> <span class='ocrx_word' id='word_1_121' title='bbox 594 2453 715 2505; x_wconf 90' lang='lat' dir='ltr'><strong>pro-</strong></span> 
     </span>
    </p>
   </div>
   <div class='ocr_carea' id='block_1_38' title="bbox 304 2505 688 2570">
    <p class='ocr_par' dir='ltr' id='par_1_38' title="bbox 304 2505 688 2570">
     <span class='ocr_line' id='line_1_38' title="bbox 304 2505 688 2570; baseline 0.01 -11"><span class='ocrx_word' id='word_1_122' title='bbox 304 2505 462 2560; x_wconf 88' lang='lat' dir='ltr'><strong>cedet</strong></span> <span class='ocrx_word' id='word_1_123' title='bbox 481 2507 546 2561; x_wconf 87' lang='lat' dir='ltr'><strong>de</strong></span> <span class='ocrx_word' id='word_1_124' title='bbox 570 2522 688 2570; x_wconf 88' lang='lat' dir='ltr'><strong>ore.</strong></span> 
     </span>
    </p>
   </div>
   <div class='ocr_carea' id='block_1_39' title="bbox 304 2576 660 2644">
    <p class='ocr_par' dir='ltr' id='par_1_39' title="bbox 304 2576 660 2644">
     <span class='ocr_line' id='line_1_39' title="bbox 304 2576 660 2644; baseline 0.003 -14"><span class='ocrx_word' id='word_1_125' title='bbox 304 2576 545 2644; x_wconf 77' lang='lat' dir='ltr'><strong>inquinat</strong></span> <span class='ocrx_word' id='word_1_126' title='bbox 565 2577 660 2632; x_wconf 84' lang='lat' dir='ltr'><strong>ho-</strong></span> 
     </span>
    </p>
   </div>
   <div class='ocr_carea' id='block_1_40' title="bbox 304 2660 524 2702">
    <p class='ocr_par' dir='ltr' id='par_1_40' title="bbox 304 2660 524 2702">
     <span class='ocr_line' id='line_1_40' title="bbox 304 2660 524 2702; baseline 0.009 -2"><span class='ocrx_word' id='word_1_127' title='bbox 304 2660 524 2702; x_wconf 83' lang='lat' dir='ltr'><strong>mutem.</strong></span> 
     </span>
    </p>
   </div>
   <div class='ocr_carea' id='block_1_41' title="bbox 305 2716 866 2777">
    <p class='ocr_par' dir='ltr' id='par_1_41' title="bbox 305 2716 866 2777">
     <span class='ocr_line' id='line_1_41' title="bbox 305 2716 866 2777; baseline 0.011 -7"><span class='ocrx_word' id='word_1_128' title='bbox 305 2716 394 2772; x_wconf 70' lang='lat' dir='ltr'><strong>l2.</strong></span> <span class='ocrx_word' id='word_1_129' title='bbox 437 2719 585 2774; x_wconf 91' lang='lat' dir='ltr'><strong>Tunc</strong></span> <span class='ocrx_word' id='word_1_130' title='bbox 611 2720 866 2777; x_wconf 86' lang='lat' dir='ltr'><strong>acceden-</strong></span> 
     </span>
    </p>
   </div>
   <div class='ocr_carea' id='block_1_42' title="bbox 311 2789 656 2859">
    <p class='ocr_par' dir='ltr' id='par_1_42' title="bbox 311 2789 656 2859">
     <span class='ocr_line' id='line_1_42' title="bbox 311 2789 656 2859; baseline 0.012 -19"><span class='ocrx_word' id='word_1_131' title='bbox 311 2797 393 2842; x_wconf 87' lang='lat' dir='ltr'><strong>tes</strong></span> <span class='ocrx_word' id='word_1_132' title='bbox 413 2789 656 2859; x_wconf 83' lang='lat' dir='ltr'><strong>discipuli</strong></span> 
     </span>
    </p>
   </div>
   <div class='ocr_carea' id='block_1_43' title="bbox 313 2858 732 2924">
    <p class='ocr_par' dir='ltr' id='par_1_43' title="bbox 313 2858 732 2924">
     <span class='ocr_line' id='line_1_43' title="bbox 313 2858 732 2924; baseline 0.012 -12"><span class='ocrx_word' id='word_1_133' title='bbox 313 2858 449 2924; x_wconf 90' lang='lat' dir='ltr'><strong>cjus.</strong></span> <span class='ocrx_word' id='word_1_134' title='bbox 483 2858 732 2917; x_wconf 62' lang='lat' dir='ltr'><strong>dixerunt</strong></span> 
     </span>
    </p>
   </div>
   <div class='ocr_carea' id='block_1_44' title="bbox 303 2927 894 3009">
    <p class='ocr_par' dir='ltr' id='par_1_44' title="bbox 303 2927 894 3009">
     <span class='ocr_line' id='line_1_44' title="bbox 303 2927 894 3009; baseline 0.014 -27"><span class='ocrx_word' id='word_1_135' title='bbox 303 2929 352 3009; x_wconf 79' lang='lat' dir='ltr'><strong>ei</strong></span> <span class='ocrx_word' id='word_1_136' title='bbox 380 2947 393 2982; x_wconf 92' lang='lat'>:</span> <span class='ocrx_word' id='word_1_137' title='bbox 419 2927 704 3009; x_wconf 28' lang='lat' dir='ltr'><strong>_Scis‘quod</strong></span> <span class='ocrx_word' id='word_1_138' title='bbox 733 2931 894 2989; x_wconf 77' lang='lat' dir='ltr'><strong>Pha-&#39;</strong></span> 
     </span>
    </p>
   </div>
   <div class='ocr_carea' id='block_1_45' title="bbox 307 3003 642 3059">
    <p class='ocr_par' dir='ltr' id='par_1_45' title="bbox 307 3003 642 3059">
     <span class='ocr_line' id='line_1_45' title="bbox 307 3003 642 3059; baseline 0.015 -5"><span class='ocrx_word' id='word_1_139' title='bbox 307 3003 430 3054; x_wconf 83' lang='lat' dir='ltr'><strong>risci</strong></span> <span class='ocrx_word' id='word_1_140' title='bbox 461 3003 642 3059; x_wconf 87' lang='lat' dir='ltr'><strong>audito</strong></span> 
     </span>
    </p>
   </div>
   <div class='ocr_carea' id='block_1_46' title="bbox 305 3067 622 3141">
    <p class='ocr_par' dir='ltr' id='par_1_46' title="bbox 305 3067 622 3141">
     <span class='ocr_line' id='line_1_46' title="bbox 305 3067 622 3141; baseline 0.019 -17"><span class='ocrx_word' id='word_1_141' title='bbox 305 3067 410 3128; x_wconf 88' lang='lat' dir='ltr'><strong>hoc</strong></span> <span class='ocrx_word' id='word_1_142' title='bbox 439 3076 622 3141; x_wconf 82' lang='lat' dir='ltr'><strong>verbo,</strong></span> 
     </span>
    </p>
   </div>
   <div class='ocr_carea' id='block_1_47' title="bbox 1175 1592 1530 1647">
    <p class='ocr_par' dir='ltr' id='par_1_47' title="bbox 1175 1592 1530 1647">
     <span class='ocr_line' id='line_1_47' title="bbox 1175 1592 1530 1647; baseline 0 -1"><span class='ocrx_word' id='word_1_143' title='bbox 1175 1607 1208 1646; x_wconf 91' lang='lat'><strong>0</strong></span> <span class='ocrx_word' id='word_1_144' title='bbox 1238 1594 1289 1646; x_wconf 89' lang='lat' dir='ltr'><strong>itt</strong></span> <span class='ocrx_word' id='word_1_145' title='bbox 1323 1592 1530 1647; x_wconf 77' lang='lat' dir='ltr'><strong>foveam</strong></span> 
     </span>
    </p>
   </div>
   <div class='ocr_carea' id='block_1_48' title="bbox 1135 1664 1353 1718">
    <p class='ocr_par' dir='ltr' id='par_1_48' title="bbox 1135 1664 1353 1718">
     <span class='ocr_line' id='line_1_48' title="bbox 1135 1664 1353 1718; baseline -0.005 0"><span class='ocrx_word' id='word_1_146' title='bbox 1135 1664 1353 1718; x_wconf 91' lang='lat' dir='ltr'><strong>cadunt.</strong></span> 
     </span>
    </p>
   </div>
   <div class='ocr_carea' id='block_1_49' title="bbox 1137 1734 1612 1803">
    <p class='ocr_par' dir='ltr' id='par_1_49' title="bbox 1137 1734 1612 1803">
     <span class='ocr_line' id='line_1_49' title="bbox 1137 1734 1612 1803; baseline -0.002 -15"><span class='ocrx_word' id='word_1_147' title='bbox 1137 1735 1225 1790; x_wconf 72' lang='lat'><strong>15.</strong></span> <span class='ocrx_word' id='word_1_148' title='bbox 1262 1734 1612 1803; x_wconf 84' lang='lat' dir='ltr'><strong>Respondcns</strong></span> 
     </span>
    </p>
   </div>
   <div class='ocr_carea' id='block_1_50' title="bbox 1135 1806 1532 1859">
    <p class='ocr_par' dir='ltr' id='par_1_50' title="bbox 1135 1806 1532 1859">
     <span class='ocr_line' id='line_1_50' title="bbox 1135 1806 1532 1859; baseline 0 0"><span class='ocrx_word' id='word_1_149' title='bbox 1135 1813 1313 1859; x_wconf 88' lang='lat' dir='ltr'><strong>autem</strong></span> <span class='ocrx_word' id='word_1_150' title='bbox 1343 1806 1532 1859; x_wconf 83' lang='lat' dir='ltr'><strong>Petrus</strong></span> 
     </span>
    </p>
   </div>
   <div class='ocr_carea' id='block_1_51' title="bbox 1135 1875 1585 1930">
    <p class='ocr_par' dir='ltr' id='par_1_51' title="bbox 1135 1875 1585 1930">
     <span class='ocr_line' id='line_1_51' title="bbox 1135 1875 1585 1930; baseline -0.002 -1"><span class='ocrx_word' id='word_1_151' title='bbox 1135 1876 1268 1930; x_wconf 82' lang='lat' dir='ltr'><strong>dixit</strong></span> <span class='ocrx_word' id='word_1_152' title='bbox 1295 1877 1340 1928; x_wconf 89' lang='lat' dir='ltr'><strong>cl</strong></span> <span class='ocrx_word' id='word_1_153' title='bbox 1369 1891 1385 1928; x_wconf 92' lang='lat'><em>:</em></span> <span class='ocrx_word' id='word_1_154' title='bbox 1419 1875 1585 1929; x_wconf 87' lang='lat' dir='ltr'><strong>Euar-</strong></span> 
     </span>
    </p>
   </div>
   <div class='ocr_carea' id='block_1_52' title="bbox 1137 1946 1562 2014">
    <p class='ocr_par' dir='ltr' id='par_1_52' title="bbox 1137 1946 1562 2014">
     <span class='ocr_line' id='line_1_52' title="bbox 1137 1946 1562 2014; baseline -0.009 -13"><span class='ocrx_word' id='word_1_155' title='bbox 1137 1962 1194 2001; x_wconf 90' lang='lat' dir='ltr'><strong>ra</strong></span> <span class='ocrx_word' id='word_1_156' title='bbox 1234 1946 1386 2000; x_wconf 85' lang='lat' dir='ltr'><strong>nobis</strong></span> <span class='ocrx_word' id='word_1_157' title='bbox 1410 1960 1562 2014; x_wconf 85' lang='lat' dir='ltr'><strong>para-</strong></span> 
     </span>
    </p>
   </div>
   <div class='ocr_carea' id='block_1_53' title="bbox 1139 2017 1546 2070">
    <p class='ocr_par' dir='ltr' id='par_1_53' title="bbox 1139 2017 1546 2070">
     <span class='ocr_line' id='line_1_53' title="bbox 1139 2017 1546 2070; baseline 0 -1"><span class='ocrx_word' id='word_1_158' title='bbox 1139 2017 1313 2069; x_wconf 85' lang='lat' dir='ltr'><strong>bolatu</strong></span> <span class='ocrx_word' id='word_1_159' title='bbox 1344 2017 1546 2070; x_wconf 74' lang='lat' dir='ltr'><strong>istam-</strong></span> 
     </span>
    </p>
   </div>
   <div class='ocr_carea' id='block_1_54' title="bbox 1143 2086 1813 2142">
    <p class='ocr_par' dir='ltr' id='par_1_54' title="bbox 1143 2086 1813 2142">
     <span class='ocr_line' id='line_1_54' title="bbox 1143 2086 1813 2142; baseline 0 -2"><span class='ocrx_word' id='word_1_160' title='bbox 1143 2087 1229 2142; x_wconf 80' lang='grc'><strong>16.</strong></span> <span class='ocrx_word' id='word_1_161' title='bbox 1281 2086 1359 2142; x_wconf 84' lang='lat' dir='ltr'><strong>Ad</strong></span> <span class='ocrx_word' id='word_1_162' title='bbox 1396 2087 1483 2141; x_wconf 86' lang='lat' dir='ltr'><strong>ille</strong></span> <span class='ocrx_word' id='word_1_163' title='bbox 1517 2087 1688 2142; x_wconf 77' lang='lat' dir='ltr'><strong>dixit:</strong></span> <span class='ocrx_word' id='word_1_164' title='bbox 1720 2088 1813 2140; x_wconf 82' lang='lat' dir='ltr'><strong>ad-</strong></span> 
     </span>
    </p>
   </div>
   <div class='ocr_carea' id='block_1_55' title="bbox 1143 2157 1543 2213">
    <p class='ocr_par' dir='ltr' id='par_1_55' title="bbox 1143 2157 1543 2213">
     <span class='ocr_line' id='line_1_55' title="bbox 1143 2157 1543 2213; baseline 0 -1"><span class='ocrx_word' id='word_1_165' title='bbox 1143 2157 1249 2213; x_wconf 91' lang='lat' dir='ltr'><strong>huc</strong></span> <span class='ocrx_word' id='word_1_166' title='bbox 1274 2167 1328 2212; x_wconf 89' lang='lat' dir='ltr'><strong>et</strong></span> <span class='ocrx_word' id='word_1_167' title='bbox 1357 2173 1450 2213; x_wconf 90' lang='lat' dir='ltr'><strong>vos</strong></span> <span class='ocrx_word' id='word_1_168' title='bbox 1469 2157 1543 2212; x_wconf 88' lang='lat' dir='ltr'><strong>si-</strong></span> 
     </span>
    </p>
   </div>
   <div class='ocr_carea' id='block_1_56' title="bbox 1138 2229 1516 2283">
    <p class='ocr_par' dir='ltr' id='par_1_56' title="bbox 1138 2229 1516 2283">
     <span class='ocr_line' id='line_1_56' title="bbox 1138 2229 1516 2283; baseline -0.003 -1"><span class='ocrx_word' id='word_1_169' title='bbox 1138 2245 1206 2283; x_wconf 88' lang='lat' dir='ltr'><strong>ne</strong></span> <span class='ocrx_word' id='word_1_170' title='bbox 1233 2229 1516 2282; x_wconf 89' lang='lat' dir='ltr'><strong>intellectu</strong></span> 
     </span>
    </p>
   </div>
   <div class='ocr_carea' id='block_1_57' title="bbox 1139 2299 1691 2354">
    <p class='ocr_par' dir='ltr' id='par_1_57' title="bbox 1139 2299 1691 2354">
     <span class='ocr_line' id='line_1_57' title="bbox 1139 2299 1691 2354; baseline 0 0"><span class='ocrx_word' id='word_1_171' title='bbox 1139 2301 1226 2354; x_wconf 76' lang='grc'><strong>17.</strong></span> <span class='ocrx_word' id='word_1_172' title='bbox 1269 2299 1443 2354; x_wconf 62' lang='lat' dir='ltr'><strong>estis?</strong></span> <span class='ocrx_word' id='word_1_173' title='bbox 1472 2299 1588 2353; x_wconf 86' lang='lat' dir='ltr'><strong>Non</strong></span> <span class='ocrx_word' id='word_1_174' title='bbox 1611 2299 1691 2354; x_wconf 81' lang='lat' dir='ltr'><strong>in-</strong></span> 
     </span>
    </p>
   </div>
   <div class='ocr_carea' id='block_1_58' title="bbox 1141 2371 1587 2440">
    <p class='ocr_par' dir='ltr' id='par_1_58' title="bbox 1141 2371 1587 2440">
     <span class='ocr_line' id='line_1_58' title="bbox 1141 2371 1587 2440; baseline -0.004 -16"><span class='ocrx_word' id='word_1_175' title='bbox 1141 2371 1396 2440; x_wconf 68' lang='lat' dir='ltr'><strong>tcliegitis</strong></span> <span class='ocrx_word' id='word_1_176' title='bbox 1414 2413 1428 2435; x_wconf 89' lang='lat'><strong>,</strong></span> <span class='ocrx_word' id='word_1_177' title='bbox 1463 2372 1587 2440; x_wconf 88' lang='lat' dir='ltr'><strong>quia</strong></span> 
     </span>
    </p>
   </div>
   <div class='ocr_carea' id='block_1_59' title="bbox 1139 2441 1464 2508">
    <p class='ocr_par' dir='ltr' id='par_1_59' title="bbox 1139 2441 1464 2508">
     <span class='ocr_line' id='line_1_59' title="bbox 1139 2441 1464 2508; baseline 0.003 -16"><span class='ocrx_word' id='word_1_178' title='bbox 1139 2456 1299 2494; x_wconf 88' lang='lat' dir='ltr'><strong>omne</strong></span> <span class='ocrx_word' id='word_1_179' title='bbox 1324 2441 1464 2508; x_wconf 91' lang='lat' dir='ltr'><strong>quod</strong></span> 
     </span>
    </p>
   </div>
   <div class='ocr_carea' id='block_1_60' title="bbox 1141 2510 1581 2572">
    <p class='ocr_par' dir='ltr' id='par_1_60' title="bbox 1141 2510 1581 2572">
     <span class='ocr_line' id='line_1_60' title="bbox 1141 2510 1581 2572; baseline 0 -8"><span class='ocrx_word' id='word_1_180' title='bbox 1141 2510 1195 2564; x_wconf 89' lang='lat' dir='ltr'><strong>itt</strong></span> <span class='ocrx_word' id='word_1_181' title='bbox 1227 2526 1288 2563; x_wconf 90' lang='lat' dir='ltr'><strong>os</strong></span> <span class='ocrx_word' id='word_1_182' title='bbox 1310 2510 1496 2572; x_wconf 88' lang='lat' dir='ltr'><strong>intrat,</strong></span> <span class='ocrx_word' id='word_1_183' title='bbox 1530 2511 1581 2564; x_wconf 89' lang='lat' dir='ltr'><strong>itt</strong></span> 
     </span>
    </p>
   </div>
   <div class='ocr_carea' id='block_1_61' title="bbox 1141 2591 1510 2635">
    <p class='ocr_par' dir='ltr' id='par_1_61' title="bbox 1141 2591 1510 2635">
     <span class='ocr_line' id='line_1_61' title="bbox 1141 2591 1510 2635; baseline -0.003 -2"><span class='ocrx_word' id='word_1_184' title='bbox 1141 2591 1386 2635; x_wconf 82' lang='lat' dir='ltr'><strong>venirent</strong></span> <span class='ocrx_word' id='word_1_185' title='bbox 1413 2595 1510 2633; x_wconf 83' lang='lat' dir='ltr'><strong>va-</strong></span> 
     </span>
    </p>
   </div>
   <div class='ocr_carea' id='block_1_62' title="bbox 1141 2651 1612 2716">
    <p class='ocr_par' dir='ltr' id='par_1_62' title="bbox 1141 2651 1612 2716">
     <span class='ocr_line' id='line_1_62' title="bbox 1141 2651 1612 2716; baseline 0.002 -11"><span class='ocrx_word' id='word_1_186' title='bbox 1141 2651 1241 2716; x_wconf 88' lang='lat' dir='ltr'><strong>dit,</strong></span> <span class='ocrx_word' id='word_1_187' title='bbox 1272 2660 1326 2705; x_wconf 89' lang='lat' dir='ltr'><strong>et</strong></span> <span class='ocrx_word' id='word_1_188' title='bbox 1356 2652 1406 2703; x_wconf 93' lang='lat' dir='ltr'><strong>in</strong></span> <span class='ocrx_word' id='word_1_189' title='bbox 1438 2665 1612 2706; x_wconf 87' lang='lat' dir='ltr'><strong>seces-</strong></span> 
     </span>
    </p>
   </div>
   <div class='ocr_carea' id='block_1_63' title="bbox 1143 2721 1510 2775">
    <p class='ocr_par' dir='ltr' id='par_1_63' title="bbox 1143 2721 1510 2775">
     <span class='ocr_line' id='line_1_63' title="bbox 1143 2721 1510 2775; baseline -0.003 0"><span class='ocrx_word' id='word_1_190' title='bbox 1143 2736 1203 2775; x_wconf 88' lang='lat' dir='ltr'><strong>Stt</strong></span> <span class='ocrx_word' id='word_1_191' title='bbox 1231 2721 1510 2775; x_wconf 84' lang='lat' dir='ltr'><strong>emittitur.</strong></span> 
     </span>
    </p>
   </div>
   <div class='ocr_carea' id='block_1_64' title="bbox 1145 2792 1628 2860">
    <p class='ocr_par' dir='ltr' id='par_1_64' title="bbox 1145 2792 1628 2860">
     <span class='ocr_line' id='line_1_64' title="bbox 1145 2792 1628 2860; baseline -0.002 -13"><span class='ocrx_word' id='word_1_192' title='bbox 1145 2793 1233 2847; x_wconf 80' lang='grc'><strong>18.</strong></span> <span class='ocrx_word' id='word_1_193' title='bbox 1275 2792 1420 2860; x_wconf 86' lang='lat' dir='ltr'><strong>Quae</strong></span> <span class='ocrx_word' id='word_1_194' title='bbox 1450 2801 1628 2848; x_wconf 90' lang='lat' dir='ltr'><strong>autem</strong></span> 
     </span>
    </p>
   </div>
   <div class='ocr_carea' id='block_1_65' title="bbox 1144 2863 1538 2932">
    <p class='ocr_par' dir='ltr' id='par_1_65' title="bbox 1144 2863 1538 2932">
     <span class='ocr_line' id='line_1_65' title="bbox 1144 2863 1538 2932; baseline 0.005 -16"><span class='ocrx_word' id='word_1_195' title='bbox 1144 2863 1444 2932; x_wconf 70' lang='lat' dir='ltr'><strong>procudunt</strong></span> <span class='ocrx_word' id='word_1_196' title='bbox 1471 2864 1538 2918; x_wconf 92' lang='lat' dir='ltr'><strong>de</strong></span> 
     </span>
    </p>
   </div>
   <div class='ocr_carea' id='block_1_66' title="bbox 1141 2935 1537 2997">
    <p class='ocr_par' dir='ltr' id='par_1_66' title="bbox 1141 2935 1537 2997">
     <span class='ocr_line' id='line_1_66' title="bbox 1141 2935 1537 2997; baseline 0 -9"><span class='ocrx_word' id='word_1_197' title='bbox 1141 2948 1259 2997; x_wconf 87' lang='lat' dir='ltr'><strong>ore.</strong></span> <span class='ocrx_word' id='word_1_198' title='bbox 1289 2935 1353 2988; x_wconf 93' lang='lat' dir='ltr'><strong>de</strong></span> <span class='ocrx_word' id='word_1_199' title='bbox 1375 2935 1537 2988; x_wconf 82' lang='lat' dir='ltr'><strong>Corde</strong></span> 
     </span>
    </p>
   </div>
   <div class='ocr_carea' id='block_1_67' title="bbox 1141 3004 1543 3060">
    <p class='ocr_par' dir='ltr' id='par_1_67' title="bbox 1141 3004 1543 3060">
     <span class='ocr_line' id='line_1_67' title="bbox 1141 3004 1543 3060; baseline 0.002 -2"><span class='ocrx_word' id='word_1_200' title='bbox 1141 3016 1359 3059; x_wconf 78' lang='lat' dir='ltr'><strong>exeunt.</strong></span> <span class='ocrx_word' id='word_1_201' title='bbox 1393 3004 1461 3060; x_wconf 84' lang='lat' dir='ltr'><strong>Et</strong></span> <span class='ocrx_word' id='word_1_202' title='bbox 1482 3020 1543 3060; x_wconf 87' lang='lat' dir='ltr'><strong>ea</strong></span> 
     </span>
    </p>
   </div>
   <div class='ocr_carea' id='block_1_68' title="bbox 1143 3076 1493 3146">
    <p class='ocr_par' dir='ltr' id='par_1_68' title="bbox 1143 3076 1493 3146">
     <span class='ocr_line' id='line_1_68' title="bbox 1143 3076 1493 3146; baseline 0 -16"><span class='ocrx_word' id='word_1_203' title='bbox 1143 3076 1493 3146; x_wconf 86' lang='lat' dir='ltr'><strong>enittquinant</strong></span> 
     </span>
    </p>
   </div>
   <div class='ocr_carea' id='block_1_69' title="bbox 731 3169 1460 3269">
    <p class='ocr_par' dir='ltr' id='par_1_69' title="bbox 731 3169 1460 3269">
     <span class='ocr_line' id='line_1_69' title="bbox 731 3169 1460 3269; baseline -0.001 -1"><span class='ocrx_word' id='word_1_204' title='bbox 731 3211 961 3269; x_wconf 80' lang='lat' dir='ltr'><strong>CODEX</strong></span> <span class='ocrx_word' id='word_1_205' title='bbox 989 3169 1460 3269; x_wconf 65' lang='lat' dir='ltr'><strong>CORBEIENSIS.</strong></span> 
     </span>
    </p>
   </div>
   <div class='ocr_carea' id='block_1_70' title="bbox 309 3303 1889 3375">
    <p class='ocr_par' dir='ltr' id='par_1_70' title="bbox 309 3303 1889 3375">
     <span class='ocr_line' id='line_1_70' title="bbox 309 3303 1889 3375; baseline 0.002 -17"><span class='ocrx_word' id='word_1_206' title='bbox 309 3303 433 3358; x_wconf 87' lang='lat' dir='ltr'><strong>bum</strong></span> <span class='ocrx_word' id='word_1_207' title='bbox 486 3304 578 3359; x_wconf 82' lang='lat' dir='ltr'><strong>Dei</strong></span> <span class='ocrx_word' id='word_1_208' title='bbox 627 3317 843 3375; x_wconf 81' lang='lat' dir='ltr'><strong>propter</strong></span> <span class='ocrx_word' id='word_1_209' title='bbox 898 3306 1235 3361; x_wconf 84' lang='lat' dir='ltr'><strong>traditionem</strong></span> <span class='ocrx_word' id='word_1_210' title='bbox 1288 3308 1303 3337; x_wconf 83' lang='grc'>¹</span> <span class='ocrx_word' id='word_1_211' title='bbox 1370 3316 1600 3360; x_wconf 87' lang='lat' dir='ltr'><strong>vestram</strong></span> <span class='ocrx_word' id='word_1_212' title='bbox 1658 3315 1682 3342; x_wconf 67' lang='grc' dir='ltr'><strong>ει</strong></span> <span class='ocrx_word' id='word_1_213' title='bbox 1728 3321 1889 3374; x_wconf 86' lang='lat' dir='ltr'><strong>quam</strong></span> 
     </span>
    </p>
   </div>
   <div class='ocr_carea' id='block_1_71' title="bbox 310 3375 1890 3445">
    <p class='ocr_par' dir='ltr' id='par_1_71' title="bbox 310 3375 1890 3445">
     <span class='ocr_line' id='line_1_71' title="bbox 310 3375 1890 3445; baseline -0.001 -17"><span class='ocrx_word' id='word_1_214' title='bbox 310 3375 622 3445; x_wconf 80' lang='lat' dir='ltr'><strong>tradidistis.</strong></span> <span class='ocrx_word' id='word_1_215' title='bbox 679 3375 1012 3445; x_wconf 72' lang='lat' dir='ltr'><strong>Hypncritm,</strong></span> <span class='ocrx_word' id='word_1_216' title='bbox 1080 3379 1213 3432; x_wconf 70' lang='lat' dir='ltr'><strong>bene</strong></span> <span class='ocrx_word' id='word_1_217' title='bbox 1282 3378 1618 3445; x_wconf 84' lang='lat' dir='ltr'><strong>prophetavit</strong></span> <span class='ocrx_word' id='word_1_218' title='bbox 1677 3379 1744 3430; x_wconf 91' lang='lat' dir='ltr'><strong>de</strong></span> <span class='ocrx_word' id='word_1_219' title='bbox 1797 3393 1890 3428; x_wconf 82' lang='lat' dir='ltr'><strong>vn-</strong></span> 
     </span>
    </p>
   </div>
   <div class='ocr_carea' id='block_1_72' title="bbox 311 3444 1892 3511">
    <p class='ocr_par' dir='ltr' id='par_1_72' title="bbox 311 3444 1892 3511">
     <span class='ocr_line' id='line_1_72' title="bbox 311 3444 1892 3511; baseline 0.001 -13"><span class='ocrx_word' id='word_1_220' title='bbox 311 3444 394 3498; x_wconf 91' lang='lat' dir='ltr'><strong>bis</strong></span> <span class='ocrx_word' id='word_1_221' title='bbox 434 3445 641 3511; x_wconf 84' lang='lat' dir='ltr'><strong>Esaias,</strong></span> <span class='ocrx_word' id='word_1_222' title='bbox 696 3444 934 3503; x_wconf 88' lang='lat' dir='ltr'><strong>dicens:</strong></span> <span class='ocrx_word' id='word_1_223' title='bbox 989 3450 1009 3478; x_wconf 84' lang='grc'><strong><em>²</em></strong></span> <span class='ocrx_word' id='word_1_224' title='bbox 1061 3447 1218 3502; x_wconf 87' lang='lat' dir='ltr'><strong>Plebs</strong></span> <span class='ocrx_word' id='word_1_225' title='bbox 1273 3444 1394 3502; x_wconf 36' lang='lat' dir='ltr'><strong>iSta&#39;</strong></span> <span class='ocrx_word' id='word_1_226' title='bbox 1449 3447 1600 3501; x_wconf 88' lang='lat' dir='ltr'><strong>labiis</strong></span> <span class='ocrx_word' id='word_1_227' title='bbox 1655 3463 1741 3501; x_wconf 89' lang='lat' dir='ltr'><strong>me</strong></span> <span class='ocrx_word' id='word_1_228' title='bbox 1795 3446 1892 3499; x_wconf 83' lang='lat' dir='ltr'><strong>ho-</strong></span> 
     </span>
    </p>
   </div>
   <div class='ocr_carea' id='block_1_73' title="bbox 314 3516 1888 3587">
    <p class='ocr_par' dir='ltr' id='par_1_73' title="bbox 314 3516 1888 3587">
     <span class='ocr_line' id='line_1_73' title="bbox 314 3516 1888 3587; baseline 0.001 -19"><span class='ocrx_word' id='word_1_229' title='bbox 314 3524 492 3579; x_wconf 81' lang='lat' dir='ltr'><strong>norat,</strong></span> <span class='ocrx_word' id='word_1_230' title='bbox 550 3533 670 3571; x_wconf 90' lang='lat' dir='ltr'><strong>nam</strong></span> <span class='ocrx_word' id='word_1_231' title='bbox 732 3533 826 3572; x_wconf 88' lang='lat' dir='ltr'><strong>cor</strong></span> <span class='ocrx_word' id='word_1_232' title='bbox 896 3533 1082 3572; x_wconf 86' lang='lat' dir='ltr'><strong>eorum</strong></span> <span class='ocrx_word' id='word_1_233' title='bbox 1176 3522 1330 3587; x_wconf 78' lang='lat' dir='ltr'><strong>longe</strong></span> <span class='ocrx_word' id='word_1_234' title='bbox 1381 3526 1463 3570; x_wconf 74' lang='lat' dir='ltr'><strong>cst</strong></span> <span class='ocrx_word' id='word_1_235' title='bbox 1519 3533 1548 3570; x_wconf 90' lang='lat' dir='ltr'><strong>a</strong></span> <span class='ocrx_word' id='word_1_236' title='bbox 1601 3532 1700 3570; x_wconf 91' lang='lat' dir='ltr'><strong>mc.</strong></span> <span class='ocrx_word' id='word_1_237' title='bbox 1759 3516 1888 3571; x_wconf 91' lang='lat' dir='ltr'><strong>Sine</strong></span> 
     </span>
    </p>
   </div>
   <div class='ocr_carea' id='block_1_74' title="bbox 311 3587 1890 3654">
    <p class='ocr_par' dir='ltr' id='par_1_74' title="bbox 311 3587 1890 3654">
     <span class='ocr_line' id='line_1_74' title="bbox 311 3587 1890 3654; baseline 0.003 -16"><span class='ocrx_word' id='word_1_238' title='bbox 311 3598 469 3638; x_wconf 86' lang='lat' dir='ltr'><strong>causa</strong></span> <span class='ocrx_word' id='word_1_239' title='bbox 509 3597 687 3641; x_wconf 88' lang='lat' dir='ltr'><strong>autem</strong></span> <span class='ocrx_word' id='word_1_240' title='bbox 755 3589 938 3642; x_wconf 89' lang='lat' dir='ltr'><strong>colunt</strong></span> <span class='ocrx_word' id='word_1_241' title='bbox 987 3605 1092 3654; x_wconf 73' lang='lat' dir='ltr'><strong>me,</strong></span> <span class='ocrx_word' id='word_1_242' title='bbox 1137 3589 1412 3647; x_wconf 85' lang='lat' dir='ltr'><strong>docentes.</strong></span> <span class='ocrx_word' id='word_1_243' title='bbox 1445 3587 1464 3618; x_wconf 83' lang='grc'>³</span> <span class='ocrx_word' id='word_1_244' title='bbox 1492 3588 1812 3645; x_wconf 82' lang='lat' dir='ltr'><strong>doctrinam.</strong></span> <span class='ocrx_word' id='word_1_245' title='bbox 1837 3597 1890 3642; x_wconf 89' lang='lat' dir='ltr'><strong>et</strong></span> 
     </span>
    </p>
   </div>
   <div class='ocr_carea' id='block_1_75' title="bbox 319 3657 1892 3722">
    <p class='ocr_par' dir='ltr' id='par_1_75' title="bbox 319 3657 1892 3722">
     <span class='ocr_line' id='line_1_75' title="bbox 319 3657 1892 3722; baseline 0.004 -16"><span class='ocrx_word' id='word_1_246' title='bbox 319 3657 565 3708; x_wconf 86' lang='lat' dir='ltr'><strong>mandata</strong></span> <span class='ocrx_word' id='word_1_247' title='bbox 591 3659 884 3710; x_wconf 88' lang='lat' dir='ltr'><strong>hominmn.</strong></span> <span class='ocrx_word' id='word_1_248' title='bbox 915 3659 980 3716; x_wconf 85' lang='lat' dir='ltr'><strong>Et</strong></span> <span class='ocrx_word' id='word_1_249' title='bbox 1020 3662 1328 3712; x_wconf 73' lang='lat' dir='ltr'><strong>ennwcatis</strong></span> <span class='ocrx_word' id='word_1_250' title='bbox 1357 3659 1420 3710; x_wconf 88' lang='lat' dir='ltr'><strong>ad</strong></span> <span class='ocrx_word' id='word_1_251' title='bbox 1451 3673 1507 3712; x_wconf 85' lang='lat' dir='ltr'><strong>sc</strong></span> <span class='ocrx_word' id='word_1_252' title='bbox 1537 3659 1725 3722; x_wconf 54' lang='lat' dir='ltr'><strong>turbis,</strong></span> <span class='ocrx_word' id='word_1_253' title='bbox 1757 3658 1892 3712; x_wconf 81' lang='lat' dir='ltr'><strong>dixit</strong></span> 
     </span>
    </p>
   </div>
   <div class='ocr_carea' id='block_1_76' title="bbox 314 3723 1894 3798">
    <p class='ocr_par' dir='ltr' id='par_1_76' title="bbox 314 3723 1894 3798">
     <span class='ocr_line' id='line_1_76' title="bbox 314 3723 1894 3798; baseline 0.005 -24"><span class='ocrx_word' id='word_1_254' title='bbox 314 3723 421 3798; x_wconf 58' lang='lat' dir='ltr'><strong>fad</strong></span> <span class='ocrx_word' id='word_1_255' title='bbox 448 3725 569 3777; x_wconf 90' lang='lat' dir='ltr'><strong>illos</strong></span> <span class='ocrx_word' id='word_1_256' title='bbox 588 3743 607 3798; x_wconf 18' lang='lat'><strong>4:</strong></span> <span class='ocrx_word' id='word_1_257' title='bbox 644 3728 836 3780; x_wconf 79' lang='lat' dir='ltr'><strong>Audite</strong></span> <span class='ocrx_word' id='word_1_258' title='bbox 852 3743 968 3789; x_wconf 82' lang='lat' dir='ltr'><strong>vos,</strong></span> <span class='ocrx_word' id='word_1_259' title='bbox 993 3738 1044 3781; x_wconf 89' lang='lat' dir='ltr'><strong>et</strong></span> <span class='ocrx_word' id='word_1_260' title='bbox 1070 3731 1370 3798; x_wconf 84' lang='lat' dir='ltr'><strong>intelligitc.</strong></span> <span class='ocrx_word' id='word_1_261' title='bbox 1401 3729 1514 3783; x_wconf 73' lang='lat' dir='ltr'><strong>Non</strong></span> <span class='ocrx_word' id='word_1_262' title='bbox 1558 3729 1698 3798; x_wconf 90' lang='lat' dir='ltr'><strong>quod</strong></span> <span class='ocrx_word' id='word_1_263' title='bbox 1734 3731 1894 3782; x_wconf 90' lang='lat' dir='ltr'><strong>intrat</strong></span> 
     </span>
    </p>
   </div>
   <div class='ocr_carea' id='block_1_77' title="bbox 315 3792 1892 3868">
    <p class='ocr_par' dir='ltr' id='par_1_77' title="bbox 315 3792 1892 3868">
     <span class='ocr_line' id='line_1_77' title="bbox 315 3792 1892 3868; baseline 0.006 -23"><span class='ocrx_word' id='word_1_264' title='bbox 315 3792 366 3845; x_wconf 89' lang='lat' dir='ltr'><strong>itt</strong></span> <span class='ocrx_word' id='word_1_265' title='bbox 395 3808 474 3868; x_wconf 67' lang='lat' dir='ltr'><strong>ns,</strong></span> <span class='ocrx_word' id='word_1_266' title='bbox 518 3796 832 3858; x_wconf 71' lang='lat' dir='ltr'><strong>coinquinat</strong></span> <span class='ocrx_word' id='word_1_267' title='bbox 872 3798 1146 3868; x_wconf 86' lang='lat' dir='ltr'><strong>hominem</strong></span> <span class='ocrx_word' id='word_1_268' title='bbox 1177 3818 1188 3852; x_wconf 92' lang='lat'>:</span> <span class='ocrx_word' id='word_1_269' title='bbox 1217 3792 1309 3852; x_wconf 71' lang='lat' dir='ltr'><strong>scd</strong></span> <span class='ocrx_word' id='word_1_270' title='bbox 1363 3799 1504 3860; x_wconf 78' lang='lat' dir='ltr'><strong>quod</strong></span> <span class='ocrx_word' id='word_1_271' title='bbox 1563 3792 1802 3868; x_wconf 77' lang='lat' dir='ltr'><strong>procedit</strong></span> <span class='ocrx_word' id='word_1_272' title='bbox 1828 3815 1892 3855; x_wconf 79' lang='lat' dir='ltr'><strong>ett</strong></span> 
     </span>
    </p>
   </div>
   <div class='ocr_carea' id='block_1_78' title="bbox 314 3865 1891 3935">
    <p class='ocr_par' dir='ltr' id='par_1_78' title="bbox 314 3865 1891 3935">
     <span class='ocr_line' id='line_1_78' title="bbox 314 3865 1891 3935; baseline 0.006 -20"><span class='ocrx_word' id='word_1_273' title='bbox 314 3878 408 3916; x_wconf 84' lang='lat' dir='ltr'><strong>ore</strong></span> <span class='ocrx_word' id='word_1_274' title='bbox 437 3865 456 3894; x_wconf 72' lang='grc'><strong>³</strong></span> <span class='ocrx_word' id='word_1_275' title='bbox 507 3869 812 3935; x_wconf 82' lang='lat' dir='ltr'><strong>coinquinat</strong></span> <span class='ocrx_word' id='word_1_276' title='bbox 869 3866 1158 3922; x_wconf 71' lang='lat' dir='ltr'><strong>hominem.</strong></span> <span class='ocrx_word' id='word_1_277' title='bbox 1193 3868 1390 3923; x_wconf 69' lang='lat' dir='ltr'><strong>Tunc“</strong></span> <span class='ocrx_word' id='word_1_278' title='bbox 1433 3865 1789 3929; x_wconf 65' lang='lat' dir='ltr'><strong>accelscrnnt</strong></span> <span class='ocrx_word' id='word_1_279' title='bbox 1828 3873 1891 3924; x_wconf 79' lang='lat' dir='ltr'><strong>ad</strong></span> 
     </span>
    </p>
   </div>
   <div class='ocr_carea' id='block_1_79' title="bbox 314 3937 1900 4007">
    <p class='ocr_par' dir='ltr' id='par_1_79' title="bbox 314 3937 1900 4007">
     <span class='ocr_line' id='line_1_79' title="bbox 314 3937 1900 4007; baseline 0.006 -20"><span class='ocrx_word' id='word_1_280' title='bbox 314 3947 435 4007; x_wconf 81' lang='lat' dir='ltr'><strong>cum</strong></span> <span class='ocrx_word' id='word_1_281' title='bbox 482 3937 728 4004; x_wconf 80' lang='lat' dir='ltr'><strong>discipuli</strong></span> <span class='ocrx_word' id='word_1_282' title='bbox 780 3939 929 4006; x_wconf 84' lang='lat' dir='ltr'><strong>ejus,</strong></span> <span class='ocrx_word' id='word_1_283' title='bbox 978 3940 1218 3994; x_wconf 67' lang='lat' dir='ltr'><strong>dicentes</strong></span> <span class='ocrx_word' id='word_1_284' title='bbox 1260 3958 1271 3992; x_wconf 86' lang='lat'><strong>:</strong></span> <span class='ocrx_word' id='word_1_285' title='bbox 1314 3941 1366 3994; x_wconf 58' lang='lat' dir='ltr'><strong>Si</strong></span> <span class='ocrx_word' id='word_1_286' title='bbox 1390 3946 1431 3993; x_wconf 88' lang='lat' dir='ltr'><strong>is</strong></span> <span class='ocrx_word' id='word_1_287' title='bbox 1476 3943 1597 4007; x_wconf 90' lang='lat' dir='ltr'><strong>quia</strong></span> <span class='ocrx_word' id='word_1_288' title='bbox 1649 3941 1900 3996; x_wconf 68' lang='grc' dir='ltr'><strong>Ριιθτίεςνί</strong></span> 
     </span>
    </p>
   </div>
   <div class='ocr_carea' id='block_1_80' title="bbox 315 4003 1898 4074">
    <p class='ocr_par' dir='ltr' id='par_1_80' title="bbox 315 4003 1898 4074">
     <span class='ocr_line' id='line_1_80' title="bbox 315 4003 1898 4074; baseline 0.005 -18"><span class='ocrx_word' id='word_1_289' title='bbox 315 4003 493 4058; x_wconf 84' lang='lat' dir='ltr'><strong>audito</strong></span> <span class='ocrx_word' id='word_1_290' title='bbox 515 4009 534 4036; x_wconf 75' lang='grc'><strong>⁷</strong></span> <span class='ocrx_word' id='word_1_291' title='bbox 565 4003 664 4062; x_wconf 86' lang='lat' dir='ltr'><strong>hoc</strong></span> <span class='ocrx_word' id='word_1_292' title='bbox 695 4003 964 4074; x_wconf 67' lang='lat' dir='ltr'><strong>sermone,</strong></span> <span class='ocrx_word' id='word_1_293' title='bbox 996 4013 1340 4064; x_wconf 70' lang='lat' dir='ltr'><strong>SCaltdaliZali</strong></span> <span class='ocrx_word' id='word_1_294' title='bbox 1370 4003 1516 4063; x_wconf 78' lang='lat' dir='ltr'><strong>sunt?</strong></span> <span class='ocrx_word' id='word_1_295' title='bbox 1543 4009 1698 4064; x_wconf 66' lang='lat' dir='ltr'><strong>Jesus</strong></span> <span class='ocrx_word' id='word_1_296' title='bbox 1723 4023 1898 4065; x_wconf 87' lang='lat' dir='ltr'><strong>autem</strong></span> 
     </span>
    </p>
   </div>
   <div class='ocr_carea' id='block_1_81' title="bbox 317 4077 1902 4150">
    <p class='ocr_par' dir='ltr' id='par_1_81' title="bbox 317 4077 1902 4150">
     <span class='ocr_line' id='line_1_81' title="bbox 317 4077 1902 4150; baseline 0.004 -23"><span class='ocrx_word' id='word_1_297' title='bbox 317 4077 646 4150; x_wconf 77' lang='lat' dir='ltr'><strong>respondens</strong></span> <span class='ocrx_word' id='word_1_298' title='bbox 674 4081 749 4134; x_wconf 90' lang='lat' dir='ltr'><strong>ait</strong></span> <span class='ocrx_word' id='word_1_299' title='bbox 777 4097 788 4132; x_wconf 89' lang='lat'><strong>:</strong></span> <span class='ocrx_word' id='word_1_300' title='bbox 823 4082 1008 4133; x_wconf 84' lang='lat' dir='ltr'><strong>Untnis</strong></span> <span class='ocrx_word' id='word_1_301' title='bbox 1042 4083 1319 4149; x_wconf 83' lang='lat' dir='ltr'><strong>planatin,</strong></span> <span class='ocrx_word' id='word_1_302' title='bbox 1363 4097 1518 4149; x_wconf 88' lang='lat' dir='ltr'><strong>quam</strong></span> <span class='ocrx_word' id='word_1_303' title='bbox 1552 4097 1656 4134; x_wconf 86' lang='lat' dir='ltr'><strong>non</strong></span> <span class='ocrx_word' id='word_1_304' title='bbox 1696 4082 1902 4150; x_wconf 79' lang='lat' dir='ltr'><strong>planta-</strong></span> 
     </span>
    </p>
   </div>
   <div class='ocr_carea' id='block_1_82' title="bbox 315 4147 1898 4214">
    <p class='ocr_par' dir='ltr' id='par_1_82' title="bbox 315 4147 1898 4214">
     <span class='ocr_line' id='line_1_82' title="bbox 315 4147 1898 4214; baseline 0.004 -17"><span class='ocrx_word' id='word_1_305' title='bbox 315 4147 391 4199; x_wconf 90' lang='lat' dir='ltr'><strong>vit</strong></span> <span class='ocrx_word' id='word_1_306' title='bbox 437 4149 591 4202; x_wconf 82' lang='lat' dir='ltr'><strong>Pater</strong></span> <span class='ocrx_word' id='word_1_307' title='bbox 627 4153 647 4179; x_wconf 71' lang='lat'><strong><em>“</em></strong></span> <span class='ocrx_word' id='word_1_308' title='bbox 673 4154 946 4214; x_wconf 71' lang='lat' dir='ltr'><strong>(molestis,</strong></span> <span class='ocrx_word' id='word_1_309' title='bbox 979 4147 1356 4204; x_wconf 75' lang='lat' dir='ltr'><strong>eradicabitnr.</strong></span> <span class='ocrx_word' id='word_1_310' title='bbox 1383 4147 1552 4203; x_wconf 72' lang='lat' dir='ltr'><strong>Sinite</strong></span> <span class='ocrx_word' id='word_1_311' title='bbox 1593 4147 1709 4202; x_wconf 49' lang='lat' dir='ltr'><strong>illo;</strong></span> <span class='ocrx_word' id='word_1_312' title='bbox 1739 4153 1898 4204; x_wconf 80' lang='lat' dir='ltr'><strong>:ca-ci</strong></span> 
     </span>
    </p>
   </div>
   <div class='ocr_carea' id='block_1_83' title="bbox 316 4221 1899 4283">
    <p class='ocr_par' dir='ltr' id='par_1_83' title="bbox 316 4221 1899 4283">
     <span class='ocr_line' id='line_1_83' title="bbox 316 4221 1899 4283; baseline 0.001 -13"><span class='ocrx_word' id='word_1_313' title='bbox 316 4229 436 4270; x_wconf 86' lang='lat' dir='ltr'><strong>sunt</strong></span> <span class='ocrx_word' id='word_1_314' title='bbox 477 4221 618 4273; x_wconf 86' lang='lat' dir='ltr'><strong>enim</strong></span> <span class='ocrx_word' id='word_1_315' title='bbox 654 4221 818 4273; x_wconf 78' lang='lat' dir='ltr'><strong>ditens</strong></span> <span class='ocrx_word' id='word_1_316' title='bbox 858 4237 1123 4274; x_wconf 70' lang='lat' dir='ltr'><strong>Cll&#39;Cttl&#39;lltll</strong></span> <span class='ocrx_word' id='word_1_317' title='bbox 1151 4261 1165 4283; x_wconf 94' lang='lat'><strong>,</strong></span> <span class='ocrx_word' id='word_1_318' title='bbox 1215 4235 1387 4272; x_wconf 68' lang='lat' dir='ltr'><strong>urens</strong></span> <span class='ocrx_word' id='word_1_319' title='bbox 1428 4231 1602 4270; x_wconf 85' lang='lat' dir='ltr'><strong>autent</strong></span> <span class='ocrx_word' id='word_1_320' title='bbox 1659 4221 1700 4269; x_wconf 89' lang='lat' dir='ltr'><strong>si</strong></span> <span class='ocrx_word' id='word_1_321' title='bbox 1756 4233 1899 4272; x_wconf 63' lang='lat' dir='ltr'><strong>caeco</strong></span> 
     </span>
    </p>
   </div>
   <div class='ocr_carea' id='block_1_84' title="bbox 320 4286 1896 4357">
    <p class='ocr_par' dir='ltr' id='par_1_84' title="bbox 320 4286 1896 4357">
     <span class='ocr_line' id='line_1_84' title="bbox 320 4286 1896 4357; baseline 0.002 -19"><span class='ocrx_word' id='word_1_322' title='bbox 320 4290 340 4318; x_wconf 72' lang='grc' dir='ltr'><strong>εδ</strong></span> <span class='ocrx_word' id='word_1_323' title='bbox 389 4291 526 4342; x_wconf 85' lang='lat' dir='ltr'><strong>viain</strong></span> <span class='ocrx_word' id='word_1_324' title='bbox 557 4290 909 4345; x_wconf 69' lang='lat' dir='ltr'><strong>demonstret.</strong></span> <span class='ocrx_word' id='word_1_325' title='bbox 939 4301 1163 4357; x_wconf 79' lang='lat' dir='ltr'><strong>utetque</strong></span> <span class='ocrx_word' id='word_1_326' title='bbox 1196 4292 1244 4340; x_wconf 91' lang='lat' dir='ltr'><strong>in</strong></span> <span class='ocrx_word' id='word_1_327' title='bbox 1275 4288 1480 4340; x_wconf 78' lang='lat' dir='ltr'><strong>foveant</strong></span> <span class='ocrx_word' id='word_1_328' title='bbox 1515 4288 1728 4340; x_wconf 85' lang='lat' dir='ltr'><strong>cadunt.</strong></span> <span class='ocrx_word' id='word_1_329' title='bbox 1758 4286 1896 4341; x_wconf 83' lang='lat' dir='ltr'><strong>Res-</strong></span> 
     </span>
    </p>
   </div>
   <div class='ocr_carea' id='block_1_85' title="bbox 317 4357 1890 4426">
    <p class='ocr_par' dir='ltr' id='par_1_85' title="bbox 317 4357 1890 4426">
     <span class='ocr_line' id='line_1_85' title="bbox 317 4357 1890 4426; baseline 0.002 -19"><span class='ocrx_word' id='word_1_330' title='bbox 317 4361 751 4426; x_wconf 80' lang='lat' dir='ltr'><strong>pondensament</strong></span> <span class='ocrx_word' id='word_1_331' title='bbox 786 4361 974 4412; x_wconf 74' lang='grc' dir='ltr'><strong>Ι³υιι·ιιδ</strong></span> <span class='ocrx_word' id='word_1_332' title='bbox 1007 4361 1138 4411; x_wconf 59' lang='lat' dir='ltr'><strong>dixit</strong></span> <span class='ocrx_word' id='word_1_333' title='bbox 1169 4360 1244 4411; x_wconf 87' lang='grc'><strong>¹⁰;</strong></span> <span class='ocrx_word' id='word_1_334' title='bbox 1278 4360 1366 4410; x_wconf 86' lang='lat' dir='ltr'><strong>Dic</strong></span> <span class='ocrx_word' id='word_1_335' title='bbox 1401 4359 1554 4410; x_wconf 79' lang='lat' dir='ltr'><strong>nobis</strong></span> <span class='ocrx_word' id='word_1_336' title='bbox 1584 4357 1890 4410; x_wconf 83' lang='lat' dir='ltr'><strong>similitudi-</strong></span> 
     </span>
    </p>
   </div>
   <div class='ocr_carea' id='block_1_86' title="bbox 319 4429 1890 4499">
    <p class='ocr_par' dir='ltr' id='par_1_86' title="bbox 319 4429 1890 4499">
     <span class='ocr_line' id='line_1_86' title="bbox 319 4429 1890 4499; baseline 0.002 -19"><span class='ocrx_word' id='word_1_337' title='bbox 319 4445 437 4499; x_wconf 78' lang='lat' dir='ltr'><strong>nan</strong></span> <span class='ocrx_word' id='word_1_338' title='bbox 472 4433 645 4484; x_wconf 83' lang='lat' dir='ltr'><strong>istam.</strong></span> <span class='ocrx_word' id='word_1_339' title='bbox 676 4433 880 4497; x_wconf 80' lang='lat' dir='ltr'><strong>Quibus</strong></span> <span class='ocrx_word' id='word_1_340' title='bbox 909 4435 1018 4482; x_wconf 87' lang='lat' dir='ltr'><strong>ait:</strong></span> <span class='ocrx_word' id='word_1_341' title='bbox 1053 4431 1237 4483; x_wconf 85' lang='lat' dir='ltr'><strong>Adhuc</strong></span> <span class='ocrx_word' id='word_1_342' title='bbox 1269 4441 1320 4484; x_wconf 88' lang='lat' dir='ltr'><strong>et</strong></span> <span class='ocrx_word' id='word_1_343' title='bbox 1369 4443 1462 4481; x_wconf 84' lang='lat' dir='ltr'><strong>vos</strong></span> <span class='ocrx_word' id='word_1_344' title='bbox 1521 4429 1771 4482; x_wconf 63' lang='grc' dir='ltr'><strong>ἱιιεθηεςιιί</strong></span> <span class='ocrx_word' id='word_1_345' title='bbox 1805 4444 1890 4483; x_wconf 91' lang='lat' dir='ltr'><strong>es-</strong></span> 
     </span>
    </p>
   </div>
   <div class='ocr_carea' id='block_1_87' title="bbox 318 4499 1892 4571">
    <p class='ocr_par' dir='ltr' id='par_1_87' title="bbox 318 4499 1892 4571">
     <span class='ocr_line' id='line_1_87' title="bbox 318 4499 1892 4571; baseline 0.001 -21"><span class='ocrx_word' id='word_1_346' title='bbox 318 4499 418 4553; x_wconf 78' lang='lat' dir='ltr'><strong>tis?</strong></span> <span class='ocrx_word' id='word_1_347' title='bbox 450 4501 562 4554; x_wconf 84' lang='lat' dir='ltr'><strong>Non</strong></span> <span class='ocrx_word' id='word_1_348' title='bbox 597 4503 909 4569; x_wconf 63' lang='lat' dir='ltr'><strong>intelligitis.</strong></span> <span class='ocrx_word' id='word_1_349' title='bbox 943 4503 1194 4571; x_wconf 89' lang='lat' dir='ltr'><strong>quoniam</strong></span> <span class='ocrx_word' id='word_1_350' title='bbox 1227 4515 1387 4554; x_wconf 85' lang='lat' dir='ltr'><strong>Omne</strong></span> <span class='ocrx_word' id='word_1_351' title='bbox 1432 4500 1572 4567; x_wconf 82' lang='lat' dir='ltr'><strong>quod</strong></span> <span class='ocrx_word' id='word_1_352' title='bbox 1615 4501 1666 4552; x_wconf 92' lang='lat' dir='ltr'><strong>in</strong></span> <span class='ocrx_word' id='word_1_353' title='bbox 1711 4515 1770 4554; x_wconf 90' lang='lat' dir='ltr'><strong>os</strong></span> <span class='ocrx_word' id='word_1_354' title='bbox 1812 4501 1892 4552; x_wconf 86' lang='lat' dir='ltr'><strong>in-</strong></span> 
     </span>
    </p>
   </div>
   <div class='ocr_carea' id='block_1_88' title="bbox 319 4572 1888 4638">
    <p class='ocr_par' dir='ltr' id='par_1_88' title="bbox 319 4572 1888 4638">
     <span class='ocr_line' id='line_1_88' title="bbox 319 4572 1888 4638; baseline 0.003 -18"><span class='ocrx_word' id='word_1_355' title='bbox 319 4577 441 4633; x_wconf 80' lang='lat' dir='ltr'><strong>trat,</strong></span> <span class='ocrx_word' id='word_1_356' title='bbox 479 4573 528 4624; x_wconf 94' lang='lat' dir='ltr'><strong>in</strong></span> <span class='ocrx_word' id='word_1_357' title='bbox 554 4587 790 4626; x_wconf 70' lang='lat' dir='ltr'><strong>ventrem</strong></span> <span class='ocrx_word' id='word_1_358' title='bbox 823 4572 958 4625; x_wconf 80' lang='lat' dir='ltr'><strong>vadit</strong></span> <span class='ocrx_word' id='word_1_359' title='bbox 984 4612 999 4632; x_wconf 89' lang='lat'><em>.</em></span> <span class='ocrx_word' id='word_1_360' title='bbox 1031 4583 1083 4625; x_wconf 90' lang='lat' dir='ltr'><strong>ct</strong></span> <span class='ocrx_word' id='word_1_361' title='bbox 1111 4573 1151 4602; x_wconf 78' lang='grc'><strong>¹¹</strong></span> <span class='ocrx_word' id='word_1_362' title='bbox 1179 4588 1271 4638; x_wconf 81' lang='lat' dir='ltr'><strong>per</strong></span> <span class='ocrx_word' id='word_1_363' title='bbox 1297 4586 1569 4624; x_wconf 85' lang='lat' dir='ltr'><strong>secessum</strong></span> <span class='ocrx_word' id='word_1_364' title='bbox 1622 4572 1888 4636; x_wconf 86' lang='lat' dir='ltr'><strong>abjicitnr.</strong></span> 
     </span>
    </p>
   </div>
   <div class='ocr_carea' id='block_1_89' title="bbox 319 4639 1886 4712">
    <p class='ocr_par' dir='ltr' id='par_1_89' title="bbox 319 4639 1886 4712">
     <span class='ocr_line' id='line_1_89' title="bbox 319 4639 1886 4712; baseline 0.003 -21"><span class='ocrx_word' id='word_1_365' title='bbox 319 4639 467 4712; x_wconf 74' lang='lat' dir='ltr'><strong>Quae</strong></span> <span class='ocrx_word' id='word_1_366' title='bbox 497 4653 674 4696; x_wconf 88' lang='lat' dir='ltr'><strong>autem</strong></span> <span class='ocrx_word' id='word_1_367' title='bbox 694 4646 734 4682; x_wconf 76' lang='grc'>¹²</span> <span class='ocrx_word' id='word_1_368' title='bbox 763 4651 959 4697; x_wconf 66' lang='lat' dir='ltr'><strong>exeunt</strong></span> <span class='ocrx_word' id='word_1_369' title='bbox 989 4645 1056 4696; x_wconf 86' lang='lat' dir='ltr'><strong>de</strong></span> <span class='ocrx_word' id='word_1_370' title='bbox 1085 4658 1201 4710; x_wconf 89' lang='lat' dir='ltr'><strong>ore,</strong></span> <span class='ocrx_word' id='word_1_371' title='bbox 1257 4642 1324 4696; x_wconf 90' lang='lat' dir='ltr'><strong>de</strong></span> <span class='ocrx_word' id='word_1_372' title='bbox 1363 4641 1528 4696; x_wconf 83' lang='lat' dir='ltr'><strong>corde</strong></span> <span class='ocrx_word' id='word_1_373' title='bbox 1571 4643 1886 4712; x_wconf 86' lang='lat' dir='ltr'><strong>procedunt.</strong></span> 
     </span>
    </p>
   </div>
   <div class='ocr_carea' id='block_1_90' title="bbox 318 4708 1126 4784">
    <p class='ocr_par' dir='ltr' id='par_1_90' title="bbox 318 4708 1126 4784">
     <span class='ocr_line' id='line_1_90' title="bbox 318 4708 1126 4784; baseline 0.009 -23"><span class='ocrx_word' id='word_1_374' title='bbox 318 4708 410 4761; x_wconf 87' lang='lat' dir='ltr'><strong>Illa</strong></span> <span class='ocrx_word' id='word_1_375' title='bbox 455 4722 578 4766; x_wconf 91' lang='lat' dir='ltr'><strong>sunt</strong></span> <span class='ocrx_word' id='word_1_376' title='bbox 605 4728 742 4782; x_wconf 80' lang='lat' dir='ltr'><strong>quae</strong></span> <span class='ocrx_word' id='word_1_377' title='bbox 780 4714 1126 4784; x_wconf 85' lang='lat' dir='ltr'><strong>coinquinant</strong></span> 
     </span>
    </p>
   </div>
   <div class='ocr_carea' id='block_1_91' title="bbox 1269 321 2594 384">
    <p class='ocr_par' dir='ltr' id='par_1_91' title="bbox 1269 321 2594 384">
     <span class='ocr_line' id='line_1_91' title="bbox 1269 321 2594 384; baseline 0.003 -6"><span class='ocrx_word' id='word_1_378' title='bbox 1269 321 1499 379; x_wconf 67' lang='lat' dir='ltr'><strong>l-IVANG</strong></span> <span class='ocrx_word' id='word_1_379' title='bbox 1511 321 1717 380; x_wconf 76' lang='lat' dir='ltr'><strong>ELIUM</strong></span> <span class='ocrx_word' id='word_1_380' title='bbox 1757 322 2125 384; x_wconf 76' lang='lat' dir='ltr'><strong>SECUNDUM</strong></span> <span class='ocrx_word' id='word_1_381' title='bbox 2165 324 2594 384; x_wconf 66' lang='lat' dir='ltr'><strong>MATTHEUM.</strong></span> 
     </span>
    </p>
   </div>
   <div class='ocr_carea' id='block_1_92' title="bbox 2422 442 3134 505">
    <p class='ocr_par' dir='ltr' id='par_1_92' title="bbox 2422 442 3134 505">
     <span class='ocr_line' id='line_1_92' title="bbox 2422 442 3134 505; baseline 0.007 -10"><span class='ocrx_word' id='word_1_382' title='bbox 2422 442 2651 499; x_wconf 74' lang='lat' dir='ltr'><strong>CODEX</strong></span> <span class='ocrx_word' id='word_1_383' title='bbox 2692 443 3134 505; x_wconf 74' lang='lat' dir='ltr'><strong>VERONENSIS.</strong></span> 
     </span>
    </p>
   </div>
   <div class='ocr_carea' id='block_1_93' title="bbox 1999 537 2346 607">
    <p class='ocr_par' dir='ltr' id='par_1_93' title="bbox 1999 537 2346 607">
     <span class='ocr_line' id='line_1_93' title="bbox 1999 537 2346 607; baseline 0.006 -15"><span class='ocrx_word' id='word_1_384' title='bbox 1999 537 2096 592; x_wconf 88' lang='lat' dir='ltr'><strong>Dei</strong></span> <span class='ocrx_word' id='word_1_385' title='bbox 2126 546 2346 607; x_wconf 84' lang='lat' dir='ltr'><strong>prepter</strong></span> 
     </span>
    </p>
   </div>
   <div class='ocr_carea' id='block_1_94' title="bbox 1999 608 2341 663">
    <p class='ocr_par' dir='ltr' id='par_1_94' title="bbox 1999 608 2341 663">
     <span class='ocr_line' id='line_1_94' title="bbox 1999 608 2341 663; baseline 0 -2"><span class='ocrx_word' id='word_1_386' title='bbox 1999 608 2341 663; x_wconf 87' lang='lat' dir='ltr'><strong>traditionem</strong></span> 
     </span>
    </p>
   </div>
   <div class='ocr_carea' id='block_1_95' title="bbox 1997 678 2485 753">
    <p class='ocr_par' dir='ltr' id='par_1_95' title="bbox 1997 678 2485 753">
     <span class='ocr_line' id='line_1_95' title="bbox 1997 678 2485 753; baseline 0.006 -21"><span class='ocrx_word' id='word_1_387' title='bbox 1997 678 2051 732; x_wconf 91' lang='lat'><strong>7.</strong></span> <span class='ocrx_word' id='word_1_388' title='bbox 2093 687 2344 753; x_wconf 83' lang='lat' dir='ltr'><strong>vestram.</strong></span> <span class='ocrx_word' id='word_1_389' title='bbox 2375 680 2485 753; x_wconf 82' lang='lat' dir='ltr'><strong>ily-</strong></span> 
     </span>
    </p>
   </div>
   <div class='ocr_carea' id='block_1_96' title="bbox 1999 752 2390 819">
    <p class='ocr_par' dir='ltr' id='par_1_96' title="bbox 1999 752 2390 819">
     <span class='ocr_line' id='line_1_96' title="bbox 1999 752 2390 819; baseline 0.013 -18"><span class='ocrx_word' id='word_1_390' title='bbox 1999 752 2222 819; x_wconf 85' lang='lat' dir='ltr'><strong>pocrite,</strong></span> <span class='ocrx_word' id='word_1_391' title='bbox 2255 752 2390 806; x_wconf 84' lang='lat' dir='ltr'><strong>bene</strong></span> 
     </span>
    </p>
   </div>
   <div class='ocr_carea' id='block_1_97' title="bbox 1999 820 2341 890">
    <p class='ocr_par' dir='ltr' id='par_1_97' title="bbox 1999 820 2341 890">
     <span class='ocr_line' id='line_1_97' title="bbox 1999 820 2341 890; baseline 0.006 -18"><span class='ocrx_word' id='word_1_392' title='bbox 1999 820 2341 890; x_wconf 70' lang='lat' dir='ltr'><strong>pronhi-tavit</strong></span> 
     </span>
    </p>
   </div>
   <div class='ocr_carea' id='block_1_98' title="bbox 1997 891 2350 962">
    <p class='ocr_par' dir='ltr' id='par_1_98' title="bbox 1997 891 2350 962">
     <span class='ocr_line' id='line_1_98' title="bbox 1997 891 2350 962; baseline 0 0"><span class='ocrx_word' id='word_1_393' title='bbox 1997 892 2066 962; x_wconf 78' lang='lat' dir='ltr'><strong>de</strong></span> <span class='ocrx_word' id='word_1_394' title='bbox 2099 892 2249 962; x_wconf 70' lang='lat' dir='ltr'><strong>vobis</strong></span> <span class='ocrx_word' id='word_1_395' title='bbox 2277 891 2350 962; x_wconf 84' lang='grc' dir='ltr'><strong>(α)</strong></span> 
     </span>
    </p>
   </div>
   <div class='ocr_carea' id='block_1_99' title="bbox 2001 961 2400 1031">
    <p class='ocr_par' dir='ltr' id='par_1_99' title="bbox 2001 961 2400 1031">
     <span class='ocr_line' id='line_1_99' title="bbox 2001 961 2400 1031; baseline 0.003 -16"><span class='ocrx_word' id='word_1_396' title='bbox 2001 961 2182 1016; x_wconf 68' lang='grc' dir='ltr'><strong>Ιέεείεις</strong></span> <span class='ocrx_word' id='word_1_397' title='bbox 2213 961 2254 1031; x_wconf 57' lang='grc' dir='ltr'><strong>’ξ-</strong></span> <span class='ocrx_word' id='word_1_398' title='bbox 2278 961 2292 1026; x_wconf 86' lang='lat'><strong>,</strong></span> <span class='ocrx_word' id='word_1_399' title='bbox 2318 963 2400 1016; x_wconf 86' lang='lat' dir='ltr'><strong>di-</strong></span> 
     </span>
    </p>
   </div>
   <div class='ocr_carea' id='block_1_100' title="bbox 2000 1032 2615 1092">
    <p class='ocr_par' dir='ltr' id='par_1_100' title="bbox 2000 1032 2615 1092">
     <span class='ocr_line' id='line_1_100' title="bbox 2000 1032 2615 1092; baseline 0.013 -8"><span class='ocrx_word' id='word_1_400' title='bbox 2000 1032 2054 1085; x_wconf 93' lang='lat'><strong>8.</strong></span> <span class='ocrx_word' id='word_1_401' title='bbox 2093 1046 2223 1085; x_wconf 89' lang='lat' dir='ltr'><strong>cens</strong></span> <span class='ocrx_word' id='word_1_402' title='bbox 2254 1050 2266 1084; x_wconf 89' lang='lat'><strong>:</strong></span> <span class='ocrx_word' id='word_1_403' title='bbox 2297 1032 2453 1088; x_wconf 89' lang='lat' dir='ltr'><strong>Plebs</strong></span> <span class='ocrx_word' id='word_1_404' title='bbox 2483 1035 2615 1092; x_wconf 83' lang='lat' dir='ltr'><strong>haec</strong></span> 
     </span>
    </p>
   </div>
   <div class='ocr_carea' id='block_1_101' title="bbox 2002 1101 2387 1157">
    <p class='ocr_par' dir='ltr' id='par_1_101' title="bbox 2002 1101 2387 1157">
     <span class='ocr_line' id='line_1_101' title="bbox 2002 1101 2387 1157; baseline 0.003 -1"><span class='ocrx_word' id='word_1_405' title='bbox 2002 1101 2162 1156; x_wconf 79' lang='lat' dir='ltr'><strong>labiis</strong></span> <span class='ocrx_word' id='word_1_406' title='bbox 2193 1118 2276 1157; x_wconf 90' lang='lat' dir='ltr'><strong>me</strong></span> <span class='ocrx_word' id='word_1_407' title='bbox 2303 1103 2387 1157; x_wconf 84' lang='lat' dir='ltr'><strong>di-</strong></span> 
     </span>
    </p>
   </div>
   <div class='ocr_carea' id='block_1_102' title="bbox 2003 1173 2400 1241">
    <p class='ocr_par' dir='ltr' id='par_1_102' title="bbox 2003 1173 2400 1241">
     <span class='ocr_line' id='line_1_102' title="bbox 2003 1173 2400 1241; baseline 0.008 -17"><span class='ocrx_word' id='word_1_408' title='bbox 2003 1173 2116 1241; x_wconf 81' lang='lat' dir='ltr'><strong>ligit</strong></span> <span class='ocrx_word' id='word_1_409' title='bbox 2139 1212 2153 1236; x_wconf 84' lang='lat'><strong>,</strong></span> <span class='ocrx_word' id='word_1_410' title='bbox 2186 1188 2280 1228; x_wconf 89' lang='lat' dir='ltr'><strong>cor</strong></span> <span class='ocrx_word' id='word_1_411' title='bbox 2305 1191 2400 1227; x_wconf 86' lang='lat' dir='ltr'><strong>att-</strong></span> 
     </span>
    </p>
   </div>
   <div class='ocr_carea' id='block_1_103' title="bbox 2001 1244 2349 1298">
    <p class='ocr_par' dir='ltr' id='par_1_103' title="bbox 2001 1244 2349 1298">
     <span class='ocr_line' id='line_1_103' title="bbox 2001 1244 2349 1298; baseline 0.009 -3"><span class='ocrx_word' id='word_1_412' title='bbox 2001 1253 2106 1296; x_wconf 91' lang='lat' dir='ltr'><strong>tem</strong></span> <span class='ocrx_word' id='word_1_413' title='bbox 2140 1244 2349 1298; x_wconf 84' lang='lat' dir='ltr'><strong>illorum</strong></span> 
     </span>
    </p>
   </div>
   <div class='ocr_carea' id='block_1_104' title="bbox 2000 1312 2456 1376">
    <p class='ocr_par' dir='ltr' id='par_1_104' title="bbox 2000 1312 2456 1376">
     <span class='ocr_line' id='line_1_104' title="bbox 2000 1312 2456 1376; baseline 0.018 -10"><span class='ocrx_word' id='word_1_414' title='bbox 2000 1312 2158 1376; x_wconf 68' lang='lat' dir='ltr'><strong>longe</strong></span> <span class='ocrx_word' id='word_1_415' title='bbox 2187 1326 2266 1368; x_wconf 85' lang='lat' dir='ltr'><strong>est</strong></span> <span class='ocrx_word' id='word_1_416' title='bbox 2291 1331 2318 1366; x_wconf 93' lang='lat' dir='ltr'><strong>a</strong></span> <span class='ocrx_word' id='word_1_417' title='bbox 2352 1334 2456 1374; x_wconf 84' lang='lat' dir='ltr'><strong>tne.</strong></span> 
     </span>
    </p>
   </div>
   <div class='ocr_carea' id='block_1_105' title="bbox 2001 1383 2406 1442">
    <p class='ocr_par' dir='ltr' id='par_1_105' title="bbox 2001 1383 2406 1442">
     <span class='ocr_line' id='line_1_105' title="bbox 2001 1383 2406 1442; baseline 0.01 -4"><span class='ocrx_word' id='word_1_418' title='bbox 2001 1385 2066 1438; x_wconf 78' lang='grc'><strong>9.</strong></span> <span class='ocrx_word' id='word_1_419' title='bbox 2095 1383 2224 1438; x_wconf 85' lang='lat' dir='ltr'><strong>Sine</strong></span> <span class='ocrx_word' id='word_1_420' title='bbox 2249 1399 2406 1442; x_wconf 87' lang='lat' dir='ltr'><strong>causa</strong></span> 
     </span>
    </p>
   </div>
   <div class='ocr_carea' id='block_1_106' title="bbox 2002 1455 2394 1512">
    <p class='ocr_par' dir='ltr' id='par_1_106' title="bbox 2002 1455 2394 1512">
     <span class='ocr_line' id='line_1_106' title="bbox 2002 1455 2394 1512; baseline 0.01 -5"><span class='ocrx_word' id='word_1_421' title='bbox 2002 1465 2178 1508; x_wconf 86' lang='lat' dir='ltr'><strong>autem</strong></span> <span class='ocrx_word' id='word_1_422' title='bbox 2211 1455 2394 1512; x_wconf 90' lang='lat' dir='ltr'><strong>colunt</strong></span> 
     </span>
    </p>
   </div>
   <div class='ocr_carea' id='block_1_107' title="bbox 2000 1524 2422 1588">
    <p class='ocr_par' dir='ltr' id='par_1_107' title="bbox 2000 1524 2422 1588">
     <span class='ocr_line' id='line_1_107' title="bbox 2000 1524 2422 1588; baseline 0.014 -10"><span class='ocrx_word' id='word_1_423' title='bbox 2000 1540 2087 1579; x_wconf 90' lang='lat' dir='ltr'><strong>me</strong></span> <span class='ocrx_word' id='word_1_424' title='bbox 2108 1566 2122 1588; x_wconf 89' lang='lat'><strong>,</strong></span> <span class='ocrx_word' id='word_1_425' title='bbox 2147 1524 2422 1584; x_wconf 82' lang='lat' dir='ltr'><strong>docentes</strong></span> 
     </span>
    </p>
   </div>
   <div class='ocr_carea' id='block_1_108' title="bbox 2000 1595 2396 1659">
    <p class='ocr_par' dir='ltr' id='par_1_108' title="bbox 2000 1595 2396 1659">
     <span class='ocr_line' id='line_1_108' title="bbox 2000 1595 2396 1659; baseline 0.01 -10"><span class='ocrx_word' id='word_1_426' title='bbox 2000 1595 2269 1649; x_wconf 89' lang='lat' dir='ltr'><strong>doctrinas</strong></span> <span class='ocrx_word' id='word_1_427' title='bbox 2292 1639 2305 1659; x_wconf 92' lang='lat'><strong>,</strong></span> <span class='ocrx_word' id='word_1_428' title='bbox 2344 1610 2396 1653; x_wconf 91' lang='lat' dir='ltr'><strong>et</strong></span> 
     </span>
    </p>
   </div>
   <div class='ocr_carea' id='block_1_109' title="bbox 2002 1666 2376 1722">
    <p class='ocr_par' dir='ltr' id='par_1_109' title="bbox 2002 1666 2376 1722">
     <span class='ocr_line' id='line_1_109' title="bbox 2002 1666 2376 1722; baseline 0.005 -2"><span class='ocrx_word' id='word_1_429' title='bbox 2002 1666 2245 1720; x_wconf 85' lang='lat' dir='ltr'><strong>mandata</strong></span> <span class='ocrx_word' id='word_1_430' title='bbox 2279 1666 2376 1722; x_wconf 85' lang='lat' dir='ltr'><strong>Ito-</strong></span> 
     </span>
    </p>
   </div>
   <div class='ocr_carea' id='block_1_110' title="bbox 2004 1738 2228 1790">
    <p class='ocr_par' dir='ltr' id='par_1_110' title="bbox 2004 1738 2228 1790">
     <span class='ocr_line' id='line_1_110' title="bbox 2004 1738 2228 1790; baseline -0.004 -1"><span class='ocrx_word' id='word_1_431' title='bbox 2004 1738 2228 1790; x_wconf 88' lang='lat' dir='ltr'><strong>minutn.</strong></span> 
     </span>
    </p>
   </div>
   <div class='ocr_carea' id='block_1_111' title="bbox 1999 1806 2526 1867">
    <p class='ocr_par' dir='ltr' id='par_1_111' title="bbox 1999 1806 2526 1867">
     <span class='ocr_line' id='line_1_111' title="bbox 1999 1806 2526 1867; baseline 0.006 -5"><span class='ocrx_word' id='word_1_432' title='bbox 1999 1806 2086 1862; x_wconf 70' lang='grc'><strong>10.</strong></span> <span class='ocrx_word' id='word_1_433' title='bbox 2133 1807 2197 1861; x_wconf 84' lang='lat' dir='ltr'><strong>Et</strong></span> <span class='ocrx_word' id='word_1_434' title='bbox 2217 1813 2526 1867; x_wconf 71' lang='lat' dir='ltr'><strong>convocatis</strong></span> 
     </span>
    </p>
   </div>
   <div class='ocr_carea' id='block_1_112' title="bbox 1997 1876 2387 1946">
    <p class='ocr_par' dir='ltr' id='par_1_112' title="bbox 1997 1876 2387 1946">
     <span class='ocr_line' id='line_1_112' title="bbox 1997 1876 2387 1946; baseline 0.01 -16"><span class='ocrx_word' id='word_1_435' title='bbox 1997 1876 2064 1930; x_wconf 86' lang='lat' dir='ltr'><strong>ad</strong></span> <span class='ocrx_word' id='word_1_436' title='bbox 2103 1893 2162 1932; x_wconf 90' lang='lat' dir='ltr'><strong>sc</strong></span> <span class='ocrx_word' id='word_1_437' title='bbox 2185 1881 2353 1934; x_wconf 85' lang='lat' dir='ltr'><strong>turbis</strong></span> <span class='ocrx_word' id='word_1_438' title='bbox 2375 1924 2387 1946; x_wconf 91' lang='lat'><strong>,</strong></span> 
     </span>
    </p>
   </div>
   <div class='ocr_carea' id='block_1_113' title="bbox 1999 1948 2282 2004">
    <p class='ocr_par' dir='ltr' id='par_1_113' title="bbox 1999 1948 2282 2004">
     <span class='ocr_line' id='line_1_113' title="bbox 1999 1948 2282 2004; baseline 0.007 -2"><span class='ocrx_word' id='word_1_439' title='bbox 1999 1948 2128 2002; x_wconf 86' lang='lat' dir='ltr'><strong>dixit</strong></span> <span class='ocrx_word' id='word_1_440' title='bbox 2159 1949 2237 2004; x_wconf 90' lang='lat' dir='ltr'><strong>eis</strong></span> <span class='ocrx_word' id='word_1_441' title='bbox 2270 1970 2282 2004; x_wconf 91' lang='lat'><strong>:</strong></span> 
     </span>
    </p>
   </div>
   <div class='ocr_carea' id='block_1_114' title="bbox 1998 2019 2356 2088">
    <p class='ocr_par' dir='ltr' id='par_1_114' title="bbox 1998 2019 2356 2088">
     <span class='ocr_line' id='line_1_114' title="bbox 1998 2019 2356 2088; baseline 0.006 -14"><span class='ocrx_word' id='word_1_442' title='bbox 1998 2019 2193 2074; x_wconf 80' lang='lat' dir='ltr'><strong>Audite</strong></span> <span class='ocrx_word' id='word_1_443' title='bbox 2223 2036 2318 2075; x_wconf 86' lang='lat' dir='ltr'><strong>vos</strong></span> <span class='ocrx_word' id='word_1_444' title='bbox 2342 2067 2356 2088; x_wconf 89' lang='lat'><strong>,</strong></span> 
     </span>
    </p>
   </div>
   <div class='ocr_carea' id='block_1_115' title="bbox 1997 2090 2392 2158">
    <p class='ocr_par' dir='ltr' id='par_1_115' title="bbox 1997 2090 2392 2158">
     <span class='ocr_line' id='line_1_115' title="bbox 1997 2090 2392 2158; baseline 0.015 -17"><span class='ocrx_word' id='word_1_445' title='bbox 1997 2099 2051 2141; x_wconf 75' lang='lat' dir='ltr'><strong>et</strong></span> <span class='ocrx_word' id='word_1_446' title='bbox 2082 2090 2392 2158; x_wconf 75' lang='lat' dir='ltr'><strong>intellegite.</strong></span> 
     </span>
    </p>
   </div>
   <div class='ocr_carea' id='block_1_116' title="bbox 2000 2159 2406 2225">
    <p class='ocr_par' dir='ltr' id='par_1_116' title="bbox 2000 2159 2406 2225">
     <span class='ocr_line' id='line_1_116' title="bbox 2000 2159 2406 2225; baseline 0.012 -13"><span class='ocrx_word' id='word_1_447' title='bbox 2000 2160 2024 2212; x_wconf 77' lang='grc'>1</span> <span class='ocrx_word' id='word_1_448' title='bbox 2042 2162 2086 2213; x_wconf 79' lang='grc'><strong>1.</strong></span> <span class='ocrx_word' id='word_1_449' title='bbox 2130 2159 2241 2215; x_wconf 84' lang='lat' dir='ltr'><strong>Non</strong></span> <span class='ocrx_word' id='word_1_450' title='bbox 2269 2166 2406 2225; x_wconf 83' lang='lat' dir='ltr'><strong>quod</strong></span> 
     </span>
    </p>
   </div>
   <div class='ocr_carea' id='block_1_117' title="bbox 1999 2229 2362 2299">
    <p class='ocr_par' dir='ltr' id='par_1_117' title="bbox 1999 2229 2362 2299">
     <span class='ocr_line' id='line_1_117' title="bbox 1999 2229 2362 2299; baseline 0.011 -15"><span class='ocrx_word' id='word_1_451' title='bbox 1999 2229 2162 2284; x_wconf 88' lang='lat' dir='ltr'><strong>intrat</strong></span> <span class='ocrx_word' id='word_1_452' title='bbox 2189 2233 2240 2285; x_wconf 89' lang='lat' dir='ltr'><strong>in</strong></span> <span class='ocrx_word' id='word_1_453' title='bbox 2270 2248 2331 2288; x_wconf 89' lang='lat' dir='ltr'><strong>os</strong></span> <span class='ocrx_word' id='word_1_454' title='bbox 2348 2277 2362 2299; x_wconf 84' lang='lat'><strong>,</strong></span> 
     </span>
    </p>
   </div>
   <div class='ocr_carea' id='block_1_118' title="bbox 2000 2301 2360 2372">
    <p class='ocr_par' dir='ltr' id='par_1_118' title="bbox 2000 2301 2360 2372">
     <span class='ocr_line' id='line_1_118' title="bbox 2000 2301 2360 2372; baseline 0.011 -18"><span class='ocrx_word' id='word_1_455' title='bbox 2000 2301 2239 2372; x_wconf 88' lang='lat' dir='ltr'><strong>inquinat</strong></span> <span class='ocrx_word' id='word_1_456' title='bbox 2263 2302 2360 2358; x_wconf 82' lang='lat' dir='ltr'><strong>ho-</strong></span> 
     </span>
    </p>
   </div>
   <div class='ocr_carea' id='block_1_119' title="bbox 2001 2388 2342 2428">
    <p class='ocr_par' dir='ltr' id='par_1_119' title="bbox 2001 2388 2342 2428">
     <span class='ocr_line' id='line_1_119' title="bbox 2001 2388 2342 2428; baseline -0.006 -3"><span class='ocrx_word' id='word_1_457' title='bbox 2001 2388 2197 2426; x_wconf 90' lang='lat' dir='ltr'><strong>tntnetn</strong></span> <span class='ocrx_word' id='word_1_458' title='bbox 2229 2393 2240 2428; x_wconf 73' lang='grc' dir='ltr'>ἒ</span> <span class='ocrx_word' id='word_1_459' title='bbox 2331 2415 2342 2423; x_wconf 94' lang='grc'><strong>.</strong></span> 
     </span>
    </p>
   </div>
   <div class='ocr_carea' id='block_1_120' title="bbox 2001 2443 2412 2514">
    <p class='ocr_par' dir='ltr' id='par_1_120' title="bbox 2001 2443 2412 2514">
     <span class='ocr_line' id='line_1_120' title="bbox 2001 2443 2412 2514; baseline 0.012 -18"><span class='ocrx_word' id='word_1_460' title='bbox 2001 2443 2257 2514; x_wconf 87' lang='lat' dir='ltr'><strong>sedquod</strong></span> <span class='ocrx_word' id='word_1_461' title='bbox 2287 2461 2412 2514; x_wconf 81' lang='lat' dir='ltr'><strong>pro-</strong></span> 
     </span>
    </p>
   </div>
   <div class='ocr_carea' id='block_1_121' title="bbox 1999 2513 2380 2580">
    <p class='ocr_par' dir='ltr' id='par_1_121' title="bbox 1999 2513 2380 2580">
     <span class='ocr_line' id='line_1_121' title="bbox 1999 2513 2380 2580; baseline -0.005 -14"><span class='ocrx_word' id='word_1_462' title='bbox 1999 2513 2143 2567; x_wconf 86' lang='lat' dir='ltr'><strong>cedit</strong></span> <span class='ocrx_word' id='word_1_463' title='bbox 2168 2516 2234 2569; x_wconf 89' lang='lat' dir='ltr'><strong>de</strong></span> <span class='ocrx_word' id='word_1_464' title='bbox 2255 2513 2348 2571; x_wconf 73' lang='lat' dir='ltr'><strong>ore</strong></span> <span class='ocrx_word' id='word_1_465' title='bbox 2366 2559 2380 2580; x_wconf 78' lang='grc'><em>,</em></span> 
     </span>
    </p>
   </div>
   <div class='ocr_carea' id='block_1_122' title="bbox 2000 2585 2514 2664">
    <p class='ocr_par' dir='ltr' id='par_1_122' title="bbox 2000 2585 2514 2664">
     <span class='ocr_line' id='line_1_122' title="bbox 2000 2585 2514 2664; baseline 0.014 -29"><span class='ocrx_word' id='word_1_466' title='bbox 2000 2585 2104 2664; x_wconf 81' lang='lat' dir='ltr'><strong>hoc</strong></span> <span class='ocrx_word' id='word_1_467' title='bbox 2136 2585 2376 2654; x_wconf 89' lang='lat' dir='ltr'><strong>inquinat</strong></span> <span class='ocrx_word' id='word_1_468' title='bbox 2404 2587 2514 2641; x_wconf 87' lang='lat' dir='ltr'><strong>h0—</strong></span> 
     </span>
    </p>
   </div>
   <div class='ocr_carea' id='block_1_123' title="bbox 2000 2669 2220 2708">
    <p class='ocr_par' dir='ltr' id='par_1_123' title="bbox 2000 2669 2220 2708">
     <span class='ocr_line' id='line_1_123' title="bbox 2000 2669 2220 2708; baseline 0.009 -2"><span class='ocrx_word' id='word_1_469' title='bbox 2000 2669 2220 2708; x_wconf 75' lang='lat' dir='ltr'><strong>minem.</strong></span> 
     </span>
    </p>
   </div>
   <div class='ocr_carea' id='block_1_124' title="bbox 2001 2723 2565 2781">
    <p class='ocr_par' dir='ltr' id='par_1_124' title="bbox 2001 2723 2565 2781">
     <span class='ocr_line' id='line_1_124' title="bbox 2001 2723 2565 2781; baseline 0.007 -4"><span class='ocrx_word' id='word_1_470' title='bbox 2001 2723 2087 2777; x_wconf 71' lang='lat'><strong>12.</strong></span> <span class='ocrx_word' id='word_1_471' title='bbox 2131 2723 2278 2778; x_wconf 91' lang='lat' dir='ltr'><strong>Tunc</strong></span> <span class='ocrx_word' id='word_1_472' title='bbox 2305 2725 2533 2781; x_wconf 89' lang='lat' dir='ltr'><strong>acccden</strong></span> <span class='ocrx_word' id='word_1_473' title='bbox 2547 2755 2565 2765; x_wconf 88' lang='lat'><strong>-</strong></span> 
     </span>
    </p>
   </div>
   <div class='ocr_carea' id='block_1_125' title="bbox 2003 2793 2354 2863">
    <p class='ocr_par' dir='ltr' id='par_1_125' title="bbox 2003 2793 2354 2863">
     <span class='ocr_line' id='line_1_125' title="bbox 2003 2793 2354 2863; baseline 0.006 -17"><span class='ocrx_word' id='word_1_474' title='bbox 2003 2803 2084 2847; x_wconf 88' lang='lat' dir='ltr'><strong>tes</strong></span> <span class='ocrx_word' id='word_1_475' title='bbox 2109 2793 2354 2863; x_wconf 70' lang='lat' dir='ltr'><strong>discipuli</strong></span> 
     </span>
    </p>
   </div>
   <div class='ocr_carea' id='block_1_126' title="bbox 1999 2865 2414 2932">
    <p class='ocr_par' dir='ltr' id='par_1_126' title="bbox 1999 2865 2414 2932">
     <span class='ocr_line' id='line_1_126' title="bbox 1999 2865 2414 2932; baseline 0.005 -14"><span class='ocrx_word' id='word_1_476' title='bbox 1999 2865 2136 2932; x_wconf 86' lang='lat' dir='ltr'><strong>ejus,</strong></span> <span class='ocrx_word' id='word_1_477' title='bbox 2165 2865 2414 2920; x_wconf 73' lang='lat' dir='ltr'><strong>dixerunt</strong></span> 
     </span>
    </p>
   </div>
   <div class='ocr_carea' id='block_1_127' title="bbox 2001 2936 2404 3006">
    <p class='ocr_par' dir='ltr' id='par_1_127' title="bbox 2001 2936 2404 3006">
     <span class='ocr_line' id='line_1_127' title="bbox 2001 2936 2404 3006; baseline 0.012 -20"><span class='ocrx_word' id='word_1_478' title='bbox 2001 2939 2051 3006; x_wconf 76' lang='lat' dir='ltr'><strong>ei</strong></span> <span class='ocrx_word' id='word_1_479' title='bbox 2080 2952 2092 2986; x_wconf 91' lang='lat'>:</span> <span class='ocrx_word' id='word_1_480' title='bbox 2118 2936 2236 2988; x_wconf 86' lang='lat' dir='ltr'><strong>Scis</strong></span> <span class='ocrx_word' id='word_1_481' title='bbox 2263 2938 2404 3006; x_wconf 89' lang='lat' dir='ltr'><strong>quod</strong></span> 
     </span>
    </p>
   </div>
   <div class='ocr_carea' id='block_1_128' title="bbox 2003 3005 2361 3061">
    <p class='ocr_par' dir='ltr' id='par_1_128' title="bbox 2003 3005 2361 3061">
     <span class='ocr_line' id='line_1_128' title="bbox 2003 3005 2361 3061; baseline 0.006 -2"><span class='ocrx_word' id='word_1_482' title='bbox 2003 3005 2241 3060; x_wconf 56' lang='lat' dir='ltr'><strong>Farisaei</strong></span> <span class='ocrx_word' id='word_1_483' title='bbox 2269 3005 2361 3061; x_wconf 72' lang='grc' dir='ltr'><strong>εω-</strong></span> 
     </span>
    </p>
   </div>
   <div class='ocr_carea' id='block_1_129' title="bbox 2003 3077 2710 3149">
    <p class='ocr_par' dir='ltr' id='par_1_129' title="bbox 2003 3077 2710 3149">
     <span class='ocr_line' id='line_1_129' title="bbox 2003 3077 2710 3149; baseline 0.003 -19"><span class='ocrx_word' id='word_1_484' title='bbox 2003 3077 2710 3149; x_wconf 83' lang='lat' dir='ltr'><strong>dito(b).........</strong></span> 
     </span>
    </p>
   </div>
   <div class='ocr_carea' id='block_1_130' title="bbox 2468 3213 3126 3270">
    <p class='ocr_par' dir='ltr' id='par_1_130' title="bbox 2468 3213 3126 3270">
     <span class='ocr_line' id='line_1_130' title="bbox 2468 3213 3126 3270; baseline 0.002 -1"><span class='ocrx_word' id='word_1_485' title='bbox 2468 3213 2697 3269; x_wconf 81' lang='lat' dir='ltr'><strong>CODEX</strong></span> <span class='ocrx_word' id='word_1_486' title='bbox 2738 3213 3126 3270; x_wconf 69' lang='lat' dir='ltr'><strong>BRIXIANUS.</strong></span> 
     </span>
    </p>
   </div>
   <div class='ocr_carea' id='block_1_131' title="bbox 1994 3305 3578 3376">
    <p class='ocr_par' dir='ltr' id='par_1_131' title="bbox 1994 3305 3578 3376">
     <span class='ocr_line' id='line_1_131' title="bbox 1994 3305 3578 3376; baseline 0.001 -17"><span class='ocrx_word' id='word_1_487' title='bbox 1994 3306 2174 3360; x_wconf 91' lang='lat' dir='ltr'><strong>datum</strong></span> <span class='ocrx_word' id='word_1_488' title='bbox 2201 3305 2294 3360; x_wconf 91' lang='lat' dir='ltr'><strong>Dci</strong></span> <span class='ocrx_word' id='word_1_489' title='bbox 2334 3316 2552 3376; x_wconf 80' lang='lat' dir='ltr'><strong>propter</strong></span> <span class='ocrx_word' id='word_1_490' title='bbox 2595 3306 2934 3361; x_wconf 84' lang='lat' dir='ltr'><strong>traditionem</strong></span> <span class='ocrx_word' id='word_1_491' title='bbox 2983 3314 3234 3361; x_wconf 73' lang='lat' dir='ltr'><strong>vestram.</strong></span> <span class='ocrx_word' id='word_1_492' title='bbox 3271 3306 3578 3372; x_wconf 77' lang='lat' dir='ltr'><strong>Ynocritac,</strong></span> 
     </span>
    </p>
   </div>
   <div class='ocr_carea' id='block_1_132' title="bbox 1995 3376 3574 3446">
    <p class='ocr_par' dir='ltr' id='par_1_132' title="bbox 1995 3376 3574 3446">
     <span class='ocr_line' id='line_1_132' title="bbox 1995 3376 3574 3446; baseline 0.001 -17"><span class='ocrx_word' id='word_1_493' title='bbox 1995 3377 2132 3431; x_wconf 84' lang='lat' dir='ltr'><strong>bene</strong></span> <span class='ocrx_word' id='word_1_494' title='bbox 2175 3376 2511 3445; x_wconf 85' lang='lat' dir='ltr'><strong>prophetavit</strong></span> <span class='ocrx_word' id='word_1_495' title='bbox 2553 3377 2621 3431; x_wconf 84' lang='lat' dir='ltr'><strong>de</strong></span> <span class='ocrx_word' id='word_1_496' title='bbox 2665 3378 2834 3430; x_wconf 78' lang='lat' dir='ltr'><strong>vobis.</strong></span> <span class='ocrx_word' id='word_1_497' title='bbox 2884 3377 2961 3446; x_wconf 87' lang='lat' dir='ltr'><strong>(a)</strong></span> <span class='ocrx_word' id='word_1_498' title='bbox 3031 3376 3218 3432; x_wconf 82' lang='lat' dir='ltr'><strong>Esaias</strong></span> <span class='ocrx_word' id='word_1_499' title='bbox 3282 3377 3320 3446; x_wconf 62' lang='grc' dir='ltr'><strong>’ξ’</strong></span> <span class='ocrx_word' id='word_1_500' title='bbox 3369 3377 3574 3432; x_wconf 87' lang='lat' dir='ltr'><strong>dicens.</strong></span> 
     </span>
    </p>
   </div>
   <div class='ocr_carea' id='block_1_133' title="bbox 1994 3447 3580 3515">
    <p class='ocr_par' dir='ltr' id='par_1_133' title="bbox 1994 3447 3580 3515">
     <span class='ocr_line' id='line_1_133' title="bbox 1994 3447 3580 3515; baseline 0 -15"><span class='ocrx_word' id='word_1_501' title='bbox 1994 3447 2397 3514; x_wconf 69' lang='lat' dir='ltr'><strong>Adprojiinquat</strong></span> <span class='ocrx_word' id='word_1_502' title='bbox 2424 3464 2480 3499; x_wconf 88' lang='lat' dir='ltr'><strong>sc</strong></span> <span class='ocrx_word' id='word_1_503' title='bbox 2514 3449 2638 3500; x_wconf 87' lang='lat' dir='ltr'><strong>mihi</strong></span> <span class='ocrx_word' id='word_1_504' title='bbox 2670 3448 2897 3515; x_wconf 79' lang='lat' dir='ltr'><strong>ponttlus</strong></span> <span class='ocrx_word' id='word_1_505' title='bbox 2946 3448 3033 3500; x_wconf 87' lang='lat' dir='ltr'><strong>hic</strong></span> <span class='ocrx_word' id='word_1_506' title='bbox 3060 3463 3155 3501; x_wconf 80' lang='lat' dir='ltr'><strong>ore</strong></span> <span class='ocrx_word' id='word_1_507' title='bbox 3180 3462 3277 3500; x_wconf 86' lang='lat' dir='ltr'><strong>suo</strong></span> <span class='ocrx_word' id='word_1_508' title='bbox 3333 3458 3386 3500; x_wconf 88' lang='lat' dir='ltr'><strong>et</strong></span> <span class='ocrx_word' id='word_1_509' title='bbox 3427 3448 3580 3502; x_wconf 78' lang='lat' dir='ltr'><strong>labiis</strong></span> 
     </span>
    </p>
   </div>
   <div class='ocr_carea' id='block_1_134' title="bbox 1997 3517 3578 3586">
    <p class='ocr_par' dir='ltr' id='par_1_134' title="bbox 1997 3517 3578 3586">
     <span class='ocr_line' id='line_1_134' title="bbox 1997 3517 3578 3586; baseline 0.001 -17"><span class='ocrx_word' id='word_1_510' title='bbox 1997 3517 2107 3569; x_wconf 80' lang='lat' dir='ltr'><strong>suis</strong></span> <span class='ocrx_word' id='word_1_511' title='bbox 2160 3533 2242 3568; x_wconf 81' lang='lat' dir='ltr'><strong>me</strong></span> <span class='ocrx_word' id='word_1_512' title='bbox 2300 3518 2522 3570; x_wconf 81' lang='lat' dir='ltr'><strong>honorat</strong></span> <span class='ocrx_word' id='word_1_513' title='bbox 2585 3533 2678 3570; x_wconf 91' lang='lat' dir='ltr'><strong>eor</strong></span> <span class='ocrx_word' id='word_1_514' title='bbox 2733 3531 2908 3572; x_wconf 90' lang='lat' dir='ltr'><strong>autem</strong></span> <span class='ocrx_word' id='word_1_515' title='bbox 2965 3533 3149 3572; x_wconf 85' lang='lat' dir='ltr'><strong>eorum</strong></span> <span class='ocrx_word' id='word_1_516' title='bbox 3208 3519 3366 3586; x_wconf 82' lang='lat' dir='ltr'><strong>longe</strong></span> <span class='ocrx_word' id='word_1_517' title='bbox 3414 3527 3497 3571; x_wconf 80' lang='lat' dir='ltr'><strong>est</strong></span> <span class='ocrx_word' id='word_1_518' title='bbox 3549 3533 3578 3570; x_wconf 88' lang='lat' dir='ltr'><strong>a</strong></span> 
     </span>
    </p>
   </div>
   <div class='ocr_carea' id='block_1_135' title="bbox 1997 3587 3574 3656">
    <p class='ocr_par' dir='ltr' id='par_1_135' title="bbox 1997 3587 3574 3656">
     <span class='ocr_line' id='line_1_135' title="bbox 1997 3587 3574 3656; baseline 0 -16"><span class='ocrx_word' id='word_1_519' title='bbox 1997 3602 2102 3640; x_wconf 86' lang='lat' dir='ltr'><strong>me.</strong></span> <span class='ocrx_word' id='word_1_520' title='bbox 2135 3587 2263 3641; x_wconf 83' lang='lat' dir='ltr'><strong>Sine</strong></span> <span class='ocrx_word' id='word_1_521' title='bbox 2285 3602 2443 3641; x_wconf 87' lang='lat' dir='ltr'><strong>causa</strong></span> <span class='ocrx_word' id='word_1_522' title='bbox 2475 3600 2652 3642; x_wconf 87' lang='lat' dir='ltr'><strong>autem</strong></span> <span class='ocrx_word' id='word_1_523' title='bbox 2684 3605 2767 3642; x_wconf 90' lang='lat' dir='ltr'><strong>me</strong></span> <span class='ocrx_word' id='word_1_524' title='bbox 2790 3589 2973 3642; x_wconf 91' lang='lat' dir='ltr'><strong>colunt</strong></span> <span class='ocrx_word' id='word_1_525' title='bbox 3013 3589 3269 3656; x_wconf 82' lang='lat' dir='ltr'><strong>doeentes</strong></span> <span class='ocrx_word' id='word_1_526' title='bbox 3285 3589 3574 3640; x_wconf 76' lang='lat' dir='ltr'><strong>doctrinas.</strong></span> 
     </span>
    </p>
   </div>
   <div class='ocr_carea' id='block_1_136' title="bbox 1999 3657 3578 3712">
    <p class='ocr_par' dir='ltr' id='par_1_136' title="bbox 1999 3657 3578 3712">
     <span class='ocr_line' id='line_1_136' title="bbox 1999 3657 3578 3712; baseline 0.001 -2"><span class='ocrx_word' id='word_1_527' title='bbox 1999 3665 2053 3711; x_wconf 87' lang='lat' dir='ltr'><strong>et</strong></span> <span class='ocrx_word' id='word_1_528' title='bbox 2096 3657 2343 3710; x_wconf 87' lang='lat' dir='ltr'><strong>mandata</strong></span> <span class='ocrx_word' id='word_1_529' title='bbox 2392 3659 2685 3710; x_wconf 83' lang='lat' dir='ltr'><strong>hominum.</strong></span> <span class='ocrx_word' id='word_1_530' title='bbox 2723 3659 2790 3712; x_wconf 87' lang='lat' dir='ltr'><strong>Et</strong></span> <span class='ocrx_word' id='word_1_531' title='bbox 2833 3673 3140 3712; x_wconf 79' lang='lat' dir='ltr'><strong>cenvocans</strong></span> <span class='ocrx_word' id='word_1_532' title='bbox 3177 3659 3241 3709; x_wconf 86' lang='lat' dir='ltr'><strong>ad</strong></span> <span class='ocrx_word' id='word_1_533' title='bbox 3266 3672 3321 3710; x_wconf 62' lang='grc' dir='ltr'><strong>ευ</strong></span> <span class='ocrx_word' id='word_1_534' title='bbox 3346 3659 3578 3712; x_wconf 88' lang='lat' dir='ltr'><strong>turbam.</strong></span> 
     </span>
    </p>
   </div>
   <div class='ocr_carea' id='block_1_137' title="bbox 1999 3725 3580 3798">
    <p class='ocr_par' dir='ltr' id='par_1_137' title="bbox 1999 3725 3580 3798">
     <span class='ocr_line' id='line_1_137' title="bbox 1999 3725 3580 3798; baseline -0.002 -19"><span class='ocrx_word' id='word_1_535' title='bbox 1999 3725 2250 3780; x_wconf 76' lang='lat' dir='ltr'><strong>dixiteis.</strong></span> <span class='ocrx_word' id='word_1_536' title='bbox 2287 3731 2477 3783; x_wconf 84' lang='lat' dir='ltr'><strong>Audite</strong></span> <span class='ocrx_word' id='word_1_537' title='bbox 2507 3739 2553 3782; x_wconf 84' lang='lat' dir='ltr'><strong>et</strong></span> <span class='ocrx_word' id='word_1_538' title='bbox 2585 3731 2886 3798; x_wconf 71' lang='lat' dir='ltr'><strong>intelligile.</strong></span> <span class='ocrx_word' id='word_1_539' title='bbox 2925 3728 3037 3783; x_wconf 85' lang='lat' dir='ltr'><strong>Non</strong></span> <span class='ocrx_word' id='word_1_540' title='bbox 3071 3729 3210 3796; x_wconf 80' lang='lat' dir='ltr'><strong>quod</strong></span> <span class='ocrx_word' id='word_1_541' title='bbox 3252 3729 3413 3781; x_wconf 84' lang='lat' dir='ltr'><strong>intrat</strong></span> <span class='ocrx_word' id='word_1_542' title='bbox 3439 3728 3489 3798; x_wconf 85' lang='lat' dir='ltr'><strong>in</strong></span> <span class='ocrx_word' id='word_1_543' title='bbox 3519 3740 3580 3777; x_wconf 86' lang='lat' dir='ltr'><strong>os</strong></span> 
     </span>
    </p>
   </div>
   <div class='ocr_carea' id='block_1_138' title="bbox 2001 3796 3580 3867">
    <p class='ocr_par' dir='ltr' id='par_1_138' title="bbox 2001 3796 3580 3867">
     <span class='ocr_line' id='line_1_138' title="bbox 2001 3796 3580 3867; baseline -0.002 -16"><span class='ocrx_word' id='word_1_544' title='bbox 2001 3799 2082 3851; x_wconf 88' lang='lat' dir='ltr'><strong>coi</strong></span> <span class='ocrx_word' id='word_1_545' title='bbox 2111 3799 2139 3836; x_wconf 70' lang='grc' dir='ltr'><strong>ιι</strong></span> <span class='ocrx_word' id='word_1_546' title='bbox 2163 3804 2386 3866; x_wconf 85' lang='lat' dir='ltr'><strong>nquinat</strong></span> <span class='ocrx_word' id='word_1_547' title='bbox 2419 3801 2711 3854; x_wconf 72' lang='lat' dir='ltr'><strong>hominem.</strong></span> <span class='ocrx_word' id='word_1_548' title='bbox 2741 3796 2833 3853; x_wconf 72' lang='lat' dir='ltr'><strong>sed</strong></span> <span class='ocrx_word' id='word_1_549' title='bbox 2865 3799 3003 3867; x_wconf 77' lang='lat' dir='ltr'><strong>quod</strong></span> <span class='ocrx_word' id='word_1_550' title='bbox 3029 3798 3460 3867; x_wconf 57' lang='lat' dir='ltr'><strong>proceditcvnre</strong></span> <span class='ocrx_word' id='word_1_551' title='bbox 3480 3796 3580 3867; x_wconf 85' lang='lat' dir='ltr'><strong>hoc</strong></span> 
     </span>
    </p>
   </div>
   <div class='ocr_carea' id='block_1_139' title="bbox 2003 3865 3577 3932">
    <p class='ocr_par' dir='ltr' id='par_1_139' title="bbox 2003 3865 3577 3932">
     <span class='ocr_line' id='line_1_139' title="bbox 2003 3865 3577 3932; baseline 0.001 -15"><span class='ocrx_word' id='word_1_552' title='bbox 2003 3869 2086 3921; x_wconf 65' lang='grc' dir='ltr'><strong>(οἱ</strong></span> <span class='ocrx_word' id='word_1_553' title='bbox 2115 3876 2136 3901; x_wconf 70' lang='grc' dir='ltr'><strong><em>ε</em></strong></span> <span class='ocrx_word' id='word_1_554' title='bbox 2171 3865 2392 3932; x_wconf 75' lang='lat' dir='ltr'><strong>nquinat</strong></span> <span class='ocrx_word' id='word_1_555' title='bbox 2435 3871 2727 3923; x_wconf 81' lang='lat' dir='ltr'><strong>hominem.</strong></span> <span class='ocrx_word' id='word_1_556' title='bbox 2777 3865 2926 3924; x_wconf 82' lang='lat' dir='ltr'><strong>Tune</strong></span> <span class='ocrx_word' id='word_1_557' title='bbox 2965 3865 3281 3920; x_wconf 74' lang='lat' dir='ltr'><strong>accedentes</strong></span> <span class='ocrx_word' id='word_1_558' title='bbox 3331 3865 3577 3930; x_wconf 77' lang='lat' dir='ltr'><strong>discipuli</strong></span> 
     </span>
    </p>
   </div>
   <div class='ocr_carea' id='block_1_140' title="bbox 2005 3935 3579 4007">
    <p class='ocr_par' dir='ltr' id='par_1_140' title="bbox 2005 3935 3579 4007">
     <span class='ocr_line' id='line_1_140' title="bbox 2005 3935 3579 4007; baseline 0.009 -35"><span class='ocrx_word' id='word_1_559' title='bbox 2005 3939 2141 4007; x_wconf 55' lang='lat' dir='ltr'><strong>eius.</strong></span> <span class='ocrx_word' id='word_1_560' title='bbox 2190 3940 2434 3992; x_wconf 62' lang='lat' dir='ltr'><strong>dixem&quot;.</strong></span> <span class='ocrx_word' id='word_1_561' title='bbox 2475 3943 2543 3993; x_wconf 53' lang='lat' dir='ltr'><strong>ci,</strong></span> <span class='ocrx_word' id='word_1_562' title='bbox 2585 3941 2704 3994; x_wconf 68' lang='lat' dir='ltr'><strong>scis</strong></span> <span class='ocrx_word' id='word_1_563' title='bbox 2743 3946 2863 4005; x_wconf 68' lang='grc' dir='ltr'><strong>,ιιηιι</strong></span> <span class='ocrx_word' id='word_1_564' title='bbox 2902 3937 3186 4007; x_wconf 60' lang='lat' dir='ltr'><strong>pharis&#39;aei</strong></span> <span class='ocrx_word' id='word_1_565' title='bbox 3211 3935 3392 3987; x_wconf 87' lang='lat' dir='ltr'><strong>audito</strong></span> <span class='ocrx_word' id='word_1_566' title='bbox 3418 3937 3579 4007; x_wconf 62' lang='lat' dir='ltr'><strong>verbo</strong></span> 
     </span>
    </p>
   </div>
   <div class='ocr_carea' id='block_1_141' title="bbox 2007 4005 3583 4076">
    <p class='ocr_par' dir='ltr' id='par_1_141' title="bbox 2007 4005 3583 4076">
     <span class='ocr_line' id='line_1_141' title="bbox 2007 4005 3583 4076; baseline 0 -17"><span class='ocrx_word' id='word_1_567' title='bbox 2007 4005 2129 4060; x_wconf 64' lang='grc' dir='ltr'><strong>Ιίυε.</strong></span> <span class='ocrx_word' id='word_1_568' title='bbox 2171 4011 2515 4062; x_wconf 83' lang='lat' dir='ltr'><strong>scandalizati</strong></span> <span class='ocrx_word' id='word_1_569' title='bbox 2559 4021 2701 4063; x_wconf 88' lang='lat' dir='ltr'><strong>sunt.</strong></span> <span class='ocrx_word' id='word_1_570' title='bbox 2747 4012 2810 4062; x_wconf 78' lang='lat' dir='ltr'><strong>At</strong></span> <span class='ocrx_word' id='word_1_571' title='bbox 2847 4010 2933 4061; x_wconf 88' lang='lat' dir='ltr'><strong>ille</strong></span> <span class='ocrx_word' id='word_1_572' title='bbox 2963 4005 3292 4076; x_wconf 77' lang='lat' dir='ltr'><strong>respondens</strong></span> <span class='ocrx_word' id='word_1_573' title='bbox 3332 4007 3424 4058; x_wconf 89' lang='lat' dir='ltr'><strong>ait.</strong></span> <span class='ocrx_word' id='word_1_574' title='bbox 3454 4006 3583 4059; x_wconf 79' lang='lat' dir='ltr'><strong>Oni-</strong></span> 
     </span>
    </p>
   </div>
   <div class='ocr_carea' id='block_1_142' title="bbox 2005 4077 3582 4146">
    <p class='ocr_par' dir='ltr' id='par_1_142' title="bbox 2005 4077 3582 4146">
     <span class='ocr_line' id='line_1_142' title="bbox 2005 4077 3582 4146; baseline -0.001 -16"><span class='ocrx_word' id='word_1_575' title='bbox 2005 4079 2088 4130; x_wconf 59' lang='lat' dir='ltr'><strong>nis</strong></span> <span class='ocrx_word' id='word_1_576' title='bbox 2133 4079 2407 4144; x_wconf 84' lang='lat' dir='ltr'><strong>plantatin.</strong></span> <span class='ocrx_word' id='word_1_577' title='bbox 2447 4097 2604 4146; x_wconf 81' lang='lat' dir='ltr'><strong>qttam</strong></span> <span class='ocrx_word' id='word_1_578' title='bbox 2638 4095 2738 4132; x_wconf 87' lang='lat' dir='ltr'><strong>ttOn</strong></span> <span class='ocrx_word' id='word_1_579' title='bbox 2785 4078 3045 4145; x_wconf 78' lang='lat' dir='ltr'><strong>plantavit</strong></span> <span class='ocrx_word' id='word_1_580' title='bbox 3092 4077 3248 4129; x_wconf 78' lang='lat' dir='ltr'><strong>Pater</strong></span> <span class='ocrx_word' id='word_1_581' title='bbox 3282 4092 3432 4129; x_wconf 91' lang='lat' dir='ltr'><strong>mens</strong></span> <span class='ocrx_word' id='word_1_582' title='bbox 3461 4091 3582 4130; x_wconf 82' lang='lat' dir='ltr'><strong>cac-</strong></span> 
     </span>
    </p>
   </div>
   <div class='ocr_carea' id='block_1_143' title="bbox 2005 4146 3580 4202">
    <p class='ocr_par' dir='ltr' id='par_1_143' title="bbox 2005 4146 3580 4202">
     <span class='ocr_line' id='line_1_143' title="bbox 2005 4146 3580 4202; baseline 0 -3"><span class='ocrx_word' id='word_1_583' title='bbox 2005 4146 2175 4199; x_wconf 85' lang='lat' dir='ltr'><strong>lestis.</strong></span> <span class='ocrx_word' id='word_1_584' title='bbox 2226 4149 2605 4201; x_wconf 84' lang='lat' dir='ltr'><strong>eradicabitur.</strong></span> <span class='ocrx_word' id='word_1_585' title='bbox 2641 4150 2810 4201; x_wconf 61' lang='lat' dir='ltr'><strong>Sinite</strong></span> <span class='ocrx_word' id='word_1_586' title='bbox 2860 4148 3002 4200; x_wconf 83' lang='lat' dir='ltr'><strong>illos.</strong></span> <span class='ocrx_word' id='word_1_587' title='bbox 3055 4148 3200 4200; x_wconf 80' lang='lat' dir='ltr'><strong>Caeci</strong></span> <span class='ocrx_word' id='word_1_588' title='bbox 3246 4157 3372 4200; x_wconf 91' lang='lat' dir='ltr'><strong>sunt</strong></span> <span class='ocrx_word' id='word_1_589' title='bbox 3413 4148 3580 4202; x_wconf 88' lang='lat' dir='ltr'><strong>duces</strong></span> 
     </span>
    </p>
   </div>
   <div class='ocr_carea' id='block_1_144' title="bbox 2002 4217 3582 4284">
    <p class='ocr_par' dir='ltr' id='par_1_144' title="bbox 2002 4217 3582 4284">
     <span class='ocr_line' id='line_1_144' title="bbox 2002 4217 3582 4284; baseline 0.003 -18"><span class='ocrx_word' id='word_1_590' title='bbox 2002 4229 2305 4268; x_wconf 84' lang='lat' dir='ltr'><strong>caecorum.</strong></span> <span class='ocrx_word' id='word_1_591' title='bbox 2352 4231 2542 4271; x_wconf 80' lang='lat' dir='ltr'><strong>caecus</strong></span> <span class='ocrx_word' id='word_1_592' title='bbox 2579 4233 2754 4271; x_wconf 80' lang='lat' dir='ltr'><strong>atlletn</strong></span> <span class='ocrx_word' id='word_1_593' title='bbox 2782 4217 2826 4271; x_wconf 90' lang='lat' dir='ltr'><strong>si</strong></span> <span class='ocrx_word' id='word_1_594' title='bbox 2866 4232 3026 4271; x_wconf 88' lang='lat' dir='ltr'><strong>caeco</strong></span> <span class='ocrx_word' id='word_1_595' title='bbox 3049 4218 3296 4271; x_wconf 90' lang='lat' dir='ltr'><strong>ducatum</strong></span> <span class='ocrx_word' id='word_1_596' title='bbox 3348 4228 3582 4284; x_wconf 77' lang='lat' dir='ltr'><strong>praestet</strong></span> 
     </span>
    </p>
   </div>
   <div class='ocr_carea' id='block_1_145' title="bbox 2003 4285 3582 4350">
    <p class='ocr_par' dir='ltr' id='par_1_145' title="bbox 2003 4285 3582 4350">
     <span class='ocr_line' id='line_1_145' title="bbox 2003 4285 3582 4350; baseline 0.004 -14"><span class='ocrx_word' id='word_1_597' title='bbox 2003 4290 2160 4337; x_wconf 87' lang='lat' dir='ltr'><strong>ambo</strong></span> <span class='ocrx_word' id='word_1_598' title='bbox 2209 4287 2257 4338; x_wconf 92' lang='lat' dir='ltr'><strong>in</strong></span> <span class='ocrx_word' id='word_1_599' title='bbox 2295 4285 2497 4340; x_wconf 82' lang='lat' dir='ltr'><strong>foveant</strong></span> <span class='ocrx_word' id='word_1_600' title='bbox 2545 4289 2758 4341; x_wconf 87' lang='lat' dir='ltr'><strong>cadunt.</strong></span> <span class='ocrx_word' id='word_1_601' title='bbox 2810 4287 3156 4350; x_wconf 71' lang='lat' dir='ltr'><strong>Respondens</strong></span> <span class='ocrx_word' id='word_1_602' title='bbox 3181 4297 3357 4342; x_wconf 86' lang='lat' dir='ltr'><strong>autem</strong></span> <span class='ocrx_word' id='word_1_603' title='bbox 3391 4289 3582 4343; x_wconf 83' lang='lat' dir='ltr'><strong>Petrus</strong></span> 
     </span>
    </p>
   </div>
   <div class='ocr_carea' id='block_1_146' title="bbox 1997 4356 3576 4426">
    <p class='ocr_par' dir='ltr' id='par_1_146' title="bbox 1997 4356 3576 4426">
     <span class='ocr_line' id='line_1_146' title="bbox 1997 4356 3576 4426; baseline 0.002 -17"><span class='ocrx_word' id='word_1_604' title='bbox 1997 4357 2124 4409; x_wconf 78' lang='lat' dir='ltr'><strong>dixit</strong></span> <span class='ocrx_word' id='word_1_605' title='bbox 2153 4356 2200 4410; x_wconf 87' lang='lat' dir='ltr'><strong>ei</strong></span> <span class='ocrx_word' id='word_1_606' title='bbox 2235 4356 2482 4412; x_wconf 66' lang='lat' dir='ltr'><strong>EdiSserc</strong></span> <span class='ocrx_word' id='word_1_607' title='bbox 2510 4359 2662 4411; x_wconf 82' lang='lat' dir='ltr'><strong>nobis</strong></span> <span class='ocrx_word' id='word_1_608' title='bbox 2693 4359 2998 4426; x_wconf 82' lang='lat' dir='ltr'><strong>parabolam</strong></span> <span class='ocrx_word' id='word_1_609' title='bbox 3027 4359 3200 4413; x_wconf 87' lang='lat' dir='ltr'><strong>istam.</strong></span> <span class='ocrx_word' id='word_1_610' title='bbox 3223 4358 3377 4413; x_wconf 73' lang='lat' dir='ltr'><strong>Je~us</strong></span> <span class='ocrx_word' id='word_1_611' title='bbox 3401 4374 3576 4412; x_wconf 62' lang='lat' dir='ltr'><strong>autem</strong></span> 
     </span>
    </p>
   </div>
   <div class='ocr_carea' id='block_1_147' title="bbox 1996 4426 3582 4496">
    <p class='ocr_par' dir='ltr' id='par_1_147' title="bbox 1996 4426 3582 4496">
     <span class='ocr_line' id='line_1_147' title="bbox 1996 4426 3582 4496; baseline 0.001 -16"><span class='ocrx_word' id='word_1_612' title='bbox 1996 4426 2128 4480; x_wconf 77' lang='lat' dir='ltr'><strong>dixit</strong></span> <span class='ocrx_word' id='word_1_613' title='bbox 2150 4427 2358 4482; x_wconf 80' lang='lat' dir='ltr'><strong>.Adhuc</strong></span> <span class='ocrx_word' id='word_1_614' title='bbox 2387 4433 2634 4484; x_wconf 83' lang='lat' dir='ltr'><strong>vos.sinc</strong></span> <span class='ocrx_word' id='word_1_615' title='bbox 2664 4431 2936 4484; x_wconf 81' lang='lat' dir='ltr'><strong>intellectu</strong></span> <span class='ocrx_word' id='word_1_616' title='bbox 2962 4431 3111 4484; x_wconf 76' lang='lat' dir='ltr'><strong>csds.</strong></span> <span class='ocrx_word' id='word_1_617' title='bbox 3147 4429 3260 4482; x_wconf 82' lang='lat' dir='ltr'><strong>Non</strong></span> <span class='ocrx_word' id='word_1_618' title='bbox 3286 4429 3582 4496; x_wconf 69' lang='lat' dir='ltr'><strong>intelligitis</strong></span> 
     </span>
    </p>
   </div>
   <div class='ocr_carea' id='block_1_148' title="bbox 1997 4499 3578 4569">
    <p class='ocr_par' dir='ltr' id='par_1_148' title="bbox 1997 4499 3578 4569">
     <span class='ocr_line' id='line_1_148' title="bbox 1997 4499 3578 4569; baseline 0.003 -22"><span class='ocrx_word' id='word_1_619' title='bbox 1997 4499 2119 4566; x_wconf 84' lang='lat' dir='ltr'><strong>quia</strong></span> <span class='ocrx_word' id='word_1_620' title='bbox 2178 4515 2338 4553; x_wconf 83' lang='lat' dir='ltr'><strong>omne</strong></span> <span class='ocrx_word' id='word_1_621' title='bbox 2389 4503 2528 4569; x_wconf 80' lang='lat' dir='ltr'><strong>quod</strong></span> <span class='ocrx_word' id='word_1_622' title='bbox 2552 4501 2602 4553; x_wconf 88' lang='lat' dir='ltr'><strong>in</strong></span> <span class='ocrx_word' id='word_1_623' title='bbox 2627 4517 2686 4553; x_wconf 60' lang='grc' dir='ltr'>οδ</span> <span class='ocrx_word' id='word_1_624' title='bbox 2714 4504 2875 4554; x_wconf 82' lang='lat' dir='ltr'><strong>intrat</strong></span> <span class='ocrx_word' id='word_1_625' title='bbox 2907 4503 2956 4553; x_wconf 90' lang='lat' dir='ltr'><strong>itt</strong></span> <span class='ocrx_word' id='word_1_626' title='bbox 2983 4512 3221 4553; x_wconf 71' lang='lat' dir='ltr'><strong>ventrem</strong></span> <span class='ocrx_word' id='word_1_627' title='bbox 3248 4499 3407 4553; x_wconf 76' lang='lat' dir='ltr'><strong>Vadit.</strong></span> <span class='ocrx_word' id='word_1_628' title='bbox 3438 4511 3490 4552; x_wconf 83' lang='lat' dir='ltr'><strong>et</strong></span> <span class='ocrx_word' id='word_1_629' title='bbox 3527 4503 3578 4552; x_wconf 87' lang='lat' dir='ltr'><strong>in</strong></span> 
     </span>
    </p>
   </div>
   <div class='ocr_carea' id='block_1_149' title="bbox 1998 4569 3578 4638">
    <p class='ocr_par' dir='ltr' id='par_1_149' title="bbox 1998 4569 3578 4638">
     <span class='ocr_line' id='line_1_149' title="bbox 1998 4569 3578 4638; baseline 0.002 -18"><span class='ocrx_word' id='word_1_630' title='bbox 1998 4583 2271 4623; x_wconf 83' lang='lat' dir='ltr'><strong>secessum</strong></span> <span class='ocrx_word' id='word_1_631' title='bbox 2301 4575 2586 4625; x_wconf 84' lang='lat' dir='ltr'><strong>emittitur.</strong></span> <span class='ocrx_word' id='word_1_632' title='bbox 2611 4577 2740 4637; x_wconf 66' lang='lat' dir='ltr'><strong>Qum</strong></span> <span class='ocrx_word' id='word_1_633' title='bbox 2768 4581 2945 4633; x_wconf 90' lang='lat' dir='ltr'><strong>autem</strong></span> <span class='ocrx_word' id='word_1_634' title='bbox 2971 4573 3348 4638; x_wconf 77' lang='lat' dir='ltr'><strong>proceduntex</strong></span> <span class='ocrx_word' id='word_1_635' title='bbox 3389 4584 3482 4622; x_wconf 81' lang='lat' dir='ltr'><strong>ore</strong></span> <span class='ocrx_word' id='word_1_636' title='bbox 3511 4569 3578 4623; x_wconf 93' lang='lat' dir='ltr'><strong>de</strong></span> 
     </span>
    </p>
   </div>
   <div class='ocr_carea' id='block_1_150' title="bbox 1997 4641 3123 4710">
    <p class='ocr_par' dir='ltr' id='par_1_150' title="bbox 1997 4641 3123 4710">
     <span class='ocr_line' id='line_1_150' title="bbox 1997 4641 3123 4710; baseline 0 -16"><span class='ocrx_word' id='word_1_637' title='bbox 1997 4641 2162 4694; x_wconf 85' lang='lat' dir='ltr'><strong>corde</strong></span> <span class='ocrx_word' id='word_1_638' title='bbox 2187 4653 2403 4696; x_wconf 82' lang='lat' dir='ltr'><strong>exeunt.</strong></span> <span class='ocrx_word' id='word_1_639' title='bbox 2442 4643 2508 4696; x_wconf 79' lang='lat' dir='ltr'><strong>Et</strong></span> <span class='ocrx_word' id='word_1_640' title='bbox 2541 4644 2627 4696; x_wconf 90' lang='lat' dir='ltr'><strong>illa</strong></span> <span class='ocrx_word' id='word_1_641' title='bbox 2656 4644 2738 4697; x_wconf 89' lang='lat' dir='ltr'><strong>eoi</strong></span> <span class='ocrx_word' id='word_1_642' title='bbox 2773 4654 2793 4680; x_wconf 70' lang='grc' dir='ltr'>ε</span> <span class='ocrx_word' id='word_1_643' title='bbox 2839 4643 3123 4710; x_wconf 85' lang='lat' dir='ltr'><strong>inquinant</strong></span> 
     </span>
    </p>
   </div>
   <div class='ocr_carea' id='block_1_151' title="bbox 987 4788 2899 4887">
    <p class='ocr_par' dir='ltr' id='par_1_151' title="bbox 987 4788 2899 4887">
     <span class='ocr_line' id='line_1_151' title="bbox 987 4788 2899 4887; baseline -0.003 -3"><span class='ocrx_word' id='word_1_644' title='bbox 987 4827 1383 4885; x_wconf 45' lang='lat' dir='ltr'><strong>vitaturus</strong></span> <span class='ocrx_word' id='word_1_645' title='bbox 1423 4825 1803 4885; x_wconf 82' lang='lat' dir='ltr'><strong>LECTIONES</strong></span> <span class='ocrx_word' id='word_1_646' title='bbox 1839 4828 2108 4886; x_wconf 87' lang='lat' dir='ltr'><strong>CODlClS</strong></span> <span class='ocrx_word' id='word_1_647' title='bbox 2145 4788 2255 4887; x_wconf 79' lang='lat' dir='ltr'><strong>Ms.</strong></span> <span class='ocrx_word' id='word_1_648' title='bbox 2298 4830 2353 4886; x_wconf 91' lang='lat' dir='ltr'><strong>s.</strong></span> <span class='ocrx_word' id='word_1_649' title='bbox 2395 4826 2899 4883; x_wconf 64' lang='lat' dir='ltr'><strong>cenumnnsm.</strong></span> 
     </span>
    </p>
   </div>
   <div class='ocr_carea' id='block_1_152' title="bbox 385 4914 978 4982">
    <p class='ocr_par' dir='ltr' id='par_1_152' title="bbox 385 4914 978 4982">
     <span class='ocr_line' id='line_1_152' title="bbox 385 4914 978 4982; baseline 0 0"><span class='ocrx_word' id='word_1_650' title='bbox 385 4914 403 4982; x_wconf 69' lang='grc' dir='ltr'>ἱ</span> <span class='ocrx_word' id='word_1_651' title='bbox 436 4916 978 4982; x_wconf 54' lang='grc' dir='ltr'><strong>Ἀθειτξιη-,Ηῖροστίιεθ</strong></span> 
     </span>
    </p>
   </div>
   <div class='ocr_carea' id='block_1_153' title="bbox 383 4973 1104 5034">
    <p class='ocr_par' dir='ltr' id='par_1_153' title="bbox 383 4973 1104 5034">
     <span class='ocr_line' id='line_1_153' title="bbox 383 4973 1104 5034; baseline 0.01 -13"><span class='ocrx_word' id='word_1_652' title='bbox 383 4975 404 5004; x_wconf 75' lang='grc'>¹</span> <span class='ocrx_word' id='word_1_653' title='bbox 437 4973 650 5034; x_wconf 73' lang='grc' dir='ltr'><strong>Ρομυιυε</strong></span> <span class='ocrx_word' id='word_1_654' title='bbox 671 4973 808 5030; x_wconf 38' lang='lat' dir='ltr'><strong>hic?“</strong></span> <span class='ocrx_word' id='word_1_655' title='bbox 833 4995 916 5031; x_wconf 90' lang='lat' dir='ltr'><strong>cor</strong></span> <span class='ocrx_word' id='word_1_656' title='bbox 941 4989 1104 5032; x_wconf 82' lang='lat' dir='ltr'><strong>autent</strong></span> 
     </span>
    </p>
   </div>
   <div class='ocr_carea' id='block_1_154' title="bbox 386 5034 679 5088">
    <p class='ocr_par' dir='ltr' id='par_1_154' title="bbox 386 5034 679 5088">
     <span class='ocr_line' id='line_1_154' title="bbox 386 5034 679 5088; baseline 0.014 -6"><span class='ocrx_word' id='word_1_657' title='bbox 386 5034 406 5063; x_wconf 82' lang='grc'>³</span> <span class='ocrx_word' id='word_1_658' title='bbox 434 5036 679 5088; x_wconf 83' lang='lat' dir='ltr'><strong>doctrinas</strong></span> 
     </span>
    </p>
   </div>
   <div class='ocr_carea' id='block_1_155' title="bbox 387 5097 510 5145">
    <p class='ocr_par' dir='ltr' id='par_1_155' title="bbox 387 5097 510 5145">
     <span class='ocr_line' id='line_1_155' title="bbox 387 5097 510 5145; baseline 0.008 -1"><span class='ocrx_word' id='word_1_659' title='bbox 387 5097 407 5124; x_wconf 64' lang='grc'>⁸</span> <span class='ocrx_word' id='word_1_660' title='bbox 438 5099 510 5145; x_wconf 88' lang='lat' dir='ltr'><strong>eis</strong></span> 
     </span>
    </p>
   </div>
   <div class='ocr_carea' id='block_1_156' title="bbox 383 5157 526 5208">
    <p class='ocr_par' dir='ltr' id='par_1_156' title="bbox 383 5157 526 5208">
     <span class='ocr_line' id='line_1_156' title="bbox 383 5157 526 5208; baseline 0.014 -2"><span class='ocrx_word' id='word_1_661' title='bbox 383 5157 526 5208; x_wconf 65' lang='lat' dir='ltr'><strong>“hoc</strong></span> 
     </span>
    </p>
   </div>
   <div class='ocr_carea' id='block_1_157' title="bbox 388 5220 1061 5278">
    <p class='ocr_par' dir='ltr' id='par_1_157' title="bbox 388 5220 1061 5278">
     <span class='ocr_line' id='line_1_157' title="bbox 388 5220 1061 5278; baseline 0.013 -11"><span class='ocrx_word' id='word_1_662' title='bbox 388 5220 406 5248; x_wconf 81' lang='grc'>⁶</span> <span class='ocrx_word' id='word_1_663' title='bbox 438 5221 732 5274; x_wconf 88' lang='lat' dir='ltr'><strong>accedentes</strong></span> <span class='ocrx_word' id='word_1_664' title='bbox 754 5224 990 5278; x_wconf 77' lang='lat' dir='ltr'><strong>dixerunt</strong></span> <span class='ocrx_word' id='word_1_665' title='bbox 1014 5231 1061 5278; x_wconf 85' lang='lat' dir='ltr'><strong>ei</strong></span> 
     </span>
    </p>
   </div>
   <div class='ocr_carea' id='block_1_158' title="bbox 387 5282 704 5334">
    <p class='ocr_par' dir='ltr' id='par_1_158' title="bbox 387 5282 704 5334">
     <span class='ocr_line' id='line_1_158' title="bbox 387 5282 704 5334; baseline 0.009 -3"><span class='ocrx_word' id='word_1_666' title='bbox 387 5282 405 5312; x_wconf 78' lang='grc'>⁷</span> <span class='ocrx_word' id='word_1_667' title='bbox 441 5283 529 5334; x_wconf 84' lang='lat' dir='ltr'><strong>hoc</strong></span> <span class='ocrx_word' id='word_1_668' title='bbox 554 5285 704 5334; x_wconf 81' lang='lat' dir='ltr'><strong>verbo</strong></span> 
     </span>
    </p>
   </div>
   <div class='ocr_carea' id='block_1_159' title="bbox 2071 4925 2266 4972">
    <p class='ocr_par' dir='ltr' id='par_1_159' title="bbox 2071 4925 2266 4972">
     <span class='ocr_line' id='line_1_159' title="bbox 2071 4925 2266 4972; baseline 0 -1"><span class='ocrx_word' id='word_1_669' title='bbox 2071 4925 2093 4953; x_wconf 78' lang='grc'>⁸</span> <span class='ocrx_word' id='word_1_670' title='bbox 2125 4935 2266 4972; x_wconf 87' lang='lat' dir='ltr'><strong>meus</strong></span> 
     </span>
    </p>
   </div>
   <div class='ocr_carea' id='block_1_160' title="bbox 2070 4981 3596 5043">
    <p class='ocr_par' dir='ltr' id='par_1_160' title="bbox 2070 4981 3596 5043">
     <span class='ocr_line' id='line_1_160' title="bbox 2070 4981 3596 5043; baseline -0.002 -11"><span class='ocrx_word' id='word_1_671' title='bbox 2070 4986 2090 5014; x_wconf 73' lang='grc'><strong>³</strong></span> <span class='ocrx_word' id='word_1_672' title='bbox 2125 4987 2351 5032; x_wconf 88' lang='lat' dir='ltr'><strong>ducatum</strong></span> <span class='ocrx_word' id='word_1_673' title='bbox 2369 4983 2620 5043; x_wconf 85' lang='lat' dir='ltr'><strong>praebeat,</strong></span> <span class='ocrx_word' id='word_1_674' title='bbox 2644 4982 2846 5031; x_wconf 88' lang='lat' dir='ltr'><strong>ambo...</strong></span> <span class='ocrx_word' id='word_1_675' title='bbox 2863 4981 3040 5032; x_wconf 88' lang='lat' dir='ltr'><strong>cadent</strong></span> <span class='ocrx_word' id='word_1_676' title='bbox 3582 5014 3596 5029; x_wconf 90' lang='lat'><strong>.</strong></span> 
     </span>
    </p>
   </div>
   <div class='ocr_carea' id='block_1_161' title="bbox 2072 5043 3581 5105">
    <p class='ocr_par' dir='ltr' id='par_1_161' title="bbox 2072 5043 3581 5105">
     <span class='ocr_line' id='line_1_161' title="bbox 2072 5043 3581 5105; baseline -0.002 -12"><span class='ocrx_word' id='word_1_677' title='bbox 2072 5045 2115 5076; x_wconf 79' lang='grc' dir='ltr'><strong>ίο</strong></span> <span class='ocrx_word' id='word_1_678' title='bbox 2153 5047 2198 5094; x_wconf 92' lang='lat' dir='ltr'><strong>ei</strong></span> <span class='ocrx_word' id='word_1_679' title='bbox 2223 5043 2403 5093; x_wconf 82' lang='lat' dir='ltr'><strong>:Narra</strong></span> <span class='ocrx_word' id='word_1_680' title='bbox 2425 5044 2563 5092; x_wconf 88' lang='lat' dir='ltr'><strong>nobis</strong></span> <span class='ocrx_word' id='word_1_681' title='bbox 2585 5044 2858 5105; x_wconf 81' lang='lat' dir='ltr'><strong>parabolam</strong></span> <span class='ocrx_word' id='word_1_682' title='bbox 2893 5043 3050 5094; x_wconf 89' lang='lat' dir='ltr'><strong>istam.</strong></span> <span class='ocrx_word' id='word_1_683' title='bbox 3067 5044 3131 5094; x_wconf 75' lang='lat' dir='ltr'><strong>At</strong></span> <span class='ocrx_word' id='word_1_684' title='bbox 3157 5043 3238 5094; x_wconf 90' lang='lat' dir='ltr'><strong>ille</strong></span> <span class='ocrx_word' id='word_1_685' title='bbox 3270 5043 3452 5092; x_wconf 75' lang='lat' dir='ltr'><strong>dixit...</strong></span> <span class='ocrx_word' id='word_1_686' title='bbox 3474 5044 3581 5090; x_wconf 74' lang='lat' dir='ltr'><strong>sine</strong></span> 
     </span>
    </p>
   </div>
   <div class='ocr_carea' id='block_1_162' title="bbox 2008 5105 2832 5156">
    <p class='ocr_par' dir='ltr' id='par_1_162' title="bbox 2008 5105 2832 5156">
     <span class='ocr_line' id='line_1_162' title="bbox 2008 5105 2832 5156; baseline -0.002 -1"><span class='ocrx_word' id='word_1_687' title='bbox 2008 5106 2258 5155; x_wconf 85' lang='lat' dir='ltr'><strong>intellectu</strong></span> <span class='ocrx_word' id='word_1_688' title='bbox 2283 5105 2441 5156; x_wconf 81' lang='lat' dir='ltr'><strong>estis?</strong></span> <span class='ocrx_word' id='word_1_689' title='bbox 2829 5119 2832 5122; x_wconf 66' lang='grc'><strong>’</strong></span> 
     </span>
    </p>
   </div>
   <div class='ocr_carea' id='block_1_163' title="bbox 2073 5168 2734 5216">
    <p class='ocr_par' dir='ltr' id='par_1_163' title="bbox 2073 5168 2734 5216">
     <span class='ocr_line' id='line_1_163' title="bbox 2073 5168 2734 5216; baseline 0.002 -1"><span class='ocrx_word' id='word_1_690' title='bbox 2073 5169 2114 5198; x_wconf 81' lang='grc'>¹¹</span> <span class='ocrx_word' id='word_1_691' title='bbox 2153 5168 2202 5215; x_wconf 89' lang='lat' dir='ltr'><strong>in</strong></span> <span class='ocrx_word' id='word_1_692' title='bbox 2224 5179 2472 5216; x_wconf 83' lang='lat' dir='ltr'><strong>secessum</strong></span> <span class='ocrx_word' id='word_1_693' title='bbox 2494 5168 2734 5216; x_wconf 81' lang='lat' dir='ltr'><strong>emittitur</strong></span> 
     </span>
    </p>
   </div>
   <div class='ocr_carea' id='block_1_164' title="bbox 2074 5228 3246 5292">
    <p class='ocr_par' dir='ltr' id='par_1_164' title="bbox 2074 5228 3246 5292">
     <span class='ocr_line' id='line_1_164' title="bbox 2074 5228 3246 5292; baseline -0.003 -12"><span class='ocrx_word' id='word_1_694' title='bbox 2074 5230 2118 5260; x_wconf 80' lang='lat'><strong>&quot;</strong></span> <span class='ocrx_word' id='word_1_695' title='bbox 2152 5228 2482 5292; x_wconf 87' lang='lat' dir='ltr'><strong>procedunt...</strong></span> <span class='ocrx_word' id='word_1_696' title='bbox 2507 5238 2714 5292; x_wconf 81' lang='lat' dir='ltr'><strong>exeunt,</strong></span> <span class='ocrx_word' id='word_1_697' title='bbox 2736 5239 2787 5280; x_wconf 93' lang='lat' dir='ltr'><strong>et</strong></span> <span class='ocrx_word' id='word_1_698' title='bbox 2813 5233 2913 5292; x_wconf 83' lang='lat' dir='ltr'><strong>ipsa</strong></span> <span class='ocrx_word' id='word_1_699' title='bbox 2937 5231 3246 5292; x_wconf 79' lang='lat' dir='ltr'><strong>coinquinant</strong></span> 
     </span>
    </p>
   </div>
   <div class='ocr_carea' id='block_1_165' title="bbox 1631 5351 2266 5411">
    <p class='ocr_par' dir='ltr' id='par_1_165' title="bbox 1631 5351 2266 5411">
     <span class='ocr_line' id='line_1_165' title="bbox 1631 5351 2266 5411; baseline 0.008 -4"><span class='ocrx_word' id='word_1_700' title='bbox 1631 5351 1993 5408; x_wconf 82' lang='lat' dir='ltr'><strong>BLANCIIINI</strong></span> <span class='ocrx_word' id='word_1_701' title='bbox 2031 5353 2266 5411; x_wconf 71' lang='grc' dir='ltr'><strong>ΝΟΤᾸΕ.</strong></span> 
     </span>
    </p>
   </div>
   <div class='ocr_carea' id='block_1_166' title="bbox 399 5441 3389 5521">
    <p class='ocr_par' dir='ltr' id='par_1_166' title="bbox 399 5441 3389 5521">
     <span class='ocr_line' id='line_1_166' title="bbox 399 5441 3389 5521; baseline 0.001 -23"><span class='ocrx_word' id='word_1_702' title='bbox 399 5450 422 5478; x_wconf 74' lang='grc' dir='ltr'><strong>τι</strong></span> <span class='ocrx_word' id='word_1_703' title='bbox 455 5441 531 5498; x_wconf 79' lang='lat' dir='ltr'><strong>Ex</strong></span> <span class='ocrx_word' id='word_1_704' title='bbox 564 5443 1002 5521; x_wconf 71' lang='lat' dir='ltr'><strong>ejusdemMarci</strong></span> <span class='ocrx_word' id='word_1_705' title='bbox 1034 5447 1489 5521; x_wconf 32' lang='lat' dir='ltr'><strong>septimo‘capite,</strong></span> <span class='ocrx_word' id='word_1_706' title='bbox 1521 5462 1664 5503; x_wconf 77' lang='lat' dir='ltr'><strong>vers.</strong></span> <span class='ocrx_word' id='word_1_707' title='bbox 1703 5447 1789 5506; x_wconf 78' lang='lat' dir='ltr'><strong>l3.</strong></span> <span class='ocrx_word' id='word_1_708' title='bbox 1817 5445 1912 5500; x_wconf 85' lang='lat' dir='ltr'><strong>de-</strong></span> <span class='ocrx_word' id='word_1_709' title='bbox 2025 5461 2163 5513; x_wconf 81' lang='lat' dir='ltr'><strong>tore,</strong></span> <span class='ocrx_word' id='word_1_710' title='bbox 2198 5453 2321 5506; x_wconf 77' lang='lat' dir='ltr'><strong>licet</strong></span> <span class='ocrx_word' id='word_1_711' title='bbox 2344 5461 2622 5521; x_wconf 86' lang='lat' dir='ltr'><strong>appareat,</strong></span> <span class='ocrx_word' id='word_1_712' title='bbox 2648 5452 2802 5506; x_wconf 88' lang='lat' dir='ltr'><strong>sicuti</strong></span> <span class='ocrx_word' id='word_1_713' title='bbox 2825 5460 2881 5506; x_wconf 89' lang='lat' dir='ltr'><strong>et</strong></span> <span class='ocrx_word' id='word_1_714' title='bbox 2905 5453 2956 5506; x_wconf 89' lang='lat' dir='ltr'><strong>in</strong></span> <span class='ocrx_word' id='word_1_715' title='bbox 2986 5450 3229 5520; x_wconf 90' lang='lat' dir='ltr'><strong>sequenti</strong></span> <span class='ocrx_word' id='word_1_716' title='bbox 3253 5448 3389 5502; x_wconf 89' lang='lat' dir='ltr'><strong>loco.</strong></span> 
     </span>
    </p>
   </div>
   <div class='ocr_carea' id='block_1_167' title="bbox 329 5515 2848 5582">
    <p class='ocr_par' dir='ltr' id='par_1_167' title="bbox 329 5515 2848 5582">
     <span class='ocr_line' id='line_1_167' title="bbox 329 5515 2848 5582; baseline 0.005 -18"><span class='ocrx_word' id='word_1_717' title='bbox 329 5522 536 5582; x_wconf 80' lang='lat' dir='ltr'><strong>sumpta</strong></span> <span class='ocrx_word' id='word_1_718' title='bbox 567 5523 692 5570; x_wconf 84' lang='lat' dir='ltr'><strong>sunt</strong></span> <span class='ocrx_word' id='word_1_719' title='bbox 717 5516 874 5570; x_wconf 87' lang='lat' dir='ltr'><strong>verba</strong></span> <span class='ocrx_word' id='word_1_720' title='bbox 903 5515 1088 5568; x_wconf 64' lang='lat' dir='ltr'><strong>isthmc</strong></span> <span class='ocrx_word' id='word_1_721' title='bbox 1117 5531 1221 5571; x_wconf 91' lang='lat' dir='ltr'><strong>ms.</strong></span> <span class='ocrx_word' id='word_1_722' title='bbox 1254 5518 1619 5572; x_wconf 69' lang='lat' dir='ltr'><strong>Corbeii-nsis.</strong></span> <span class='ocrx_word' id='word_1_723' title='bbox 2084 5533 2104 5557; x_wconf 71' lang='grc' dir='ltr'><strong>τ’</strong></span> <span class='ocrx_word' id='word_1_724' title='bbox 2135 5521 2342 5577; x_wconf 83' lang='lat' dir='ltr'><strong>Rursus</strong></span> <span class='ocrx_word' id='word_1_725' title='bbox 2365 5515 2556 5577; x_wconf 73' lang='lat' dir='ltr'><strong>abrasa</strong></span> <span class='ocrx_word' id='word_1_726' title='bbox 2593 5515 2780 5578; x_wconf 79' lang='lat' dir='ltr'><strong>vocula</strong></span> <span class='ocrx_word' id='word_1_727' title='bbox 2810 5525 2848 5576; x_wconf 74' lang='grc' dir='ltr'><strong>ἱ.</strong></span> 
     </span>
    </p>
   </div>
   <div class='ocr_carea' id='block_1_168' title="bbox 397 5581 1908 5655">
    <p class='ocr_par' dir='ltr' id='par_1_168' title="bbox 397 5581 1908 5655">
     <span class='ocr_line' id='line_1_168' title="bbox 397 5581 1908 5655; baseline 0.007 -22"><span class='ocrx_word' id='word_1_728' title='bbox 397 5581 424 5619; x_wconf 74' lang='grc' dir='ltr'><strong>ιι</strong></span> <span class='ocrx_word' id='word_1_729' title='bbox 456 5581 639 5640; x_wconf 85' lang='lat' dir='ltr'><strong>vocula</strong></span> <span class='ocrx_word' id='word_1_730' title='bbox 689 5588 706 5640; x_wconf 85' lang='lat' dir='ltr'><strong>i</strong></span> <span class='ocrx_word' id='word_1_731' title='bbox 771 5588 820 5640; x_wconf 92' lang='lat' dir='ltr'><strong>in</strong></span> <span class='ocrx_word' id='word_1_732' title='bbox 870 5586 1190 5655; x_wconf 82' lang='lat' dir='ltr'><strong>coinquinat,</strong></span> <span class='ocrx_word' id='word_1_733' title='bbox 1253 5591 1444 5642; x_wconf 84' lang='lat' dir='ltr'><strong>abrasa</strong></span> <span class='ocrx_word' id='word_1_734' title='bbox 1487 5601 1569 5644; x_wconf 88' lang='lat' dir='ltr'><strong>est</strong></span> <span class='ocrx_word' id='word_1_735' title='bbox 1608 5604 1637 5642; x_wconf 90' lang='lat' dir='ltr'><strong>a</strong></span> <span class='ocrx_word' id='word_1_736' title='bbox 1685 5587 1908 5643; x_wconf 86' lang='lat' dir='ltr'><strong>Correc-</strong></span> 
     </span>
    </p>
   </div>
   <div class='ocr_carea' id='block_1_169' title="bbox 368 5674 3586 5803">
    <p class='ocr_par' dir='ltr' id='par_1_169' title="bbox 368 5674 3586 5803">
     <span class='ocr_line' id='line_1_169' title="bbox 368 5674 3586 5803; baseline 0 -74"><span class='ocrx_word' id='word_1_737' title='bbox 368 5677 477 5758; x_wconf 41' lang='lat' dir='ltr'><strong>.(a)</strong></span> <span class='ocrx_word' id='word_1_738' title='bbox 515 5678 596 5803; x_wconf 53' lang='grc' dir='ltr'><strong>ξω</strong></span> <span class='ocrx_word' id='word_1_739' title='bbox 638 5689 695 5734; x_wconf 90' lang='lat' dir='ltr'><strong>et</strong></span> <span class='ocrx_word' id='word_1_740' title='bbox 731 5690 905 5738; x_wconf 76' lang='lat' dir='ltr'><strong>textus</strong></span> <span class='ocrx_word' id='word_1_741' title='bbox 927 5680 1146 5736; x_wconf 68' lang='lat' dir='ltr'><strong>Grawus</strong></span> <span class='ocrx_word' id='word_1_742' title='bbox 1167 5682 1396 5750; x_wconf 79' lang='grc' dir='ltr'><strong>Ἠσαίας,</strong></span> <span class='ocrx_word' id='word_1_743' title='bbox 1425 5699 1488 5738; x_wconf 78' lang='lat' dir='ltr'><strong>ex</strong></span> <span class='ocrx_word' id='word_1_744' title='bbox 1511 5682 1820 5738; x_wconf 85' lang='lat' dir='ltr'><strong>Latinorum</strong></span> <span class='ocrx_word' id='word_1_745' title='bbox 1865 5680 2257 5740; x_wconf 86' lang='lat' dir='ltr'><strong>consuetudine</strong></span> <span class='ocrx_word' id='word_1_746' title='bbox 2297 5680 2545 5737; x_wconf 84' lang='lat' dir='ltr'><strong>vertendi</strong></span> <span class='ocrx_word' id='word_1_747' title='bbox 2574 5691 2608 5734; x_wconf 80' lang='lat' dir='ltr'><strong>tt</strong></span> <span class='ocrx_word' id='word_1_748' title='bbox 2651 5679 2890 5750; x_wconf 48' lang='lat' dir='ltr'><strong>Gra‘cum</strong></span> <span class='ocrx_word' id='word_1_749' title='bbox 2916 5676 2966 5730; x_wconf 89' lang='lat' dir='ltr'><strong>in</strong></span> <span class='ocrx_word' id='word_1_750' title='bbox 3002 5676 3065 5730; x_wconf 84' lang='lat' dir='ltr'><strong>E.</strong></span> <span class='ocrx_word' id='word_1_751' title='bbox 3090 5703 3157 5716; x_wconf 84' lang='lat'><strong>—-</strong></span> <span class='ocrx_word' id='word_1_752' title='bbox 3187 5675 3265 5742; x_wconf 78' lang='grc' dir='ltr'><strong>(ὁ)</strong></span> <span class='ocrx_word' id='word_1_753' title='bbox 3293 5674 3454 5734; x_wconf 75' lang='lat' dir='ltr'><strong>Deest</strong></span> <span class='ocrx_word' id='word_1_754' title='bbox 3498 5690 3586 5745; x_wconf 79' lang='lat' dir='ltr'><strong>pa-</strong></span> 
     </span>
     <span class='ocr_line' id='line_1_170' title="bbox 370 5761 688 5803; baseline 0.006 -3"><span class='ocrx_word' id='word_1_755' title='bbox 370 5761 449 5802; x_wconf 88' lang='lat' dir='ltr'><strong>tna</strong></span> <span class='ocrx_word' id='word_1_756' title='bbox 480 5763 507 5802; x_wconf 89' lang='lat' dir='ltr'><strong>a</strong></span> <span class='ocrx_word' id='word_1_757' title='bbox 531 5765 688 5803; x_wconf 73' lang='lat' dir='ltr'><strong>irasa.</strong></span> 
     </span>
    </p>
   </div>
   <div class='ocr_carea' id='block_1_170' title="bbox 332 5760 688 5805">
    <p class='ocr_par' dir='ltr' id='par_1_170' title="bbox 332 5760 688 5805">
     <span class='ocr_line' id='line_1_171' title="bbox 332 5760 688 5805; baseline -0.008 0"><span class='ocrx_word' id='word_1_758' title='bbox 332 5760 449 5805; x_wconf 54' lang='lat' dir='ltr'><strong>(Ilia</strong></span> <span class='ocrx_word' id='word_1_759' title='bbox 480 5760 665 5804; x_wconf 82' lang='lat' dir='ltr'><strong>abrasa</strong></span> <span class='ocrx_word' id='word_1_760' title='bbox 680 5790 688 5802; x_wconf 89' lang='lat'><strong>.</strong></span> 
     </span>
    </p>
   </div>
  </div>
