3900 6442
201 465 309 523 Ξιό

588 578 819 636 CODEX
856 577 1398 636 VERCELLENSIS.

1033 670 1177 727 ciant
1206 672 1257 725 in
1282 672 1385 726 via.

1034 741 1124 796 55.
1152 740 1348 795 Dicunt
1374 750 1553 797 autem

1033 813 1082 866 ei
1108 811 1352 880 discipuli
1378 830 1391 865 :

1034 882 1176 936 unde
1202 896 1331 951 ergo
1360 882 1414 937 in

201 679 337 732 siret
355 674 480 729 inde

201 746 380 810 Iesus,
401 743 548 800 venit
570 741 671 799 ite-

202 831 323 871 rum
350 827 505 870 secus
527 828 645 868 ma-

202 902 265 942 re
287 884 561 941 Galilaeae
585 902 598 939 :

201 965 258 1011 et
286 954 585 1011 ascendens
1032 952 1249 1006 deserto
1276 967 1441 1022 panes

200 1026 255 1080 in
282 1035 543 1089 montem,
1032 1030 1228 1076 tantos.
1272 1060 1287 1074 .
1330 1059 1347 1075 .
1389 1037 1509 1079 .sa-

200 1094 296 1151 50.
322 1094 545 1149 sedebat
563 1092 659 1149 ibi.
685 1094 750 1148 Et
1034 1102 1172 1147 ture.
1218 1132 1231 1145 .
1278 1131 1290 1144 .
1325 1107 1352 1146 r
1382 1100 1501 1145 tan-

199 1173 544 1220 accesserunt
1034 1171 1118 1216 tae
1146 1171 1222 1216 ιιι.
1265 1201 1279 1215 .
1323 1200 1339 1216 .
1370 1162 1467 1216 ac?

1034 1232 1125 1286 54.
1152 1232 1219 1285 Et
1248 1232 1317 1285 ait
1344 1231 1452 1285 illis
1473 1231 1668 1290 Jesus:

1031 1302 1181 1366 Quod
1214 1316 1379 1370 panes
1408 1301 1504 1354 ha-

1034 1371 1209 1426 betis?
1230 1372 1309 1425 Ad
1329 1372 1403 1426 illi
1424 1373 1507 1425 di-

1033 1451 1224 1496 xerunt
1251 1456 1384 1523 2y":
1418 1451 1472 1496 ει

1457 1597 1615 1653 prae-

1030 1652 1173 1719 cepit
1195 1651 1377 1707 turbis

1030 1722 1368 1776 discumbere
1438 1752 1439 1755 η

1033 1794 1085 1846 in
1112 1802 1333 1846 terram.

1032 1864 1122 1917 56.
1152 1862 1221 1916 Ει
1249 1864 1457 1932 accepit
1482 1864 1640 1922 Jesus

1030 1947 1219 2003 panes,
1247 1942 1302 1987 et
1324 1938 1463 2003 pis—.

198 1234 267 1289 ad
288 1250 411 1291 eum
439 1236 629 1289 turbae

198 1304 422 1371 multae,
454 1304 655 1359 haben-

202 1382 289 1431 tes
312 1390 492 1430 secum
518 1374 629 1429 clo-

197 1444 322 1510 dos,
349 1458 560 1510 caecos,
586 1443 681 1499 de—

197 1514 356 1577 biles.
377 1524 573 1576 mutos,

196 1593 255 1641 et
278 1585 412 1639 alios
436 1585 572 1639 mul-

198 1663 283 1709 tos
310 1670 324 1706 :
350 1663 405 1709 et
431 1653 671 1724 projece-

195 1732 326 1779 l'lll'li.
344 1738 438 1779 €08
462 1739 559 1778 ειη·

196 1802 251 1850 te
284 1794 447 1861 pedes
468 1794 605 1864 ejus,

194 1874 253 1919 et
281 1868 489 1919 curavit
511 1879 606 1920 eos
633 1882 649 1919 :

194 1936 288 1990 3t.
313 1936 386 1989 ita
412 1943 470 1989 ut
490 1934 677 1991 turbae

196 2006 547 2071 mirarentur,
1014 2018 1145 2068 'ces,
1178 2013 1232 2056 et
1246 2009 1445 2072 gratias

195 2075 480 2131 videntes:
510 2083 568 2131 et
1032 2072 1164 2144 egit,
1194 2084 1247 2127 et
1260 2074 1409 2129 dedit

195 2145 615 2215 magniﬁcabant
1032 2143 1312 2212 discipulis
1333 2158 1429 2198 su-

199 2215 370 2285 Deum
401 2214 645 2271 Istrahel.
831 2274 835 2278 _
1034 2216 1099 2285 is,
1122 2223 1203 2285 et.
1246 2252 1262 2268 .
1309 2253 1321 2267 .
1364 2255 1377 2268 .
1412 2214 1573 2285 cipuli

194 2284 287 2340 3%.
313 2285 471 2341 Jesus
496 2295 697 2349 autem,
726 2274 858 2341 con-

1031 2283 1293 2355 dederunt
1322 2298 1423 2355 po-

195 2358 406 2410 vocatis
431 2354 595 2410 disci-

1033 2353 1121 2407 57.
1152 2354 1297 2421 pulo.
1324 2353 1395 2407 Et
1420 2368 1572 2409 man-

195 2424 359 2495 pulis,
390 2424 522 2495 dixit
540 2439 560 2495 7:
593 2426 690 2479 Mi—
1032 2425 1365 2476 ducaverunt

197 2493 385 2549 Sereor
412 2493 603 2559 turbis,
1031 2506 1240 2557 omnes,
1262 2500 1317 2546 et
1344 2506 1429 2546 sa-

196 2566 324 2635 quia
352 2564 428 2635 (ε)
458 2563 637 2635 triduo
1031 2563 1189 2635 grati
1215 2572 1359 2635 sunt.

199 2631 287 2689 est
300 2631 416 2703 jam
442 2633 585 2700 quod
612 2634 655 2705 -ιι
1031 2631 1098 2705 Et
1124 2632 1264 2700 quod
1289 2632 1460 2705 abun-

200 2702 553 2775 perseverant
629 2702 639 2705 ⁷
1034 2702 1155 2775 dav.
1201 2740 1216 2753 .
1244 2712 1265 2756 t
1294 2702 1361 2756 de
1384 2704 1533 2772 pani-

201 2771 437 2840 inecum,
468 2782 524 2829 et
552 2789 657 2831 non
1037 2771 1156 2835 bus,
1202 2810 1216 2823 .
1262 2812 1276 2825 .
1322 2811 1338 2827 .
1377 2771 1392 2825 .
1426 2780 1552 2827 runt

202 2844 409 2900 habent
428 2860 604 2900 escam
629 2864 642 2899 :
1038 2852 1242 2910 septem
1265 2855 1421 2910 spor-

1039 2914 1129 2993 58.
1163 2920 1243 2967 tas
1263 2911 1471 2993 plenas.
1495 2911 1624 2967 Era.

1040 2990 1239 3053 autem,
1265 2990 1355 3053 qui
1380 2998 1535 3037 man-

1040 3052 1393 3122 ducaverunt,
1420 3107 1423 3111 .

633 3166 869 3226 CODEX
896 3166 1367 3226 CORBEIENSIS.

205 3259 373 3315 sisset
401 3259 526 3315 inde
580 3259 757 3325 Jesus,
809 3260 958 3315 venit
1010 3271 1165 3312 secus
1199 3273 1369 3322 mare,
1401 3257 1713 3315 Galilaeae:
1746 3266 1801 3313 et

206 3331 546 3387 adscendens
568 3331 619 3385 in
633 3338 893 3394 montem.
924 3329 1147 3385 sedebat
1170 3330 1262 3382 ibi.
1288 3337 1314 3365 η
1328 3330 1392 3383 Et
1406 3332 1420 3360 ‘
1441 3330 1801 3384 ascenderunt

207 3401 279 3455 ad
300 3416 424 3456 eum
452 3402 641 3457 turbae
681 3402 903 3465 multae,
932 3399 1191 3454 habentes
1222 3409 1405 3453 scenm
1435 3401 1648 3465 surdos,
1679 3415 1801 3454 cae-

207 3487 329 3536 cos,
359 3473 600 3537 claudos,
626 3487 869 3534 mancos,
900 3470 1403 3531 debiles.ctmultos
1428 3469 1565 3523 alios
1584 3481 1758 3525 mutos
1783 3487 1796 3523 :

209 3552 266 3595 et
294 3543 705 3596 substraverunt
755 3556 851 3598 eos
902 3549 1027 3594 ante
1075 3542 1241 3610 pedes
1282 3540 1429 3609 ejus,
1461 3550 1516 3593 et
1540 3542 1748 3595 curavit
1779 3542 1798 3571 ⁸

209 3614 447 3667 eos:ita
472 3624 527 3666 ut
556 3613 743 3667 turbae
794 3611 1139 3675 mirarentur,
1188 3610 1433 3663 videntes
1487 3620 1665 3663 mutos
1722 3610 1801 3663 lo-

210 3691 466 3751 quentes,
514 3682 734 3737 claudos
782 3680 1141 3751 ambulantes.
1189 3693 1382 3734 caecos
1424 3680 1703 3733 videntes:
1752 3688 1805 3733 et

210 3750 627 3819 magnilicabant
651 3754 813 3806 Deum
838 3750 1026 3806 Israel.

288 3817 427 3875 XVI.
468 3821 624 3876 Jesus
652 3832 853 3881 autem.
894 3822 1205 3877 convocatis
1246 3818 1524 3890 discipulis
1554 3821 1691 3885 suis,
1722 3817 1805 3872 di-

213 3891 292 3945 xit
325 3908 337 3943 :
374 3891 395 3922 ⁸
422 3892 677 3961 Misereor
722 3894 846 3944 huic
874 3892 1081 3961 turbae.
1124 3891 1375 3959 quoniam
1402 3893 1534 3961 jam,
1569 3891 1801 3944 tiidutun

213 3972 294 4015 est
320 3960 462 4029 quod
490 3960 781 4015 adhaerent
810 3960 962 4025 mihi,
988 3974 1164 4014 etnon
1197 3960 1572 4029 habent'quod
1599 3961 1760 4014 edant
1784 3977 1799 4013 :

212 4041 269 4086 et
295 4032 569 4087 dimittere
612 4045 706 4086 eos
741 4032 956 4099 jejuuos
988 4031 1133 4096 nolo,
1191 4046 1257 4084 ne
1284 4033 1535 4087 deliciant
1562 4033 1614 4084 in
1644 4032 1748 4084 via.
1783 4030 1803 4060 ⁸

215 4102 481 4157 Dixerunt
509 4102 583 4155 illi
605 4102 851 4171 discipuli
881 4116 897 4156 :
945 4102 1086 4157 unde
1120 4115 1250 4171 ergo
1297 4101 1318 4132 '
1355 4102 1509 4155 nobis
1555 4116 1721 4166 panes
1753 4102 1819 4157 in.

216 4173 460 4238 deserto,
509 4183 567 4227 ut
602 4170 908 4227 saturentur
937 4170 1264 4227 lurbae‘Mit
1291 4172 1399 4227 illis
1425 4171 1621 4227 Jesus:
1666 4170 1809 4238 Quot

217 4259 388 4313 panes
430 4244 673 4308 habetis?
697 4243 718 4274 ⁸
748 4242 1197 4314 Responderunt:
1248 4242 1487 4311 Septem,
1522 4254 1573 4295 et
1619 4240 1808 4314 bduos

221 4310 499 4384 pisces.Et
527 4316 795 4382 praecepit
818 4310 1005 4384 turbae
1022 4314 1042 4345 ⁷
1064 4328 1223 4380 supra
1249 4310 1443 4384 terram
1468 4310 1804 4384 recumbere.

222 4378 289 4439 Et
336 4378 573 4453 acceptis
613 4378 820 4452 septem
868 4383 1092 4453 panibus
1122 4378 1144 4443 ,ἡ
1177 4382 1489 4453 etduobus
1529 4378 1802 4453 piscibus,

221 4459 424 4523 gratias
460 4446 644 4524 agens,
673 4446 849 4525 fregit,
869 4446 934 4505 ὀι
961 4450 1109 4505 dedit
1137 4450 1434 4516 discipulis,
1477 4458 1531 4498 et
1558 4446 1805 4525 discipuli

223 4528 416 4580 turbis.
463 4527 529 4579 Et
568 4524 1025 4578 mauducaveruut
1048 4532 1257 4583 omnes,
1284 4529 1362 4571 ~et
1406 4524 1628 4569 saturati
1658 4526 1803 4569 sunt.

226 4596 293 4649 Ει
320 4596 657 4651 sustulerunt
676 4595 698 4626 ⁸
719 4592 857 4661 quod
886 4588 1155 4659 superavit
1180 4598 1384 4654 septem
1426 4598 1636 4656 sportas
1653 4586 1805 4655 paui-

227 4665 327 4723 bus
344 4667 551 4737 plenas.
574 4665 642 4721 Et
661 4665 749 4736 qui
776 4662 1252 4726 tuanducaverunt,

203 2923 263 2968 et
290 2913 561 2995 dimittere

204 2998 305 3037 eos
328 2999 404 3052 ιε.
440 3023 456 3039 .
490 3020 507 3037 .
538 2998 636 3039 uos

205 3054 357 3121 nolo,
390 3068 455 3109 ne
482 3053 617 3111 deli-

1181 465 1632 525 EVANGELIUM
1669 466 2040 526 sscuuouu
2080 424 2518 538 nmmum.

1860 2260 1868 2267 .
1900 2221 2004 2277 tes,
2029 2226 2219 2269 caecos
2267 2240 2277 2251 ο

3378 466 3487 524 246

2320 581 2549 639 CODEX
2592 581 3042 641 VERONENSIS.

1895 674 2056 745 sisset
2083 674 2226 738 inde,
2256 675 2404 730 venit
2725 674 3001 745 dimittere
3020 689 3116 731 eos
3128 675 3208 745 je-

1896 744 2087 813 iteruui
2117 758 2277 799 secus
2298 760 2444 799 mare
2721 744 2881 813 junos
2906 745 3055 810 nolo,
3088 744 3157 799 ne

1895 811 2167 868 Galilzieae
2198 814 2211 867 ἐ
2239 826 2297 870 et
2724 811 3049 881 tleliciantin
3079 817 3185 870 via.

1895 884 2191 938 ascendens
2216 885 2270 939 in

1895 962 2102 1020 monte,
2125 956 2283 1010 sede-

1895 1024 1984 1078 50.
2013 1024 2105 1077 bat
2129 1024 2223 1078 ibi.
2256 1026 2319 1080 Et
2343 1040 2435 1081 ac-

1895 1104 2175 1148 cesserunt
2199 1095 2265 1149 ad
2476 1116 2477 1119 η

1896 1177 2017 1217 eum
2047 1166 2255 1230 turbae,

1897 1232 2154 1287 habentes
2180 1249 2361 1291 secum

1894 1302 2102 1367 clodos,
2122 1318 2334 1372 caecos,

1894 1372 2124 1436 debiles,
2153 1387 2351 1438 mutos,

1894 1452 1947 1495 et
1973 1443 2108 1496 alios
2132 1446 2270 1497 mul-

1897 1521 1977 1565 tos
2007 1528 2021 1566 :
2053 1522 2106 1565 et
2134 1515 2309 1582 proje-

1894 1590 2083 1654 cerunt
2102 1596 2196 1654 eos
2216 1585 2305 1654 (α),

1894 1654 1993 1707 sub
2014 1651 2054 1721 ἰ-
2082 1652 2243 1719 pedes

1893 1722 2029 1791 ejus,
2056 1730 2112 1791 et
2137 1724 2343 1778 curavit

1893 1788 1987 1866 eos
2017 1788 2093 1866 (ὁ)
2120 1806 2308 1866 omnes
2328 1795 2369 1866 -ι-
2392 1814 2403 1850 :

1896 1861 1986 1917 51.
2020 1864 2087 1915 ita
2116 1874 2174 1916 ut
2200 1861 2388 1921 turbae

1898 1933 2242 1999 mirarentur,

1898 2001 2141 2058 videntes
2162 2014 2339 2061 mutos

1900 2063 2201 2143 loquentes,
2228 2066 2338 2131 clo-

1898 2142 1997 2197 dos
2016 2143 2298 2199 ambulan-

2725 884 2813 938 55.
2848 884 3042 939 Dicunt
3066 895 3243 941 autem

2637 976 2643 981 ο
2724 956 2771 1010 ei
2799 953 3047 1022 discipuli
3080 974 3095 1009 :

2727 1024 2865 1079 unde
2886 1040 3015 1093 ergo
3046 1025 3210 1081 modo

2728 1096 2781 1148 in
2806 1094 3019 1147 deserto
3046 1109 3213 1161 panes
3233 1104 3412 1150 tantos
3435 1135 3451 1161 ,

2728 1172 2787 1219 ut
2811 1164 3114 1218 saturentur

2728 1235 2815 1291 54.
2858 1235 3041 1287 turbae
3059 1236 3223 1289 istae?
3250 1232 3319 1289 Et

2732 1304 2808 1358 ait
2835 1304 2939 1358 illis
2964 1303 3151 1360 Jesus:

2731 1374 2883 1442 Quod
2918 1390 3082 1441 panes
3110 1375 3205 1430 ha-

2732 1445 2905 1499 betis?
2932 1447 3011 1498 Ad
3045 1446 3121 1499 illi

2730 1515 3013 1569 dixerunt:
3039 1516 3138 1570 Se-

2729 1592 2874 1651 ptem
2896 1626 2911 1648 ,
2941 1595 2993 1637 et
3024 1599 3222 1653 paucos

2726 1655 2815 1709 55.
2863 1655 3165 1722 pisciculos.
3201 1654 3270 1708 Et

2726 1728 2988 1793 praecepit
3009 1723 3278 1795 turbae(d)

2726 1796 3038 1865 recumbere
3057 1795 3097 1865 -ι-
3115 1811 3205 1847 sn-

2728 1863 2817 1917 56.
2865 1880 2955 1932 pra
2984 1863 3203 1919 terram.
3226 1863 3291 1919 Et

2730 1935 2935 2003 accepit
2958 1934 3115 1989 Jesus

2730 2020 2761 2057 v
2775 2020 2791 2059 ι
2804 2020 2841 2059 1.
2876 2020 3038 2073 panes
3054 2046 3070 2069 ,
3096 2016 3151 2061 et

2736 2075 2933 2147 pisces,
2963 2086 3017 2131 et
3041 2092 3165 2147 gra-

2737 2146 2837 2216 tias
2865 2147 2974 2216 egit
2996 2187 3012 2211 ,
3044 2146 3108 2201 ac

2737 2212 2933 2284 fregit}
2959 2230 3014 2270 et
3035 2217 3184 2273 dedit

2736 2285 3011 2355 discipulis
3031 2288 3143 2342 suis
3158 2329 3175 2352 ,

2736 2365 2789 2409 et
2814 2354 3060 2425 diScipnli
3087 2357 3182 2413 de-

2737 2425 2934 2496 derunt
2960 2428 3181 2496 pepulo.

2738 2496 2827 2551 57.
2869 2495 2937 2549 Ει
2963 2495 3319 2554 manducave-

2736 2577 2859 2619 runt
2880 2582 3068 2622 omnes
3084 2609 3101 2635 ,

2731 2644 2787 2689 et
2808 2639 3031 2691 saturati
3058 2648 3203 2694 sunt.

2728 2704 2797 2758 Et
2821 2706 2959 2762 quod
2983 2706 3187 2762 habun-

2730 2721 2797 2758 ιιι
2821 2721 2959 2827 quod
2983 2721 3187 2789 namin-

2730 2774 2831 2845 dav
2857 2785 2875 2828 ι
2904 2774 2971 2828 de
2998 2778 3225 2845 panibus
3250 2822 3265 2845 ,

2733 2844 2971 2917 tulerunt
2996 2844 3089 2901 Vit.
3118 2844 3329 2917 sportas

1901 2912 2043 2981 quod
2068 2910 2110 2982 -ι-
2142 2910 2486 2981 perseverant
2734 2915 2824 2969 58.
2868 2918 3072 2984 plenas.
3102 2910 3271 2975 Erant

1906 2997 2133 3054 mecum,
2161 2993 2215 3039 et
2246 3000 2353 3040 non
2736 2988 2878 3039 enim
2905 3028 2919 3050 ,
2951 2989 3041 3054 qui
3074 3006 3223 3045 man-

1906 3052 2104 3107 habent
2124 3071 2301 3110 escam
2327 3074 2340 3110 :
2366 3067 2421 3111 et
2737 3052 3065 3113 ducaveraut
3090 3100 3106 3124 ,

2365 3166 2600 3225 CODEX
2642 3167 3039 3225 BRIXMNUS.

1904 3259 2064 3314 si~set
2104 3260 2229 3315 inde
2268 3260 2429 3316 Jesus
2461 3262 2607 3315 venit
2648 3261 2839 3315 iterum
2877 3260 3028 3331 juxta
3056 3277 3205 3319 mare
3229 3263 3486 3320 Galileae.

1904 3341 1958 3384 et
1986 3332 2289 3386 ascendens
2318 3331 2370 3385 in
2392 3341 2650 3386 montem.
2684 3332 2903 3386 sedebat
2934 3332 3027 3386 ibi.
3063 3336 3125 3387 lit
3149 3343 3492 3388 accesserunt

1904 3401 1969 3453 ad
2007 3417 2129 3455 eum
2161 3402 2344 3456 turbae
2375 3403 2573 3456 multae
2616 3401 2875 3455 habentes
2900 3417 3101 3457 secum.
3131 3404 3335 3457 clodos.
3366 3417 3489 3459 cae-

1899 2283 2146 2337 videntes
2170 2302 2183 2336 :
2214 2294 2269 2339 et

1902 2351 2315 2421 magniﬁcabant

1903 2421 2072 2477 Deum
2103 2422 2345 2481 Istrahel.

1899 2492 1990 2546 52.
2018 2492 2175 2565 Jesus
2201 2505 2402 2565 autem,

1898 2564 2207 2637 convocatis
2226 2566 2501 2637 discipulis

1898 2634 2027 2695 suis,
2057 2633 2227 2689 dixit:
2258 2636 2353 2691 Mi-

1899 2716 2084 2758 sereor
2107 2706 2228 2760 huic
2254 2717 2362 2761 tur-

1903 2774 2022 2858 bac,
2044 2774 2169 2858 quia
2191 2776 2266 2858 (ε)
2297 2778 2389 2831 tri-

1900 2842 2063 2913 duum
2084 2856 2178 2913 est
2196 2842 2307 2913 jam

1888 3485 2015 3525 -cos.
2038 3479 2238 3525 mutos.
2262 3472 2486 3543 debitos.
2527 3480 2581 3525 et
2632 3473 2768 3525 alios
2816 3474 3030 3543 multes.
3065 3483 3119 3527 et
3153 3474 3491 3543 projecerunt

1905 3556 1999 3595 eos
2042 3552 2169 3594 ante
2202 3542 2539 3609 pedesdesu.
2569 3551 2625 3596 et
2671 3542 2878 3597 curavit
2932 3558 3048 3598 ens.
3094 3542 3165 3597 ita
3209 3554 3267 3597 ut
3308 3543 3493 3598 lutbae

1907 3615 2253 3664 mirarentur.
2282 3612 2728 3666 t-itlentt-sauutos
2754 3612 3276 3676 loquentes.debiles
3307 3628 3489 3667 sanos.

1904 3691 1956 3734 et
1994 3680 2177 3733 clodos
2216 3683 2571 3735 ambulantes.
2623 3691 2676 3735 et
2714 3697 2903 3736 caecos
2957 3683 3224 3739 videntes.
3276 3694 3329 3739 et
3360 3697 3492 3737 vana-

1905 3750 2226 3821 guillCaIiaut
2272 3754 2456 3813 lleum,
2507 3750 2578 3805 Sd
2616 3762 2638 3788 ο
2687 3752 2855 3806 rabel.
2890 3752 3049 3807 Jesus
3077 3764 3253 3807 autem
3297 3766 3491 3807 convo-

1904 3821 2037 3875 catis
2060 3821 2336 3890 discipulis
2365 3821 2496 3875 suis.
2530 3822 2665 3875 dixit
2691 3821 2947 3877 Misereor
2984 3823 3153 3876 turba:
3204 3824 3325 3875 huic
3363 3822 3490 3888 quia

1900 3892 2009 3960 jam
2056 3903 2165 3947 tres
2210 3893 2326 3946 dies
2363 3902 2487 3946 sunt
2516 3893 2655 3961 quod
2702 3903 3267 3962 persevcrantmecum
3297 3899 3350 3945 et
3382 3904 3489 3962 non

1906 3958 2253 4031 habentquod
2281 3958 2981 4018 manducent.et'dimitterc
3002 3962 3320 4031 eesjcjunos
3338 3958 3485 4031 nolo.

1908 4049 1975 4087 ne
2022 4028 2159 4087 forte
2192 4034 2445 4087 deliciant
2470 4034 2521 4086 in
2552 4032 2633 4085 \ia
2663 4033 2993 4086 Etdixeruut
3020 4033 3068 4085 ei
3098 4028 3340 4095 discipuli
3372 4029 3490 4094 ejus

1910 4102 2049 4156 unde
2090 4104 2243 4156 nobis
2292 4106 2343 4156 in
2385 4105 2602 4157 deserto
2656 4116 2820 4170 panes
2870 4108 3071 4170 tantos.
3098 4107 3155 4153 ut
3183 4106 3491 4151 saturentur

1913 4174 2099 4225 turbae
2125 4184 2319 4225 tantae.
2349 4173 2415 4227 Et
2442 4176 2513 4224 ait
2546 4167 2847 4227 illis'Jesus.
2875 4167 2901 4204 ἀ
2924 4168 3075 4235 Quod
3116 4184 3278 4237 panes
3328 4170 3492 4222 habe-

1911 4244 1995 4294 tis.
2033 4248 2101 4294 At
2134 4244 2210 4293 illi
2236 4242 2489 4294 dixerunt
2539 4241 2756 4306 Septem
2783 4248 2837 4291 et
2866 4254 3064 4305 paucas
3089 4241 3394 4307 piscicitlos.
3424 4237 3493 4293 Et

1910 4310 2185 4379 praecepit
2228 4312 2406 4362 lurltis
2435 4310 2772 4364 discumbere
2803 4323 2962 4376 super
2992 4321 3209 4363 terram.
3262 4309 3329 4363 Et
3351 4310 3494 4364 acci-

1911 4377 2061 4447 piens
2077 4377 2235 4451 Jesus
2261 4392 2466 4451 septem
2487 4387 2730 4451 panes.et
2748 4380 2941 4451 pisces.
2968 4381 3167 4450 gratias
3185 4395 3364 4451 agens.
3382 4379 3492 4451 frc-

1912 4452 1987 4517 git
2010 4458 2063 4499 et
2093 4448 2239 4501 dedit
2286 4448 2564 4519 discipulis
2590 4452 2723 4503 suis.
2787 4448 3032 4519 discipuli
3066 4448 3263 4506 autem.
3328 4450 3493 4505 dede-

1915 4527 2037 4571 runt
2068 4519 2260 4571 turbis.
2309 4519 2375 4574 Et
2421 4521 2877 4575 niauducaverunt
2917 4537 3127 4576 omnes.
3174 4531 3226 4574 et
3270 4520 3493 4575 saturati

1916 4599 2058 4643 sunt.
2090 4590 2154 4643 lit
2198 4593 2531 4645 sustulerunt
2564 4588 2809 4661 reliquias
2836 4592 3261 4661 lragmentorum‘
3286 4600 3493 4659 septem

1918 4672 2129 4731 Sporlas
2148 4661 2351 4729 plenas.
2380 4663 2545 4716 Lrant
2559 4672 2735 4721 autem
2758 4664 2845 4733 qui
2870 4665 3316 4717 manducaverant

892 4776 1211 4839 .VARIANT
1220 4776 1302 4831 ES
1341 4772 1721 4830 LECTIONES
1760 4774 2024 4833 CODICIS
2064 4776 2171 4833 MS.
2212 4776 2271 4833 S.
2312 4776 2819 4833 GERMANENSIS.

288 4876 305 4906 ί
342 4875 658 4925 accesserunt
696 4872 757 4924 ad
786 4886 900 4923 eum
923 4875 1093 4923 turbae
1113 4904 1127 4927 ,
1152 4870 1396 4919 habentes
1417 4882 1582 4918 secum
1604 4880 1777 4917 caecos
1795 4904 1811 4928 ,

227 4934 440 5047 dario:
452 4936 669 5047 ἓιὶὶὲἱὲξε,
689 4945 867 4999 mutos,
888 4942 940 4984 et
953 4935 1074 4985 alios
1090 4932 1283 4990 multos,
1301 4938 1418 4992 etc.,
1443 4939 1491 4979 ut
1508 4929 1559 4980 in
1586 4930 1808 5023 vulgata.

292 5058 315 5090 ⁸
346 5056 585 5107 Misereor
603 5060 793 5121 turbae,
820 5061 933 5123 quia
956 5056 1165 5108 triduum
1190 5062 1267 5105 est
1284 5056 1380 5117 jam
1412 5052 1540 5115 quod
1576 5064 1811 5114 perseve-

232 5124 406 5169 τοι-,ιιι
426 5130 617 5169 mecum

294 5180 319 5212 ⁸
356 5177 530 5230 Dicunt
552 5180 604 5229 ei

1978 4870 1998 4901 '
2031 4869 2079 4917 in
2099 4869 2297 4921 ὀρειδηο
2320 4882 2470 4932 panes
2486 4875 2643 4919 tantos

1980 4930 2001 4961 ⁸
2039 4932 2099 4979 Ut
2132 4930 2273 4979 Villa.

1980 4992 1999 5022 '
2034 4944 2401 5055 giicitiit‘iierein
2418 4999 2427 5036 ι
2436 5003 2616 5055 erram.
2638 4988 2699 5038 Et
2710 4989 2894 5055 accepit
2901 4986 2938 5055 ᾖ
2942 4997 3236 5055 esuspanes,
3257 4993 3305 5037 et
3320 4989 3499 5049 pisces,

1920 5056 2173 5119 et_gratias
2197 5052 2317 5113 egit,
2346 5060 2401 5119 et.
2419 5050 2573 5119 dedit,
2600 5058 2721 5119 etc.,
2748 5056 2797 5119 ut
2820 5048 3043 5119 iu__Vulq.

1978 5108 2020 5144 "
2031 5113 2159 5174 quod
2183 5108 2430 5174 superavit
2448 5112 2535 5172 de,
2560 5108 2682 5172 etc.,
2704 5108 2756 5161 iu
2780 5110 2831 5160 in
2870 5109 3014 5173 Vulg.
3041 5122 3188 5172 usque
3213 5108 3467 5171 Magedan.

1528 5256 1891 5314 BLANCHINI
1925 5253 2151 5312 ΝΟΤᾸΞ.

308 5366 335 5395 ι
364 5356 739 5427 Epithelorum
778 5357 1001 5411 istorum
1041 5354 1176 5411 ordo
1224 5368 1337 5427 non
1377 5354 1550 5427 solum
1578 5352 1822 5427 turbatus

237 5440 319 5486 est
370 5422 430 5483 ιη’
468 5426 669 5480 nostris
719 5440 849 5480 mss.
886 5427 1111 5490 Latinis,
1145 5425 1237 5478 sed
1259 5427 1435 5478 etiam
1483 5424 1533 5475 in
1584 5422 1824 5490 pluiibus

239 5496 637 5577 exemplaribus
676 5493 902 5571 Grecis,
949 5509 1011 5551 ac
1054 5496 1106 5549 in
1131 5496 1406 5569 ‘versioue
1449 5493 1823 5577 Auglo-Saxo-

242 5587 357 5681 mia
367 5609 444 5697 iix
459 5640 567 5706 alio
585 5634 863 5699 miraculo,
877 5633 1031 5706 cuius
1052 5631 1824 5706 mentinerunt_omnesAEvan-

243 5713 471 5783 gelistc,
517 5702 609 5765 hic
654 5718 907 5763 numerus
949 5702 1171 5773 piscium
1210 5714 1291 5757 est
1332 5702 1584 5756 deﬁnitus
1632 5702 1683 5754 in
1718 5717 1817 5756 ms.

1925 5349 2257 5405 Corbeiensi.
2289 5350 2400 5405 Non
2448 5346 2589 5405 enim
2636 5359 2843 5419 septeni
2887 5363 3073 5418 panes,
3116 5346 3207 5401 scd
3245 5344 3501 5419 quinque

1930 5429 2131 5504 tantum
2161 5436 2279 5475 cum
2325 5422 2536 5475 duobus
2567 5416 2802 5490 piscibus
2833 5416 3199 5474 memorantur
3244 5416 3295 5470 in
3329 5416 3500 5467 livan-

1926 5494 2087 5616 gelclod
2117 5564 2166 5616 in
2198 5562 2419 5616 Sdraltel
2440 5563 2626 5617 abrasa
2657 5578 2687 5615 a
2713 5570 3040 5618 correctore.

1998 5630 2023 5670 ἀ
2052 5633 2184 5702 quod
2215 5646 2308 5701 pro
2339 5644 2459 5700 quot
2490 5635 2621 5689 vitio
2645 5632 3019 5701 exscriptoris.

314 5823 392 5896 (a)
444 5823 521 5878 lla
540 5835 605 5885 ,et
627 5820 747 5878 cod.
779 5814 1083 5896 Cant._iirr_6_.
1108 5844 1177 5896 -ξ
1204 5813 1283 5896 ρ)
1311 5813 1806 5896 Addit_oumet._utt

1914 5852 1917 5864 .
1948 5810 2103 5866 Cant.
2136 5810 2349 5869 πάντας.
2383 5808 2551 5880 -——‘(c)
2592 5806 2665 5866 Ita
2695 5815 2751 5859 et
2786 5811 2958 5859 textus
2987 5798 3226 5863 Gra‘cus,
3265 5794 3359 5857 ἤδη
3383 5797 3508 5870 ἠμέ-

249 5885 328 5954 aut
369 5885 509 5975 ίτριῖς
556 5897 655 5952 αἷσι
680 5896 782 5950 καί.
802 5921 873 5934 --
900 5889 978 5959 (d)
1029 5886 1101 5943 Ita
1123 5893 1179 5941 et
1208 5885 1410 5939 Grecus
1436 5924 1449 5950 ,
1478 5885 1763 5940 ἀναπισιῖν.
