3900 6414
586 278 690 336 Ξΐὶῧ

975 394 1204 452 CODEX
1236 393 1769 452 VERCELLENSIS.

585 498 671 548 tes
697 498 875 546 autem
897 503 1024 544 oeu-
1408 498 1603 544 xerunt
1625 487 1786 543 disci-

587 562 673 618 los
694 576 854 626 suos,
886 575 983 615 ne-
1412 560 1519 627 puli
1555 558 1697 628 quod
1717 558 1785 613 de

588 633 787 688 minem
817 630 969 685 vide-
1409 628 1654 685 Johanne
1680 628 1818 696 Bap-

588 712 737 761 runt.
761 701 858 756 nisi
888 701 1060 755 solum
1413 700 1533 753 tista
1559 698 1694 752 dixit
1722 698 1788 752 il-

588 772 643 829 9.
682 772 885 828 Jesum.
917 771 983 826 Et
1011 770 1131 826 des-
1412 770 1515 824 lis:
1544 768 1617 838 (c)
1643 770 1731 822 Sic
1758 777 1812 823 et
1838 767 1967 823 Fili-

588 841 943 898 cendentibus
1412 856 1477 893 tts
1510 837 1738 893 hominis

589 914 695 969 illis
722 913 788 966 de
817 924 969 966 mon-
1414 923 1635 964 necesse
1661 911 1756 961 ha-

591 993 666 1045 te.
698 981 953 1049 praecipit
1090 1021 1099 1026 -
1413 980 1502 1033 bet
1530 979 1637 1049 pati
1668 980 1735 1031 ab
1758 979 1836 1032 eis
1862 979 1925 1049 1-.

587 1054 668 1108 eis
695 1048 850 1107 .lesus
869 1048 1091 1106 dicens:
1416 1050 1505 1104 14.
1548 1048 1755 1102 Etcum
1790 1048 1969 1105 venis-

592 1124 779 1177 Videte
805 1123 975 1176 nemi-
1415 1128 1499 1179 set
1517 1119 1583 1172 ad
1612 1119 1819 1171 turbam

590 1194 645 1248 ni
670 1192 914 1247 dixeritis
1388 1189 1643 1244 'aceessit
1663 1188 1729 1241 ad
1758 1204 1882 1244 eum

588 1265 784 1328 visum,
815 1262 989 1317 donec
1414 1259 1578 1313 humo
1605 1258 1832 1329 genibus

590 1334 761 1389 Filius
796 1332 1025 1386 hominis
1412 1329 1764 1401 probolutans

1414 1397 1540 1453 ante
1563 1414 1708 1463 eum,
1738 1397 1818 1452 dio

1415 1484 1544 1523 cens
1569 1487 1582 1521 :
1617 1469 1861 1539 Domine,

591 1420 621 1458 a
653 1404 875 1457 mortuis
893 1418 983 1459 re-

588 1482 789 1541 surgat.

591 1543 679 1599 10.
722 1543 785 1597 Ει
816 1542 1113 1616 iuterroga-
1418 1543 1679 1616 miserere
1713 1542 1749 1573 ί

588 1623 780 1667 verunt
807 1629 929 1667 eum
1023 1610 1047 1616 ⁷
1417 1610 1527 1663 lilio
1560 1618 1701 1674 m’eo,
1722 1610 1846 1679 quia

589 1683 859 1751 discipuli.
887 1683 967 1737 di-
1068 1697 1071 1700 '
1416 1680 1684 1733 lunatieus

591 1766 776 1808 centes
809 1772 819 1805 :
853 1756 1001 1821 Quo-

590 1824 750 1878 modo
777 1838 907 1890 ergo
935 1823 1077 1878 Scri-

594 1893 697 1947 bae
724 1890 909 1945 dicunt
980 1952 981 1955 η

593 1961 735 2032 quod
768 1960 953 2016 Helian

594 2042 802 2100 oportet
833 2032 939 2101 pri-

594 2117 739 2156 mum
772 2101 909 2156 veni-

596 2174 685 2226 11.
726 2173 821 2226 re?
859 2171 938 2227 Ad
966 2174 1082 2240 ipse

596 2240 949 2309 respondens,

1417 1758 1501 1804 est
1530 1758 1584 1803 et
1612 1749 1755 1801 male
1780 1763 1873 1816 pa-

1421 1818 1549 1872 titur
1574 1836 1586 1871 :
1618 1834 1738 1871 nam
1766 1832 1884 1873 sae-

1419 1903 1487 1958 pe
1512 1889 1656 1943 cadit
1681 1890 1731 1944 in
1760 1889 1833 1957 ig-

1421 1974 1543 2013 nem
1566 2000 1581 2022 ,
1613 1968 1666 2012 et
1696 1958 1774 2027 (d)
1805 1958 1902 2011 ali-

1370 2039 1373 2041 ’
1421 2029 1637 2097 quando
1666 2028 1706 2098 ἰ’
1736 2030 1787 2081 in
1814 2044 1871 2080 a-
1918 2059 1928 2068 ι

1426 2100 1515 2153 15.
1558 2115 1734 2168 quam.
1770 2098 1834 2153 Et
1861 2113 1959 2169 op-

1424 2169 1521 2223 tuli
1546 2185 1667 2223 eum
1698 2169 1810 2223 dis-

1421 2241 1616 2309 cipulis
1648 2239 1751 2294 tuis
1766 2280 1781 2304 ,
1812 2248 1867 2294 et

596 2314 672 2366 ait
701 2329 712 2363 :
743 2311 921 2366 Helias
950 2313 1067 2380 qui—
1422 2325 1532 2364 non
1564 2319 1749 2378 potue-

598 2382 721 2438 dem
753 2394 1008 2436 venturus
1422 2382 1549 2434 runt
1569 2395 1726 2435 cura-

598 2463 681 2507 est
701 2466 974 2521 conpone-
1424 2464 1484 2505 re
1508 2466 1653 2506 eum.

598 2522 688 2577 12.
729 2536 789 2577 re
816 2525 1015 2577 omnia.
1047 2521 1173 2578 Dico

595 2603 775 2647 autem
809 2592 983 2657 vobis.

596 2662 739 2732 quod
769 2663 948 2718 Helias

599 2732 814 2801 quidem
840 2734 949 2801 jam

600 2803 766 2864 venit,
794 2813 847 2855 et
871 2817 975 2855 non

602 2881 965 2940 Cognoverunt

600 2955 747 3003 eum,
778 2941 870 2995 sed
898 2943 1040 2996 fece-

601 3022 727 3067 runt
757 3013 829 3078 (b)
857 3012 905 3065 ei
930 3011 1155 3082 fquan-

604 3090 655 3135 ta
678 3082 978 3135 voluerunt.
1008 3081 1015 3082 “
1424 3081 1633 3137 Adhuc.
1662 3122 1676 3136 .
1704 3122 1717 3135 .
1749 3098 1779 3137 e
1807 3082 1908 3139 hoc
1954 3088 1957 3093 ’

606 3150 692 3205 15.
733 3152 883 3207 Tune
910 3151 1119 3207 intelle-
1426 3152 1579 3206 illum
1603 3152 1669 3207 ad
1704 3168 1809 3209 me.

988 3248 993 3252 “
1030 3264 1255 3325 εουεχ
1295 3266 1760 3324 connenansrs.

605 3372 688 3417 tes
738 3371 916 3416 autem
952 3362 1135 3414 oculos
1188 3376 1350 3427 suos,
1420 3362 1689 3415 neminem
1739 3363 2013 3425 viderunt,
2071 3362 2172 3417 nisi

605 3434 777 3487 solum
817 3431 1023 3485 Jesum.
1059 3434 1073 3462 ⁸
1106 3432 1171 3485 Et
1217 3448 1337 3485 cum
1391 3432 1787 3488 descenderent
1831 3432 1898 3487 de
1950 3444 2132 3488 monte
2159 3472 2175 3495 ,

605 3502 881 3571 praecepit
906 3503 1010 3555 illis
1034 3501 1192 3556 Jesns
1222 3501 1409 3556 dicens
1435 3520 1447 3555 :
1470 3505 1490 3533 ¹
1527 3504 1713 3558 Videte
1744 3520 1809 3557 ne
1839 3504 1925 3557 cui
1969 3504 2171 3557 dixeri—

604 3574 695 3636 tis,
730 3572 899 3625 donec
927 3572 1094 3627 Filius
1120 3572 1354 3626 hominis
1380 3588 1409 3627 a
1439 3576 1663 3627 mortuis
1694 3584 1955 3643 restirgat.
1984 3574 2004 3604 ³
2029 3574 2178 3628 Tunc

607 3645 1075 3708 interrogaverunt
1123 3644 1269 3695 illum
1297 3642 1318 3673 ⁸
1342 3644 1587 3711 discipuli
1621 3685 1637 3709 ,
1675 3644 1956 3697 dicentes:
2003 3644 2178 3710 Quare

608 3728 740 3779 ergo
771 3714 995 3767 Scriliae
1026 3714 1211 3765 dicunt
1236 3714 1257 3743 ⁸
1286 3715 1409 3782 quia
1453 3725 1665 3783 oportet
1697 3715 1928 3781 primum
1975 3713 2178 3766 Heliam

610 3787 793 3837 venire
814 3784 837 3837 ?
859 3784 1061 3850 Quibus
1094 3785 1429 3848 respondens
1449 3824 1462 3845 ,
1492 3784 1564 3835 ait
1596 3801 1607 3835 :
1645 3783 1819 3837 llelias
1847 3784 2062 3852 quidem
2091 3798 2182 3835 ve—

613 3855 745 3915 niet,
769 3866 820 3907 ut
840 3855 1017 3907 omnia
1049 3854 1313 3906 restituat.
1338 3852 1442 3907 Sed
1472 3868 1570 3921 ego
1592 3853 1711 3905 dico
1731 3854 1905 3915 vobis.
1930 3854 2180 3921 quoniam

614 3923 792 3975 Ilelias
813 3925 922 3992 jam
945 3926 1112 3983 venit.
1145 3933 1194 3977 et
1224 3938 1329 3976 ltOtt
1358 3934 1725 3991 cognoverunt
1767 3938 1913 3988 eum,
1961 3922 2055 3975 sed
2106 3921 2182 3974 fee

610 4000 798 4064 cernnt
850 3994 923 4061 (b)
971 3996 1019 4049 ei
1078 3994 1119 4064 -ί-
1149 4004 1343 4063 quanta
1391 3994 1698 4064 voluerunt.
1733 4003 1758 4029 ει
1788 3993 1939 4047 Tunc
1981 3992 2182 4046 “intel-

615 4060 867 4114 lexerunt
890 4060 1131 4129 discipuli
1161 4060 1278 4130 ejus
1299 4065 1420 4130 quia
1472 4064 1537 4117 de
1590 4063 1835 4117 Jnhanne
1863 4064 1992 4117 dixit
2026 4064 2131 4116 illis
2157 4078 2170 4114 :

610 4131 699 4202 S_ic
726 4130 970 4202 etrFilius
1000 4136 1231 4188 heminis
1253 4136 1271 4165 τ
1306 4150 1558 4202 passurus
1583 4147 1665 4187 est
1694 4136 1763 4187 ab
1792 4137 1893 4188 eis.
1941 4131 2007 4188 Et
2048 4148 2175 4187 ecce

610 4199 677 4274 de
703 4201 853 4252 turba
881 4204 1107 4274 accessit
1128 4206 1190 4256 ad
1214 4199 1334 4258 eum
1364 4206 1384 4235 ⁸
1431 4204 1590 4258 homo
1608 4206 1835 4274 genibus
1858 4204 2177 4274 provolutus

612 4271 960 4338 depraecans.
992 4281 1045 4322 et
1073 4272 1255 4324 dicens
1281 4293 1291 4324 :
1326 4274 1572 4336 Domine,
1608 4271 1872 4329 miserere
1893 4277 2002 4338 tilio
2034 4290 2176 4336 meo,

612 4343 735 4407 quia
767 4340 1033 4393 lunaticus
1067 4352 1167 4403 ρει,
1198 4352 1248 4392 et
1303 4342 1479 4395 male9
1533 4354 1754 4395 vexatur
1801 4361 1815 4396 :
1873 4346 2180 4409 frequenter

610 4411 751 4465 enim
778 4410 920 4462 cadit
975 4424 1003 4461 a
1057 4409 1430 4479 daemonium
1474 4411 1687 4479 ignem,
1732 4418 1787 4463 et
1813 4412 2099 4479 aliquando
2129 4414 2181 4465 in

612 4495 825 4548 aquam.
862 4481 923 4532 Et
975 4479 1142 4532 obtuli
1182 4495 1301 4531 eum
1332 4478 1611 4545 discipulis
1632 4480 1757 4540 tuis.
1785 4490 1838 4532 et
1866 4478 1969 4533 non
2000 4491 2185 4546 potue-

610 4561 738 4604 ruut
762 4552 802 4581 ¹⁰
829 4550 973 4603 illum
1021 4564 1231 4602 sanare.
1282 4548 1631 4616 Respondens
1669 4550 1717 4602 ei
1742 4548 1898 4603 Jesns
1936 4550 2107 4602 dixit:
2143 4550 2187 4604 0

614 4626 758 4674 natio
786 4621 1056 4676 incredula
1081 4627 1136 4674 et
1171 4634 1420 4687 perversa
1455 4660 1469 4681 ,
1536 4632 1813 4686 quousque
1841 4621 1879 4650 “
1915 4619 2186 4673 vobiscum

614 4694 773 4746 sum?
802 4691 1038 4762 quandiu
1084 4704 1176 4745 vos
1203 4690 1415 4759 patior?
1445 4687 1646 4744 Alierte
1684 4688 1830 4742 illum
1889 4690 2010 4743 huc.

1424 2521 1513 2593 16.
1546 2522 1610 2575 Et
1630 2520 1965 2593 respondens

1420 2590 1611 2657 Jesus,
1641 2590 1765 2647 ait:
1793 2591 1837 2647 0
1862 2606 1954 2663 ge—

1343 2685 1347 2689 ·
1422 2663 1629 2719 iteratio
1657 2663 1738 2716 in-

1421 2733 1692 2787 eredibilis
1709 2774 1724 2798 ,

1423 2811 1478 2857 et
1505 2818 1755 2870 perversa
1778 2844 1794 2869 ,

1422 2886 1701 2941 quousque
1728 2874 1835 2941 pati
1848 2902 1866 2915 -

1423 2957 1485 2995 ar
1511 2943 1644 2996 vos?
1670 2959 1948 3012 quousque

1424 3026 1517 3065 ero
1542 3014 1859 3067 vobiscum?

2243 627 2533 682 ‘ueminem
2566 626 2711 681 vide-

2059 1577 2065 1593 ,
2116 1524 2122 1530 ’
2184 1556 2187 1559 ‘
2272 1524 2473 1595 10.”Ει
2498 1540 2794 1611 interroga-

2270 2663 2383 2731 jam
2409 2664 2592 2730 venit,

1061 245 1064 249 i
1110 277 1373 337 EUSEBII
1414 276 1745 336 VERCELI..
1790 260 2237 337 EVANGEDIULI
2277 278 2417 336 Cll.“
2464 276 2684 335 VARIIS
2719 278 2873 335 COD.
2913 277 3299 337 COLLATUM.
3744 276 3829 330 9’6

2680 392 2909 449 CODEX
2947 390 3400 450 VERONENSIS.

2260 486 2317 541 8.
2358 485 2621 542 Levantes
2649 496 2847 551 autem.
3081 481 3329 554 discipuli
3354 483 3496 554 quod

2261 559 2448 612 oculos
2475 572 2603 613 suos
2622 598 2637 621 ,
3081 552 3150 607 d'e
3175 551 3422 609 Johantie

3086 623 3322 691 Bnplisla
3350 626 3432 679 di-

3083 693 3222 768 xerit
3252 694 3395 768 illis:
3431 694 3506 768 (c)

3084 763 3175 817 Sic
3201 775 3251 817 et
3280 763 3447 821 Filius

3089 832 3321 889 hominis
3349 851 3446 891 ne-

3088 918 3239 957 cesse
3268 906 3429 961 habet

3087 974 3198 1047 pati
3221 976 3290 1047 :_ib
3315 976 3393 1030 eis
3416 976 3480 1047 σι’.

3089 1042 3176 1097 14.
3219 1043 3289 1099 Et
3315 1042 3442 1100 cum
3466 1055 3568 1102 ve—

3086 1115 3257 1169 nisset
3284 1117 3349 1169 ad
3380 1124 3495 1172 tur-

3089 1182 3210 1237 bam
3243 1188 3474 1242 accessit

3088 1253 3154 1306 ad
3178 1269 3298 1309 cum
3322 1258 3486 1311 homo

2264 708 2389 752 runt
2408 739 2423 753 .
2457 697 2557 752 nisi
2587 711 2674 751 so-

2264 768 2373 822 lum
2399 767 2601 822 Jesum.

2264 838 2318 892 9.
2364 839 2428 892 Et
2455 836 2909 893 descendentibus

2267 908 2376 963 illis
2404 908 2469 962 de
2500 915 2680 962 monte
2696 947 2711 972 ,

2305 978 2535 1046 raecepit
2564 979 2643 1033 eis

2301 1064 2425 1104 esus
2451 1050 2637 1102 dicens
2664 1064 2676 1100 :

2267 1119 2476 1173 Nemini
2504 1119 2628 1174 dixe
2643 1148 2656 1158 -

2268 1191 2388 1243 ritis
2417 1189 2585 1241 visum
2607 1228 2624 1254 ,

2268 1260 2439 1314 donec
2463 1258 2631 1314 Filius

2271 1330 2502 1383 hominis
2702 1370 2703 1373 η
3090 1324 3313 1397 genibus
3345 1340 3542 1397 provo-

2269 1414 2298 1452 a
2331 1399 2554 1455 mortuis
2585 1415 2669 1455 reo
3095 1395 3242 1451 intus
3270 1395 3394 1451 ante
3422 1413 3549 1453 eum
3578 1439 3596 1463 ,

2269 1479 2473 1539 surgat.
3092 1479 3283 1534 rogans
3312 1484 3459 1533 eum,
3487 1479 3547 1523 et

3091 1546 3277 1602 dicetis
3306 1556 3319 1591 :
3352 1540 3583 1597 Domine
3603 1580 3619 1601 ,

3076 1616 3348 1670 miserere
3379 1608 3493 1663 lilio
3522 1623 3680 1671 meo,

3091 1684 3214 1755 quia
3240 1678 3508 1755 lunaticus

3090 1751 3194 1819 est,
3224 1763 3276 1804 et
3308 1751 3446 1804 male

3092 1829 3374 1894 torquetur
3387 1836 3406 1894 λε
3439 1835 3568 1894 tiam

3093 1891 3254 1962 saepe
3281 1891 3429 1962 cadit
3450 1892 3507 1962 in

3093 1960 3269 2041 ignem
3290 2000 3305 2025 ,
3328 1968 3386 2041 _et

3093 2030 3379 2104 aliquando
3406 2030 3446 2100 -ί-
3474 2030 3529 2083 in

3095 2104 3183 2160 15.
3227 2116 3441 2172 nquam.

3095 2178 3161 2230 Et
3188 2172 3355 2243 optuli

3096 2240 3525 2310 eum'discipulis

3100 2316 3224 2379 tuis,
3252 2322 3307 2367 et
3332 2328 3438 2367 non

3097 2394 3384 2458 potuerunt
3411 2396 3615 2437 curare

3094 2473 3240 2511 eum.

3095 2527 3182 2582 16.
3227 2523 3588 2595 Bespondens

3091 2597 3269 2660 Jesus,

3094 2668 3168 2721 ait
3197 2686 3211 2720 :
3242 2665 3285 2719 0
3315 2663 3601 2731 generatio

3046 2767 3052 2775 ν
3097 2736 3432 2792 incredibilis
3450 2776 3466 2799 ,
3498 2745 3555 2787 et

3098 2820 3373 2878 perversa,
3403 2819 3614 2875 quous-

3098 2876 3201 2949 que
3215 2876 3402 2949 patiar

3098 2947 3193 3002 vos
3209 2947 3232 2999 ?
3260 2960 3542 3014 quousque

3099 3031 3195 3074 ero
3225 3017 3503 3069 vobiscum
3516 3014 3543 3068 ἲ

3101 3087 3320 3142 Adl'erte
3346 3086 3450 3139 huc

3104 3159 3251 3212 illum
3279 3155 3347 3209 ad
3375 3170 3483 3210 me.

2738 3270 2966 3327 CODEX
3006 3267 3397 3326 BlileANUS.

2278 3370 2362 3417 tes
2417 3372 2593 3417 autem
2672 3363 2854 3417 oculos
2898 3380 3024 3418 suos
3092 3363 3361 3418 neminem
3439 3360 3700 3415 viderunt
3771 3360 3855 3413 nisi

2278 3434 2449 3488 solum
2473 3433 2674 3487 Jesnm.
2703 3434 2763 3487 Et
2785 3434 3233 3489 descendentibus
3262 3432 3369 3486 illis
3395 3430 3463 3485 de
3494 3442 3689 3485 monte
3719 3446 3855 3499 prac-

2280 3504 2424 3571 cepit
2449 3504 2525 3564 eis
2565 3504 2721 3558 Iesus
2752 3507 2933 3560 dicens
2972 3505 3175 3558 Nemini
3214 3502 3461 3557 dixeritis
3508 3501 3656 3555 hanc
3702 3504 3856 3554 visio-

2282 3590 2425 3628 nem.
2465 3576 2637 3629 dunec
2676 3575 2839 3629 Filius
2888 3575 3118 3628 hominis
3170 3589 3197 3626 a
3232 3575 3462 3628 mortuis
3490 3582 3772 3641 resurgat.
3806 3572 3857 3624 Et

2284 3644 2740 3713 interrogaverunt
2772 3662 2890 3697 eum
2945 3645 3187 3714 discipuli
3240 3646 3357 3709 ejus
3402 3642 3673 3696 dicentes.
3732 3641 3853 3707 Quill

2282 3715 2643 3781 erguh‘cribne
2667 3715 2847 3768 dicunt
2876 3714 3016 3783 quod
3044 3715 3246 3768 llelinm
3270 3721 3481 3783 oportet
3509 3718 3751 3779 primum
3782 3727 3858 3764 vc-

2285 3784 2419 3838 nirc.
2444 3784 2600 3837 Jesus
2623 3797 2798 3837 autem
2824 3782 3151 3852 resipundens
3175 3786 3245 3837 ait
3270 3784 3397 3839 illis.
3435 3782 3626 3836 llelias
3645 3783 3853 3851 quidem

2279 3855 2459 3906 veniet
2513 3860 2738 3920 primum
2771 3866 2823 3907 et
2853 3858 3096 3907 restituet
3147 3855 3346 3906 omnin.
3385 3853 3515 3905 Ilico
3556 3864 3749 3905 autem
3777 3868 3858 3901 vo-

2284 3922 2385 3975 bis.
2419 3924 2537 3991 quiu
2573 3923 2768 3976 llelius.
2800 3925 2906 3988 jam
2930 3924 3093 3977 venit.
3116 3933 3294 3975 etnon
3319 3931 3858 3991 cognoveruntl-mn.

2285 3993 2375 4045 sed
2398 3989 2637 4045 fecerunt
2659 3992 2729 4045 ei.
2764 4006 3127 4059 quaecumque
3157 3991 3457 4041 voluerunt.
3484 3989 3575 4042 Sic
3607 4002 3665 4041 et
3709 3989 3861 4041 Filius

2288 4062 2515 4115 hominis
2576 4076 2825 4129 passm-ns
2870 4071 2954 4114 est
3013 4062 3080 4115 ab
3122 4060 3219 4114 eis.
3254 4059 3402 4111 Tunc
3444 4060 3861 4129 intellexerunt

2283 4133 2547 4200 discipuli.
2578 4128 2713 4199 quia
2765 4132 2845 4199 de
2872 4131 3115 4185 Johanne
3156 4128 3660 4200 Baptistadixisset
3697 4132 3797 4200 eis.

2356 4197 2564 4257 Etcum
2594 4197 2922 4257 venisset'ad
2956 4202 3187 4255 turbini.
3211 4197 3437 4254 accessit
3459 4197 3525 4250 ad
3558 4213 3689 4251 eum
3717 4199 3862 4250 homo

2284 4275 2508 4342 genibus
2546 4274 2904 4345 provolutus.
2932 4282 2986 4327 et
3047 4272 3251 4325 dicens.
3280 4270 3553 4345 Domine.
3606 4271 3863 4345 miseri-re

2287 4338 2396 4398 lilio
2426 4338 2691 4413 meo'quia
2722 4343 3158 4409 lnnaticusest.et
3191 4340 3329 4394 male
3353 4341 3573 4413 patitur.
3603 4338 3855 4409 frequen-

2288 4428 2371 4468 ter
2396 4417 2539 4485 enim
2567 4408 2706 4467 cadit
2732 4420 2783 4485 in
2808 4416 3062 4485 ignem.et
3082 4413 3164 4485 (ά)
3190 4413 3473 4479 aliquando
3494 4408 3536 4478 ’ξ’
3564 4411 3618 4462 in
3654 4424 3859 4471 aquam.

2293 4485 2360 4539 Et
2379 4484 2683 4537 obtulienm
2712 4483 2984 4551 discipulis
3014 4483 3207 4537 tuis.’et
3224 4497 3329 4536 non
3364 4488 3655 4551 potuerunt
3681 4492 3862 4551 curare

2293 4569 2437 4607 etim.
2504 4548 2861 4620 Respondens
2916 4563 3091 4607 autem
3154 4553 3309 4607 Jesus
3354 4553 3429 4604 ait
3470 4548 3537 4603 Ο.
3586 4549 3860 4619 generatio

2295 4623 2563 4676 incredula
2614 4633 2669 4677 et
2716 4634 3388 4692 pOI'VCI‘Sn.q1IOUSt|tleel‘O
3434 4621 3749 4692 vobiscum.
3792 4634 3863 4673 us.

2298 4707 2507 4762 quequo
2536 4697 2703 4761 patiar
2721 4706 2835 4745 vos.
2867 4690 3064 4748 Al'l‘erte
3108 4690 3212 4750 hue
3237 4693 3388 4748 illum
3420 4690 3488 4747 ad
3536 4707 3648 4747 me.

2272 1619 2468 1664 VETUIII
2491 1624 2612 1663 eum

2273 1679 2553 1747 discipuli,
2580 1680 2664 1732 di-

2273 1759 2458 1803 centes
2482 1768 2494 1802 :
2526 1748 2664 1816 Quid

2273 1834 2406 1889 ergo
2432 1820 2653 1875 Scribae

2274 1890 2461 1943 dicunt
2484 1890 2625 1959 quod

2273 1959 2479 2015 Heliam
2510 1969 2724 2027 oportet

2274 2024 2758 2097 primum’vcnire?

2276 2100 2362 2153 11.
2397 2100 2477 2154 Ad
2508 2100 2622 2167 ipse
2652 2116 2735 2154 re-

2274 2172 2546 2238 Spondens
2560 2211 2577 2235 ,
2609 2172 2683 2225 ait
2711 2190 2722 2223 :

2274 2241 2454 2296 Helias
2483 2243 2697 2309 quidem

2275 2320 2534 2383 venturus
2561 2322 2641 2383 est
2671 2313 2748 2383 (ιι)

2276 2381 2560 2452 restituere
2582 2381 2623 2452 ’ξ’

2276 2450 2364 2506 12.
2406 2450 2608 2507 omnia.
2638 2454 2766 2509 Dico

2275 2533 2451 2577 autem
2480 2524 2631 2577 vobis
2648 2567 2661 2588 ,

2275 2592 2417 2661 φιοά
2450 2593 2627 2650 Helias

2276 2740 2331 2788 et
2353 2749 2458 2788 non
2489 2732 2583 2788 eo-

2275 2814 2575 2875 gnnverunt

2277 2873 2400 2928 eum
2431 2916 2446 2939 ,
2479 2886 2533 2928 et
2562 2873 2699 2929 fece-

2278 2954 2402 2998 runt
2429 2944 2505 3014 (b)
2536 2946 2583 2998 ei
2607 2945 2648 3013 ~3-

2279 3024 2476 3081 quanta
2509 3016 2693 3069 volue-

2281 3084 2369 3138 15.
2413 3095 2558 3139 runt.
2594 3086 2660 3139 Et
2690 3095 2813 3142 tunc

2282 3155 2660 3211 intellexerunt

1287 4804 1679 4862 VARIANTES
1716 4801 2097 4860 LECTIONES
2134 4802 2396 4861 CODICIS
2436 4805 2543 4859 MS.
2586 4806 2645 4861 S.
2684 4804 3191 4862 GERMANENSIS.

679 4904 692 4933 ¹
731 4901 1155 4951 Descendentibus
1176 4903 1270 4953 illis

678 4967 698 4995 ε
733 4964 923 5011 Nemini
947 4963 1174 5013 dixeritis
1196 4966 1350 5012 visum

679 5027 699 5056 ³
736 5025 794 5073 Et
816 5027 1241 5083 interrogaverunt

594 5086 595 5093 “
678 5087 697 5116 δ
729 5085 967 5145 discipuli.
993 5086 1117 5144 Quid

678 5150 699 5178 ⁸
731 5148 860 5209 quod
883 5154 1077 5208 Oportet
1113 5146 1300 5195 Heliam
1331 5148 1533 5209 primum
1558 5147 1749 5196 venire.
1783 5149 1847 5198 At
1869 5149 2034 5209 ipse...
2070 5160 2192 5198 ven-

616 5208 757 5259 turus
778 5217 852 5257 est
875 5210 1141 5258 restituere
1166 5210 1345 5257 omnia.
1364 5208 1482 5257 Dico
1502 5214 1664 5257 autem

680 5270 700 5301 ⁶
733 5278 1067 5331 cognoverunt
1088 5271 1305 5333 discipuli
1327 5271 1510 5333 quod...
1537 5269 1595 5319 lit
1626 5284 1733 5320 cum
1756 5275 1973 5321 venisset
2004 5273 2063 5319 ad
2087 5277 2192 5320 tur-

2290 4900 2401 4951 bam

2355 4962 2375 5026 ῗ
2412 4974 2618 5026 necesse
2640 4962 2788 5013 habet
2811 4964 2909 5026 pati

2354 5023 2376 5054 ⁸
2408 5024 2655 5093 quidam...
2684 5033 2795 5073 ante
2814 5023 2953 5081 eum,
2976 5023 3147 5073 dicens

2355 5085 2377 5115 ’
2414 5085 2540 5135 Utut
2568 5086 2711 5135 Vula.
2736 5098 2910 5135 usque.
2935 5086 2982 5133 in
3006 5086 3171 5135 itinem

2359 5098 2377 5115 ν
2414 5098 2540 5135 Utut
2572 5098 2711 5150 vutg.
2736 5098 2910 5146 usque,
2935 5098 2982 5133 tn
3006 5098 3171 5144 ignem

2359 5146 2403 5177 ιο
2433 5158 2605 5194 curare
2633 5160 2761 5195 eum.
2786 5146 3105 5207 Responde-ns
3124 5144 3283 5207 Jesus,
3310 5144 3376 5192 ait
3399 5142 3469 5193 :0
3489 5150 3763 5207 generatio

2361 5209 2401 5239 ιι
2439 5209 2591 5268 patiar
2629 5208 2746 5271 vos?
2768 5203 3019 5270 quousque
3059 5219 3146 5255 ero
3170 5206 3450 5257 vobiscum?
3483 5203 3607 5271 etc,
3634 5203 3707 5257 ια’
3738 5203 3865 5263 νεαρ.

2268 5286 2271 5293 ί
2295 5280 2463 5332 usque,
2487 5271 2673 5331 ejicere
2697 5270 2845 5317 illum.

1918 5358 2283 5415 BLANCHINI
2319 5357 2547 5415 NOTAE.

692 5456 715 5484 ἰ
737 5449 853 5502 Duo
870 5464 1001 5503 mss.
1027 5447 1241 5502 codices
1262 5450 1429 5503 nostri
1453 5450 1593 5503 hunc
1618 5460 1902 5507 contextus
1944 5451 2187 5506 ordinem

622 5529 870 5583 servant;
902 5520 954 5574 in
990 5519 1211 5585 Vulgata
1262 5530 1443 5575 autem
1472 5564 1486 5587 ,
1521 5520 1611 5576 Sic
1648 5532 1695 5575 et
1725 5522 1899 5577 Filius
1945 5522 2189 5586 hominis,

2291 5460 2421 5511 etc..
2452 5451 2682 5520 positum
2712 5450 2905 5517 legitur
2933 5458 3056 5520 ante
3080 5490 3095 5514 ,
3134 5448 3275 5504 Tunc
3314 5449 3715 5514 intellexerunt,
3748 5454 3865 5507 etc,

2291 5521 2644 5576 conformiter
2674 5520 2742 5574 ad
2774 5520 2974 5575 fontem
3002 5519 3271 5577 Graecum.

703 5629 891 5707 ("Hm
916 5641 980 5687 et
1002 5630 1308 5707 codiceni:
1340 5636 1853 5707 érremaavﬁa'at.—
1879 5635 2061 5707 (bllla
2103 5643 2180 5689 ett

2292 5631 2478 5707 ACant.
2503 5636 2666 5707 ᾳρτῷ,
2690 5632 2977 5707 exMarco.
2998 5662 3071 5676 -
3088 5631 3162 5707 (ς)
3189 5630 3322 5707 god.
3352 5644 3571 5707 quoque
3588 5630 3757 5690 Cant.
3788 5635 3866 5687 huc

640 5695 921 5769 transfert,
953 5716 1071 5765 qum
1102 5703 1254 5772 Vulg.
1288 5704 1406 5759 Lat.
1434 5695 1489 5762 et
1521 5716 1698 5760 textus
1717 5695 1955 5761 emis
1975 5704 2172 5761 habent
2197 5705 2250 5758 in
2285 5703 2390 5759 llne
2418 5721 2471 5758 v.
2506 5705 2591 5758 η.
2611 5695 2619 5706 ’
2639 5695 2708 5745 -ἓ-
2747 5700 2825 5764 (d)
2866 5704 2939 5760 Ita
2965 5712 3017 5755 et
3047 5695 3166 5754 eod.
3198 5695 3351 5755 Cant.
3376 5695 3553 5753 ὶνίοέ-ς.
