3900 6434
547 367 653 426 259

935 482 1162 539 CODEX
1206 483 1732 539 VERCELLENSIS.

1370 571 1397 608 ι·
1421 555 1544 634 iste,
1568 554 1662 635 hic
1684 554 1787 608 erit

1370 640 1542 691 major
1568 641 1618 677 in
1640 638 1758 693 reg-

1369 709 1439 746 no
1459 694 1750 747 caelorum.

1369 766 1421 818 5.
1468 765 1529 816 Et
1551 765 1638 832 qui
1652 777 1905 834 accoepe-

1367 835 1435 887 rit
1464 849 1627 887 unum
1657 850 1787 902 pue-

1369 919 1482 956 rum
1508 905 1685 971 talem,
1715 920 1800 960 me

1368 973 1422 1027 6.
1463 974 1674 1042 accipit.
1706 974 1805 1043 Qui
1834 988 1928 1028 au-

1369 1054 1474 1097 tem
1499 1044 1768 1097 scandali-

1367 1115 1567 1166 zaverit
1593 1129 1754 1167 unum

1365 1183 1434 1237 de
1461 1184 1690 1251 pusillis,
1720 1184 1810 1252 qui

1367 1253 1421 1306 in
1447 1269 1532 1308 me
1559 1255 1803 1320 credunt,

1364 1323 1577 1390 expedit
1599 1323 1646 1376 ei
1671 1333 1727 1377 ut

1365 1394 1727 1458 sustiendatur

551 557 590 610 ti
619 566 743 611 sunt
769 555 883 611 lilii.

549 627 638 681 ‘26.
679 625 752 682 Ut
778 638 954 682 autem
986 639 1090 679 non

551 698 912 753 scandalixze—

551 784 668 821 mus
690 784 782 823 eos
801 810 816 834 ,
847 765 979 822 vade

549 839 614 890 ad
643 854 810 904 mare,
841 848 895 893 et
923 836 1046 890 mit-

549 917 601 962 te
627 909 840 963 hamum
865 924 878 960 :
909 915 964 961 et

548 993 669 1033 eum
703 980 920 1045 piscem,

548 1048 636 1117 qui
667 1049 869 1118 primus

546 1119 870 1183 ascenderit,

549 1188 707 1243 tolle:
739 1200 790 1244 et
817 1195 1003 1257 aperto
1028 1202 1086 1243 o—

547 1274 607 1313 re
629 1259 766 1328 ejus,
802 1261 969 1328 invia.“

546 1327 671 1382 uies’
689 1331 762 1399 (a)
791 1330 861 1384 ibi
885 1327 927 1399 -ι-
954 1335 1118 1384 state-

545 1413 658 1453 rem
685 1417 698 1452 :
739 1401 886 1454 illum
917 1414 1009 1454 su-

544 1484 696 1522 mens
721 1469 788 1523 da
817 1471 896 1524 eis
1367 1463 1508 1516 mola
1523 1464 1753 1517 asinaria

544 1553 641 1607 pro
666 1554 772 1604 me,
804 1549 860 1595 et
888 1549 958 1594 te.
1365 1532 1418 1585 in
1446 1534 1586 1607 collo
1610 1533 1749 1602 ejus,

681 1649 906 1707 CAPUT
943 1647 1131 1705 xvut.
1367 1601 1783 1738 ῗιξτδίῗιπζῗζξῗιξη.

544 1744 593 1797 1.
637 1742 692 1796 In
725 1743 815 1797 illa
842 1743 930 1796 die
953 1755 1134 1796 acces-
1367 1741 1492 1794 dum
1515 1744 1698 1795 maris.

1368 1811 1421 1862 7.
1467 1810 1576 1864 Vae
1603 1823 1780 1866 autem
1813 1812 1935 1866 huic

1369 1881 1569 1933 mundo
1591 1896 1620 1932 a
1647 1897 1803 1936 scan-
1987 1941 1989 1943 ,

1365 1949 1520 2003 dalis.
1559 1950 1702 2006 Nece
1751 1992 1762 2004 .
1813 1991 1824 2003 .
1873 1992 1887 2006 .
1931 1961 2013 2006 est

1363 2020 1507 2074 enim
1539 2022 1692 2076 venir
1736 2061 1750 2074 .
1801 2059 1816 2074 .

541 1823 726 1867 serunt
754 1811 918 1865 disci-

543 1883 653 1950 puli
677 1883 742 1935 ad
771 1881 977 1944 Iesum,

540 1953 810 2007 dicentes:
855 1992 870 2006 .
913 1989 928 2003 .
969 1952 1014 2005 is

541 2032 698 2090 putas
725 2022 894 2090 major

540 2089 622 2147 est
650 2091 702 2146 in
736 2089 902 2161 regno
1363 2089 1718 2146 scandalazv
1766 2131 1779 2144 .
1826 2131 1841 2146 .
1886 2126 1906 2144 .

539 2162 847 2217 caelorum?
1363 2167 1472 2214 tam
1512 2197 1530 2215 .
1576 2202 1588 2214 .
1636 2202 1649 2213 .
1692 2171 1791 2218 vae
1821 2162 1890 2216 ho
1933 2203 1945 2215 .
1991 2202 2004 2214 .
2052 2203 2062 2216 .

537 2232 592 2285 2.
635 2231 704 2286 Et
731 2231 888 2287 Iesus
917 2248 1072 2290 voca-
1362 2230 1460 2294 illi,
1488 2246 1585 2299 per
1608 2248 1766 2300 quem

539 2303 613 2356 vit
633 2302 698 2356 ad
724 2317 784 2356 se
807 2318 938 2372 pue-
1360 2302 1672 2356 scandalum
1706 2325 1719 2333 κ-

539 2387 680 2436 rum,
708 2383 762 2427 et
785 2381 952 2428 statu-
1359 2372 1524 2424 venit.

538 2443 576 2494 it
599 2458 723 2497 eum
747 2441 802 2496 in
831 2458 942 2498 mc-
1359 2439 1412 2493 8.
1454 2440 1604 2507 Quod
1633 2443 1678 2497 si
1715 2457 1901 2499 manus

1360 2521 1469 2576 tua,
1495 2513 1575 2565 vel
1607 2529 1699 2581 pes
1725 2525 1809 2568 tu-

1358 2594 1422 2633 us
1448 2583 1710 2636 scandali-

1357 2659 1444 2703 zat
1473 2659 1546 2716 te,
1578 2653 1795 2708 abscide

1357 2737 1501 2784 eum,
1533 2733 1586 2776 et
1615 2724 1793 2791 proice

1354 2791 1450 2845 abs
1478 2799 1562 2846 te:
1589 2794 1784 2849 bonum

1356 2859 1448 2914 tibi
1477 2873 1559 2916 est
1582 2863 1632 2917 in
1663 2865 1740 2918 vi-

1359 2939 1464 2983 tam
1494 2934 1681 2987 venire

1354 2998 1588 3055 debilem
1614 3004 1701 3058 vel

537 2513 592 2568 3.
631 2514 722 2567 dio
746 2527 953 2582 eorum,
981 2523 1036 2569 et

535 2583 704 2638 dixit:

535 2655 705 2708 Amen
729 2654 849 2708 dico
874 2670 968 2709 vo-

537 2723 639 2782 bis.
669 2725 1012 2786 nisiconver—

535 2793 580 2846 si
608 2793 836 2853 fueritis.
861 2804 915 2849 et

536 2861 842 2917 el'liciamini

534 2929 673 2986 sicut
699 2933 873 3000 pueri,

537 3017 646 3055 non
675 3001 898 3056 intrabio

536 3071 605 3124 tis
633 3072 685 3124 in
713 3086 879 3140 regno
1353 3070 1591 3141 clodum,
1617 3089 1778 3141 quam

535 3141 587 3193 4.
627 3141 918 3198 caelorum.
952 3141 1078 3208 Qui-
1357 3140 1492 3209 duos
1517 3140 1678 3209 pedes
1707 3143 1788 3198 vel

534 3225 763 3282 cumque
791 3227 919 3282 ergo
1064 3246 1069 3250 ~
1357 3209 1490 3282 duas
1512 3225 1700 3266 manus

536 3278 875 3335 humiliave;
962 3318 966 3322 μ
1358 3278 1646 3336 habentem

537 3352 606 3405 rit
629 3368 686 3406 se
708 3353 842 3406 sicut
874 3367 1003 3420 pue—
1356 3353 1493 3404 mitti
1527 3353 1580 3406 in
1609 3353 1788 3422 ignem

952 3439 1179 3495 CODEX
1215 3440 1682 3508 CORBEIENSIS.

537 3522 661 3564 sunt
691 3512 806 3565 lilii.
831 3512 918 3566 Ait
939 3511 1128 3565 Petrus
1158 3513 1260 3566 :Ita
1295 3513 1813 3570 Dotnine.Netamen
1843 3514 2110 3570 scandali-

537 3597 718 3635 zemus
747 3597 869 3645 eos,
904 3581 1035 3636 vade
1064 3584 1127 3634 ad
1155 3598 1332 3650 mare,
1355 3593 1405 3637 et
1439 3586 1589 3639 mitte
1613 3589 1825 3639 hamum
1861 3603 1874 3638 :
1903 3596 1955 3639 et
1984 3601 2106 3640 eum

538 3651 758 3723 piscem,
805 3653 895 3720 qui
941 3655 1143 3721 primus
1169 3654 1490 3714 ascenderit,
1521 3657 1689 3708 tolle:
1722 3666 1777 3708 et
1806 3663 1990 3723 aperto
2013 3671 2109 3710 ore

537 3723 677 3791 ejus,
719 3722 961 3776 invenies
992 3726 1006 3752 ³
1035 3731 1286 3778 staterem
1338 3741 1351 3775 :
1403 3723 1550 3778 illum
1598 3725 1750 3778 dabis
1779 3722 1875 3793 pro
1906 3741 2012 3789 me,
2054 3737 2110 3779 et

537 3808 634 3861 pro
668 3804 739 3846 te.

610 3863 794 3917 XVIII.
837 3864 890 3917 In
919 3863 1006 3916 illa
1035 3862 1124 3916 die
1154 3873 1498 3918 accesserunt
1529 3863 1776 3931 discipuli
1808 3863 1872 3916 ad
1900 3864 2104 3922 Iesum.
2139 3888 2144 3893 ~

536 3933 779 3987 dicentes
805 3951 818 3986 :
843 3935 972 4001 Quis
999 3935 1019 3964 ³
1046 3934 1148 3986 erit
1174 3934 1341 4002 major
1367 3937 1416 3987 iu
1452 3949 1615 4003 regno
1645 3935 1961 3989 coclurum?
1995 3934 2061 3987 Et
2087 3934 2108 3965 ³

539 4017 737 4056 vocans
784 4005 1038 4059 infantem
1106 4003 1309 4068 Iesus,
1388 4007 1573 4058 statuit
1624 4021 1744 4059 cum
1817 4005 1867 4056 in
1935 4005 2108 4058 medio

540 4086 767 4135 emum,
822 4084 875 4127 et
921 4077 1051 4128 ait:
1105 4077 1275 4129 Amen
1326 4075 1666 4139 dicovobis,
1717 4076 1818 4128 nisi
1862 4075 2106 4128 conversi

542 4140 765 4206 fueritis,
799 4142 819 4173 ⁸
846 4144 964 4197 lacti
1013 4145 1146 4199 tales
1172 4148 1310 4200 sicut
1361 4147 1534 4200 infans
1572 4147 1658 4200 hic
1711 4153 1832 4206 est.
1868 4163 1970 4198 untt
2030 4145 2110 4197 in-

543 4209 754 4262 trabitis
811 4213 866 4284 in
922 4230 1083 4282 regno
1135 4217 1428 4270 coelorum.
1489 4219 1510 4247 ⁵
1565 4217 1630 4269 Ει
1700 4217 1787 4281 qui
1831 4218 2104 4284 exceperit

470 4309 477 4312 -
543 4294 709 4352 unum
756 4281 912 4343 talem
983 4281 1230 4338 infantem
1281 4291 1333 4340 in
1391 4289 1607 4340 nomine
1640 4303 1819 4352 aueo,
1867 4281 2102 4339 me'ex-

544 4351 692 4416 cipit.
740 4352 1067 4417 Quicumque
1126 4364 1300 4406 autem
1344 4351 1992 4410 scandalizaverst‘unum
2040 4356 2110 4408 de

543 4418 748 4490 pusillis
767 4421 900 4480 istis,
922 4421 1010 4484 qui
1034 4420 1083 4471 iu
1109 4435 1192 4474 me
1212 4423 1455 4480 credunt.
1474 4426 1687 4488 expedit
1711 4427 1784 4478 illi
1805 4436 1861 4476 ut
1881 4441 2106 4491 suspen-

544 4492 699 4544 datur
722 4491 860 4544 mola
893 4491 1116 4544 asinaria
1144 4491 1284 4543 collo
1323 4495 1458 4558 ejus,
1489 4505 1543 4545 et
1579 4492 1599 4521 ⁶
1643 4494 2019 4558 praecipitetur
2053 4494 2105 4546 in

544 4561 862 4628 profundum
885 4561 1066 4614 maris.
1086 4559 1194 4614 Vae
1223 4571 1398 4615 autem
1419 4561 1542 4615 huic
1568 4563 1766 4614 mundo
1789 4567 1855 4613 ab
1884 4565 2096 4617 scanda-

543 4632 866 4687 Iis.Necesse
891 4643 970 4686 est
999 4632 1139 4687 enim
1166 4634 1351 4686 venire
1375 4632 1626 4686 scandala
1657 4650 1669 4683 :
1697 4641 2063 4685 verumtamen
2087 4633 2108 4661 τ

538 4718 640 4758 vae
670 4705 741 4759 illi
775 4703 1000 4765 homini,
1035 4718 1127 4772 per
1154 4719 1312 4773 quem
1338 4703 1647 4757 scandalum
1679 4703 1873 4773 veniet.
1907 4702 2060 4773 Quod
2087 4704 2109 4733 ⁸

541 4775 588 4828 si
627 4781 681 4828 te
709 4790 894 4838 manus
926 4771 1141 4842 tua,v_el
1171 4771 1260 4843 pes
1289 4773 1636 4837 scandalizat,
1664 4771 1911 4840 praecide
1939 4772 2107 4843 illum,

543 4852 599 4913 et
628 4845 826 4913 projice
847 4862 875 4898 a
902 4858 980 4900 te:
1010 4841 1213 4913 bonum
1235 4854 1316 4898 est
1345 4844 1436 4898 tibi
1474 4845 1540 4898 ad
1571 4846 1730 4898 vitam
1761 4845 1945 4896 venire
1965 4841 2114 4896 debi—

544 4912 650 4997 lem
675 4917 761 4969 vel
796 4916 1062 4996 claudum,
1090 4931 1253 4997 quam
1285 4916 1420 4970 duos
1449 4915 1613 4997 pedes
1637 4914 1722 4997 vel
1751 4913 1883 4966 duas
1925 4926 2114 4966 manus

543 4983 829 5040 habentem
854 4986 992 5039 mitti
1014 4987 1065 5039 in
1090 4979 1427 5055 "gehennam
1450 4979 1607 5056 ignis.
1671 4979 1684 5000 ⁰

1067 362 1339 428 EUSEBII
1376 368 1707 427 VEIiCELL.
1750 367 2108 427 EVANGELII

2227 367 2370 428 CUM
2407 357 2633 426 VARIIS
2668 365 2823 424 COD.
2867 361 3254 422 COLLATUM.

3690 362 3797 416 2W

2641 482 2874 538 CODEX
2912 476 3362 536 VEBONENSIS.

2219 553 2354 624 lilii?
2381 552 2680 624 Respondit
3040 547 3091 601 5.
3121 547 3352 624 rum._Et
3379 545 3470 616 qui

2215 623 2306 679 26.
2346 619 2511 679 certe}
2539 623 2608 680 Ut
2625 632 2803 679 autem
3035 619 3304 684 acceperit
3328 633 3492 671 unum

2218 710 2324 749 non
2347 694 2676 772 scandalise-
3036 703 3263 772 puerum
3293 689 3452 742 talem

2218 779 2338 819 mus
2362 780 2476 830 eos,
2509 764 2644 820 vade
3036 758 3089 812 in
3121 758 3336 813 nomine

2215 834 2282 908 ad
2305 827 2472 900 mare,
2502 845 2556 889 et
2582 835 2734 888 mitte
3035 843 3178 908 mea,
3202 844 3288 908 me
3311 827 3528 908 accipit.

2219 905 2434 958 hamum
2455 895 2473 959 Ξ
2504 915 2557 978 et
2579 920 2701 978 eum
3244 895 3619 957 antem'scan-

2217 977 2438 1043 piscem,
2467 974 2559 1043 qui
2585 974 2700 1043 pri-
3037 967 3420 1043 dalizat__nnum

2219 1037 2337 1098 inus
2358 1037 2683 1107 ascenderit,
3036 1038 3104 1093 de
3135 1037 3338 1106 pusillis
3367 1039 3506 1104 istis,

2218 1115 2348 1169 tolle
2370 1131 2390 1188 _:
2419 1126 2470 1168 et
2494 1124 2686 1188 aperto
3035 1110 3123 1188 qui
3154 1110 3204 1161 in
3237 1123 3322 1162 me
3348 1125 3469 1188 cre-

2217 1199 2741 1328 3i§s°l3i‘iii'i°éta-
3037 1181 3440 1328 ἓξῧῖξιῖέξὲἕέιέ

2220 1270 2333 1309 IlleS
2364 1269 2441 1309 ta)
2468 1269 2537 1309 IDI
2564 1269 2605 1309 'I‘
2634 1269 2741 1308 Sla-

2219 1325 2425 1379 !creni:
2455 1325 2604 1379 illum
2631 1339 2722 1378 su-

2219 1409 2370 1449 mens
2396 1395 2462 1450 da
2491 1396 2570 1449 eis
2589 1410 2684 1463 pro

2223 1480 2328 1529 me,
2354 1474 2407 1520 et
2437 1480 2531 1532 pro
2558 1472 2634 1520 te.

2373 1602 2596 1657 CAPUT
2627 1601 2812 1657 XVIII.

3037 1248 3084 1303 ei
3114 1257 3170 1302 ut
3189 1250 3487 1317 suspenda—
3534 1307 3538 1309 ,

3038 1327 3123 1372 tur
3151 1319 3290 1372 mola
3317 1321 3492 1374 asina-

3037 1389 3115 1442 ria
3145 1390 3196 1443 in
3225 1388 3372 1443 collo

3036 1458 3173 1526 ejus,
3200 1469 3256 1514 et
3285 1459 3496 1515 demer-

3038 1540 3192 1598 gatur
3220 1530 3272 1582 in
3305 1530 3525 1598 profun-

3038 1599 3162 1652 dum
3192 1599 3377 1654 maris.

3041 1668 3090 1721 7.
3125 1668 3232 1722 Vae
3258 1678 3439 1724 autem

3026 1737 3170 1793 huic
3201 1739 3400 1794 mundo

3040 1808 3110 1862 ab
3138 1810 3419 1864 scandalis.

2977 1930 2979 1933 .
3040 1877 3271 1934 Necesse
3293 1887 3381 1935 est
3415 1929 3420 1933 _

3042 1949 3185 2003 enim
3220 1950 3407 2005 venire

3041 2019 3288 2074 scandala
3309 2038 3322 2071 :
3352 2035 3566 2074 verunt-

3043 2101 3218 2144 tamen
3250 2103 3349 2144 vae
3382 2090 3479 2145 bo—

3041 2161 3168 2214 mini
3200 2157 3295 2222 illi,
3327 2175 3424 2230 per

3041 2246 3199 2298 quem
3231 2230 3550 2285 scandalum

2294 1743 2345 1797 1.
2388 1743 2442 1797 1η
2472 1741 2554 1794 illa
2580 1741 2665 1796 die
2690 1758 2778 1796 ac-

2222 1821 2498 1869 cesserunt
2514 1813 2762 1882 discipuli

2221 1884 2287 1937 ad
2312 1882 2515 1947 Iesum,
2544 1883 2725 1937 dicen-

2223 1965 2304 2008 tes
2335 1971 2346 2006 :
2375 1954 2505 2017 Quis
2527 1953 2709 2022 utique

2219 2023 2391 2092 major
2418 2032 2500 2077 est
2525 2022 2578 2076 in

2220 2109 2384 2161 regno
2405 2093 2714 2148 caelorum?

2218 2165 2272 2218 2.
2314 2163 2380 2218 Ει
2409 2164 2564 2218 Iesus
2589 2178 2744 2218 voca-

2219 2235 2298 2289 bit
2319 2249 2562 2303 puerum,
2590 2242 2648 2288 et

2218 2301 2400 2359 statuit
2422 2319 2542 2359 eum
2568 2305 2619 2356 in
3039 2301 3204 2355 venit.

2219 2375 2398 2429 medio
2423 2389 2634 2439 eorum,
3040 2372 3094 2426 8.
3124 2369 3277 2439 Quod
3310 2370 3356 2426 si

2216 2445 2270 2517 ὅ.
2311 2455 2366 2499 et
2391 2445 2522 2498 dixit
2549 2462 2560 2497 :
2591 2449 2759 2498 Amen
3021 2458 3230 2517 manus

2216 2514 2337 2569 dico
2366 2530 2457 2568 νο-
3021 2511 3129 2566 tua
3153 2511 3480 2566 scandalizat

2215 2585 2318 2652 bis,
2350 2585 2448 2639 nisi
2478 2600 2604 2638 cou-
2838 2640 2848 2652 ‘
3039 2591 3112 2644 te,
3144 2583 3226 2636 vel
3256 2596 3352 2650 pes

3040 2663 3183 2716 tuus,
3213 2650 3434 2705 abscide

3037 2737 3181 2783 eum,
3213 2731 3266 2774 et
3297 2723 3479 2789 proice

3038 2793 3134 2846 abs
3159 2801 3239 2846 te:
3272 2791 3474 2846 bonum

3042 2862 3134 2916 tibi
3162 2870 3245 2917 est
3269 2861 3319 2915 in
3346 2862 3427 2915 vi-

3046 2943 3152 2986 tam
3181 2933 3367 2986 venire
3394 2932 3492 2986 de-

3045 3003 3223 3056 bilem-
3235 3001 3318 3055 vel
3340 3002 3460 3055 cio-

3033 3072 3183 3135 dum,
3213 3082 3374 3139 quam
3467 3071 3471 3075 ’

3035 3142 3170 3197 duos
3199 3141 3364 3209 pedes

3034 3213 3115 3266 vel
3143 3211 3275 3266 duas
3306 3224 3496 3264 manus

3036 3282 3316 3336 habentem
3348 3281 3486 3333 mitti

3037 3354 3088 3406 in
3121 3354 3294 3421 ignem
3333 3361 3512 3404 aeter-

2673 3445 2900 3502 CODEX
2941 3441 3333 3500 BRthNUS.

2211 3527 2337 3571 sunt
2361 3517 2469 3571 lilii.
2495 3518 2562 3574 Ut
2583 3527 2760 3571 autem
2786 3535 2889 3573 non
2915 3515 3334 3569 scandalizemus
3361 3527 3456 3566 eos
3485 3521 3511 3549 ι
3532 3553 3546 3565 .
3581 3552 3596 3565 .
3629 3552 3645 3567 .
3675 3553 3690 3566 .
3731 3557 3742 3566 .
3783 3548 3798 3564 .

2211 3591 2342 3642 vade
2372 3588 2438 3642 ad
2463 3605 2608 3642 mare
2637 3600 2689 3642 et
2709 3592 2858 3642 mitte
2883 3591 3092 3640 hamum
3118 3594 3170 3638 et
3199 3598 3318 3636 eum
3350 3584 3550 3649 piscem
3577 3585 3668 3652 qui
3697 3585 3799 3651 pri-

2214 3675 2330 3711 mus
2360 3660 2658 3711 ascenderit
2695 3661 2840 3713 tolle.
2867 3667 2921 3711 et
2947 3665 3131 3723 aperto
3179 3669 3271 3708 ore
3310 3654 3426 3722 ejus
3465 3654 3710 3707 invenies
3741 3654 3796 3707 in

2211 3742 2277 3779 co
2303 3728 2602 3781 denarium.
2646 3731 2798 3782 illum
2831 3741 3066 3782 sumens.
3097 3726 3160 3778 da
3189 3726 3268 3778 eis
3295 3738 3393 3791 pro
3441 3740 3528 3778 me
3554 3733 3611 3778 et
3635 3733 3710 3778 te.
3743 3725 3797 3776 In

2214 3797 2300 3849 illa
2327 3796 2454 3850 hora
2480 3809 2820 3854 accesserunt
2845 3797 3086 3865 discipuli
3115 3795 3180 3848 ad
3195 3794 3799 3865 Iesumdicentesiuuis

2215 3880 2363 3932 pu‘nas
2393 3868 2562 3935 major
2580 3880 2662 3921 est
2693 3871 2745 3922 in
2777 3882 2940 3937 regno
2966 3863 3619 3937 caelorum.Etadvoca_ns
3634 3863 3797 3918 Iesus

2215 3933 2512 4002 parvulum.
2535 3933 2860 3990 statuiteuni
2889 3939 2938 3988 in
2969 3936 3143 3988 medio
3168 3945 3432 4002 eorumiet
3453 3933 3796 3986 dixit.Amen

2214 4001 2335 4070 dico
2367 4006 2538 4058 vobis.
2573 4009 2673 4060 nisi
2705 4006 2949 4063 conversi
2971 4003 3197 4056 fueritis.
3223 4011 3280 4053 ut
3307 4001 3621 4054 efﬁciamini
3654 4005 3800 4055 sicut

2216 4077 2416 4142 parvuli
2450 4090 2553 4129 n0u
2604 4075 2871 4129 intrabitis
2914 4090 2944 4126 τι
2968 4087 3132 4141 regno
3151 4071 3430 4142 caelorum.
3458 4073 3800 4142 Quicumque

2216 4139 2346 4212 ergo
2377 4145 2403 4183 ι’
2444 4146 2789 4199 ltumilavcrit
2817 4159 2875 4198 se
2903 4139 3049 4197 sicut
3069 4141 3318 4212 parvulus
3349 4139 3468 4192 iste.
3501 4140 3589 4195 hic
3622 4141 3801 4208 major

2215 4209 2315 4270 erit
2363 4217 2415 4270 in
2470 4232 2635 4285 regno
2690 4216 2982 4285 caelorum.
3032 4212 3098 4264 Et
3142 4209 3462 4285 quicumque
3527 4216 3802 4285 recellit?“

2214 4304 2377 4358 uiuim
2429 4282 2706 4356 parvulum
2753 4287 2908 4338 talem
2952 4283 3005 4358 in
3038 4284 3254 4335 nomine
3292 4282 3822 4358 tneo__n_te_recipit.

2211 4357 2312 4424 Qui
2343 4349 2530 4428 autem
2551 4354 3006 4428 seandalizaverit.
3049 4367 3210 4405 unum
3234 4365 3299 4404 ex
3325 4349 3527 4428 pusillis
3557 4349 3677 4428 istis
3709 4350 3800 4428 qui

2214 4417 2264 4479 ii.
2297 4444 2381 4480 me
2410 4427 2636 4481 credunt
2665 4428 2884 4495 expedit
2912 4427 2981 4479 ei.
3029 4435 3085 4477 ut
3113 4421 3473 4495 suspendatur
3502 4417 3648 4495 mola
3680 4421 3798 4472 asi-

2215 4499 2362 4549 naria
2393 4500 2443 4549 in
2473 4499 2615 4552 collo
2637 4489 2771 4565 ejus.
2804 4507 2854 4549 et
2877 4496 3222 4565 demergatur
3248 4489 3656 4565 iuuprol'undum
3687 4505 3803 4565 ma-

2215 4567 2308 4618 ris.
2340 4565 2449 4618 Vae
2477 4567 2598 4620 huic
2620 4561 2838 4620 m'undo.
2889 4567 2956 4619 ab
2981 4561 3266 4618 scandalis.
3291 4561 3520 4615 Necesse
3546 4570 3632 4612 est
3651 4564 3801 4614 enim

2215 4647 2272 4687 ut
2306 4638 2522 4688 veniant
2547 4637 2819 4691 scandala.
2847 4647 3213 4689 verumtamen
3241 4648 3342 4685 vae
3370 4630 3576 4684 homini
3603 4629 3686 4682 illi
3709 4645 3805 4699 per

2217 4719 2376 4772 quem
2407 4707 2714 4759 scandalum
2743 4705 2938 4760 v’enict.
2967 4704 3028 4759 Si
3054 4714 3230 4758 autem
3263 4716 3454 4755 manus
3481 4712 3569 4755 tua
3596 4701 3684 4772 vel
3707 4715 3802 4770 pes

2221 4771 2357 4849 tuus.
2397 4776 2740 4849 .scandalizat
2769 4785 2820 4849 te
2849 4774 3063 4849 abscide
3087 4789 3206 4849 eum
3248 4772 3529 4849 et__pr_oi_c_e
3573 4771 3673 4824 abs
3729 4781 3798 4849 te.

2219 4840 2414 4898 melius
2443 4857 2524 4899 est
2552 4846 2698 4901 enim
2733 4845 2823 4899 tibi
2851 4845 2901 4898 in
2937 4847 3096 4898 vitam
3150 4843 3354 4913 ingredi
3379 4840 3620 4913 debilem
3653 4842 3743 4894 vel
3776 4851 3798 4877 ε

2219 4915 2430 4996 cludunt
2457 4932 2616 4996 quam
2648 4918 2778 4996 duas
2808 4929 2994 4968 manus
3011 4915 3100 4969 vel
3126 4910 3262 4970 duos
3289 4912 3455 4982 pedes
3507 4910 3800 4967 habentem

2223 4986 2358 5037 mitti
2388 4985 2440 5038 in
2474 4985 2649 5054 ignem
2677 4994 2832 5039 aeter-

2217 2656 2360 2710 vcrsi
2389 2655 2610 2718 fueritis,

2214 2738 2268 2779 et
2296 2726 2602 2781 elticiamini

2213 2798 2350 2851 sicut
2375 2796 2549 2866 pueri,

2215 2882 2321 2920 non
2351 2866 2616 2920 intrabitis

2214 2937 2268 2989 in
2302 2952 2465 3006 regno
2486 2949 2609 2990 cae-

2214 3006 2410 3059 lorum.

2212 3074 2268 3128 4.
2301 3077 2630 3144 Quicumque
2661 3087 2789 3143 ergo

2213 3145 2578 3200 humiliaberit
2603 3159 2662 3199 se

2213 3218 2352 3269 sicut
2377 3232 2504 3284 puer
2533 3217 2654 3277 i5te,

2214 3285 2302 3339 hic
2330 3287 2498 3355 major
2526 3285 2628 3338 erit

2213 3355 2266 3409 in
2296 3373 2463 3426 regno
2491 3355 2668 3432 caelo-

1194 5075 1583 5132 VARIANTES
1611 5073 2000 5132 'IJEC'I‘IONES
2036 5072 2298 5130 CODICIS
2335 5073 2444 5130 MS.
2485 5073 2541 5129 S.
2584 5072 3094 5131 GERMANENSIS.

603 5166 621 5232 ξ
656 5166 756 5232 ibi,
779 5174 897 5228 etc.,
919 5171 970 5232 ᾳι
996 5165 1144 5226 Vulg.

598 5229 620 5292 ξ
653 5227 822 5292 utique
846 5227 994 5292 major
1020 5237 1097 5279 est

600 5290 624 5354 ξ
655 5290 845 5354 vocavit
864 5290 890 5337 J
897 5305 1011 5340 esus
1034 5290 1301 5354 parvulum,
1325 5299 1378 5341 et

601 5349 624 5380 "
661 5353 724 5403 Ut
749 5350 893 5413 Vulg.

599 5414 620 5444 ⁵
655 5405 956 5476 Quicumque
981 5416 1109 5464 enim
1141 5412 1461 5476 humiliaverit
1497 5427 1552 5464 se
1583 5417 1710 5465 sicut
1744 5426 1866 5476 puer
1890 5415 2012 5474 iste,
2038 5413 2116 5463 hic

538 5476 688 5537 major
712 5477 806 5526 erit
825 5475 1053 5538 in’reguo
1077 5475 1342 5526 coelorum.
1363 5476 1426 5526 Et
1445 5475 1792 5540 quiacccperit
1820 5489 1969 5539 unum
1992 5488 2116 5538 pue-

2220 5178 2327 5229 rum
2348 5164 2512 5229 talem,
2539 5171 2656 5224 etc.,
2683 5171 2735 5215 ut
2768 5164 2912 5229 Vulg.

2279 5227 2301 5256 ⁸
2333 5227 2650 5287 demergatur

2279 5289 2297 5319 "
2336 5302 2426 5338 vae
2448 5289 2659 5345 homini,
2684 5299 2831 5348 per...
2859 5288 2993 5336 venit

2279 5351 2300 5380 ⁸
2333 5351 2385 5398 si'
2399 5364 2565 5399 manus
2591 5346 2733 5398 ωδ...
2759 5357 2888 5413 tuus,
2909 5356 3027 5409 etc.,
3045 5351 3096 5398 ut
3125 5347 3272 5412 Vulg.
3303 5357 3472 5410 usque,
3497 5346 3675 5396 venire

2282 5413 2302 5443 θ
2339 5413 2505 5474 ignem
2525 5418 2785 5462 aeternum

1847 5557 2216 5615 BLANCIIINI
2256 5557 2487 5616 NOTAE.

611 5640 636 5665 ει
666 5631 758 5684 Hic
779 5631 973 5686 desunt
997 5633 1049 5686 in
1065 5630 1264 5687 Codice
1283 5632 1476 5687 litterae
1491 5641 1544 5686 et
1565 5632 1736 5687 media
1759 5632 1926 5687 ferme
1947 5631 2108 5686 linea.

613 5699 636 5735 ι·
671 5699 1029 5769 Humilaverit,
1057 5718 1157 5774 pro
1179 5717 1246 5758 eo
1269 5702 1410 5774 quod
1431 5711 1515 5758 est
1543 5702 1904 5758 humiliuverit.

626 5787 703 5857 (α)
725 5789 887 5847 Addit
909 5793 998 5861 ibi,
1025 5793 1188 5851 etiam
1209 5790 1344 5850 Cod.
1362 5791 1515 5850 Cant.
1535 5791 1658 5848 iiut.

2293 5641 2314 5670 ε
2345 5630 2581 5698 Clodum,
2617 5646 2712 5701 pro
2735 5628 2995 5686 claudum.
