5220 6530
85 320 174 409 soi
1023 322 1471 384 EVANGELIOM
1508 324 1880 385 SECUNDUM
1919 315 2348 387 MAT'l‘HEUM.

449 435 683 495 CODEX
723 431 1249 496 VERCELLENSIS.

889 531 1182 595 montibus,

889 615 944 658 et
967 603 1119 657 vadit'
1138 616 1306 672 quae-

889 688 1009 729 rere
1027 684 1144 727 eam
1171 687 1309 741 quae

892 744 977 799 15.
1007 742 1247 800 erravit?
1272 752 1321 798 et
1352 741 1396 798 si

84 546 286 591 3818"!“
293 549 342 588 111
353 574 365 585 .

85 609 130 663 9.
170 607 231 659 Et
251 607 296 660 si
317 602 642 660 oculustuus
663 615 821 658 scan-

83 677 263 732 dalizat
292 687 365 739 te.
395 687 522 728 erue

81 763 215 815 eum,
237 755 291 801 et
308 745 486 816 proice

81 820 166 870 alis
195 828 245 872 te
265 834 278 869 ε
311 817 501 870 bonum
889 817 1176 883 contigerit

84 889 166 943 tibi
195 897 276 942 est
303 901 426 942 ocu-
889 892 949 939 ut
977 884 1213 940 inveniat

81 961 178 1030 lum
210 972 395 1010 unum»
889 970 1008 1030 eam
1029 972 1042 1009 :

82 1029 357 1083 habentem
889 1025 1059 1080 Amen
1079 1025 1201 1082 dico
1228 1041 1322 1079 vo-

79 1099 127 1154 in
152 1101 312 1152 vitam
334 1111 424 1149 ve-
888 1095 991 1166 bis,
1024 1095 1162 1166 quod
1191 1111 1322 1165 gau-

81 1170 206 1233 nire,
232 1182 389 1238 quam
889 1165 1036 1238 debit
1063 1168 1114 1220 in
1141 1181 1261 1220 eam

77 1239 201 1293 duos
228 1237 413 1293 oculos
891 1237 1058 1304 magis
1077 1251 1236 1304 quam

891 1306 943 1359 in
967 1320 1166 1361 xcvnu.
1188 1320 1325 1376 quae

893 1390 998 1430 nou
1027 1391 1248 1432 errave-

894 1446 980 1500 M.
1011 1455 1153 1501 runt.
1187 1447 1277 1504 Sic
1304 1463 1410 1504 non

891 1527 974 1571 est
997 1520 1153 1572 volun
1166 1527 1246 1573 tas

891 1595 1015 1643 ante
1037 1587 1250 1643 Patrem

893 1667 1145 1724 vestrum,
1180 1659 1273 1726 qui

893 1737 978 1783 est
1002 1729 1052 1784 in
1081 1730 1268 1795 caelis,
1293 1741 1353 1784 ut

898 1809 1080 1868 pereat
1109 1815 1245 1854 unus

895 1869 962 1941 de
989 1871 1196 1941 pusillis
1226 1871 1297 1924 is-

898 1940 1002 1996 15.
1021 1943 1106 1996 tis.
1141 1942 1296 2008 Quod

894 2009 942 2065 si
971 2012 1270 2081 peCCaVerit

893 2081 945 2136 in
979 2093 1032 2138 te
1058 2083 1224 2137 frater

892 2160 1032 2219 tuus,
1067 2153 1218 2217 vade,
1252 2161 1306 2208 et

888 2224 1099 2293 corripe
1120 2239 1241 2277 eum

890 2295 1026 2348 inter
1056 2302 1129 2359 te,
1159 2304 1212 2349 et
1243 2295 1318 2364 ip-

889 2379 1007 2418 sum
1035 2365 1230 2419 solum.

887 2434 945 2490 Si
974 2445 1024 2489 te
1045 2435 1294 2499 audierit,

889 2505 1123 2558 lucratus
1145 2507 1254 2559 eris

889 2575 1106 2628 fratrem
1140 2585 1310 2628 tuum.

891 2643 986 2698 16..
1008 2645 1064 2699 Si
1093 2654 1271 2698 autem
1306 2656 1409 2698 non

891 2723 943 2768 te
967 2713 1214 2779 audierit,
1243 2714 1327 2768 ad.

889 2784 1220 2841 hibe‘tecum

889 2856 1067 2909 adlmo
1093 2865 1145 2910 et
1169 2869 1356 2920 unum,

892 2927 975 2981 vel
1004 2927 1138 2980 duos
1163 2942 1178 2989 ;
1211 2936 1266 2981 ut
1292 2925 1350 2979 in

891 3010 987 3051 ore
1011 2997 1239 3051 duorum

893 3067 1128 3133 testium,
1163 3067 1243 3122 vel

893 3139 1048 3194 trium
1081 3147 1184 3193 stet
1215 3154 1333 3192 om-

486 3269 710 3325 L'ODEX
749 3268 1216 3328 (ξοιιΒΕιιςΝδιε.

72 3383 136 3436 Et
160 3383 204 3438 si
225 3381 414 3458 oculos
437 3397 555 3439 tuus
578 3385 948 3458 scandalizat,‘
973 3387 1151 3442 exime
1180 3387 1417 3451 illum,et
1446 3384 1649 3458 projice

80 1310 358 1364 habentem
380 1351 382 1353 μ

78 1379 291 1459 mittiin
313 1375 514 1461 gehen-

77 1465 190 1504 nam
217 1464 376 1520 igms.
461 1473 465 1478 -

79 1520 159 1574 10.
191 1519 376 1574 Videte
400 1529 466 1571 ne
491 1528 621 1568 con-

74 1589 319 1646 temnatis
346 1599 502 1642 unum

75 1676 136 1716 ex
161 1659 244 1714 bis
284 1658 486 1728 pusillis
507 1671 522 1708 :

79 1731 195 1784 dico
218 1733 362 1786 enim

79 1800 244 1865 vobis,
278 1799 416 1868 quod
440 1813 536 1853 an-

76 1870 173 1940 geli
196 1886 383 1925 eorum

78 1941 128 1995 in
153 1942 317 1997 caelis
338 1956 475 1996 sem-

78 2026 169 2080 per
193 2011 379 2068 vident
401 2011 475 2066 fa-

77 2083 208 2137 ciem
237 2082 411 2137 Patris

76 2155 196 2215 ntei,
227 2153 317 2220 qui
348 2153 400 2206 in
429 2167 550 2207 cae-

76 2223 155 2276 11.
186 2224 250 2276 lis
276 2231 378 2277 est.
411 2223 566 2278 Venit

73 2302 244 2347 autem
268 2292 435 2347 Filius

77 2361 302 2416 hominis
325 2363 430 2416 sal-

74 2447 214 2498 vare,
243 2433 385 2502 quod
414 2447 500 2502 pe-
541 2493 544 2495 Α

75 2506 254 2557 rierat.

77 2574 156 2627 l2.
187 2572 322 2642 Quid
343 2583 516 2629 autem
545 2587 638 2627 vo-

75 2645 151 2698 bis
178 2644 421 2699 videtur?

74 2715 114 2768 si
136 2714 338 2769 fuerint
363 2715 460 2768 ali-

73 2785 152 2840 cui
180 2784 256 2856 (b)
289 2784 484 2840 homini
515 2783 555 2856 σε

73 2865 280 2917 centum
307 2870 459 2914 OVBS,

74 2936 125 2979 et
151 2927 194 2979 si
219 2926 483 2980 erraverit

72 3011 169 3051 una
200 3011 267 3051 ex
293 2997 401 3050 eis:
434 3010 564 3051 nou-

71 3081 136 3123 ne
157 3065 420 3135 relinquet

72 3151 270 3196 ιενιιιι.
306 3153 358 3192 111

71 3463 165 3507 ate
202 3472 213 3506 :
242 3455 424 3509 utilius
458 3465 541 3512 est
569 3456 707 3511 enim
733 3457 826 3510 tibi
855 3472 1013 3510 unum
1033 3458 1244 3511 oculum
1265 3455 1555 3513 habentem
1576 3461 1654 3514 in—

72 3535 206 3597 trare
218 3525 285 3578 ad
300 3526 642 3597 vitam,quam
665 3528 798 3580 duos
813 3528 996 3580 Oculos
1014 3529 1296 3581 habentem
1321 3530 1457 3579 tnitti
1485 3531 1535 3581 in
1558 3545 1623 3597 ge
1642 3560 1656 3569 -

73 3593 670 3666 lieiinainigtiis.Vitlete
701 3613 765 3650 ne
793 3599 1178 3650 contemnalis‘
1199 3599 1262 3649 de
1293 3598 1374 3650 his
1400 3593 1648 3666 pusillis:u

69 3665 412 3739 credentibus
436 3667 484 3718 in
518 3682 628 3720 me:
657 3666 776 3723 dico
804 3668 945 3721 enim
977 3668 1158 3739 vobis,
1191 3665 1443 3734 quoniam
1474 3671 1647 3739 angeli

69 3749 247 3808 eorum
271 3734 488 3808 ’_v_ident
512 3749 729 3808 semper
756 3739 939 3808 faciem
975 3738 1143 3790 Patris
1172 3739 1296 3802 mei,
1324 3739 1414 3808 qui
1443 3739 1494 3792 in
1519 3734 1640 3794 coe-

71 3802 130 3852 Iis
154 3811 256 3856 est.
288 3803 308 3831 ⁸
332 3801 358 3840 ι)
387 3803 520 3870 Quid
555 3805 702 3859 vobis
723 3807 963 3861 videtur?
990 3809 1032 3859 si
1067 3808 1086 3838 ³
1106 3809 1191 3862 cui
1222 3801 1424 3862 homini
1451 3811 1649 3864 l‘ueriut

69 3882 278 3925 centum
309 3889 461 3938 oves,
489 3884 540 3927 et
567 3880 826 3929 erraverit
857 3893 959 3930 una
989 3890 1053 3931 ex
1081 3879 1184 3932 illis
1211 3896 1222 3932 :
1273 3896 1455 3933 unum:
1498 3881 1518 3912 ⁸
1558 3898 1644 3935 re-

69 3942 848 4020 linquitnouagintanovemin
891 3949 1193 4014 montibus,
1227 3959 1280 4004 et
1323 3950 1474 4004 vadit
1501 3967 1645 4020 qna:-

71 4027 183 4066 iere
222 4013 370 4089 illam
415 4031 530 4089 qua:
558 4019 800 4071 erravit?
837 4030 890 4078 el
918 4023 959 4072 si
991 4020 1278 4089 contigerit
1325 4033 1382 4074 ut
1411 4013 1645 4076 inveniat

68 4098 179 4135 eam
206 4101 218 4135 :
247 4083 570 4161 Amendico
592 4089 766 4154 vobis,
798 4090 816 4120 ⁷
846 4090 985 4158 quod
1019 4083 1413 4161 plus'gaudebit
1443 4095 1492 4145 iu
1525 4110 1639 4146 eam

67 4168 219 4221 quam
255 4158 306 4210 in
340 4158 1139 4226 nonagintauovem,quaenon
1165 4158 1504 4216 erraverunt.
1549 4162 1641 4216 Sic

69 4240 167 4276 non
199 4237 282 4279 est
312 4228 558 4282 voluntas
583 4240 707 4283 ante
731 4229 943 4284 Patrem
972 4243 1228 4296 vestrum,
1279 4232 1365 4299 qui
1395 4233 1444 4282 in
1472 4233 1642 4283 coelis
1696 4231 1699 4234 ’

69 4304 149 4348 est
173 4337 184 4358 ,
217 4306 275 4350 ut
301 4309 486 4367 pereat
512 4315 645 4352 unus
670 4299 736 4352 de
765 4300 968 4366 pusillis
997 4302 1146 4350 istis»
1171 4301 1320 4364 Quod
1372 4302 1413 4351 si
1449 4313 1638 4364 pecca-

69 4368 202 4420 verit
229 4368 281 4420 in
317 4380 368 4421 te
413 4370 574 4437 initer
604 4377 724 4422 tuus
748 4409 762 4428 ,
797 4368 962 4434 vade,
996 4370 1017 4399 ⁸
1051 4371 1261 4437 corripe
1298 4369 1449 4422 illum
1491 4371 1640 4424 solus

68 4447 185 4490 cum
216 4438 361 4493 solo.
391 4437 446 4493 Si
473 4437 525 4491 le
553 4438 808 4502 audierit,
841 4439 1074 4492 lucratus
1103 4455 1161 4490 es
1217 4439 1434 4494 fratrem
1469 4449 1638 4492 tuum.

71 4507 90 4537 ’
116 4509 265 4571 Quod
297 4513 344 4565 si
387 4518 439 4564 te
485 4524 586 4563 non
626 4509 851 4562 audit-rit
879 4549 894 4572 ,
933 4508 1126 4562 adhibe
1159 4524 1357 4572 unum,
1388 4520 1476 4562 aut
1505 4513 1640 4564 duos

74 4583 243 4702 ticam
281 4595 296 4644 ;
326 4588 383 4634 et
410 4581 773 4649 praesentibus
803 4580 1008 4634 duobus
1036 4621 1050 4645 ,
1100 4581 1184 4634 vel
1217 4581 1385 4635 tribus
1418 4583 1649 4636 testibus-

74 4661 98 4700 s
123 4664 148 4700 a
191 4660 231 4702 it
259 4665 372 4702 om-

74 4651 231 4704 stabit
259 4665 372 4704 om-

1736 606 1800 660 ‘9.
1835 605 1898 660 Et
1925 605 1971 660 si
2000 605 2187 660 oculus

1735 2363 1840 2415 .nit
1865 2362 2031 2417 Filius
2055 2363 2153 2417 ho-

3215 335 3321 390 261

2156 497 2159 500 .
2179 440 2406 498 CODEX
2452 440 2899 500 VERONENSIS.

2575 536 2736 600 tibus,
2769 546 2821 590 et
2853 535 2998 590 vadit

2573 622 2836 674 quaerere
2857 621 2976 661 eam

2572 693 2707 743 quae
2733 679 2956 745 erravit,

2578 747 2660 802 15.
2688 757 2741 803 et
2768 750 2812 802 si

2578 819 2865 885 comigerit

2581 901 2634 940 ut
2663 890 2896 942 inveniat
2926 904 3049 944 eam
3068 909 3080 945 :

2577 962 2748 1013 Amen
2770 959 2891 1013 dico
2920 975 3016 1014 vo-

2578 1028 2680 1100 bis,
2701 1030 2853 1098 'quod
2881 1047 3011 1100 gau-

2578 1099 2723 1153 debit
2748 1100 2799 1154 in
2831 1116 2951 1154 eam

2583 1172 2750 1238 magis
2779 1187 2938 1240 quam
2971 1171 3026 1226 in

2579 1256 2779 1295 xcvnu.
2803 1256 2944 1308 quae

2578 1326 2685 1365 11011
2709 1326 2925 1368 errave-

2578 1392 2721 1436 runt.

2578 1450 2664 1505 14.
2695 1452 2784 1506 Sic
2812 1467 2918 1506 non
2949 1462 3033 1506 est

2580 1522 2828 1574 voluntas
2856 1534 2985 1575 ante

1749 551 1898 588 num.

1753 686 1872 730 tuus
1898 676 2226 730 scandalizat

1753 755 1828 814 te,
1860 761 1988 801 erue
2014 762 2158 810 cum,

1751 824 1808 871 et
1835 819 2014 886 proice
2041 817 2140 872 abs

1754 896 1843 944 te:
1877 888 2072 941 bonum
2107 886 2201 941 tibi
2261 932 2266 937 .

1750 968 1834 1011 est
1863 961 2005 1011 enim
2041 973 2170 1012 ocu-

1754 1027 1860 1080 lum
1889 1027 2169 1082 habentem

1751 1099 1804 1152 in
1837 1099 1998 1150 vitam
2032 1099 2199 1154 intra-

1752 1183 1831 1230 re,
1863 1183 2019 1236 quam
2047 1168 2182 1225 duos

1751 1238 1937 1294 oculos
1961 1239 2244 1296 habentem

1750 1309 1887 1362 mitti
1906 1310 1971 1388 in
1997 1309 2196 1388 gehen-

1751 1394 1875 1432 nam
1906 1392 2062 1445 ignis.

1755 1448 1841 1502 10.
1880 1447 2066 1503 Videte
2091 1465 2160 1503 ne
2182 1464 2316 1505 con-

1753 1518 2001 1573 temnatis
2033 1534 2196 1573 unum

1753 1604 1819 1642 ex
1849 1589 1932 1642 his
1959 1589 2125 1657 pusil—

1755 1659 1842 1724 lis,
1872 1659 1948 1723 ia)
1977 1660 2065 1728 qui
2094 1674 2211 1714 cre-

1755 1731 1888 1782 dunt
1918 1732 1968 1783 iu
1999 1746 2082 1784 me
2110 1732 2186 1800 τε

1754 1800 1876 1854 dico
1896 1800 2038 1854 enim
2066 1816 2160 1854 vo-

1753 1870 1858 1934 bis,
1888 1871 2031 1940 quod
2056 1885 2152 1924 an-

1754 1941 1858 2022 geli
1885 1956 2071 2022 eorum

1754 2011 1809 2065 in
1833 2011 1996 2066 caelis
2023 2026 2165 2066 sem-

1755 2095 1853 2150 per
1873 2083 2051 2136 vident
2080 2083 2156 2134 fa-

1759 2152 1896 2206 ciem
1923 2152 2097 2206 Patris

1759 2224 1887 2287 mei,
1917 2225 2006 2293 qui
2036 2222 2088 2276 in

1760 2293 1848 2346 11.
1879 2294 2043 2350 caelis
2068 2301 2172 2347 est.
2197 2293 2302 2348 Ve-

2581 1590 2792 1646 Patrem
2821 1600 3076 1659 vestrum,

2581 1665 2668 1730 qui
2699 1663 2749 1715 in
2779 1663 2944 1722 caelis

2581 1741 2688 1796 est,
2719 1745 2777 1786 ut
2801 1743 2985 1800 pereat

2583 1817 2722 1873 unus
2749 1817 2816 1857 ex
2845 1819 2944 1873 pu-

2584 1872 2716 1925 sillis
2739 1872 2874 1927 istis.

2584 1943 2671 1997 15.
2706 1943 2856 2022 Quod
2879 1944 2923 1998 si
2953 1959 3076 2013 pec-

2582 2024 2784 2066 caverit
2813 2030 2864 2066 111
2898 2023 2950 2069 te

2582 2082 2746 2136 frater
2775 2091 2918 2149 tuus,

2583 2155 2735 2218 vade,
2759 2163 2815 2207 et
2838 2169 2960 2207 cor—

2582 2223 2696 2292 ripe
2717 2239 2837 2278 eum
2858 2226 2940 2278 in-

2585 2303 2665 2348 ter
2689 2305 2758 2359 te,
2788 2304 2841 2346 et
2868 2295 3042 2364 ipsum

2583 2364 2779 2420 solum.
2811 2364 2867 2420 Si
2901 2377 2952 2420 te

2583 2436 2811 2489 audierit
2831 2477 2847 2498 ,
2871 2435 3052 2492 lucra-

2586 2514 2669 2558 tus
2699 2506 2807 2560 eris
2834 2507 3052 2561 fratrem

2587 2583 2756 2628 illiilli.

2587 2643 2674 2699 16.
2704 2645 2759 2698 Si
2785 2655 2963 2700 autem
2984 2660 3089 2701 non

2584 2723 2635 2767 te
2663 2715 2914 2780 audierit,
2945 2717 3040 2771 ad-

2584 2783 2711 2839 hibe
2741 2795 2913 2840 tecum
2936 2787 3032 2841 ad-

2585 2854 2688 2909 huc
2713 2871 2900 2923 unum,
2934 2858 3019 2912 vel
3112 2901 3115 2905 .

2584 2925 2719 2980 duos
2741 2942 2754 2991 ;
2787 2937 2844 2981 ut
2864 2927 2917 2980 in

1759 2433 1919 2486 minis
1948 2434 2176 2496 salvarc,

1760 2503 1900 2569 quod
1930 2503 2180 2571 perierat.

1761 2573 1846 2626 12.
1880 2576 2014 2641 Quid
2042 2573 2196 2627 vobis

1757 2642 2004 2698 videtur?
2032 2646 2074 2698 si
2107 2644 2218 2699 fue-

1757 2713 1864 2766 rint
1888 2714 2063 2767 alicui.
2088 2715 2164 2783 (ὁ)

1760 2783 1959 2836 homini
1991 2783 2032 2853 ’ξ-
2053 2797 2181 2838 cen-

1758 2859 1869 2906 tum
1896 2868 2042 2918 oves,
2071 2863 2126 2908 et

1758 2927 2019 2979 erraverit
2043 2939 2145 2978 una
2169 2987 2176 2993 ,

1759 3008 1824 3049 ex
1849 2995 1961 3049 eis:
1994 3006 2172 3050 nonne
2583 3010 2680 3050 ore
2707 2996 2935 3051 duorum

1761 3065 2026 3148 relinquet
2054 3082 2124 3121 xc
2583 3065 2825 3148 testium,
2854 3069 2943 3124 vel

1761 3144 1817 3189 et
1847 3151 1977 3191 vnn.
2007 3144 2061 3192 in
2090 3152 2240 3192 mon-
2585 3144 2744 3191 trium
2778 3148 2884 3194 stet

2221 3269 2449 3325 consx
2483 3269 2884 3358 nummus.

1761 3401 1907 3440 num.
1946 3386 2008 3439 Et
2038 3386 2080 3438 si
2111 3385 2294 3440 oculos
2325 3394 2444 3439 tuus
2481 3387 2812 3441 scandalizat
2849 3396 2920 3443 te.
2953 3403 3082 3444 erue
3107 3404 3252 3444 eum.
3288 3399 3342 3445 et

1764 3460 1945 3524 proice
1985 3459 2080 3509 abs
2129 3465 2198 3510 te.
2247 3457 2438 3510 melius
2473 3469 2554 3510 est
2580 3459 2724 3511 enim
2756 3459 2870 3511 tibi.
2896 3475 3015 3512 cum
3051 3477 3156 3513 uno
3183 3461 3340 3514 oculo

1763 3526 1816 3578 in
1845 3528 2004 3578 vitam
2054 3527 2276 3594 ingredi.
2316 3542 2472 3593 quam
2496 3527 2632 3580 duos
2653 3529 2839 3582 oculos
2869 3529 3171 3584 habentem.
3206 3531 3340 3584 mitti

1763 3597 1817 3648 in
1852 3597 2023 3665 ignem
2057 3611 2337 3650 aeternum.
2379 3595 2568 3651 Videte
2604 3613 2671 3651 ne
2695 3603 3050 3653 contemnatis
3084 3617 3244 3654 unum
3273 3616 3337 3654 es

1759 3666 1971 3739 pusillis
2019 3666 2154 3721 i~tis.
2194 3669 2315 3720 dico
2341 3669 2482 3739 enim
2527 3668 2698 3721 vobis.
2729 3672 2848 3736 quia
2877 3671 3254 3739 angelicorum
3280 3669 3334 3722 in

1759 3738 1923 3808 caelis
1953 3753 2167 3804 semper
2209 3739 2390 3791 vident
2435 3738 2622 3792 faciem
2657 3740 2826 3793 Patris
2854 3738 2964 3794 mei
2990 3741 3078 3808 qui
3103 3743 3152 3793 in
3178 3740 3338 3792 caelis

1762 3807 2028 3861 est.Venit
2059 3810 2199 3862 enim
2230 3808 2396 3862 Filius
2423 3808 2656 3863 hominis
2684 3812 2891 3862 salvarc
2913 3807 3051 3875 quod
3085 3814 3334 3876 perierat.

1759 3879 1894 3946 Quid
1926 3881 2074 3935 vobis
2109 3879 2316 3934 videtur
2345 3881 2388 3932 si
2421 3880 2619 3933 fuerint
2643 3882 2801 3933 alicui
2825 3880 2900 3947 (ὁ)
2927 3879 3126 3931 homini
3152 3877 3190 3946 -ί-
3213 3893 3340 3931 cen-

1761 3961 1872 4002 tum
1904 3965 2050 4003 oves.
2104 3962 2155 4004 et
2181 3952 2442 4003 erraverit
2471 3965 2572 4003 una
2612 3965 2674 4002 ex
2709 3953 2804 4002 eis.
2852 3964 3030 4002 noiine
3077 3948 3342 4017 relinquet

1760 4023 2290 4089 nonuagiutanovem
2318 4023 2368 4072 in
2399 4020 2749 4072 montibumet
2775 4020 3197 4086 vaditquaererc
3221 4035 3340 4072 eam

1759 4105 1898 4160 quae
1923 4094 2140 4143 erravit.
2169 4101 2221 4144 et
2253 4092 2294 4142 si
2325 4090 2629 4160 contigerit.
2663 4101 2716 4141 ut
2741 4089 2977 4142 inveniat
3001 4105 3139 4143 eam.
3169 4094 3340 4145 Amen

1753 4161 1876 4213 dico
1893 4160 2061 4230 Vobis.
2082 4160 2200 4227 quia
2222 4159 2471 4225 gaudebit
2489 4172 2777 4226 supeream
2791 4197 2804 4210 .
2823 4162 2991 4228 magis
3005 4175 3163 4226 quam
3181 4175 3343 4230 super

1755 4227 2078 4295 nonnaginta
2106 4242 2292 4280 novem
2344 4243 2477 4295 quae
2507 4245 2611 4280 non
2644 4227 2981 4284 erraverunt.
3013 4232 3102 4284 Sic
3126 4246 3229 4285 non
3251 4227 3344 4284 ’est

1753 4299 1998 4350 voluntas
2026 4299 2075 4350 in
2106 4307 2393 4365 Conspectu
2423 4299 2594 4352 Patris
2623 4302 2781 4352 vestri
2805 4301 2894 4368 qui
2924 4302 2974 4354 in
2998 4302 3160 4356 caelis
3177 4311 3346 4356 est.ut

1754 4377 1937 4440 pereat
1971 4384 2107 4422 unus
2135 4369 2205 4440 de
2234 4368 2438 4435 pusillis
2466 4368 2661 4424 istis.Si
2687 4381 2866 4425 autem
2894 4375 3192 4440 peccaverit
3216 4375 3266 4426 in
3291 4384 3342 4427 te

1757 4438 1924 4510 frater
1956 4448 2076 4492 tuus
2112 4438 2243 4493 vade
2269 4450 2316 4492 et
2341 4441 2552 4510 corripe
2581 4456 2702 4494 eum
2728 4442 2866 4496 inter
2889 4438 2940 4497 te
2966 4454 3019 4497 et
3050 4445 3219 4510 ipsum
3257 4457 3343 4496 so—

1757 4508 1887 4564 lum.
1917 4510 1970 4563 Si
2005 4519 2056 4564 te
2087 4510 2309 4564 audierit
2339 4508 2571 4565 lucratus
2587 4528 2646 4566 es
2661 4508 3146 4568 fratr-emluum.'Si
3164 4522 3338 4566 autem

1760 4596 1862 4634 non
1897 4591 1948 4634 te
1985 4583 2214 4637 audierit
2236 4582 2436 4636 adhibe
2466 4589 2643 4637 tecum
2666 4584 2841 4636 adhuc
2883 4599 3046 4636 unum
3074 4586 3153 4637 vel
3181 4583 3339 4637 duos.

1757 4661 1816 4706 ut
1835 4653 1884 4705 in
1905 4666 2000 4707 ore
2023 4654 2246 4707 duorum
2274 4653 2487 4707 tesuum
2507 4653 2587 4708 vel
2611 4655 2770 4708 trium
2789 4662 2895 4709 stet
2913 4669 3030 4708 om-

732 4807 1121 4866 VARIANTES
1157 4807 1542 4864 LECTIONES
1586 4807 1860 4865 CODICIS
1899 4807 2011 4864 MS.
2052 4807 2108 4864 S.
2150 4805 2664 4862 GERMANENSIS.
2933 4807 2948 4831 '

129 4945 145 4973 ι
179 4947 249 5005 te,
265 4956 393 4992 eruo
407 4956 570 4994 eum...
592 4946 740 4995 abste
760 4960 772 4995 :
788 4944 966 4994 bonum
985 4945 1069 4994 tibi
1089 4953 1222 4995 est...
1239 4947 1288 4996 in
1304 4946 1454 4997 vitam
1470 4950 1646 4998 venire

126 5005 146 5036 ³
178 5018 330 5053 unum
344 5017 419 5067 ex
439 5005 624 5067 pusillis
641 5008 668 5042 ⁸
691 5009 773 5067 qui
791 5006 998 5056 credunt
1020 5007 1070 5055 in
1090 5019 1176 5057 me

125 5067 146 5130 ξ
175 5067 225 5130 l_t_t
248 5066 403 5130 coelis
424 5066 620 5130 semper
647 5066 812 5130 vident

126 5127 147 5197 ξ
178 5127 329 5197 Υεηέι
352 5125 382 5197 ει
408 5125 556 5197 σξειίιιὶ»
579 5135 630 5181 ια
653 5127 799 5197 Vulg-

128 5190 148 5222 ³
178 5187 372 5241 fuerint
395 5189 539 5240 alicui

1822 4947 1845 4978 ο
1877 4944 2126 5007 relinquet

1819 5009 1840 5040 τ
1875 5007 2005 5068 quod
2022 5004 2256 5068 gaudebit
2275 5016 2424 5066 super
2445 5016 2573 5067 eam,
2595 5007 2750 5071 magis
2772 5020 2918 5071 quam

1821 5069 1843 5133 ἓ
1878 5076 1944 5133 et,
1974 5075 2090 5124 etc.,
2116 5073 2165 5116 ut
2197 5063 2341 5133 Vulg.
2371 5131 2412 5133 __
2453 5127 2467 5133 _

1749 5199 1758 5210 .
1818 5132 1841 5162 ο
1874 5128 1925 5178 Si
1947 5133 2128 5190 autem,
2155 5135 2276 5192 etc.,
2294 5127 2346 5180 iu
2371 5127 2518 5195 Vulg.

1370 5299 1733 5361 BLANCHINI
1763 5300 1991 5359 NOTAE.

136 5445 159 5472 ι
186 5433 261 5512 lt_a
293 5432 527 5490 Hilarius
554 5431 753 5512 addens
774 5447 898 5512 cum
939 5450 1067 5512 mss.
1094 5437 1317 5512 nostris
1340 5481 1356 5507 ,
1406 5442 1497 5512 qui
1541 5453 1651 5496 cre-

72 5503 188 5584 dunt
213 5507 266 5584 in
293 5521 422 5584 me_,'
449 5503 592 5584 quod
616 5505 1067 5584 teque__adnotavit
1093 5507 1144 5562 in
1177 5503 1442 5568 Versioue
1473 5511 1649 5584 Anglo

73 5573 328 5632 Saxonica
353 5575 456 5632 'l‘h.
472 5573 477 5574 ⁷
492 5573 883 5632 Mareschallus.

140 5714 214 5788 (α)
243 5714 431 5780 Addit,
482 5715 568 5798 gari
590 5715 801 5772 credunt
840 5716 894 5771 in
947 5732 1042 5770 me.
1088 5715 1154 5771 Et
1205 5720 1275 5774 ita
1322 5722 1440 5781 cod.
1486 5714 1507 5776 1

77 5785 144 5858 (b)
169 5783 335 5845 Addit
360 5784 574 5853 bonum,
600 5787 758 5844 etiam
789 5795 960 5844 textus
986 5787 1208 5846 Graecus
1231 5792 1507 5867 ἀνθρώπῳ.

1828 5438 1856 5478 δ
1885 5438 2101 5508 Integer
2121 5434 2413 5510 versiculus
2439 5437 2527 5493 hic
2557 5453 2770 5510 quoque
2796 5440 3132 5496 desideratur
3158 5441 3210 5495 in
3233 5456 3338 5496 ms.-

1757 5506 2106 5566 Corbeiensi:
2137 5506 2383 5562 eumdem
2413 5523 2542 5564 vero
2568 5506 2766 5565 retinet
2788 5511 2957 5567 codex
2980 5512 3340 5568 Sail-Germa-

1759 5579 1942 5637 nensis
1960 5620 1977 5648 ,
2003 5577 2252 5648 Vulgata:
2277 5577 2499 5635 editioni
2528 5581 2899 5638 consentiens.

515 5715 568 5794 κῇ
590 5715 801 5794 credunt
840 5716 894 5771 in
947 5732 1042 5794 ηιξ.
1088 5715 1154 5771 Ει
1205 5720 1275 5794 ita
1304 5722 1440 5794 700d.
1486 5713 1644 5777 Cant.
1689 5727 1786 5780 τῶν
1838 5717 2179 5779 πιστευόντων
2235 5719 2304 5781 sic
2367 5719 2490 5794 35d;
2542 5733 2574 5777 θ

1304 5722 1440 5794 cod.
1486 5713 1644 5777 Cant.
1689 5727 1786 5780 τῶν
1838 5717 2179 5779 πιστευόντων
2235 5719 2304 5781 εἰς
2367 5719 2490 5794 ipf;
2542 5733 2574 5777 θ
2617 5733 2773 5775 versu
2818 5717 2851 5774 6
2898 5716 3055 5790 hujus
3101 5735 3219 5792 cap.
3272 5754 3339 5765 —
