3900 6388
460 255 566 311 261
1000 252 1269 310 susesu
1308 249 1637 308 vanusne.
1685 246 2126 309 EVANGELIUM
2164 246 2305 310 sua
2344 246 2571 308 vanus
2605 201 2758 308 con.
2800 248 3191 312 comarum.
3610 250 3722 313 eos

2567 364 2799 421 CODEX
2838 361 3281 423 VERONENSIS.

848 365 1081 422 CODEX
1120 364 1654 423 VERCELLENSIS.

461 471 606 516 esset
634 460 673 528 ",-
698 473 903 514 sermo-
1293 526 1305 528 _
1352 472 1479 528 una.

463 545 561 585 nes
587 526 718 584 istos
740 530 897 584 Jesus
919 570 932 595 ,
1279 526 1331 581 6.
1376 527 1560 595 Itaque
1579 526 1687 594 jam
1712 539 1816 580 non

464 602 738 654 transtulit
764 615 823 654 se
922 594 926 595 ί
1279 605 1405 650 sunt
1427 594 1534 651 duo
1551 637 1564 659 ,
1587 594 1681 650 sed

460 687 488 723 a
517 671 771 733 Galilaea,
801 679 857 724 et
1278 682 1383 720 una
1409 682 1555 719 caro.

462 741 609 817 venit
641 743 691 817 in
721 741 838 794 liui-
1276 736 1429 802 Quod
1452 751 1579 817 ergo
1596 736 1706 814 _De-

456 810 558 865 bus
578 809 775 886 Judeae
794 819 847 864 et
1273 822 1337 886 us
1357 809 1632 873 conjunxit

456 888 604 934 trans
626 879 812 933 Jorda-
1277 879 1329 929 in
1357 892 1553 941 unum,
1588 890 1693 930 non

454 950 510 1004 2.
554 965 677 1011 nen,
703 959 755 1003 et
782 963 935 1003 secu-
1274 946 1401 1000 licet
1433 961 1647 1013 separa-

455 1028 541 1075 tae
566 1030 825 1073 suntcum
1273 1016 1325 1067 7.
1372 1017 1436 1068 ri.
1472 1016 1666 1069 Dicunt
1689 1014 1765 1069 illi
1800 1035 1813 1070 :

451 1090 636 1145 turbae
659 1089 795 1143 mul-
1271 1085 1410 1153 Quid
1437 1100 1564 1154 ergo
1591 1086 1738 1155 Zion-

449 1168 555 1225 tae,
582 1168 636 1213 et
658 1158 865 1213 curavit
1269 1170 1358 1225 ses
1384 1155 1654 1209 mandavit

444 1224 585 1283 illos.
635 1270 648 1283 .
695 1268 707 1280 .
752 1266 767 1281 .
814 1269 828 1281 .
873 1269 885 1281 .
1267 1224 1381 1278 dari
1412 1226 1601 1279 librum

444 1298 499 1353 5.
542 1299 606 1352 Et
634 1307 979 1352 accesserunt
1269 1294 1472 1363 repudii
1490 1336 1505 1359 ,
1534 1304 1587 1349 et
1611 1293 1691 1348 di-

444 1368 511 1422 ad
534 1383 654 1423 eum
679 1368 863 1422 Phari-
1267 1366 1513 1418 mittere?
1670 1398 1673 1401 »

443 1441 552 1492 saei
578 1447 837 1506 temptan-
1264 1433 1317 1506 8.
1360 1436 1447 1488 Ait
1476 1434 1581 1506 illis
1609 1432 1763 1506 Jesus
1788 1448 1801 1486 :
1831 1432 1976 1500 Quo-

441 1516 522 1561 tes
550 1518 601 1562 et
628 1502 812 1562 dicen-
1164 1544 1168 1547 -
1264 1504 1409 1557 niam
1437 1504 1504 1557 ad
1530 1502 1682 1558 duri-

440 1585 522 1631 tes
551 1596 563 1629 :
596 1578 650 1633 Si
674 1578 798 1631 licet
824 1577 923 1631 h0-

440 1649 569 1701 niini
591 1648 770 1701 dimit-

438 1726 553 1772 tere
571 1732 795 1771 uxorem

434 1800 587 1839 suam
607 1828 620 1849 ,
646 1801 903 1854 quacum-

435 1871 542 1921 que
562 1871 628 1909 ex
657 1869 814 1908 causa
832 1855 856 1906 ?

436 1923 489 1978 ι.
537 1924 604 1978 Et
627 1923 958 1991 respondens

434 1993 595 2049 Jesus
617 1997 689 2048 ait
719 2010 732 2047 :
764 1993 878 2049 Non

434 2064 639 2132 legistis
654 2104 668 2129 ,
707 2064 828 2130 quia

430 2137 521 2203 qui
548 2135 670 2187 fecit
699 2134 772 2203 (τι)
803 2134 868 2187 ab
898 2133 939 2186 i-

432 2204 565 2258 nitio
588 2218 795 2257 mascu-

428 2272 540 2328 lum
570 2285 623 2327 et
650 2274 802 2327 femi-

432 2358 555 2398 nam
585 2342 745 2398 fecit?
774 2351 828 2397 et

1267 1574 1392 1626 tiam
1421 1573 1601 1627 cordis

1264 1644 1429 1696 vestri
1459 1644 1657 1710 permi-

1263 1713 1334 1763 sit
1354 1714 1505 1782 vobis
1528 1712 1667 1782 Moy-

1262 1795 1351 1834 ses
1377 1780 1649 1835 dimittere

1261 1866 1455 1905 UXOI'CS
1485 1866 1603 1904 γεε-

1180 1975 1183 1978 .
1259 1928 1369 1974 tras
1396 1938 1407 1973 :
1442 1922 1507 1973 ab
1530 1920 1681 1974 initio

1239 2000 1433 2043 'autem
1460 2006 1566 2044 non

1258 2059 1356 2112 fuit
1384 2062 1482 2115 sic.

1257 2130 1310 2183 9.
1359 2132 1485 2184 Dico
1509 2139 1686 2183 autem
1714 2144 1807 2183 vo-

1258 2200 1372 2264 bis,
1404 2201 1477 2270 (b)
1503 2202 1745 2269 quicum-

1256 2284 1363 2338 que
1394 2270 1662 2324 dimiserit

1256 2336 1477 2393 uxorem
1503 2355 1653 2393 suam
1678 2381 1693 2405 ,
1726 2336 1801 2409 (c)

430 2413 569 2467 dixit
602 2430 613 2466 :
1254 2410 1353 2463 nisi
1385 2410 1453 2463 ob
1479 2425 1693 2464 causam

500 2483 555 2537 5.
597 2483 819 2561 Propter
851 2484 953 2537 hoc
1252 2478 1594 2561 fornicatio-n

500 2550 738 2607 remittet
1247 2550 1359 2614 nis,
1386 2550 1425 2618 ῒ
1448 2559 1501 2604 et
1528 2550 1688 2603 aliam

502 2622 663 2678 homo
693 2638 785 2692 pa-
1246 2620 1487 2692 duxerit,
1518 2635 1665 2675 moe—

496 2702 634 2747 trem
657 2691 711 2748 et
737 2708 850 2746 ma-
1244 2700 1418 2744 catur.
1443 2691 1520 2759 (εἰ)

500 2774 658 2826 trem,
690 2772 747 2816 et
773 2761 867 2816 be-
1248 2760 1334 2813 10.
1378 2760 1567 2813 Dicunt
1589 2761 1637 2815 ei
1663 2760 1773 2815 dis-

498 2832 637 2887 rebit
658 2847 788 2885 uxo-
1245 2829 1405 2899 cipuli
1436 2830 1553 2898 ejus
1583 2849 1595 2884 :
1626 2830 1684 2884 Si

498 2902 543 2955 ri
570 2916 699 2955 suae
720 2942 733 2965 ,
768 2909 822 2955 et
1246 2899 1324 2952 sic
1344 2908 1429 2952 est
1456 2914 1616 2953 causa

494 2981 655 3026 erunt
683 2971 787 3024 duo
1246 2968 1347 3021 viri
1374 2982 1493 3021 cum
1520 2983 1653 3023 uxo-

497 3043 551 3096 in
573 3056 733 3096 carne
1150 3104 1155 3107 _
1250 3052 1339 3103 re,
1364 3052 1466 3091 non
1491 3052 1653 3108 expe-

838 3130 1072 3197 cooEx
1112 3104 1580 3186 Consenmsrs'.

424 3240 609 3281 mones
641 3225 801 3287 istos,
835 3230 860 3257 ιι
886 3220 1158 3275 transtulit
1187 3234 1245 3273 se
1276 3235 1303 3271 a
1342 3219 1581 3274 Galilaea
1607 3262 1619 3284 ,
1655 3231 1708 3274 et
1752 3220 1898 3274 venit
1946 3218 2003 3273 in

424 3300 560 3351 fines
589 3297 603 3327 ¹
635 3294 867 3349 Iudaeae
894 3300 949 3346 et
992 3303 1138 3343 trans
1175 3288 1461 3344 Jordancm
1484 3331 1502 3353 ,
1536 3299 1589 3343 et
1619 3300 1836 3343 secutae
1883 3300 2005 3343 sunt

419 3382 546 3422 eum
590 3366 774 3418 turbae
804 3363 1037 3426 multae,
1070 3370 1122 3414 et
1152 3362 1358 3413 curavit
1388 3375 1483 3413 eos
1532 3361 1625 3414 ibi.
1664 3360 1729 3412 Et
1752 3374 1969 3413 necesse
1989 3388 2003 3397 -

422 3444 547 3491 runt
576 3435 642 3489 ad
667 3448 785 3489 eum
834 3430 1105 3484 Pharisaei
1136 3441 1404 3484 tcntantes
1448 3445 1568 3485 eum
1589 3472 1602 3492 ,
1628 3439 1682 3484 et
1709 3430 1951 3483 dicentes
1984 3449 1995 3481 :

419 3508 476 3563 Si
524 3507 645 3560 licet
690 3501 887 3556 homini
932 3502 1200 3555 dimittere
1245 3516 1473 3554 uxorem
1520 3516 1709 3563 suam,
1762 3516 1823 3553 ex
1869 3515 1999 3569 qua-

417 3590 691 3646 qnumque
713 3575 733 3604 ²
763 3572 1225 3646 causxaiQiiibus
1260 3570 1601 3646 respondens
1631 3572 1707 3646 ait
1733 3588 1746 3646 :_
1779 3569 1893 3623 Non
1924 3572 1999 3646 ie-

380 3668 387 3677 ‘
417 3638 752 3715 g-istis,'quia
780 3646 867 3710 qui
916 3642 1037 3715 iecit
1064 3641 1082 3669 ³
1109 3641 1135 3677 ι)
1156 3681 1179 3715 ,_
1203 3640 1498 3715 masculum
1541 3651 1597 3715 et_
1627 3639 1877 3693 feminam
1924 3638 2000 3699 fc-

421 3710 492 3770 an
521 3716 537 3747 "
559 3710 665 3768 “Pet
703 3714 839 3767 diXit
873 3731 883 3763 :
916 3710 1141 3779 Proplt‘t'
1170 3711 1269 3763 hoc
1315 3710 1554 3763 remittet
1588 3710 1747 3759 homo
1790 3716 1995 3779 patrem

417 3798 473 3841 et
495 3796 736 3846 matrem,
763 3792 816 3837 et
841 3780 1153 3835 adhaerebit
1180 3780 1332 3833 uxori
1380 3793 1529 3841 suae,
1584 3788 1639 3831 ct
1684 3789 1839 3831 erunt
1892 3778 1999 3832 duo

422 3856 473 3907 in
509 3871 670 3909 carne
711 3868 833 3907 una.
866 3852 1046 3919 Itaque
1090 3852 1197 3915 jam
1242 3865 1343 3903 non
1385 3857 1508 3901 sunt
1556 3848 1705 3919 duo,
1748 3849 1841 3901 sed
1888 3863 1995 3900 una

421 3940 567 3977 caro.
601 3925 748 3989 Quod
779 3938 906 3992 ergo
938 3918 1076 3975 Deus
1106 3923 1123 3991 ἕ
1150 3922 1322 3992 iunxit
1368 3920 1418 3972 in
1450 3935 1654 3992 unum_,
1698 3918 1857 3970 homo
1888 3934 2007 3979 non_

419 3992 705 4060 disiungat.
743 3988 999 4045 Dixerunt
1037 3988 1116 4045 illi
1155 4008 1165 4041 :
1196 3990 1372 4056 Quirc
1397 4004 1539 4060 ergo
1586 3988 1795 4060 Moyses
1834 4003 1991 4060 prae-

422 4009 595 4060 ulsjun
636 4009 705 4044 sit.
744 4009 999 4045 leeruut
1037 4009 1109 4045 llll
1155 4009 1372 4056 ξυιυΓο
1413 4009 1539 4057 ergo
1586 4009 1795 4059 Moyses
1834 4009 1989 4055 prac-

422 4065 564 4129 CCpit
594 4009 721 4115 gare
750 4062 991 4138 libellum
1020 4060 1223 4129 repudii
1244 4101 1273 4138 _,_
1298 4072 1348 4113 et
1376 4059 1689 4138 dimittere?
1713 4059 1805 4138 Ἀιίί
1845 4059 1989 4138 illis:

420 4134 678 4201 Quoniam
724 4132 789 4201 ad
836 4133 1083 4184 duritiam
1129 4131 1305 4184 cordis
1347 4132 1509 4183 vestri
1558 4130 1797 4201 peririisit
1839 4129 1991 4181 vobis

423 4206 443 4233 ⁸
467 4203 674 4272 Moyses
720 4200 992 4272 dimittere
1030 4214 1222 4252 uxores
1259 4212 1495 4272 vestras:
1520 4200 1590 4272 ab
1630 4200 1783 4251 initio
1812 4208 1989 4272 autem

422 4291 527 4327 non
555 4267 651 4324 luit
688 4270 784 4323 sic.
818 4269 943 4319 Dico
982 4277 1157 4320 autem
1188 4271 1336 4322 vobis
1356 4310 1367 4329 ,
1395 4271 1410 4298 ⁷
1444 4269 1806 4335 quiquumque
1834 4267 1989 4319 diuti—

419 4345 554 4397 serit
585 4354 801 4395 uxorcm
830 4350 978 4390 suam
1008 4378 1019 4397 ,
1063 4347 1280 4402 excepta
1308 4351 1493 4389 caussa
1534 4337 1778 4387 adulterii
1804 4378 1817 4398 ,
1865 4337 1992 4387 facit

419 4429 537 4469 eam
572 4409 861 4466 moechari.
899 4408 1087 4459 lticunt
1113 4407 1162 4459 ei
1190 4404 1433 4473 discipuli
1464 4422 1475 4455 :
1510 4404 1564 4455 Si
1594 4408 1663 4455 ita
1689 4412 1772 4456 est
1802 4418 1990 4456 caussa

419 4486 440 4516 '
460 4500 580 4541 cum
610 4497 805 4545 uxore,
838 4494 942 4533 non
970 4490 1126 4545 cape-

481 4693 497 4722 ¹
536 4692 561 4740 J
567 4691 685 4740 udae
696 4704 752 4739 ac
776 4698 906 4738 trans
1110 4746 1118 4752 _
1241 4744 1258 4752 _
1431 4744 1439 4752 ι
1523 4743 1531 4751 ,

479 4753 502 4783 ¹
538 4766 597 4799 ex
624 4764 804 4800 caussa.
832 4752 889 4799 Et
916 4746 1215 4809 iPSpOﬂdCﬂS
1234 4744 1377 4792 Jcsus
1398 4744 1463 4791 ait
1488 4744 1560 4791 eis

483 4809 959 4875 i’fecitaliinitioﬂ
1044 4869 1075 4875 ﬁ
1267 4868 1277 4875 _
1442 4865 1471 4875 η
1581 4866 1590 4875 υ

482 4874 502 4903 δ
537 4886 638 4928 eos,
660 4880 711 4921 et
735 4872 1018 4919 benedixit:
1044 4869 1249 4927 Propter
1267 4868 1359 4913 hoc
1382 4865 1617 4925 relinquit

478 4936 499 4968 ⁸
534 4925 800 4996 conjunxit,
826 4932 967 4979 homo
991 4943 1083 4976 non
1109 4925 1326 4989 separet,
1352 4935 1469 4987 etc.,
1495 4934 1545 4975 ω
1576 4925 1721 4991 Vulg.

2139 471 2419 513 sermones
2442 457 2517 512 is-

2140 536 2225 582 tos
2250 527 2434 592 Iesus,
2467 536 2641 583 trans-

2137 598 2259 651 tulit
2281 613 2340 651 se
2364 613 2393 651 a
2417 596 2521 652 Ga-

2134 666 2321 731 lilaea,
2351 678 2406 721 et
2430 682 2523 723 ve-

2135 736 2215 791 nit
2244 737 2295 790 in
2325 736 2459 792 lines

2132 805 2368 861 Judaeae
2395 817 2540 861 trans

2130 875 2187 930 2.
2228 875 2515 930 Jordanem
2530 916 2547 943 ,
2576 885 2632 933 et

2131 954 2347 1000 secutae
2378 956 2503 1001 sunt

2130 1030 2251 1070 eum
2283 1017 2469 1071 turbae

2130 1086 2327 1140 multae
2348 1127 2363 1149 ,
2395 1097 2450 1141 et
2476 1100 2568 1141 cu-

2132 1156 2268 1209 ravit
2295 1170 2389 1209 eos
2408 1156 2501 1211 ibi.

2130 1225 2186 1279 5.
2226 1225 2294 1279 Ει
2313 1235 2657 1282 accesserunt

2129 1294 2195 1347 ad
2219 1308 2340 1349 eum
2379 1295 2567 1349 Phari-

2128 1365 2239 1419 saei
2266 1373 2589 1433 temptantes

2126 1448 2249 1488 eum
2264 1474 2279 1499 ,
2311 1444 2365 1488 et
2400 1435 2581 1491 dicen-

2128 1512 2209 1557 tes
2235 1520 2249 1557 :
2281 1502 2348 1556 Si
2369 1504 2492 1559 licet
2518 1502 2613 1560 ho-

2124 1573 2257 1626 mini
2287 1572 2559 1629 dimittere

2126 1658 2345 1697 uxorem
2386 1658 2537 1697 suam
2555 1686 2570 1709 ,

2123 1726 2459 1782 quacumque

2123 1795 2191 1835 ex
2216 1783 2411 1835 causa?

2124 1850 2179 1903 4.
2223 1853 2288 1905 Et
2315 1854 2646 1918 reSpoudeus

2123 1920 2279 1975 Jesus
2309 1922 2380 1974 ait
2403 1923 2508 1978 illis
2532 1942 2546 1977 :

2122 1990 2237 2044 Non
2270 1992 2473 2060 legiSIis
2491 2033 2504 2057 ,

2122 2061 2246 2128 quia
2274 2064 2361 2130 qui
2391 2062 2470 2115 fe-

2120 2132 2198 2184 cit
2224 2132 2310 2200 ,(a)
2344 2133 2633 2188 masculum

2120 2208 2179 2255 et
2212 2199 2463 2255 feminam

2117 2269 2187 2323 ab
2222 2272 2374 2325 initio
2404 2273 2479 2327 fe-

2119 2340 2194 2393 cit
2231 2343 2360 2396 eos?
2391 2349 2445 2396 et

2118 2408 2254 2465 dixit
2284 2428 2297 2464 :

2119 2478 2171 2533 5.
2216 2482 2440 2550 Propter
2472 2480 2575 2539 hoc

2118 2550 2383 2620 relinquet
2412 2552 2575 2614 homo

2118 2629 2323 2687 patrem
2349 2630 2405 2675 et
2429 2638 2540 2676 ma-

2116 2698 2253 2744 trem
2269 2732 2283 2756 ,
2312 2702 2366 2746 et
2390 2691 2589 2748 adhae-

2115 2760 2257 2815 rebit
2282 2762 2433 2815 uxori
2463 2777 2626 2830 suae,

2965 459 3059 513 sed
3089 474 3192 513 una
3213 472 3357 515 caro.

2964 529 3115 599 Quod
3141 544 3271 599 ergo

2966 595 3108 670 Deus
3135 595 3433 670 conjucxit,

2958 667 3122 723 homo
3146 667 3254 725 non
3281 684 3369 727 se-

3031 748 3132 793 ret.

2998 848 3010 860 .
3053 808 3247 864 Dicunt
3276 809 3353 865 illi
3378 828 3393 866 :

2953 876 3091 945 Quid
3119 894 3248 951 ergo
3272 879 3420 951 Moy-

2902 1004 2907 1009 ,
2958 960 3046 1002 ses
3076 950 3350 1005 mandavit

2958 1016 3293 1081 dariiibrum

2957 1088 3198 1157 repudii,
3226 1099 3282 1145 et

2956 1156 3229 1214 dimittere
3255 1173 3389 1217 uxo-

2956 1241 3071 1282 rem
3083 1228 3107 1281 τ

2958 1294 3009 1351 8.
3060 1297 3151 1353 Ait
3173 1298 3281 1355 illis
3338 1339 3342 1342 ‹

2956 1364 3113 1422 Jesus
3138 1386 3152 1423 :

2955 1437 3219 1500 Quoniam
3246 1437 3314 1494 ad
3336 1434 3437 1497 du-

2956 1506 3133 1561 ritiam
3160 1509 3341 1564 cordis
3366 1576 3368 1578 ν

2951 1578 3116 1631 vestri
3147 1580 3393 1645 permisit

2954 1646 3108 1719 vobis
3137 1640 3383 1719 Moyses/

2952 1714 3387 1774 dimittere'uxo-

2952 1800 3039 1839 res
3066 1796 3273 1840 vestras
3297 1805 3311 1840 :
3341 1789 3410 1845 ab

2952 1854 3107 1909 initio
3136 1864 3319 1911 autem

2953 1939 3064 1979 non
3097 1924 3195 1979 fuit
3218 1927 3317 1981 sic.

2953 1994 3007 2048 9.
3050 1993 3179 2049 Dico
3204 2005 3384 2053 autem

2950 2064 3103 2119 vobis
3116 2104 3131 2127 ,
3159 2065 3233 2136 (ὁ)
3264 2067 3385 2136 qui-

2948 2149 3178 2204 cumque
3198 2137 3357 2192 dimi-

2946 2206 3079 2259 serit
3106 2220 3330 2261 uxorem

2946 2288 3127 2346 893m:
3163 2273 3234 2346 (ε)
3261 2276 3363 2346 nisi

2947 2344 3019 2401 ob
3042 2344 3256 2399 causam
3286 2345 3372 2402 for

2945 2415 3261 2487 uicationis,
3286 2415 3328 2487 -ι-

2946 2492 3001 2537 et
3026 2484 3186 2539 aliam
3210 2484 3311 2541 du;

2942 2556 3081 2621 xerit
3099 2596 3114 2620 ,
3145 2570 3293 2611 moe-

2939 2625 3216 2697 satur-td)

2896 2740 2899 2743 .
2941 2691 3030 2747 10.
3073 2691 3265 2750 Dicunt
3284 2695 3337 2751 ei
3361 2692 3449 2752 di-

2939 2763 3133 2844 scipuli
3160 2764 3309 2834 ejus:

2111 2837 2168 2911 et
2194 2841 2354 2885 erunt
2380 2832 2490 2886 duo
2940 2831 2999 2889 Si
3026 2831 3096 2914 ita
3115 2831 3205 2915 est
3223 2850 3354 2892 catt-

2110 2912 2166 2951 In
2191 2914 2352 2955 carne
2380 2916 2504 2955 una.
2940 2917 3001 2957 88
3030 2912 3132 2958 νπῑ
3166 2919 3291 2959 cum

2112 2968 2166 3021 6.
2207 2967 2393 3037 Itaque
2415 2971 2526 3040 jam
2941 2960 3148 3040 αισι-θ’,

2114 3052 2219 3092 non
2248 3049 2374 3094 sunt
2400 3039 2537 3105 duo,
2943 3057 3052 3097 non
3073 3039 3170 3097 ex-

2577 3126 2805 3187 CODEX
2836 3132 3234 3193 BRIXIANUS.

2110 3236 2301 3278 mones
2330 3222 2485 3277 istos.
2511 3223 2785 3277 transtulit
2812 3239 2871 3279 se
2899 3239 2929 3278 a
2954 3224 3212 3281 Galilaea.
3238 3234 3294 3280 et
3323 3227 3468 3282 venit
3493 3227 3545 3283 in
3575 3228 3696 3284 lini‘

2110 3292 2212 3366 bus
2262 3292 2484 3366 Judeae.
2518 3302 2668 3347 trans
2704 3292 2994 3366 Jordanen.
3053 3303 3120 3366 et
3147 3304 3333 3366 sequte
3388 3306 3515 3353 sunt
3566 3312 3691 3355 eum

2109 3362 2299 3417 turbae
2340 3364 2560 3417 multae.
2590 3372 2643 3417 et
2684 3373 2708 3402 ο
2736 3364 2943 3419 curabit
2980 3380 3075 3421 eos
3109 3362 3309 3420 ibiIEt
3344 3377 3694 3424 accesserunt

2112 3432 2177 3485 ad
2203 3448 2324 3486 eum
2360 3433 2629 3487 Pharisaei
2656 3434 2944 3493 temtantes
2973 3450 3099 3490 eum
3120 3444 3174 3489 et
3195 3434 3455 3492 dicentes.
3482 3439 3536 3494 Si
3568 3440 3693 3495 licet

2112 3502 2318 3574 homini
2344 3503 2608 3557 dimittere
2640 3519 2861 3558 uxomm
2880 3519 3514 3574 suam.rquacumque'ex
3553 3524 3658 3563 cau
3676 3538 3693 3551 -

2112 3587 2198 3648 sa.
2232 3571 2405 3648 Jesus_
2432 3585 2608 3648 autem
2655 3573 2988 3648 respondens
3032 3571 3272 3648 ait'_illis.
3322 3571 3435 3648 Non
3484 3572 3693 3648 legistis

2108 3644 2236 3709 quia
2264 3643 2350 3708 qui
2387 3642 2509 3693 fecit
2540 3642 2711 3711 (aliab
2740 3643 2891 3696 initio
2928 3645 3223 3700 masculum
3250 3656 3304 3700 et
3335 3642 3584 3702 feminam
3613 3648 3692 3703 fe-

2108 3713 2182 3764 cit
2209 3726 2321 3762 eos.
2355 3720 2407 3763 et
2434 3710 2843 3787 dixit.__Propter
2865 3711 2967 3767 hoc
2989 3714 3258 3787 relinquet
3289 3715 3450 3771 homo
3479 3730 3687 3787 patrem

2106 3789 2161 3832 et
2193 3790 2415 3833 matrem
2448 3795 2501 3832 et
2539 3780 2825 3837 adherebit
2874 3785 3026 3837 uxori
3074 3780 3220 3839 suae.
3270 3797 3325 3841 et
3372 3780 3529 3841 erunt
3579 3791 3688 3843 duo

2104 3851 2156 3902 in
2181 3864 2341 3902 carne
2374 3865 2496 3903 una.
2523 3851 2703 3918 Itaque
2728 3852 2835 3918 jam
2866 3868 2970 3905 non
2999 3864 3124 3906 sunt
3150 3855 3258 3908 duo
3283 3854 3377 3909 sed
3408 3872 3511 3910 una
3534 3870 3685 3913 caro.

2104 3920 2253 3990 Quod
2286 3935 2413 3988 ergo
2444 3920 2580 3990 Deus
2602 3920 2892 3983 coniunxit.
2921 3922 3079 3975 homo
3112 3936 3214 3975 non
3234 3925 3461 3990 separet.
3491 3924 3689 3981 Dicunt

2104 3990 2153 4044 ei
2180 3989 2353 4061 Quare
2384 4003 2511 4057 ergo
2544 3989 2749 4061 Moyses
2776 3990 3042 4061 mandavit
3072 3991 3186 4044 dari
3216 3989 3452 4061 libellum
3478 3996 3689 4061 repudii

2111 4067 2165 4112 et
2208 4060 2477 4111 dimittere
2510 4074 2651 4113 eam.
2679 4058 2765 4111 Ait
2795 4060 2918 4113 illis.
2950 4059 3175 4126 Propter
3202 4059 3452 4117 duritiam
3506 4058 3691 4120 cordis

2106 4131 2291 4200 veStri.
2312 4129 2551 4198 permisit
2571 4129 2946 4200 vobisMoyses
2964 4130 3229 4185 dimittere
3248 4144 3440 4185 uxores
3457 4141 3686 4188 vestras.

2104 4199 2332 4272 abnitio
2372 4208 2547 4272 autem
2579 4199 2949 4272 non_fuit’sic.
2978 4200 3108 4255 Dico
3146 4211 3325 4272 autem
3352 4202 3519 4272 vobis
3561 4204 3689 4272 quia

2104 4269 2426 4342 quicumque
2466 4269 2724 4342 dimiserit
2756 4285 2981 4342 uxorem
3006 4286 3156 4326 suam
3193 4265 3265 4342 (ε)
3310 4271 3411 4325 nisi
3448 4272 3519 4326 ob
3560 4265 3690 4327 cau-

2104 4352 2219 4389 sam
2268 4338 2651 4392 fornicationis.
2682 4339 2722 4408 -ι-
2743 4348 2797 4393 et
2818 4340 2974 4393 aliam
2999 4338 3253 4394 duxerit.
3272 4346 3578 4396 moecatur.
3632 4353 3692 4399 et

2106 4408 2194 4471 qui
2219 4408 2492 4459 dimissam
2516 4408 2725 4462 duxerit
2748 4421 3039 4464 moecatur.
3062 4410 3131 4465 Et
3151 4411 3399 4463 dixerunt
3444 4411 3492 4465 ei
3524 4411 3692 4467 disci-

2106 4478 2215 4541 puli
2239 4477 2351 4541 ejus
2377 4476 2434 4529 Si
2464 4479 2533 4528 ita
2564 4484 2646 4529 est
2668 4492 2827 4531 causa
2844 4478 3075 4535 hominis
3100 4476 3448 4537 cumduxore
3471 4496 3689 4539 nonex-

1109 4583 1494 4643 VARIANTES
1532 4584 1912 4640 LECTIONES
1952 4585 2216 4643 CODICIS
2256 4588 2362 4642 MS.
2405 4588 2460 4644 S.
2502 4588 3003 4647 GERMANENSIS.

2165 4682 2187 4771 ξ
2218 4682 2387 4813 (fugi?
2415 4744 2503 4813 nisi
2524 4743 2597 4813 ob
2610 4756 2799 4793 causam
2824 4742 3177 4805 fornicationis,
3205 4750 3259 4796 et
3279 4744 3421 4796 aliam
3451 4746 3684 4813 duxerit,

2102 4804 2401 4852 moechatur.
2427 4803 2607 4854 Dicunt
2938 4836 2946 4843 ο

2166 4866 2187 4896 ⁸
2224 4867 2312 4915 viri
2334 4878 2443 4915 cum

1724 5006 2095 5063 BLANCHINI
2134 5008 2361 5065 ΝΟΤίΕ.

486 5121 512 5150 ⁸
548 5111 639 5166 Sic
661 5109 801 5175 legas
838 5101 979 5171 apud
1009 5097 1265 5153 llilarium
1299 5097 1351 5149 in
1383 5106 1529 5149 textu
1556 5095 1987 5153 Commentario-

412 5197 529 5237 runt
559 5183 609 5235 iii
638 5177 960 5247 Mattlneuni.
1019 5240 1027 5247 _
1098 5241 1107 5247 Α
1218 5238 1227 5247 ⁹
1424 5238 1434 5247 ¹
1478 5237 1487 5247 ,
1533 5236 1543 5246 ,
1575 5236 1585 5246 ,

484 5251 508 5289 b
538 5250 782 5316 Vulgata,
815 5246 899 5314 qui
935 5240 1049 5316 [θοῇ
1091 5238 1343 5316 hominem
1367 5238 1445 5316 ἀὐ
1471 5236 1641 5316 initio.
1682 5236 1984 5316 Utrumque

410 5321 603 5373 omittit
630 5307 902 5382 Exemplar
927 5310 1254 5382 Corbeiense
1282 5307 1381 5382 ,_id
1422 5318 1538 5371 est,
1572 5307 1830 5382 hominem
1854 5348 1865 5367 ,
1891 5322 1979 5382 ei,

412 5392 469 5441 ab
499 5392 640 5443 initio
672 5404 688 5440 :
734 5376 905 5439 codex
932 5392 1111 5434 autem
1143 5376 1665 5432 San-Germaneusis
1708 5377 1840 5445 legit
1863 5379 1982 5446 qui-

2096 5100 2215 5176 deni
2234 5142 2247 5164 ,
2294 5102 2355 5152 ab
2384 5102 2561 5176 initio;
2588 5101 2681 5157 sed
2709 5117 2828 5176 _non
2868 5102 3032 5176 legit,
3062 5104 3335 5176 hominem.
3364 5102 3532 5176 quue
3557 5121 3678 5164 me-

2093 5172 2585 5254 rilo,_qunm‘idem
2613 5173 2836 5254 verbum
2858 5172 3087 5254 positum
3118 5174 3341 5254 minime
3369 5172 3676 5247 reperiatur

2093 5240 2576 5365 apndslliero'nym.
2610 5240 2891 5299 Comment
2918 5244 2970 5299 in
3004 5244 3193 5301 Matth.

2168 5324 2188 5350 ε
2263 5328 2329 5365 ic.

2168 5328 2188 5350 ε
2317 5353 2329 5364 ο

2165 5380 2191 5419 ἀ
2222 5328 2423 5437 Pignus
2448 5399 2498 5435 m
2526 5383 2715 5439 detrita
2736 5372 2830 5441 est
2842 5380 2885 5439 'a
2917 5396 3235 5465 correctore.

484 5504 554 5567 (αι’)
581 5502 701 5554 Post
728 5500 839 5567 fecit
861 5538 874 5556 ,
907 5495 1051 5547 deest
1085 5493 1363 5551 hominem.
1390 5491 1545 5543 etiam
1571 5492 1621 5545 in
1653 5500 1801 5546 textu
1823 5491 2032 5546 Crmco.
2057 5524 2126 5534 -—-
2156 5495 2231 5563 (ὁ)
2258 5494 2385 5551 Post
2413 5498 2551 5551 vobis
2570 5537 2583 5561 ,
2614 5496 2766 5553 deest
2789 5500 2909 5552 auia
2936 5497 3139 5580 incod.
3181 5510 3395 5617 quoque
3418 5494 3571 5549 Cant.
3595 5526 3671 5539 —-

513 5572 581 5617 lia
609 5582 657 5617 et
690 5569 807 5617 eod.
849 5566 1004 5617 Cant.
1048 5563 1291 5617 παρεκτὸς
1334 5562 1483 5617 λόγου
1518 5566 1775 5617 πορνείας.
1800 5591 1871 5602 —-
1894 5561 1974 5617 (ά)
2007 5561 2137 5617 Post
2172 5566 2486 5617 moechatur.
2515 5567 2665 5617 deest
2706 5581 2753 5617 et
2776 5570 2861 5617 aui
2893 5572 3151 5617 mmmam
3218 5574 3402 5617 axem.
3428 5567 3670 5617 moecha-

407 5561 581 5641 (a‘flta
609 5582 657 5622 et
690 5561 807 5642 cod.
849 5566 1004 5642 Cant.
1048 5563 1292 5642 ξαρεκτρς
1334 5562 1483 5642 λόγον
1518 5566 1775 5636 πορνείας.
1800 5591 1871 5602 —-

2116 5574 2137 5618 ι
2172 5561 2486 5632 moechatur,
2515 5567 2665 5624 deest
2706 5581 2753 5624 et
2776 5570 2861 5640 qui
2893 5570 3151 5624 dimissam

406 5631 525 5707 iur,
576 5639 729 5693 etiam
772 5639 826 5693 iu
875 5634 993 5691 cod.
1042 5631 1194 5689 Cant.
1242 5631 1327 5687 hic
1354 5673 1368 5699 ,
1414 5641 1466 5686 et
1515 5631 1634 5701 cap.
1678 5648 1749 5699 v,
1780 5631 1921 5691 vers.
1950 5631 2040 5687 32.

3218 5566 3402 5633 exerit,
3428 5567 3670 5622 moecha-
