5220 6578
221 339 325 403 εϐθ

606 456 835 515 CODEX
878 455 1403 514 VERCELLENSIS.

1046 549 1213 620 posita
1242 549 1345 603 illis
1375 564 1487 604 ma-

1046 636 1116 674 nu
1139 662 1152 687 ,
1189 620 1316 674 abiit
1345 620 1489 674 inde.

1056 690 1137 745 16.
1182 690 1248 744 Ει
1274 704 1397 745 ecce
1425 704 1561 745 unus

1046 762 1272 815 accessit
1295 761 1362 814 ad
1392 773 1513 815 eum
1532 801 1548 828 ,

1044 840 1098 887 et
1116 831 1256 901 dixit
1283 831 1357 884 illi
1383 849 1397 885 :

1046 900 1299 972 Magister
1312 943 1327 967 ,
1358 900 1483 969 quid

1046 972 1171 1027 boni
1204 972 1393 1027 faciam

1047 1053 1105 1097 ut
1131 1042 1355 1099 habeam

1047 1112 1209 1167 vitam
1239 1123 1415 1168 aeter-

1049 1183 1135 1237 17.
1177 1184 1333 1237 nam?
1362 1182 1437 1238 Ad
1469 1183 1626 1239 Jesus

1046 1252 1181 1307 dixit
1200 1253 1284 1307 ei:
1312 1253 1447 1320 Quid

1046 1338 1134 1379 me
1164 1325 1389 1379 interro-

1043 1408 1137 1458 gas
1157 1394 1225 1449 de
1250 1394 1426 1450 bono?

1047 1462 1194 1519 Unus
1218 1472 1301 1520 est
1333 1465 1426 1519 bo-

224 551 301 607 dit
327 551 551 607 nubere.

228 624 311 676 11.
354 620 494 676 Dixit
518 627 692 677 autem

224 691 327 747 illis
354 692 511 748 Jesus
534 708 549 747 :
576 685 691 748 Non

224 778 410 819 omnes
429 755 575 832 capi-

224 841 320 888 unt
344 834 562 889 verbum

223 903 385 975 istut,
411 904 505 959 sed
531 904 649 975 qui-

223 974 323 1030 bus
349 975 529 1031 datum

227 1045 310 1099 12.
355 1054 457 1099 est.
490 1038 627 1101 Sunt
651 1046 794 1103 enim

220 1115 510 1186 spadones,
533 1117 621 1186 qui

222 1184 293 1263 de
319 1186 505 1263 matris
525 1184 678 1242 utero

222 1255 303 1310 sic
324 1257 431 1314 nati
453 1255 576 1311 sunt
598 1272 613 1310 :

221 1334 276 1381 et
293 1334 421 1382 sunt
445 1341 566 1395 spa-

221 1395 388 1453 dones
404 1437 419 1459 ,
446 1396 537 1464 qui

221 1466 343 1522 facti
374 1475 497 1522 sunt
519 1467 588 1521 ab

1047 1548 1167 1589 nus.
1197 1534 1302 1590 Sed
1328 1534 1409 1590 vis

1046 1603 1099 1659 in
1122 1605 1285 1659 vitam
1309 1620 1399 1661 ve-
1480 1666 1483 1669 _

1046 1674 1195 1729 nire?
1220 1686 1375 1731 serva

1047 1755 1411 1819 Praegnans-
1482 1805 1489 1819 ρ

1046 1815 1133 1869 ts.
1177 1814 1315 1870 Dicit
1338 1816 1415 1871 illi
1438 1835 1451 1870 ;
1477 1814 1663 1884 Quae?

1042 1884 1200 1941 Jesus
1224 1896 1402 1943 autem
1427 1886 1561 1943 dixit
1586 1906 1599 1941 :

1184 1955 1302 2011 Non
1326 1958 1467 2013 occi-

222 1534 523 1594 ltominibus
552 1554 565 1591 :

221 1614 277 1662 et
304 1616 429 1663 sunt
448 1607 645 1690 spado—

223 1691 317 1732 nes
332 1718 347 1742 ,
374 1694 462 1747 qui
492 1692 551 1733 se

221 1748 366 1815 ipsos
394 1764 561 1803 eunu-

218 1818 527 1874 cizaveruut

219 1898 439 1957 propter
469 1904 589 1960 reg-

220 1974 348 2013 num
373 1961 665 2015 caelorum.

217 2028 317 2095 Qui
353 2039 527 2100 potest
568 2098 581 2112 .
624 2108 633 2112 Δ
1188 2026 1323 2112 des:
1356 2026 1471 2112 lﬁon

218 2108 675 2226 opliitiii
707 2176 835 2225 sunt
1185 2098 1521 2224 112ῗᾶ3ξέ-

220 2241 270 2293 ei
295 2240 518 2297 infantes
534 2283 549 2307 ,
1184 2237 1481 2296 dulterabis
1504 2256 1519 2295 :

222 2317 279 2362 ut
304 2326 492 2366 manus
520 2310 600 2367 eis
1187 2308 1301 2363 Non
1331 2308 1458 2365 faci-

1186 2393 1246 2435 es
1274 2378 1470 2434 furtum
1498 2398 1511 2433 :

1190 2448 1305 2504 Non
1334 2450 1521 2505 falsum

1198 2521 1471 2575 testimoni
1486 2552 1498 2562 -

1190 2604 1279 2643 um
1307 2590 1487 2643 dices:

1193 2658 1279 2713 19.
1327 2659 1539 2714 llonora

222 2378 504 2447 inponeret
518 2424 532 2443 ,
565 2390 621 2437 et

218 2458 452 2505 curaret.
486 2452 601 2505 Dis-

219 2519 381 2587 cipuli
417 2530 595 2575 autem

218 2589 335 2660 ejus
364 2589 617 2660 prohibe-

218 2658 349 2715 bant
365 2658 479 2717 eos.

219 2730 305 2811 tot.
337 2730 492 2787 Jesus
506 2744 630 2786 vero
646 2729 719 2802 (α)
736 2728 859 2801 ait-i-
876 2724 979 2787 :Si-

217 2809 329 2855 nite
359 2816 552 2869 pueros
577 2840 594 2865 ,

219 2880 273 2925 et
303 2872 468 2927 nolite
493 2886 587 2927 eos

219 2942 503 3009 prohibere
531 2940 598 2998 ad

218 3027 302 3064 me
328 3013 512 3067 venire
536 3031 549 3065 :
583 3020 661 3068 ta-

218 3080 347 3137 lium
370 3092 452 3139 est
476 3084 621 3139 enim
1191 3080 1336 3161 tuum
1368 3080 1411 3161 si

214 3167 436 3220 regnum
457 3168 605 3220 cae-_
1193 3162 1283 3205 cut
1314 3158 1364 3206 te
1397 3158 1591 3219 ipsum.

222 3218 311 3277 151
351 3224 545 3280 lorum.
568 3218 637 3281 Et
658 3224 743 3280 in-
1050 3221 1140 3277 20.
1185 3222 1327 3276 Dixit
1353 3218 1533 3277 autem

626 3329 852 3395 CODEX
889 3332 1355 3392 CORBEIENSIS.

215 3451 294 3507 dit
333 3453 553 3510 nubere.
608 3454 623 3483 ¹
675 3453 818 3507 Dixit
886 3461 1061 3505 autem
1120 3448 1184 3502 ad
1253 3448 1373 3502 illos
1420 3447 1574 3503 Jesus
1625 3466 1637 3499 :
1681 3448 1795 3503 Non

214 3539 401 3579 omnes
466 3524 682 3594 capiunt
728 3523 947 3578 verbum
1016 3519 1186 3594 istud,
1250 3518 1582 3594 sed_qui_bus
1612 3516 1791 3594 datum

215 3602 318 3646 est.
385 3587 548 3667 sunt'
591 3594 732 3667 enim
808 3602 832 3630 ι
902 3590 1198 3661 spadones,
1288 3587 1413 3667 qui
1463 3587 1530 3641 de
1605 3588 1793 3667 matris

218 3672 370 3717 utero
402 3666 481 3718 sic
530 3664 637 3717 nati
681 3674 804 3717 sunt
862 3680 875 3715 :
927 3658 979 3716 et
1025 3670 1150 3713 sunt
1207 3658 1509 3727 spadones,
1576 3658 1664 3727 qui
1724 3658 1795 3713 ab

217 3732 521 3786 hominibus
560 3733 681 3787 facti
716 3744 879 3786 sunt:
914 3743 966 3785 et
990 3740 1113 3785 sunt
1141 3731 1434 3797 Spadones,
1467 3729 1553 3796 qui
1585 3729 1793 3794 seipsos

219 3804 238 3831 ⁸
271 3811 703 3855 excastraverunt
739 3809 956 3869 propter
1001 3814 1219 3869 regnum
1259 3800 1550 3869 eoclorum.
1575 3798 1675 3864 Qui
1703 3813 1795 3868 po-

220 3817 238 3831 "
271 3817 703 3855 excaSIraverunt
739 3818 834 3869 pro
877 3817 956 3854 ter
1001 3817 1057 3853 re
1098 3817 1219 3852 num
1259 3817 1550 3852 CllClOl‘tlm.
1575 3817 1675 3864 ut"
1704 3817 1792 3868 p0-

218 3881 322 3924 test
345 3879 565 3941 capere,
594 3873 787 3940 Capint.
818 3817 971 3925 1Punc
996 3817 1155 3924 obiati
1204 3879 1344 3941 sunt
1376 3868 1465 3941 illi
1512 3868 1742 3941 inl'antes
1775 3908 1792 3933 ,

218 3950 275 3993 nt
302 3938 488 3996 manus
521 3941 597 3996 eis
622 3938 959 4010 imponeret,
991 3952 1044 3995 et
1082 3949 1281 3993 oraret.
1331 3938 1791 4010 Discipitliautcm

221 4011 242 4041 ⁵
274 4012 389 4083 ejus
415 4006 767 4083 prohibebant
797 4025 909 4066 eos.
952 4010 1125 4083 Iesus
1143 4024 1271 4063 vero
1296 4009 1415 4083 τιὴ-ξ
1449 4026 1462 4060 :
1492 4006 1665 4062 Sinite
1685 4048 1697 4069 ,
1721 4017 1795 4083 _ct

218 4077 382 4137 nolite
410 4077 502 4137 eos
546 4083 831 4153 prohibere
860 4085 1040 4153 venire
1064 4080 1129 4133 ad
1154 4095 1297 4153 ilict
1325 4079 1514 4153 talium
1540 4087 1622 4133 est
1648 4077 1791 4153 enim

216 4168 437 4223 regnum
460 4148 755 4209 coelorum.
790 4152 853 4207 Et
880 4152 901 4183 '
931 4152 1193 4223 impositis
1226 4151 1331 4203 illis
1357 4149 1631 4223 manibus,
1662 4148 1791 4223 abiit

216 4218 361 4279 inde.
395 4223 461 4277 Et
482 4239 605 4279 ecce
632 4239 771 4278 unus
799 4224 1027 4275 accessit
1067 4222 1131 4273 ad
1160 4235 1313 4285 eum,
1338 4228 1392 4273 et
1430 4222 1504 4271 ait
1537 4220 1608 4271 illi
1637 4234 1649 4268 :
1681 4218 1789 4269 Ma-

214 4293 453 4362 gister',
486 4294 609 4363 quid
655 4294 776 4346 boni
810 4291 999 4363 faciam
1042 4289 1354 4363 utAhnlieam
1396 4290 1565 4363 _vitam
1615 4296 1786 4363 aeter-

218 4355 338 4417 nam
358 4364 382 4415 ‘?
406 4363 426 4394 '
458 4355 551 4433 citi
584 4362 856 4433 respondit
883 4360 1070 4433 Jesus:
1100 4357 1235 4433 Quid
1268 4372 1350 4408 me
1396 4356 1694 4433 interrogas
1722 4355 1786 4433 ile

217 4433 397 4487 bono?
421 4435 441 4465 ⁸
468 4432 616 4489 Unus
644 4426 727 4487 est
758 4431 899 4484 Deus
945 4430 1133 4482 bonus.
1170 4426 1224 4480 Si
1271 4434 1447 4477 autem
1488 4426 1566 4477 vis
1597 4426 1661 4475 ad
1709 4426 1787 4476 vi-

219 4513 324 4557 tam
347 4507 367 4538 '
396 4505 630 4573 ingredi,
664 4516 814 4573 serva
845 4499 1109 4573 mandata.
1146 4496 1282 4573 Dic_i_t
1318 4495 1431 4548 illi:
1471 4493 1658 4573 Quae?
1700 4494 1789 4573 ἶΙε-

218 4588 309 4627 sus
336 4564 511 4629 autein
532 4564 670 4628 dixit
694 4591 705 4624 :
736 4570 848 4625 Non
879 4568 920 4600 ¹⁰
947 4567 1161 4623 occides
1189 4584 1199 4618 :
1232 4564 1347 4619 Non
1380 4565 1747 4620 nioecbabcris
1776 4583 1788 4618 :

220 4642 332 4696 Non
369 4644 571 4699 furtum
600 4644 795 4698 facies:
830 4640 945 4695 Non
984 4638 1175 4692 falsum
1210 4637 1568 4690 testimonium
1597 4636 1784 4689 dices:

222 4710 428 4766 Honora
482 4726 681 4782 patrem
736 4721 917 4777 tuum,
952 4719 1006 4765 et
1044 4718 1268 4782 matrem
1298 4718 1439 4782 tuam
1470 4724 1487 4782 g:
1520 4716 1573 4762 et
1600 4706 1787 4775 diliges

227 4778 524 4851 proximum
564 4794 707 4838 tuum
755 4794 1022 4851 tamquam
1074 4780 1321 4845 teipsum.
1369 4778 1507 4831 Dixit

1191 2737 1395 2797 patrem
1427 2735 1513 2781 tu-

1190 2813 1277 2852 um
1295 2839 1308 2863 ,
1330 2807 1384 2851 et
1418 2814 1531 2852 ma-

1188 2877 1323 2924 trem
1355 2876 1496 2922 111311]
1524 2887 1536 2921 ;

1188 2948 1272 3002 et,
1300 2937 1486 3020 diliges

1194 3024 1495 3081 proximum

1191 3080 1336 3135 tuum
1368 3080 1440 3135 si-

1170 340 1616 401 EVANGELIUM
1654 341 2022 402 SECUNDUM
2059 340 2494 403 MAT'i‘llIElJM.

1873 1070 1876 1074 ~
1909 1041 1994 1096 12.
2035 1040 2169 1097 Sunt
2199 1043 2342 1097 enim

1836 1422 1839 1427 ‹
1903 1393 2169 1463 spadones
2188 1434 2201 1457 ,
2230 1393 2317 1463 qui

3372 351 3477 404 270

2324 459 2556 517 CODEX
2595 458 3039 517 VERONENSIS.

2729 551 2817 606 15.
2864 553 2925 605 Et
2947 551 3210 619 impositis

2728 622 2834 675 illis
2857 622 3107 676 manibus
3134 665 3147 687 ,

2729 692 2857 746 abiit
2885 692 3027 747 inde.

2732 762 2817 816 16.
2860 762 2929 816 Et
2954 776 3081 818 ecce
3110 778 3245 818 unus

2728 833 2955 886 accessit
2987 832 3053 887 ad

2732 902 2878 955 illum
2901 943 2916 966 ,
2963 914 3017 957 et
3053 906 3127 958 ait

2732 971 2805 1026 illi
2836 991 2848 1025 :
2875 973 3123 1043 Magister

2732 1043 2871 1097 bone
2893 1085 2906 1106 ,
2928 1044 3051 1113 quid

2734 1113 2859 1168 boni
2890 1114 3077 1169 faciam

2736 1194 2793 1238 ut
2821 1185 3041 1239 habeam
3067 1186 3144 1241 vi-

2736 1264 2837 1307 tam
2869 1256 3173 1310 aeternam?

2738 1326 2800 1378 17
2841 1325 2920 1379 Ad
2946 1326 3103 1381 Jesus
3131 1326 3210 1382 di-

2733 1396 2809 1449 xit
2838 1398 2885 1450 ei
2912 1413 2925 1451 :
2957 1398 3094 1462 Quid

2733 1481 2819 1520 me
2844 1468 3139 1529 interrogas

2729 1535 2796 1590 de
2824 1537 2963 1591 bono
2985 1538 3007 1591 ?
3029 1536 3175 1594 Unus

2728 1617 2809 1660 est
2841 1608 3009 1664 bonus

2730 1676 2891 1732 Deus.
2916 1688 2921 1691 '
3050 1680 3063 1693 ‘

1904 549 2050 618 pedit
2078 551 2297 605 nubere.

1906 621 1991 674 11.
2036 620 2176 675 Dixit
2196 630 2372 677 autem

1906 689 2016 744 illis
2036 688 2193 746 Jesus
2219 708 2231 744 :

1904 758 2021 814 Non
2046 775 2235 815 omnes
2265 776 2354 817 οδε

1942 832 2055 884 iunt
2086 831 2304 886 verbum

1922 910 2059 962 Ilut.
2084 901 2177 957 sed
2199 902 2309 971 qui-

1904 970 2003 1026 bus
2026 971 2205 1025 datum
2220 970 2329 1028 est.

1902 1111 2198 1181 spadones,
2226 1116 2317 1181 qui

1906 1182 1973 1237 de
2003 1184 2189 1237 matris
2219 1198 2347 1238 suae

1908 1262 2061 1307 utero
2080 1253 2158 1308 sic
2182 1255 2291 1307 nati

1904 1330 2064 1378 sunt:
2091 1330 2147 1379 et
2169 1331 2297 1378 sunt

1902 1463 2029 1518 facti
2056 1474 2181 1518 sunt
2210 1478 2239 1517 a

1907 1535 2211 1589 hominibus
2239 1551 2252 1587 :
2283 1541 2337 1589 et

1905 1614 2029 1659 sunt
2057 1603 2348 1673 spadones,

1902 1690 1990 1744 qui
2022 1690 2081 1729 se
2110 1690 2257 1743 ipsos

1902 1754 2271 1801 castraverunt
2732 1749 2837 1803 Sed
2868 1750 2913 1804 si
2942 1749 3022 1804 vis
3052 1751 3101 1804 in

1903 1826 2121 1887 propter
2386 1826 2387 1829 ‘
2733 1820 2895 1873 vitam
2919 1829 3193 1875 aeternam

1905 1904 2127 1957 regnum
2402 1918 2405 1921 ι
2736 1890 2921 1944 venire
2943 1930 2956 1953 ,
2991 1906 3141 1944 serva

1902 1959 2192 2013 caelorum.
2735 1961 2822 2014 18.
2866 1960 3132 2015 mandata.
3166 1960 3252 2015 Di-

1904 2029 2004 2094 Qui
2026 2038 2203 2097 potest
2222 2046 2310 2087 ca-

1908 2112 2078 2170 pere,
2102 2104 2295 2170 capiat.

1910 2170 1998 2224 15.
2040 2168 2188 2225 Tune
2210 2172 2305 2227 0b—

1908 2238 2002 2293 lati
2027 2250 2151 2295 sunt
2176 2243 2225 2297 ei

2732 2032 2808 2085 cit
2836 2030 2910 2084 illi
2942 2050 2953 2085 :
2988 2032 3176 2098 Quae?

2730 2101 2888 2156 Jesus
2912 2113 3087 2157 autem

2732 2172 2867 2226 dixit
2901 2190 2913 2226 :
2940 2171 3055 2227 Non
3086 2188 3175 2227 oc-

2734 2243 2869 2297 cidis
2894 2260 2907 2296 :
2941 2242 3054 2296 Non

1908 2311 2090 2379 pueri,
2732 2312 3061 2368 adulterabis
3093 2331 3106 2366 :

1910 2390 1967 2433 ut
1997 2396 2185 2437 manus
2732 2382 2846 2437 Non
2877 2382 3077 2437 furtum

1909 2451 1990 2505 eis
2017 2453 2350 2522 imponeret,
2731 2453 2895 2508 facies
2924 2472 2936 2507 :
2962 2453 3076 2507 Non

1909 2530 1965 2577 et
1992 2533 2191 2577 oraret.
2729 2522 2922 2577 falsum
2954 2525 3101 2579 testi-

2726 2595 2962 2648 monium
2990 2595 3070 2648 di-
3268 2652 3271 2653 ν

2728 2664 2811 2718 19.
2856 2678 2945 2718 ces
2977 2681 3001 2714 :-
3024 2664 3233 2719 Honora

2728 2746 2932 2801 patrem
2964 2744 3105 2789 tuum
3132 2776 3148 2802 ,

2726 2814 2780 2857 et
2808 2814 3035 2860 matrem

2728 2882 2870 2929 tuam
2906 2894 2918 2927 :
2947 2886 3001 2929 et
3031 2918 3043 2939 ,

2726 2944 2916 3026 diliges
2940 2960 3062 3015 pro-

2730 3030 2933 3070 xnnum
2966 3028 3110 3071 lUUlll

1910 2590 2170 2662 Discipuli
2200 2610 2297 2649 au-

1910 2669 2015 2731 tem
2041 2665 2395 2731 prohibebant

1909 2730 1998 2785 ﬂ.
2039 2730 2151 2787 eos.
2184 2733 2340 2789 Jesus
2371 2748 2460 2789 ve-

1909 2816 1969 2873 [φ
2000 2802 2075 2873 (α)
2103 2804 2175 2856 an
2205 2803 2245 2873 1
2277 2821 2290 2857 ε

1907 2869 2082 2926 Sinite
2106 2887 2202 2928 eos
2220 2869 2241 2937 ⁷,

1906 2943 2155 3012 9111011113
2185 2957 2309 3012 pro-

1907 3009 2093 3067 hibere
2119 3009 2200 3067 ad'
2218 3028 2305 3069 me

1910 3082 2097 3138 venire
2129 3101 2143 3137 :
2178 3084 2361 3140 talium
2728 3088 2865 3141 sicut
2897 3096 2948 3141 te

1907 3161 1989 3207 est
2010 3154 2151 3209 enim
2183 3169 2269 3210 re-
2728 3157 2924 3223 ipsum.

1906 3239 2068 3293 gnum
2097 3226 2391 3305 caelorum.
2726 3228 2820 3283 20.
2863 3227 3002 3311 Dicit
3028 3227 3100 3282 illi
3131 3225 3263 3282 adu-

2350 3336 2579 3415 coosx
2616 3321 3010 3397 nmxmn’us.

1897 3450 2044 3519 pedit
2109 3453 2327 3507 nubere.
2402 3451 2482 3506 Ad
2567 3452 2656 3506 ille
2708 3452 2840 3507 dixit
2928 3453 3027 3508 eis.
3094 3453 3211 3508 Non
3281 3468 3468 3508 oniin

1895 3523 2114 3602 capiunt
2139 3527 2357 3602 verbum
2408 3522 2546 3602 istud
2595 3523 2686 3577 sed
2734 3524 3145 3602 quibusdatmn
3188 3535 3286 3602 est.
3333 3526 3469 3579 Sunt

1896 3591 2037 3644 enim
2076 3591 2328 3645 eunuchi.
2362 3594 2449 3660 qui
2491 3608 2555 3645 ex
2604 3591 2763 3647 utero
2802 3595 3005 3647 matris.
3052 3595 3129 3648 sit:
3170 3595 3277 3649 nali
3322 3604 3464 3649 sunt.

1897 3669 2098 3715 etsunt
2123 3663 2374 3716 eunuchi.
2406 3665 2493 3731 qui
2526 3662 2651 3717 facti
2681 3673 2804 3717 sunt
2831 3665 2896 3716 ab
2920 3664 3243 3718 hominibus.
3271 3675 3320 3717 et
3350 3674 3472 3716 sunt

1897 3734 2147 3787 eunuchi.
2178 3734 2265 3802 qui
2299 3750 2355 3784 se
2398 3735 2541 3801 ipsos
2583 3744 2958 3789 castravcrunt
2997 3747 3211 3800 promer
3250 3749 3467 3801 tegttutll

1898 3803 2171 3857 caelorum
2200 3803 2299 3868 Qui
2333 3815 2504 3872 potest
2535 3820 2723 3868 capere
2750 3808 2943 3870 capiat.
2969 3805 3115 3857 Tunc
3142 3806 3301 3857 oblati
3343 3811 3465 3854 sunt

1898 3871 1945 3927 ei
1972 3873 2191 3939 parvuli.
2214 3883 2271 3926 ut
2296 3890 2484 3927 manus
2507 3875 2584 3928 eis
2601 3877 2899 3943 imponeret
2919 3886 2971 3927 et
2991 3886 3187 3943 oraret.
3208 3872 3461 3943 Discipuli

1896 3957 2071 3997 autem
2087 3944 2200 4012 ejus
2224 3943 2577 4010 prohibebant
2596 3940 2709 3997 eos.
2730 3944 2884 3997 Jesns
2899 3953 3072 3995 autem
3097 3941 3167 3991 ait
3188 3942 3306 4012 illis.
3325 3940 3462 3993 Sini-

1898 4022 1948 4065 te
1975 4010 2239 4081 parvulos.
2276 4024 2329 4066 et
2357 4014 2521 4067 nolite
2545 4028 2643 4071 eos
2668 4013 2949 4081 prohibere
2975 4012 3152 4064 venire
3183 4010 3246 4063 ad
3277 4028 3357 4061 me
3385 4021 3463 4061 tn-

1897 4082 2024 4137 1111111
2068 4092 2151 4137 est.
2191 4085 2333 4137 enim
2382 4098 2600 4151 regnum
2629 4083 2917 4139 caelorum.
2956 4082 3022 4133 Et
3067 4082 3328 4145 inponens
3380 4082 3457 4134 eis

1896 4168 2103 4206 manus.
2152 4152 2282 4205 abiit
2321 4153 2462 4205 inde.
2497 4152 2561 4204 Et
2587 4166 2713 4205 ecce
2762 4166 2895 4203 unus
2926 4152 3145 4204 accessit
3173 4152 3237 4201 ad
3265 4166 3383 4203 rum
3408 4158 3463 4203 et

1890 4222 2020 4273 dixit
2067 4222 2312 4287 Magister
2350 4222 2485 4272 bone
2540 4221 2663 4286 quid
2717 4222 2835 4273 lieni
2886 4219 3096 4274 faciam.
3150 4232 3200 4273 ut
3236 4220 3457 4274 habeam

1894 4289 2053 4340 vitam
2103 4300 2339 4341 etcrnam
2370 4289 2467 4353 Qui
2521 4288 2651 4343 dixit
2681 4292 2751 4345 ei.
2793 4290 2927 4355 Quid
2962 4306 3045 4345 me
3078 4290 3211 4343 dicis
3233 4290 3451 4344 bonum.

1894 4356 2062 4411 Nemo
2091 4359 2259 4411 bonus
2308 4359 2407 4411 nisi
2437 4375 2572 4413 unus
2598 4361 2754 4413 Deus.
2789 4361 2843 4414 Si
2876 4370 3051 4414 autem
3097 4362 3175 4413 vis
3202 4362 3266 4414 ad
3298 4366 3455 4413 vitam

1895 4429 2103 4498 ingredi
2127 4444 2279 4482 serva
2310 4431 2581 4487 mandata.
2610 4430 2689 4484 Ad
2721 4432 2806 4483 ille
2832 4432 2967 4484 dixit
3007 4432 3076 4485 ei.
3103 4433 3270 4495 Quae.
3302 4431 3456 4485 JCsus

1894 4511 2068 4554 autem
2119 4500 2275 4553 dixit.
2325 4501 2437 4553 Non
2493 4501 2726 4556 occides.
2781 4502 2897 4555 Non
2940 4501 3286 4555 adulterabis.
3344 4500 3455 4552 Non

1894 4568 1920 4606 ι)
1946 4571 2226 4626 iuraveris.
2258 4570 2371 4624 Non
2400 4574 2587 4626 l'alsum
2636 4572 2999 4625 testimonium
3026 4562 3196 4625 “dices.
3249 4571 3457 4623 llonora

1894 4650 2098 4710 patrem
2132 4652 2275 4695 tuum
2306 4651 2359 4695 et
2401 4653 2645 4713 matrem.
2686 4653 2738 4696 et
2762 4642 2951 4713 diliges
2981 4642 3278 4711 proximum
3312 4650 3456 4692 tuum

1894 4713 2030 4767 sicut
2063 4723 2111 4766 te
2139 4714 2328 4782 ipsum.
2386 4712 2518 4766 llicit

905 4891 1291 4950 VARIANTES
1330 4890 1710 4948 LECTIONES
1747 4890 2010 4947 CODICIS
2050 4890 2157 4946 MS.
2198 4890 2255 4946 S.
2295 4887 2795 4945 GERMANENSIS.

284 5015 300 5045 ί
335 5012 471 5062 Dixit
492 5018 653 5063 autem
673 5014 769 5066 illis
792 5028 803 5061 :
822 5012 927 5064 Non

282 5076 303 5107 ³
334 5081 667 5125 castraverunt
758 5100 763 5103 ι

285 5137 307 5168 ³
338 5136 653 5188 increpabant
674 5139 764 5188 eis.

283 5198 306 5233 δ
341 5199 416 5247 eis
439 5198 620 5260 :Si_nite
644 5198 882 5260 parvulos,

284 5260 305 5292 ³
342 5260 405 5309 Ut
432 5255 573 5322 Vulg.
600 5255 765 5324 usque,
788 5255 919 5310 bone

1955 5012 1975 5042 °
2014 5012 2163 5069 bone,

1954 5074 1973 5103 τ
2010 5074 2099 5128 Qui
2122 5072 2242 5119 dixit
2266 5072 2345 5118 ei:

1953 5134 1974 5225 ε
2008 5132 2160 5202 Nemo
2182 5132 2337 5182 bonus
2358 5133 2445 5181 nisi
2469 5146 2593 5183 unus
2616 5134 2751 5185 Deus
2777 5136 2819 5183 ε.

2010 5206 2197 5241 11011119.

1955 5255 1997 5284 ¹⁰
2038 5255 2097 5304 Ut
2128 5254 2271 5318 Vulg.
2300 5269 2463 5321 usque,
2492 5258 2787 5309 adolescens.

1498 5335 1855 5394 BLANCHINI
1893 5335 2121 5394 NOTIE.

297 5450 320 5479 ⁸
350 5437 655 5508 Tertull._et
674 5436 925 5508 Cyprian.
946 5435 1127 5508 legunt
1155 5448 1277 5489 cum
1307 5432 1514 5508 duobus
1546 5445 1673 5485 mss.
1699 5443 1794 5483 no-

231 5513 352 5565 stris
398 5502 865 5573 codicibusfsunt
906 5502 1194 5574 spadones;
1250 5515 1303 5559 et
1368 5505 1439 5557 ita
1486 5509 1796 5574 constanter

229 5596 417 5637 nomen
446 5572 736 5649 spadonum
774 5572 1005 5631 retinent
1030 5576 1081 5631 in
1113 5576 1320 5629 caeteris
1352 5588 1447 5643 pro
1473 5572 1686 5627 nomine
1707 5585 1799 5625 eu-

231 5652 547 5707 nucborum.

232 5836 247 5852 ι
298 5779 369 5852 (α)
398 5780 530 5837 Post
557 5780 668 5850 ait,
696 5778 849 5838 deest
875 5781 946 5835 eis
966 5816 983 5845 ,
1012 5774 1178 5835 etiam
1217 5773 1274 5831 in
1302 5782 1447 5831 textu
1480 5771 1691 5831 Graeco.

1970 5428 2077 5467 δεῖ

1976 5432 1996 5467 b
2068 5434 2077 5443 .

1976 5514 1996 5541 ε
2026 5432 2416 5570 ῗέεῗίιιιερτὶριυε
2441 5501 2622 5559 Codex
2658 5502 3164 5560 San-Germanensis
3194 5502 3347 5555 habet
3377 5498 3459 5553 hic

1903 5573 2042 5641 loci,
2074 5573 2214 5644 quod
2259 5574 2447 5643 legitur
2479 5575 2619 5645 apud
2657 5576 2887 5631 Marcum
2922 5590 3039 5644 cap.
3084 5590 3113 5627 x
3141 5614 3153 5637 ,
3188 5588 3324 5626 vers.
3379 5571 3460 5627 18.
