3900 6380
442 298 542 354 271
975 295 1239 377 EUSEBII
1277 290 1611 354 VEBCELL.
1652 293 2100 353 EVANGELIUM
2140 296 2284 353 CUM
2326 294 2552 353 VARIIS
2578 293 2731 353 COD.
2763 292 3151 351 COLLATUM.
3590 260 3701 347 272

2554 406 2787 489 CODEX
2823 404 3265 461 VERONENSIS.

830 407 1059 465 CODEX
1092 406 1630 465 VERCELLENSIS.

442 501 522 557 illi
550 500 866 556 adulescens
891 517 904 554 :
1269 499 1323 553 in
1355 514 1519 569 regno
1549 514 1669 554 cae-

448 571 639 628 Omnia
668 572 800 627 haec
1271 569 1469 623 lorum.

447 641 710 697 cusmdivi
736 655 765 695 a
788 640 879 710 iu-
1269 638 1362 710 25.
1408 638 1499 710 His
1527 649 1701 695 autem
1724 654 1818 693 au—

448 719 670 765 ventute
701 708 848 776 mea,
1271 708 1400 778 ditis
1424 750 1437 771 ,
1471 709 1706 778 discipu-

446 780 575 850 quid
605 780 777 833 adhuc
794 849 803 850 ί
1270 777 1309 831 li
1336 778 1605 850 miraban-

447 847 581 904 inihi
628 850 774 904 deeSt
787 849 815 918 ?7
1022 916 1033 918 _
1269 855 1377 918 _tur,
1412 847 1488 918 (a)
1513 858 1569 903 et
1596 850 1750 904 time-

444 919 538 975 21.
579 920 665 974 Ait
692 919 767 973 illi
789 917 946 974 Jesus
971 935 984 972 :
1014 916 1073 975 Si
1212 966 1216 970 .
1267 916 1675 987 banti-valde,
1708 919 1793 974 di-

445 990 529 1044 vis
556 988 821 1057 perfectus
1267 995 1451 1042 centes
1482 1005 1494 1039 :
1526 988 1655 1055 Quis

369 1079 379 1095 ι
443 1074 595 1122 esse,
624 1060 786 1123 vade,
813 1073 943 1114 ven-
1268 1071 1400 1125 ergo
1430 1058 1628 1126 poterit

440 1128 511 1183 de
537 1130 671 1182 bona
696 1138 780 1183 tua
796 1166 812 1192 ,
1266 1127 1449 1182 salvus
1473 1142 1594 1181 esse
1617 1129 1641 1182 ’ἒ

437 1208 494 1253 et
514 1197 579 1252 da
608 1202 800 1267 p‘aupee
1266 1196 1358 1250 26.
1401 1196 1682 1267 aspiciens
1702 1212 1800 1252 au-

435 1265 621 1333 ribus,
646 1277 702 1323 et
721 1266 883 1323 habe-
1265 1274 1374 1319 tem
1400 1265 1557 1321 Jesns
1576 1306 1591 1332 ,
1622 1267 1757 1321 dixit

438 1336 526 1393 bis
551 1339 803 1393 thensau-
1262 1335 1371 1389 illis
1407 1354 1420 1390 :
1452 1335 1594 1403 Aput
1620 1338 1714 1391 ho-

432 1420 552 1461 rum
582 1408 635 1463 in
655 1423 780 1463 cae-
1262 1406 1435 1459 mines
1464 1404 1567 1459 hoc

430 1476 489 1531 lo
521 1494 533 1528 :
563 1487 617 1532 et
644 1478 798 1545 veni,
830 1494 919 1534 se-
1263 1475 1599 1545 impossibile

432 1560 601 1613 quere
622 1562 727 1601 me.
786 1544 789 1545 ⁷
1262 1553 1384 1599 est:
1414 1544 1562 1615 apud
1587 1545 1750 1600 Deum

432 1615 525 1669 22.
566 1616 701 1671 Cum
739 1619 977 1675 audisset
1262 1628 1394 1668 vero
1420 1613 1599 1668 omnia

434 1684 613 1741 autem
651 1686 781 1741 adu-
1259 1684 1539 1751 possibilia
1562 1692 1705 1737 sunt.

1258 1752 1350 1805 27.
1392 1752 1551 1821 Tune
1568 1752 1902 1821 respondens

1259 1821 1458 1875 Petrus
1479 1863 1494 1887 ,
1525 1820 1661 1876 dixit

1252 1892 1305 1945 ei
1333 1908 1346 1942 :
1380 1892 1515 1945 Ecce
1542 1906 1644 1946 nos
1670 1905 1759 1947 re-

1252 1960 1506 2029 liquimus
1526 1974 1643 2014 om-

431 1754 647 1811 lescens
679 1757 781 1812 hoc

429 1827 685 1885 verbum.
713 1826 827 1879 abi-

427 1894 474 1948 it
500 1895 670 1948 tristis
700 1911 713 1947 :
742 1905 860 1949 erat

424 1964 568 2019 enim
598 1962 802 2018 habens

427 2034 627 2087 multas
655 2048 777 2101 pos-
1256 2032 1346 2084 nia
1369 2071 1383 2095 ,
1413 2040 1467 2083 et
1489 2030 1659 2085 secuti

425 2100 721 2158 sessiones.
1256 2114 1442 2154 sumus
1468 2108 1521 2154 te
1552 2117 1565 2154 :
1598 2100 1723 2169 quid

428 2172 521 2228 23.
561 2172 715 2227 Jesns
734 2183 913 2229 autem
945 2173 1027 2228 di-
1255 2184 1385 2239 ergo
1411 2170 1514 2224 erit
1539 2184 1635 2224 no-
1767 2172 1776 2179 '

1253 2240 1344 2293 28.
1390 2239 1472 2293 bis
1494 2240 1517 2291 ?
1543 2239 1695 2295 Jesus
1721 2253 1814 2293 au-

1255 2319 1363 2363 tam
1387 2309 1523 2363 dixit
1552 2309 1654 2364 illis
1687 2328 1701 2363 :

1252 2381 1426 2434 Amen
1460 2380 1581 2433 dico
1609 2394 1699 2433 vo—

1250 2448 1365 2511 bis,
1398 2448 1542 2518 quod
1568 2463 1662 2504 vos

1248 2524 1340 2589 qul
1362 2518 1533 2574 secuti
1564 2534 1649 2575 es—

1249 2590 1319 2644 tis
1346 2605 1432 2644 me
1456 2631 1472 2653 ,
1502 2590 1554 2643 in
1579 2603 1729 2661 rege-

1247 2661 1530 2714 neratione
1558 2674 1678 2715 cum

1247 2729 1449 2786 sederit
1474 2728 1644 2785 Filius

1248 2798 1482 2853 hominis
1508 2798 1563 2853 in

1247 2869 1377 2923 sedc
1419 2868 1613 2937 maies-

1247 2941 1375 2993 tatis
1403 2952 1532 2992 suae
1552 2979 1566 3001 ,
1598 2952 1682 2991 se-

1250 3008 1448 3061 debitis
1475 3017 1528 3061 et
1555 3020 1650 3061 vos

1249 3092 1412 3145 super
1437 3076 1594 3131 sedes

1249 3152 1345 3201 xit.
1394 3146 1694 3215 iudicantes

847 3282 1078 3339 CODEX
1114 3279 1577 3337 CORBEIENSIS.

423 3383 502 3437 illi
549 3381 859 3434 adolescens
922 3392 933 3426 :
992 3374 1181 3446 Omnia
1212 3376 1381 3446 “haec
1464 3375 1725 3431 custodivi
1773 3385 1829 3442 τι,
1858 3374 1997 3446 quid

432 3452 606 3507 adhuc
654 3448 782 3502 mihi
834 3444 1024 3501 deest?
1075 3443 1162 3516 Ait
1210 3444 1284 3497 illi
1314 3444 1588 3516 VJesus:Si
1624 3447 1703 3501 vis
1732 3443 1999 3516 perfectus

426 3539 578 3585 esse,
616 3522 629 3550 ι
657 3518 790 3573 vade
808 3558 824 3583 ,
876 3526 928 3570 et
982 3515 1151 3569 vende
1180 3515 1356 3568 omnia
1384 3531 1519 3583 quae
1546 3516 1785 3584 possides
1806 3558 1821 3580 ,
1854 3526 1908 3570 et
1933 3519 1997 3571 da

424 3590 769 3663 pauperibus,
796 3596 847 3641 et
873 3585 1094 3663 habebis
1126 3586 1432 3663 thesaurum
1456 3586 1509 3639 in
1530 3587 1683 3663 coelo
1708 3604 1731 3663 ε
1760 3596 1816 3641 et
1841 3588 1996 3663 veni_,

425 3654 812 3733 sequereme.
866 3660 1056 3733 Quum
1086 3654 1321 3733 audisset
1377 3664 1576 3733 autem
1603 3655 1918 3733 adolescens
1968 3660 1988 3687 ²

424 3724 649 3786 verbum
675 3730 775 3781 hoc
800 3768 813 3790 ,
836 3726 964 3780 abiit
994 3725 1161 3777 tristis
1208 3742 1218 3774 :
1247 3733 1362 3777 erat
1389 3726 1531 3777 enim
1564 3724 1767 3778 habens
1796 3732 1992 3779 multas

425 3800 819 3873 possessiones.
847 3796 1033 3873 _._lesus
1085 3802 1263 3873 autem
1312 3793 1451 3873 dixit
1491 3794 1781 3873 discipulis
1834 3797 1989 3873 _snis:

430 3862 600 3926 lmen
626 3869 746 3923 dico
777 3866 954 3928 vobis,
985 3863 1124 3929 quod
1160 3864 1309 3917 dives
1340 3862 1561 3917 difficile
1586 3864 1808 3917 intrabit
1833 3864 1886 3918 in
1910 3880 1993 3917 re-

434 3956 601 4010 gnum
637 3939 929 4010 caelorum.
954 3935 972 3963 ³
1004 3935 1197 3987 lterum
1244 3933 1365 3987 dico
1395 3935 1547 4010 vobis
1580 3951 1593 3985 :
1637 3933 1883 4010 Facilius
1916 3944 1997 3987 est

437 4002 699 4061 Eamelum
729 4022 820 4073 per
845 4005 1083 4059 foramen
1127 4017 1256 4057 acus
1304 4004 1534 4057 transire
1556 4045 1568 4062 .
1599 4018 1757 4071 quam
1779 4002 1998 4073 divitem

439 4078 493 4131 in
520 4092 680 4145 regno
710 4072 1007 4145 caelorum.
1030 4074 1148 4140 Quo
1184 4074 1366 4145 auditio
1390 4115 1404 4138 ,
1433 4073 1680 4143 discipuli
1706 4074 1819 4145 eius
1848 4072 1996 4145 “Ami-

440 4142 699 4201 rabantur
724 4144 875 4197 valde
902 4184 916 4205 ,
957 4143 1196 4199 dicentes
1220 4161 1232 4197 :
1284 4142 1415 4209 Quis
1444 4142 1583 4211 ergo
1602 4144 1797 4211 poterit
1819 4142 1999 4197 salvus

442 4229 563 4269 esse
582 4216 605 4264 ’ἶ
632 4215 651 4243 ⁵
678 4213 1023 4279 Conspiciens
1054 4224 1228 4267 autem
1258 4212 1413 4267 .lesus
1438 4256 1452 4278 ,
1492 4213 1625 4268 dixit
1655 4212 1759 4267 illis
1802 4231 1813 4266 :
1842 4214 1994 4281 Apud

444 4282 691 4338 homines
730 4281 832 4351 hoc
859 4282 1198 4351 impossibile
1252 4292 1334 4336 est
1378 4301 1391 4335 :
1436 4284 1572 4351 apud
1627 4285 1789 4336 Deum
1819 4294 1996 4337 autem

446 4356 623 4409 omnia
674 4346 961 4419 possibilia
996 4360 1151 4419 sunt.
1190 4351 1338 4405 Tunc
1387 4346 1715 4419 respondens
1774 4354 1998 4415 Petrus,

445 4424 580 4477 dixit
604 4421 622 4454 °
649 4417 829 4475 {Ecce
848 4432 942 4471 nos
968 4417 1279 4483 reliquimus
1304 4417 1517 4481 omnia,
1542 4430 1599 4473 et
1624 4422 1794 4474 secuti
1819 4436 2003 4473 sumus

427 2243 510 2297 xit
534 2243 767 2312 discipu-

425 2314 495 2369 lis
520 2314 630 2368 suis
659 2328 672 2365 :
702 2316 870 2368 Amen

425 2384 551 2438 dico
584 2382 767 2448 vobis,

466 2452 572 2507 uod
603 2453 752 2507 dives

465 2523 643 2577 ifficile
670 2523 752 2577 in-

425 2594 587 2650 travit
611 2594 664 2646 in
706 2607 824 2661 reg-

425 2680 500 2719 no
525 2663 813 2719 caelorum.

422 2733 515 2787 24.
559 2734 753 2787 lterum
784 2731 907 2787 dico
937 2746 1029 2785 vo-

420 2803 511 2859 bis
542 2820 555 2855 :
587 2801 820 2856 Facilius

422 2882 507 2929 est
532 2870 819 2926 camellum

421 2958 524 3013 per
549 2942 791 3013 foramen

422 3012 555 3067 acus
586 3012 777 3066 transi-

420 3097 483 3137 re
502 3123 517 3148 ,
548 3096 707 3150 quam
738 3079 873 3136 divi—

420 3160 533 3210 tem
557 3154 758 3207 intrare

448 4504 539 4552 te:
570 4492 691 4561 quid
720 4504 848 4558 ergo
874 4488 989 4561 _erit
1028 4488 1218 4561 nobis?
1258 4488 1414 4561 .lcsus
1458 4498 1632 4540 autem
1683 4489 1814 4561 dixit
1840 4490 2013 4561 illis:

449 4557 617 4617 Amen
644 4562 763 4615 dico
791 4557 954 4613 vobis
978 4597 994 4623 ,
1020 4557 1142 4625 quia
1165 4570 1258 4609 vos
1300 4558 1388 4623 qui
1420 4572 1505 4609 me
1542 4558 1712 4611 secuti
1755 4558 1917 4610 estis:
1952 4558 2004 4611 in

448 4631 890 4704 regeneratione,
954 4625 1363 4704 quum_s_e_derit
1425 4626 1590 4679 Filius
1648 4625 1923 4704 hominis]
1950 4627 2005 4680 in

448 4695 643 4756 thFono
668 4702 868 4769 gloriae
895 4695 1307 4763 suae,scdebitis
1327 4704 1382 4750 et
1410 4712 1504 4751 vos
1525 4696 1857 4768 super-sedes
1876 4695 2007 4751 duo-

455 4771 625 4827 decim
647 4815 660 4838 ,
686 4771 985 4840 iudicantes

2124 499 2333 555 lescens
2365 517 2377 551 :
2405 498 2529 555 Om~

2122 571 2209 623 nia
2240 570 2371 623 haec
2393 578 2575 625 custo-

2122 639 2229 694 divi
2252 640 2485 707 aiuven-

2123 717 2236 763 ιυιθ
2263 723 2379 763 mea
2396 749 2411 770 ,

2123 779 2248 847 quid
2272 778 2449 833 adhuc

2122 849 2251 903 mihi
2281 847 2473 903 deest?

2120 916 2211 971 21.
2254 919 2344 972 Ait
2372 918 2449 971 illi

2120 985 2278 1043 Iesus
2305 1003 2322 1043 :
2347 987 2403 1043 Si
2434 988 2514 1042 vis

2118 1056 2389 1125 perfectus
2416 1072 2502 1112 es-

2012 1152 2015 1157 ·
2116 1126 2414 1194 se,vade,

2116 1196 2293 1278 vende
2315 1212 2431 1251 om-
2532 1218 2535 1219 ν

2116 1275 2201 1319 nia
2226 1275 2313 1322 tua
2328 1306 2343 1331 ,
2375 1275 2430 1321 et

2113 1335 2183 1405 da
2216 1351 2416 1405 paupe-

2100 1403 2260 1472 ribus
2281 1447 2297 1472 ,
2324 1403 2387 1461 et
2415 1406 2508 1461 lia-

2111 1471 2265 1529 bebis
2282 1471 2548 1531 thensau-

2110 1556 2230 1599 rum
2256 1546 2309 1600 in
2335 1546 2485 1600 caelo
2514 1562 2527 1597 :

2112 1621 2169 1667 et
2198 1616 2355 1683 veni,
2384 1628 2607 1685 sequere

2110 1697 2218 1739 me.

2109 1752 2201 1807 22.
2244 1751 2379 1808 Cum
2409 1753 2649 1809 audisset

2108 1832 2288 1878 autem
2318 1822 2503 1877 adule-

2108 1906 2269 1947 scens
2293 1893 2515 1948 verbum

2108 1961 2213 2017 hoc
2236 2003 2251 2027 ,
2292 1960 2423 2015 abiit
2455 1961 2548 2016 tri—

2110 2040 2223 2087 stes
2254 2048 2269 2085 :
2296 2040 2413 2087 erat
2440 2032 2585 2087 enim

2106 2099 2314 2156 habens
2343 2101 2534 2163 multas

2179 2170 2500 2227 ssessiones.

2146 2241 2199 2295 5.
2241 2240 2398 2296 Jesus
2428 2250 2605 2297 autem

2104 2310 2245 2365 dixit
2271 2311 2547 2379 discipulis

2103 2380 2218 2434 suis
2249 2397 2262 2433 :
2292 2382 2461 2437 Amen

2101 2448 2226 2521 dico
2255 2452 2406 2506 vobis
2424 2493 2439 2515 ,
2469 2451 2612 2521 quod

2100 2519 2252 2574 dives
2282 2519 2500 2576 difficile

2101 2589 2320 2644 intravit
2350 2592 2402 2646 in
2427 2607 2513 2647 re-

2100 2675 2205 2727 gno
2220 2662 2515 2716 caelorum.

2099 2729 2193 2784 24.
2237 2731 2433 2785 lterum
2463 2729 2582 2786 dico

2098 2799 2252 2855 vobis
2286 2818 2301 2855 :
2331 2800 2564 2856 Facilius

2098 2878 2185 2925 est
2206 2871 2481 2927 camillum

2098 2955 2195 3009 per
2224 2942 2463 2995 foramen

2098 3024 2228 3064 acus
2259 3010 2489 3065 transire
2517 3050 2531 3075 ,

2098 3094 2257 3148 quam
2279 3079 2497 3133 divitem

2099 3149 2306 3205 intrare
2330 3151 2383 3205 in
2414 3164 2499 3205 re-
2594 3196 2597 3199 ι

2942 511 3105 565 gnum
3128 494 3420 565 caelorum.

2941 564 3031 619 25.
3075 564 3285 619 Auditis
3310 572 3491 619 autem

2942 633 3224 699 discipulis
3249 634 3384 689 haec
3407 675 3423 698 ,

2941 705 3294 776 mirabantur,
3316 703 3407 776 _(a)

2941 785 2997 829 et
3020 775 3276 830 timebant
3300 774 3342 844 i-

2942 844 3126 909 valde,
3156 844 3399 899 dicentes
3424 861 3439 897 :

2939 912 3070 981 Quis
3097 929 3226 981 ergo
3246 929 3343 984 po-

2939 986 3067 1039 terit
3090 985 3269 1039 salvus
3300 984 3472 1039 esse?

2936 1052 3025 1107 26.
3074 1053 3358 1122 Aspiciens
3389 1061 3575 1110 autem

2933 1122 3093 1177 Jesus
3115 1164 3129 1189 ,
3160 1124 3273 1179 dixi

2928 1192 3038 1263 illis
3072 1210 3084 1244 :
3116 1193 3262 1263 Aput

2932 1261 3180 1318 homines
3195 1262 3301 1319 hoc

2932 1331 3266 1401 impossibile
3294 1342 3379 1390 est
3410 1351 3426 1387 :

2932 1411 3061 1473 aput
3084 1402 3250 1458 Deum

2933 1482 3109 1527 autem
3141 1473 3323 1528 omnia

2934 1542 3211 1605 possibilia
3238 1552 3381 1598 sunt.

2931 1609 3022 1685 27.
3065 1611 3219 1685 Tunc
3232 1614 3571 1685 respondens

2931 1680 3123 1735 Petrus
3143 1723 3160 1749 ,
3190 1683 3327 1738 dixit

2929 1752 2982 1805 ei
3007 1768 3021 1806 :
3058 1751 3197 1807 Ecce
3225 1767 3326 1808 nos

2927 1820 3245 1891 reliquimus

2925 1893 3151 1957 omnia,
3200 1899 3255 1945 et
3311 1906 3399 1947 se-

2925 1962 3033 2015 cuti
3064 1976 3248 2015 sumns
3273 1971 3325 2017 te
3353 1978 3369 2017 :

2925 2030 3051 2101 quid
3074 2046 3202 2101 ergo
3223 2031 3329 2085 erit

2923 2100 3079 2155 nobis
3099 2100 3122 2153 ?

2925 2169 3013 2225 28.
3060 2168 3216 2225 Jesus
3251 2180 3429 2227 autem

2923 2240 3061 2294 dixit
3087 2240 3192 2295 illis
3237 2259 3251 2295 :
3478 2264 3481 2265 ν

2921 2312 3093 2365 Amen
3122 2310 3245 2365 dico

2921 2381 3076 2436 vobis
3099 2419 3117 2447 ,
3147 2380 3292 2451 quod

2923 2464 3018 2505 vos
3047 2452 3137 2520 qui
3170 2464 3257 2506 se-

2920 2521 3030 2601 cuti
3054 2521 3185 2576 estis
3211 2536 3329 2587 me,

2922 2606 2977 2645 In
2999 2605 3289 2659 regenera-

2920 2660 3067 2716 tione
3094 2674 3216 2715 cum

2918 2730 3120 2786 sederit
3144 2729 3320 2785 Filius

2920 2801 3155 2855 hominis
3192 2800 3246 2854 in

2919 2870 3049 2925 sede
3075 2868 3390 2941 maiestatis,

2920 2953 3051 2995 suae
3080 2980 3095 3004 ,

2922 3009 3180 3065 sedebitis
3205 3016 3262 3063 et

2922 3093 3020 3133 vos
3046 3092 3209 3149 super
3236 3092 3324 3149 se-

2923 3149 3021 3205 des
3050 3148 3145 3205 xn.
3173 3148 3323 3218 iudi-

2566 3287 2797 3344 CODEX
2826 3286 3218 3343 BRIXIANUS.

2100 3380 2175 3435 illi
2197 3380 2533 3439 adulescens.
2549 3381 2736 3437 Omnis
2750 3381 2901 3437 haec.
2916 3380 3175 3435 custodivi
3195 3395 3223 3433 a
3242 3378 3524 3446 iuventute
3537 3393 3674 3433 mea.

2100 3451 2228 3520 quid
2255 3452 2429 3507 adhuc
2460 3453 2587 3507 mihi
2618 3452 2788 3507 deest.
2810 3451 2897 3506 Ait
2917 3452 2990 3505 illi
3018 3450 3194 3506 Jesus.
3224 3449 3281 3504 Si
3304 3452 3383 3503 vis
3409 3449 3682 3517 perfectus

2101 3536 2242 3576 esse.
2271 3522 2407 3579 vade
2444 3522 2615 3577 vende
2643 3524 2821 3577 omnia
2848 3537 2985 3592 quae
3014 3520 3281 3592 possides.
3308 3529 3364 3575 et
3386 3520 3453 3573 da
3482 3533 3684 3592 paupe-

2102 3592 2272 3646 ribus.
2298 3602 2354 3647 et
2397 3594 2616 3647 habebis
2661 3588 3028 3645 thensaurum'
3060 3592 3113 3644 in
3162 3590 3334 3645 caelo.
3365 3599 3421 3645 et
3448 3588 3570 3643 veni
3598 3603 3683 3641 se-

2104 3676 2270 3729 quere
2298 3677 2401 3716 me.
2435 3662 2547 3715 Hoc
2586 3662 2769 3715 audito
2799 3661 3116 3715 adulescens
3159 3659 3295 3713 abiit
3338 3660 3528 3713 tristis.
3562 3666 3683 3729 erat

2096 3727 2239 3800 enim
2264 3732 2468 3784 habens
2497 3731 2693 3785 multas
2728 3733 3115 3800 possessiones.
3149 3730 3307 3786 Jesus
3333 3739 3512 3800 autem
3544 3727 3703 3800 dixit.

2095 3798 2373 3867 discipulis
2414 3804 2549 3855 suis.
2593 3796 2762 3856 Amen
2807 3802 2925 3855 dico
2955 3801 3128 3855 vobis.
3171 3802 3297 3870 quia
3338 3796 3684 3870 difﬁciledi-

2095 3883 2192 3921 ves
2222 3870 2438 3924 intrabit
2463 3870 2516 3924 in
2546 3886 2767 3936 regnum
2792 3871 3083 3924 caelorum.
3114 3867 3313 3925 lterum
3338 3880 3522 3925 autem
3548 3867 3676 3922 dico

2098 3938 2254 3992 vobis
2276 3938 2507 3994 Facilius
2530 3950 2611 3993 εει
2632 3940 2894 3993 camelum
2944 3955 3038 4007 per
3079 3939 3323 3994 foramen
3368 3953 3499 4007 acus
3528 3946 3675 3991 tran-

2100 4008 2232 4062 sire.
2275 4024 2432 4077 quam
2473 4011 2692 4062 divitem
2751 4009 2975 4062 introire
3023 4008 3073 4059 in
3127 4022 3349 4077 regnum
3380 4006 3678 4077 caelorum.

2101 4073 2311 4131 Auditis
2358 4088 2535 4132 autem
2592 4077 2673 4130 liis
2726 4076 2995 4145 discipuli.
3031 4073 3559 4145 mirabanturivalde
3598 4073 3683 4127 di-

2100 4157 2284 4201 centes
2308 4148 2438 4215 Quis
2462 4163 2593 4217 ergo
2639 4148 2837 4215 poterit
2862 4144 3228 4217 Salvusesse._
3262 4144 3685 4217 Aspiciens__a_u-

2109 4226 2215 4272 tem
2242 4213 2398 4273 Jesns
2420 4213 2552 4272 dixit
2582 4213 2678 4271 eis.
2731 4220 2872 4285 Aput
2920 4216 3163 4269 homines
3217 4214 3318 4285 hoc
3347 4213 3683 4285 inpossibile

2100 4297 2185 4342 est
2207 4330 2221 4351 ,
2252 4298 2379 4358 aput
2424 4289 2587 4342 Deum
2620 4282 2795 4358 autem
2824 4286 3001 4358 omnia
3034 4284 3309 4358 possibilia
3341 4294 3486 4358 sunt.
3534 4282 3688 4358 '_l‘unc

2102 4352 2438 4425 respondens
2494 4360 2686 4412 Petrus
2734 4356 2869 4411 dixit
2914 4357 2982 4411 ei.
3038 4352 3174 4409 Ecce
3227 4370 3325 4408 nos
3365 4352 3685 4425 reliquimus

2110 4422 2310 4481 omnia.
2344 4437 2398 4481 et
2424 4430 2589 4481 secuti
2616 4442 2802 4480 sumus
2830 4438 2879 4480 te
2909 4426 3034 4494 quid
3066 4441 3194 4493 ergo
3224 4426 3327 4477 erit
3366 4422 3541 4477 nobis.

2180 4496 2335 4551 Jesus
2362 4508 2541 4550 autem
2562 4496 2695 4549 dixit
2720 4497 2847 4549 illis.
2877 4491 3048 4548 Ainen
3093 4491 3216 4547 dico
3246 4493 3397 4546 vobis
3426 4491 3681 4561 quoniam

2112 4580 2209 4619 vos
2239 4567 2327 4634 qni
2356 4566 2525 4619 secuti
2547 4567 2676 4619 estis
2704 4580 2789 4619 me
2816 4567 2870 4619 in
2890 4565 3306 4619 resurrectione.
3336 4578 3457 4616 cum
3480 4562 3690 4617 sederit

2112 4634 2279 4688 Filius
2326 4634 2555 4688 hominis
2616 4651 2777 4704 supra
2840 4635 3021 4688 sedem
3076 4634 3397 4704 maiestatis,
3428 4638 3563 4687 'suae
3602 4648 3689 4687 se-

2112 4704 2328 4759 debitis.
2376 4714 2430 4759 ct
2481 4720 2577 4759 vos
2619 4703 2783 4775 super
2829 4703 3111 4760 duodecim
3162 4703 3339 4759 sedes.
3382 4703 3689 4773 iudicantes

1121 4901 1510 4959 VARIANTES
1548 4899 1924 4959 LECTIONES
1959 4898 2220 4957 CODICIS
2258 4900 2369 4957 MS.
2411 4899 2467 4955 S.
2509 4896 3008 4957 GERMANENSIS.

516 5046 531 5075 ¹
571 5042 707 5104 vade,
729 5040 1037 5104 vendequae
1057 5037 1230 5096 habes,

510 5108 531 5136 '
565 5102 787 5164 verbum,
812 5102 930 5164 abiit

511 5168 533 5198 ³
565 5166 645 5227 Et,
672 5158 790 5223 eth,
810 5167 861 5213 ut
889 5158 1033 5223 Vulg.
1054 5169 1221 5221 usque,
1242 5158 1535 5208 mirabantur

510 5228 531 5257 ’θ
564 5227 722 5275 mirati
740 5230 872 5282 sunt,

2176 5038 2197 5127 ξ
2231 5033 2483 5107 Aspiciens

2177 5111 2197 5189 ζ
2233 5111 2315 5208 (ὒιῖ
2330 5154 2474 5221 Vulg.
2494 5168 2643 5221 usque
2661 5156 2727 5207 ad
2749 5156 2895 5207 aliam
2913 5154 3183 5207 sectionem.

1715 5302 2072 5363 BLANCHINI
2099 5306 2325 5401 §0Txﬁ
2377 5312 2397 5347 ‘t

520 5434 542 5459 ε·
571 5424 727 5477 Notat
763 5421 933 5475 Lucas
962 5417 1248 5487 Brugensis
1290 5418 1451 5483 illud,
1492 5434 1523 5470 a
1557 5420 1821 5489 juventule
1861 5435 2003 5484 utea,

449 5496 587 5557 quod
615 5494 852 5559 sequitur
885 5491 937 5544 in
969 5490 1189 5559 Vulgata
1219 5495 1400 5542 nostra
1428 5530 1441 5551 ,
1487 5503 1590 5542 non
1621 5489 2004 5559 lectum‘fuisse

453 5562 635 5618 Graece
674 5557 741 5617 ab
783 5557 1086 5629 interprete,
1123 5558 1349 5624 Latino,
1396 5572 1495 5613 nec
1531 5558 1753 5628 proinde
1817 5557 2003 5612 Latine

2107 5422 2285 5478 datum
2314 5438 2454 5477 esse.
2504 5420 2656 5490 Quod
2705 5422 2914 5478 veritati
2959 5435 3256 5477 consonum
3295 5419 3523 5490 probant
3579 5418 3689 5475 duo

2105 5495 2455 5562 manuscripti
2511 5488 2681 5549 nostri
2752 5492 2958 5559 Latini,
3026 5502 3082 5549 et
3165 5488 3691 5547 alia—vetustissima

2104 5566 2452 5635 exemplaria.

498 5689 575 5757 (α)
605 5693 809 5747 Addunt
838 5704 882 5747 et
912 5692 1167 5759 timebant,
1214 5706 1336 5748 cum
1378 5690 1496 5747 cod.
1524 5690 1679 5748 Cant.
1706 5681 1785 5748 acti
1814 5692 2113 5764 ἐφοϐἀθσαν.
