  <div class='ocr_page' id='page_1' title='image "/cluster/home/n/w/nwhite01/storage/ocr_20150623/12-13/uc1.31175013632818/144.png"; bbox 0 0 5220 6574; ppageno 0'>
   <div class='ocr_carea' id='block_1_1' title="bbox 284 392 2538 489">
    <p class='ocr_par' dir='ltr' id='par_1_1' title="bbox 284 392 2538 489">
     <span class='ocr_line' id='line_1_1' title="bbox 284 392 2538 489; baseline -0.001 -3"><span class='ocrx_word' id='word_1_1' title='bbox 284 430 385 489; x_wconf 71' lang='grc'><strong>275</strong></span> <span class='ocrx_word' id='word_1_2' title='bbox 696 464 699 467; x_wconf 59' lang='grc' dir='ltr'><strong>ι</strong></span> <span class='ocrx_word' id='word_1_3' title='bbox 1216 429 1677 488; x_wconf 74' lang='lat' dir='ltr'><strong>&#39;EVANGELIUM</strong></span> <span class='ocrx_word' id='word_1_4' title='bbox 1713 426 2078 487; x_wconf 72' lang='lat' dir='ltr'><strong>SECUNDUM</strong></span> <span class='ocrx_word' id='word_1_5' title='bbox 2112 429 2538 488; x_wconf 72' lang='grc' dir='ltr'><strong>ΜΔΤΤΗιιΕυΜ.</strong></span> 
     </span>
    </p>
   </div>
   <div class='ocr_carea' id='block_1_2' title="bbox 664 545 1476 605">
    <p class='ocr_par' dir='ltr' id='par_1_2' title="bbox 664 545 1476 605">
     <span class='ocr_line' id='line_1_2' title="bbox 664 545 1476 605; baseline -0.004 -3"><span class='ocrx_word' id='word_1_6' title='bbox 664 545 897 603; x_wconf 85' lang='lat' dir='ltr'><strong>CODEX</strong></span> <span class='ocrx_word' id='word_1_7' title='bbox 940 545 1476 605; x_wconf 82' lang='lat' dir='ltr'><strong>VERCELLENSIS.</strong></span> 
     </span>
    </p>
   </div>
   <div class='ocr_carea' id='block_1_3' title="bbox 282 637 1461 696">
    <p class='ocr_par' dir='ltr' id='par_1_3' title="bbox 282 637 1461 696">
     <span class='ocr_line' id='line_1_3' title="bbox 282 637 1461 696; baseline -0.005 0"><span class='ocrx_word' id='word_1_8' title='bbox 282 656 377 696; x_wconf 89' lang='lat' dir='ltr'><strong>xu.</strong></span> <span class='ocrx_word' id='word_1_9' title='bbox 407 637 576 694; x_wconf 88' lang='lat' dir='ltr'><strong>tribus</strong></span> <span class='ocrx_word' id='word_1_10' title='bbox 602 638 678 694; x_wconf 91' lang='lat' dir='ltr'><strong>ls—</strong></span> <span class='ocrx_word' id='word_1_11' title='bbox 1100 639 1287 693; x_wconf 84' lang='lat' dir='ltr'><strong>horam</strong></span> <span class='ocrx_word' id='word_1_12' title='bbox 1305 637 1461 693; x_wconf 87' lang='lat' dir='ltr'><strong>terti—</strong></span> 
     </span>
    </p>
   </div>
   <div class='ocr_carea' id='block_1_4' title="bbox 284 707 1638 779">
    <p class='ocr_par' dir='ltr' id='par_1_4' title="bbox 284 707 1638 779">
     <span class='ocr_line' id='line_1_4' title="bbox 284 707 1638 779; baseline -0.001 -16"><span class='ocrx_word' id='word_1_13' title='bbox 284 709 470 764; x_wconf 79' lang='lat' dir='ltr'><strong>traliel.</strong></span> <span class='ocrx_word' id='word_1_14' title='bbox 1098 724 1184 763; x_wconf 90' lang='lat' dir='ltr'><strong>am</strong></span> <span class='ocrx_word' id='word_1_15' title='bbox 1215 749 1231 774; x_wconf 92' lang='lat'><strong>,</strong></span> <span class='ocrx_word' id='word_1_16' title='bbox 1260 708 1337 779; x_wconf 89' lang='lat' dir='ltr'><strong>(a)</strong></span> <span class='ocrx_word' id='word_1_17' title='bbox 1366 707 1569 763; x_wconf 89' lang='lat' dir='ltr'><strong>invenit</strong></span> <span class='ocrx_word' id='word_1_18' title='bbox 1595 707 1638 777; x_wconf 84' lang='grc' dir='ltr'><strong>-ι-</strong></span> 
     </span>
    </p>
   </div>
   <div class='ocr_carea' id='block_1_5' title="bbox 221 779 1473 850">
    <p class='ocr_par' dir='ltr' id='par_1_5' title="bbox 221 779 1473 850">
     <span class='ocr_line' id='line_1_5' title="bbox 221 779 1473 850; baseline -0.002 -15"><span class='ocrx_word' id='word_1_19' title='bbox 221 796 227 801; x_wconf 78' lang='lat'><strong>&#39;</strong></span> <span class='ocrx_word' id='word_1_20' title='bbox 281 781 363 835; x_wconf 72' lang='lat'><strong>29.</strong></span> <span class='ocrx_word' id='word_1_21' title='bbox 412 779 480 834; x_wconf 87' lang='lat' dir='ltr'><strong>Et</strong></span> <span class='ocrx_word' id='word_1_22' title='bbox 504 779 680 850; x_wconf 85' lang='lat' dir='ltr'><strong>omnis</strong></span> <span class='ocrx_word' id='word_1_23' title='bbox 707 780 800 850; x_wconf 87' lang='lat' dir='ltr'><strong>qui</strong></span> <span class='ocrx_word' id='word_1_24' title='bbox 829 794 914 836; x_wconf 81' lang='lat' dir='ltr'><strong>re-</strong></span> <span class='ocrx_word' id='word_1_25' title='bbox 1098 780 1239 850; x_wconf 83' lang='lat' dir='ltr'><strong>alios</strong></span> <span class='ocrx_word' id='word_1_26' title='bbox 1266 787 1473 833; x_wconf 88' lang='lat' dir='ltr'><strong>stantes</strong></span> 
     </span>
    </p>
   </div>
   <div class='ocr_carea' id='block_1_6' title="bbox 284 848 1683 919">
    <p class='ocr_par' dir='ltr' id='par_1_6' title="bbox 284 848 1683 919">
     <span class='ocr_line' id='line_1_6' title="bbox 284 848 1683 919; baseline -0.001 -14"><span class='ocrx_word' id='word_1_27' title='bbox 284 851 506 919; x_wconf 75' lang='lat' dir='ltr'><strong>liquerit</strong></span> <span class='ocrx_word' id='word_1_28' title='bbox 526 848 779 913; x_wconf 80' lang='lat' dir='ltr'><strong>domum,</strong></span> <span class='ocrx_word' id='word_1_29' title='bbox 1102 850 1157 919; x_wconf 82' lang='lat' dir='ltr'><strong>in</strong></span> <span class='ocrx_word' id='word_1_30' title='bbox 1183 848 1297 904; x_wconf 76' lang='lat' dir='ltr'><strong>foro</strong></span> <span class='ocrx_word' id='word_1_31' title='bbox 1324 850 1481 919; x_wconf 10' lang='lat' dir='ltr'><strong>otio-7</strong></span> <span class='ocrx_word' id='word_1_32' title='bbox 1618 918 1625 919; x_wconf 16' lang='grc' dir='ltr'>ί</span> <span class='ocrx_word' id='word_1_33' title='bbox 1680 891 1683 895; x_wconf 92' lang='grc'><strong>.</strong></span> 
     </span>
    </p>
   </div>
   <div class='ocr_carea' id='block_1_7' title="bbox 280 917 1658 986">
    <p class='ocr_par' dir='ltr' id='par_1_7' title="bbox 280 917 1658 986">
     <span class='ocr_line' id='line_1_7' title="bbox 280 917 1658 986; baseline -0.001 -11"><span class='ocrx_word' id='word_1_34' title='bbox 280 917 363 976; x_wconf 90' lang='lat' dir='ltr'><strong>vel</strong></span> <span class='ocrx_word' id='word_1_35' title='bbox 391 920 585 975; x_wconf 81' lang='lat' dir='ltr'><strong>fratres</strong></span> <span class='ocrx_word' id='word_1_36' title='bbox 607 960 623 986; x_wconf 88' lang='lat'><strong>,</strong></span> <span class='ocrx_word' id='word_1_37' title='bbox 1100 917 1157 973; x_wconf 71' lang='lat'><strong>4.</strong></span> <span class='ocrx_word' id='word_1_38' title='bbox 1199 933 1289 974; x_wconf 86' lang='lat' dir='ltr'><strong>sos</strong></span> <span class='ocrx_word' id='word_1_39' title='bbox 1309 958 1324 984; x_wconf 90' lang='lat'><strong>,</strong></span> <span class='ocrx_word' id='word_1_40' title='bbox 1354 929 1407 974; x_wconf 91' lang='lat' dir='ltr'><strong>et</strong></span> <span class='ocrx_word' id='word_1_41' title='bbox 1432 918 1568 974; x_wconf 87' lang='lat' dir='ltr'><strong>dixit</strong></span> <span class='ocrx_word' id='word_1_42' title='bbox 1596 918 1658 973; x_wconf 85' lang='lat' dir='ltr'><strong>il-</strong></span> 
     </span>
    </p>
   </div>
   <div class='ocr_carea' id='block_1_8' title="bbox 280 989 1521 1057">
    <p class='ocr_par' dir='ltr' id='par_1_8' title="bbox 280 989 1521 1057">
     <span class='ocr_line' id='line_1_8' title="bbox 280 989 1521 1057; baseline -0.002 -12"><span class='ocrx_word' id='word_1_43' title='bbox 280 999 371 1045; x_wconf 90' lang='lat' dir='ltr'><strong>aut</strong></span> <span class='ocrx_word' id='word_1_44' title='bbox 398 1004 612 1051; x_wconf 80' lang='lat' dir='ltr'><strong>sorores</strong></span> <span class='ocrx_word' id='word_1_45' title='bbox 631 1029 650 1057; x_wconf 89' lang='lat'><strong>,</strong></span> <span class='ocrx_word' id='word_1_46' title='bbox 1103 989 1169 1043; x_wconf 91' lang='lat' dir='ltr'><strong>lis</strong></span> <span class='ocrx_word' id='word_1_47' title='bbox 1198 1007 1214 1045; x_wconf 92' lang='lat'><strong>:</strong></span> <span class='ocrx_word' id='word_1_48' title='bbox 1245 989 1322 1044; x_wconf 89' lang='lat' dir='ltr'><strong>lte</strong></span> <span class='ocrx_word' id='word_1_49' title='bbox 1350 998 1406 1044; x_wconf 88' lang='lat' dir='ltr'><strong>et</strong></span> <span class='ocrx_word' id='word_1_50' title='bbox 1427 1003 1521 1044; x_wconf 90' lang='lat' dir='ltr'><strong>vos</strong></span> 
     </span>
    </p>
   </div>
   <div class='ocr_carea' id='block_1_9' title="bbox 280 1060 1501 1130">
    <p class='ocr_par' dir='ltr' id='par_1_9' title="bbox 280 1060 1501 1130">
     <span class='ocr_line' id='line_1_9' title="bbox 280 1060 1501 1130; baseline -0.003 -14"><span class='ocrx_word' id='word_1_51' title='bbox 280 1070 376 1116; x_wconf 91' lang='lat' dir='ltr'><strong>aut</strong></span> <span class='ocrx_word' id='word_1_52' title='bbox 402 1072 608 1130; x_wconf 85' lang='lat' dir='ltr'><strong>patrem</strong></span> <span class='ocrx_word' id='word_1_53' title='bbox 634 1100 651 1125; x_wconf 92' lang='lat'><strong>,</strong></span> <span class='ocrx_word' id='word_1_54' title='bbox 916 1122 921 1129; x_wconf 32' lang='grc' dir='ltr'>ι</span> <span class='ocrx_word' id='word_1_55' title='bbox 1103 1060 1178 1115; x_wconf 91' lang='lat' dir='ltr'><strong>in.</strong></span> <span class='ocrx_word' id='word_1_56' title='bbox 1228 1099 1242 1112; x_wconf 90' lang='lat'><strong>.</strong></span> <span class='ocrx_word' id='word_1_57' title='bbox 1286 1099 1301 1115; x_wconf 94' lang='lat'><strong>.</strong></span> <span class='ocrx_word' id='word_1_58' title='bbox 1342 1074 1501 1115; x_wconf 79' lang='lat' dir='ltr'><strong>neam</strong></span> 
     </span>
    </p>
   </div>
   <div class='ocr_carea' id='block_1_10' title="bbox 279 1127 1589 1198">
    <p class='ocr_par' dir='ltr' id='par_1_10' title="bbox 279 1127 1589 1198">
     <span class='ocr_line' id='line_1_10' title="bbox 279 1127 1589 1198; baseline -0.005 -12"><span class='ocrx_word' id='word_1_59' title='bbox 279 1140 368 1186; x_wconf 89' lang='lat' dir='ltr'><strong>aut</strong></span> <span class='ocrx_word' id='word_1_60' title='bbox 405 1127 677 1197; x_wconf 85' lang='lat' dir='ltr'><strong>inatrem,</strong></span> <span class='ocrx_word' id='word_1_61' title='bbox 916 1127 919 1129; x_wconf 78' lang='grc'><em>’</em></span> <span class='ocrx_word' id='word_1_62' title='bbox 1100 1145 1174 1186; x_wconf 93' lang='lat' dir='ltr'><strong>m.</strong></span> <span class='ocrx_word' id='word_1_63' title='bbox 1218 1168 1233 1184; x_wconf 95' lang='lat'><strong>.</strong></span> <span class='ocrx_word' id='word_1_64' title='bbox 1278 1169 1294 1183; x_wconf 91' lang='lat'><strong>.</strong></span> <span class='ocrx_word' id='word_1_65' title='bbox 1339 1168 1353 1182; x_wconf 95' lang='lat'><strong>.</strong></span> <span class='ocrx_word' id='word_1_66' title='bbox 1399 1169 1413 1182; x_wconf 95' lang='lat'><strong>.</strong></span> <span class='ocrx_word' id='word_1_67' title='bbox 1445 1127 1589 1198; x_wconf 84' lang='lat' dir='ltr'><strong>quod</strong></span> 
     </span>
    </p>
   </div>
   <div class='ocr_carea' id='block_1_11' title="bbox 280 1196 1588 1267">
    <p class='ocr_par' dir='ltr' id='par_1_11' title="bbox 280 1196 1588 1267">
     <span class='ocr_line' id='line_1_11' title="bbox 280 1196 1588 1267; baseline -0.002 -12"><span class='ocrx_word' id='word_1_68' title='bbox 280 1210 367 1255; x_wconf 89' lang='lat' dir='ltr'><strong>aut</strong></span> <span class='ocrx_word' id='word_1_69' title='bbox 394 1201 573 1267; x_wconf 83' lang='lat' dir='ltr'><strong>ﬁlios,</strong></span> <span class='ocrx_word' id='word_1_70' title='bbox 602 1196 694 1254; x_wconf 88' lang='lat' dir='ltr'><strong>aut</strong></span> <span class='ocrx_word' id='word_1_71' title='bbox 1102 1237 1118 1253; x_wconf 90' lang='lat'><strong>.</strong></span> <span class='ocrx_word' id='word_1_72' title='bbox 1164 1241 1179 1255; x_wconf 98' lang='lat'><strong>.</strong></span> <span class='ocrx_word' id='word_1_73' title='bbox 1224 1240 1236 1253; x_wconf 97' lang='lat'><strong>.</strong></span> <span class='ocrx_word' id='word_1_74' title='bbox 1281 1239 1295 1252; x_wconf 95' lang='lat'><strong>.</strong></span> <span class='ocrx_word' id='word_1_75' title='bbox 1341 1239 1354 1252; x_wconf 96' lang='lat'><strong>.</strong></span> <span class='ocrx_word' id='word_1_76' title='bbox 1392 1196 1588 1253; x_wconf 68' lang='lat' dir='ltr'><strong>inlue—</strong></span> 
     </span>
    </p>
   </div>
   <div class='ocr_carea' id='block_1_12' title="bbox 280 1269 1458 1342">
    <p class='ocr_par' dir='ltr' id='par_1_12' title="bbox 280 1269 1458 1342">
     <span class='ocr_line' id='line_1_12' title="bbox 280 1269 1458 1342; baseline -0.001 -17"><span class='ocrx_word' id='word_1_77' title='bbox 280 1287 437 1342; x_wconf 84' lang='lat' dir='ltr'><strong>agros</strong></span> <span class='ocrx_word' id='word_1_78' title='bbox 460 1313 474 1338; x_wconf 94' lang='lat'><strong>,</strong></span> <span class='ocrx_word' id='word_1_79' title='bbox 504 1279 724 1342; x_wconf 82' lang='lat' dir='ltr'><strong>propter</strong></span> <span class='ocrx_word' id='word_1_80' title='bbox 1101 1270 1174 1342; x_wconf 89' lang='lat' dir='ltr'><strong>rit</strong></span> <span class='ocrx_word' id='word_1_81' title='bbox 1198 1269 1458 1342; x_wconf 79' lang='lat' dir='ltr'><strong>dabo__vo-</strong></span> 
     </span>
    </p>
   </div>
   <div class='ocr_carea' id='block_1_13' title="bbox 280 1337 1613 1398">
    <p class='ocr_par' dir='ltr' id='par_1_13' title="bbox 280 1337 1613 1398">
     <span class='ocr_line' id='line_1_13' title="bbox 280 1337 1613 1398; baseline -0.004 -2"><span class='ocrx_word' id='word_1_82' title='bbox 280 1337 475 1398; x_wconf 78' lang='lat' dir='ltr'><strong>nomen</strong></span> <span class='ocrx_word' id='word_1_83' title='bbox 499 1337 622 1397; x_wconf 63' lang='lat' dir='ltr'><strong>ine-5</strong></span> <span class='ocrx_word' id='word_1_84' title='bbox 1101 1341 1155 1395; x_wconf 86' lang='lat'><strong>5.</strong></span> <span class='ocrx_word' id='word_1_85' title='bbox 1196 1340 1299 1396; x_wconf 89' lang='lat' dir='ltr'><strong>bis.</strong></span> <span class='ocrx_word' id='word_1_86' title='bbox 1332 1337 1411 1393; x_wconf 87' lang='lat' dir='ltr'><strong>Illi</strong></span> <span class='ocrx_word' id='word_1_87' title='bbox 1433 1346 1613 1392; x_wconf 88' lang='lat' dir='ltr'><strong>autem</strong></span> 
     </span>
    </p>
   </div>
   <div class='ocr_carea' id='block_1_14' title="bbox 1099 1406 1474 1479">
    <p class='ocr_par' dir='ltr' id='par_1_14' title="bbox 1099 1406 1474 1479">
     <span class='ocr_line' id='line_1_14' title="bbox 1099 1406 1474 1479; baseline -0.005 -17"><span class='ocrx_word' id='word_1_88' title='bbox 1099 1412 1366 1479; x_wconf 84' lang='lat' dir='ltr'><strong>abierunt.</strong></span> <span class='ocrx_word' id='word_1_89' title='bbox 1400 1406 1474 1479; x_wconf 76' lang='grc' dir='ltr'><strong>(ε)</strong></span> 
     </span>
    </p>
   </div>
   <div class='ocr_carea' id='block_1_15' title="bbox 1098 1477 1649 1549">
    <p class='ocr_par' dir='ltr' id='par_1_15' title="bbox 1098 1477 1649 1549">
     <span class='ocr_line' id='line_1_15' title="bbox 1098 1477 1649 1549; baseline -0.005 -16"><span class='ocrx_word' id='word_1_90' title='bbox 1098 1479 1293 1534; x_wconf 84' lang='lat' dir='ltr'><strong>lterum</strong></span> <span class='ocrx_word' id='word_1_91' title='bbox 1317 1477 1359 1549; x_wconf 76' lang='grc' dir='ltr'><strong>-ι-</strong></span> <span class='ocrx_word' id='word_1_92' title='bbox 1384 1477 1515 1534; x_wconf 85' lang='lat' dir='ltr'><strong>exiit</strong></span> <span class='ocrx_word' id='word_1_93' title='bbox 1544 1477 1649 1531; x_wconf 81' lang='lat' dir='ltr'><strong>cir-</strong></span> 
     </span>
    </p>
   </div>
   <div class='ocr_carea' id='block_1_16' title="bbox 1100 1558 1478 1604">
    <p class='ocr_par' dir='ltr' id='par_1_16' title="bbox 1100 1558 1478 1604">
     <span class='ocr_line' id='line_1_16' title="bbox 1100 1558 1478 1604; baseline -0.003 0"><span class='ocrx_word' id='word_1_94' title='bbox 1100 1564 1160 1604; x_wconf 73' lang='grc' dir='ltr'>ω</span> <span class='ocrx_word' id='word_1_95' title='bbox 1187 1558 1391 1604; x_wconf 86' lang='lat' dir='ltr'><strong>sextam</strong></span> <span class='ocrx_word' id='word_1_96' title='bbox 1421 1558 1478 1603; x_wconf 90' lang='lat' dir='ltr'><strong>et</strong></span> 
     </span>
    </p>
   </div>
   <div class='ocr_carea' id='block_1_17' title="bbox 1100 1619 1562 1675">
    <p class='ocr_par' dir='ltr' id='par_1_17' title="bbox 1100 1619 1562 1675">
     <span class='ocr_line' id='line_1_17' title="bbox 1100 1619 1562 1675; baseline -0.006 -1"><span class='ocrx_word' id='word_1_97' title='bbox 1100 1635 1295 1675; x_wconf 88' lang='lat' dir='ltr'><strong>nonam</strong></span> <span class='ocrx_word' id='word_1_98' title='bbox 1324 1619 1515 1673; x_wconf 84' lang='lat' dir='ltr'><strong>horam</strong></span> <span class='ocrx_word' id='word_1_99' title='bbox 1546 1634 1562 1671; x_wconf 70' lang='grc' dir='ltr'><strong>ι</strong></span> 
     </span>
    </p>
   </div>
   <div class='ocr_carea' id='block_1_18' title="bbox 1103 1689 1531 1746">
    <p class='ocr_par' dir='ltr' id='par_1_18' title="bbox 1103 1689 1531 1746">
     <span class='ocr_line' id='line_1_18' title="bbox 1103 1689 1531 1746; baseline 0.007 -3"><span class='ocrx_word' id='word_1_100' title='bbox 1103 1689 1232 1746; x_wconf 80' lang='lat' dir='ltr'><strong>fecit</strong></span> <span class='ocrx_word' id='word_1_101' title='bbox 1258 1689 1531 1746; x_wconf 80' lang='lat' dir='ltr'><strong>similiter.</strong></span> 
     </span>
    </p>
   </div>
   <div class='ocr_carea' id='block_1_19' title="bbox 1099 1757 1546 1816">
    <p class='ocr_par' dir='ltr' id='par_1_19' title="bbox 1099 1757 1546 1816">
     <span class='ocr_line' id='line_1_19' title="bbox 1099 1757 1546 1816; baseline 0 -1"><span class='ocrx_word' id='word_1_102' title='bbox 1099 1760 1153 1815; x_wconf 89' lang='lat'><strong>6.</strong></span> <span class='ocrx_word' id='word_1_103' title='bbox 1193 1759 1345 1816; x_wconf 88' lang='lat' dir='ltr'><strong>Circa</strong></span> <span class='ocrx_word' id='word_1_104' title='bbox 1376 1757 1546 1815; x_wconf 90' lang='lat' dir='ltr'><strong>unde-</strong></span> 
     </span>
    </p>
   </div>
   <div class='ocr_carea' id='block_1_20' title="bbox 1100 1833 1439 1886">
    <p class='ocr_par' dir='ltr' id='par_1_20' title="bbox 1100 1833 1439 1886">
     <span class='ocr_line' id='line_1_20' title="bbox 1100 1833 1439 1886; baseline 0 -1"><span class='ocrx_word' id='word_1_105' title='bbox 1100 1833 1239 1886; x_wconf 90' lang='lat' dir='ltr'><strong>cima</strong></span> <span class='ocrx_word' id='word_1_106' title='bbox 1262 1840 1439 1885; x_wconf 89' lang='lat' dir='ltr'><strong>autem</strong></span> 
     </span>
    </p>
   </div>
   <div class='ocr_carea' id='block_1_21' title="bbox 1101 1902 1527 1967">
    <p class='ocr_par' dir='ltr' id='par_1_21' title="bbox 1101 1902 1527 1967">
     <span class='ocr_line' id='line_1_21' title="bbox 1101 1902 1527 1967; baseline 0.002 -11"><span class='ocrx_word' id='word_1_107' title='bbox 1101 1902 1265 1967; x_wconf 89' lang='lat' dir='ltr'><strong>exiit,</strong></span> <span class='ocrx_word' id='word_1_108' title='bbox 1294 1911 1350 1956; x_wconf 91' lang='lat' dir='ltr'><strong>et</strong></span> <span class='ocrx_word' id='word_1_109' title='bbox 1376 1903 1527 1957; x_wconf 86' lang='lat' dir='ltr'><strong>inve-</strong></span> 
     </span>
    </p>
   </div>
   <div class='ocr_carea' id='block_1_22' title="bbox 1103 1973 1517 2041">
    <p class='ocr_par' dir='ltr' id='par_1_22' title="bbox 1103 1973 1517 2041">
     <span class='ocr_line' id='line_1_22' title="bbox 1103 1973 1517 2041; baseline -0.002 -15"><span class='ocrx_word' id='word_1_110' title='bbox 1103 1973 1341 2041; x_wconf 74' lang='lat' dir='ltr'><strong>nitalios</strong></span> <span class='ocrx_word' id='word_1_111' title='bbox 1367 1980 1517 2026; x_wconf 87' lang='lat' dir='ltr'><strong>stan-</strong></span> 
     </span>
    </p>
   </div>
   <div class='ocr_carea' id='block_1_23' title="bbox 280 1410 690 1481">
    <p class='ocr_par' dir='ltr' id='par_1_23' title="bbox 280 1410 690 1481">
     <span class='ocr_line' id='line_1_23' title="bbox 280 1410 690 1481; baseline -0.007 -15"><span class='ocrx_word' id='word_1_112' title='bbox 280 1429 366 1466; x_wconf 91' lang='lat' dir='ltr'><strong>um</strong></span> <span class='ocrx_word' id='word_1_113' title='bbox 388 1455 404 1477; x_wconf 93' lang='lat'><strong>,</strong></span> <span class='ocrx_word' id='word_1_114' title='bbox 435 1410 690 1481; x_wconf 86' lang='lat' dir='ltr'><strong>ceutuplo</strong></span> 
     </span>
    </p>
   </div>
   <div class='ocr_carea' id='block_1_24' title="bbox 282 1480 746 1553">
    <p class='ocr_par' dir='ltr' id='par_1_24' title="bbox 282 1480 746 1553">
     <span class='ocr_line' id='line_1_24' title="bbox 282 1480 746 1553; baseline -0.009 -16"><span class='ocrx_word' id='word_1_115' title='bbox 282 1484 513 1553; x_wconf 84' lang='lat' dir='ltr'><strong>accipiet</strong></span> <span class='ocrx_word' id='word_1_116' title='bbox 539 1523 556 1549; x_wconf 95' lang='lat'><strong>,</strong></span> <span class='ocrx_word' id='word_1_117' title='bbox 586 1488 644 1535; x_wconf 89' lang='lat' dir='ltr'><strong>et</strong></span> <span class='ocrx_word' id='word_1_118' title='bbox 667 1480 746 1534; x_wconf 81' lang='lat' dir='ltr'><strong>vi-</strong></span> 
     </span>
    </p>
   </div>
   <div class='ocr_carea' id='block_1_25' title="bbox 278 1560 685 1608">
    <p class='ocr_par' dir='ltr' id='par_1_25' title="bbox 278 1560 685 1608">
     <span class='ocr_line' id='line_1_25' title="bbox 278 1560 685 1608; baseline -0.007 -2"><span class='ocrx_word' id='word_1_119' title='bbox 278 1560 329 1607; x_wconf 89' lang='lat' dir='ltr'><strong>ta</strong></span> <span class='ocrx_word' id='word_1_120' title='bbox 338 1570 386 1607; x_wconf 89' lang='lat' dir='ltr'><strong>m</strong></span> <span class='ocrx_word' id='word_1_121' title='bbox 413 1564 685 1608; x_wconf 87' lang='lat' dir='ltr'><strong>aeternam</strong></span> 
     </span>
    </p>
   </div>
   <div class='ocr_carea' id='block_1_26' title="bbox 278 1617 885 1692">
    <p class='ocr_par' dir='ltr' id='par_1_26' title="bbox 278 1617 885 1692">
     <span class='ocr_line' id='line_1_26' title="bbox 278 1617 885 1692; baseline -0.008 -14"><span class='ocrx_word' id='word_1_122' title='bbox 278 1623 368 1678; x_wconf 68' lang='grc' dir='ltr'><strong>ὅθ.</strong></span> <span class='ocrx_word' id='word_1_123' title='bbox 404 1620 721 1692; x_wconf 74' lang='lat' dir='ltr'><strong>possidebit.</strong></span> <span class='ocrx_word' id='word_1_124' title='bbox 750 1617 885 1674; x_wconf 77' lang='lat' dir='ltr'><strong>Mul—</strong></span> 
     </span>
    </p>
   </div>
   <div class='ocr_carea' id='block_1_27' title="bbox 280 1694 677 1749">
    <p class='ocr_par' dir='ltr' id='par_1_27' title="bbox 280 1694 677 1749">
     <span class='ocr_line' id='line_1_27' title="bbox 280 1694 677 1749; baseline -0.008 -2"><span class='ocrx_word' id='word_1_125' title='bbox 280 1694 319 1748; x_wconf 92' lang='lat' dir='ltr'><strong>ti</strong></span> <span class='ocrx_word' id='word_1_126' title='bbox 345 1702 522 1749; x_wconf 85' lang='lat' dir='ltr'><strong>autem</strong></span> <span class='ocrx_word' id='word_1_127' title='bbox 550 1699 677 1746; x_wconf 90' lang='lat' dir='ltr'><strong>sunt</strong></span> 
     </span>
    </p>
   </div>
   <div class='ocr_carea' id='block_1_28' title="bbox 279 1762 647 1832">
    <p class='ocr_par' dir='ltr' id='par_1_28' title="bbox 279 1762 647 1832">
     <span class='ocr_line' id='line_1_28' title="bbox 279 1762 647 1832; baseline -0.005 -15"><span class='ocrx_word' id='word_1_128' title='bbox 279 1763 439 1832; x_wconf 81' lang='lat' dir='ltr'><strong>primi</strong></span> <span class='ocrx_word' id='word_1_129' title='bbox 468 1762 647 1817; x_wconf 90' lang='lat' dir='ltr'><strong>novis-</strong></span> 
     </span>
    </p>
   </div>
   <div class='ocr_carea' id='block_1_29' title="bbox 278 1830 729 1901">
    <p class='ocr_par' dir='ltr' id='par_1_29' title="bbox 278 1830 729 1901">
     <span class='ocr_line' id='line_1_29' title="bbox 278 1830 729 1901; baseline 0.002 -16"><span class='ocrx_word' id='word_1_130' title='bbox 278 1830 397 1887; x_wconf 86' lang='lat' dir='ltr'><strong>simi</strong></span> <span class='ocrx_word' id='word_1_131' title='bbox 421 1877 436 1901; x_wconf 93' lang='lat'><strong>,</strong></span> <span class='ocrx_word' id='word_1_132' title='bbox 467 1844 522 1887; x_wconf 92' lang='lat' dir='ltr'><strong>et</strong></span> <span class='ocrx_word' id='word_1_133' title='bbox 550 1830 729 1887; x_wconf 86' lang='lat' dir='ltr'><strong>novis-</strong></span> 
     </span>
    </p>
   </div>
   <div class='ocr_carea' id='block_1_30' title="bbox 280 1904 604 1975">
    <p class='ocr_par' dir='ltr' id='par_1_30' title="bbox 280 1904 604 1975">
     <span class='ocr_line' id='line_1_30' title="bbox 280 1904 604 1975; baseline -0.003 -18"><span class='ocrx_word' id='word_1_134' title='bbox 280 1904 403 1958; x_wconf 88' lang='lat' dir='ltr'><strong>simi</strong></span> <span class='ocrx_word' id='word_1_135' title='bbox 426 1904 604 1975; x_wconf 86' lang='lat' dir='ltr'><strong>primi.</strong></span> 
     </span>
    </p>
   </div>
   <div class='ocr_carea' id='block_1_31' title="bbox 465 2015 1557 2109">
    <p class='ocr_par' dir='ltr' id='par_1_31' title="bbox 465 2015 1557 2109">
     <span class='ocr_line' id='line_1_31' title="bbox 465 2015 1557 2109; baseline 0.016 -29"><span class='ocrx_word' id='word_1_136' title='bbox 465 2015 692 2073; x_wconf 80' lang='lat' dir='ltr'><strong>CAPUT</strong></span> <span class='ocrx_word' id='word_1_137' title='bbox 722 2015 841 2072; x_wconf 78' lang='grc' dir='ltr'><strong>ΧΧ·</strong></span> <span class='ocrx_word' id='word_1_138' title='bbox 1103 2015 1557 2109; x_wconf 62' lang='grc' dir='ltr'><strong>ἱέἐῖᾌῖᾏῖἓῖἴίι-</strong></span> 
     </span>
    </p>
   </div>
   <div class='ocr_carea' id='block_1_32' title="bbox 278 2108 1499 2179">
    <p class='ocr_par' dir='ltr' id='par_1_32' title="bbox 278 2108 1499 2179">
     <span class='ocr_line' id='line_1_32' title="bbox 278 2108 1499 2179; baseline 0.002 -15"><span class='ocrx_word' id='word_1_139' title='bbox 278 2109 330 2164; x_wconf 74' lang='grc'><strong>1.</strong></span> <span class='ocrx_word' id='word_1_140' title='bbox 370 2108 555 2165; x_wconf 88' lang='lat' dir='ltr'><strong>Simile</strong></span> <span class='ocrx_word' id='word_1_141' title='bbox 578 2118 660 2164; x_wconf 89' lang='lat' dir='ltr'><strong>est</strong></span> <span class='ocrx_word' id='word_1_142' title='bbox 688 2109 831 2163; x_wconf 89' lang='lat' dir='ltr'><strong>enim</strong></span> <span class='ocrx_word' id='word_1_143' title='bbox 1101 2113 1169 2167; x_wconf 92' lang='lat' dir='ltr'><strong>tis</strong></span> <span class='ocrx_word' id='word_1_144' title='bbox 1201 2108 1215 2167; x_wconf 67' lang='grc' dir='ltr'><strong>ξ</strong></span> <span class='ocrx_word' id='word_1_145' title='bbox 1245 2110 1382 2179; x_wconf 86' lang='lat' dir='ltr'><strong>Quid</strong></span> <span class='ocrx_word' id='word_1_146' title='bbox 1413 2111 1499 2166; x_wconf 86' lang='lat' dir='ltr'><strong>hic</strong></span> 
     </span>
    </p>
   </div>
   <div class='ocr_carea' id='block_1_33' title="bbox 283 2179 1396 2237">
    <p class='ocr_par' dir='ltr' id='par_1_33' title="bbox 283 2179 1396 2237">
     <span class='ocr_line' id='line_1_33' title="bbox 283 2179 1396 2237; baseline 0 -3"><span class='ocrx_word' id='word_1_147' title='bbox 283 2221 298 2234; x_wconf 92' lang='lat'><strong>.</strong></span> <span class='ocrx_word' id='word_1_148' title='bbox 344 2219 359 2234; x_wconf 95' lang='lat'><strong>.</strong></span> <span class='ocrx_word' id='word_1_149' title='bbox 403 2219 418 2233; x_wconf 95' lang='lat'><strong>.</strong></span> <span class='ocrx_word' id='word_1_150' title='bbox 495 2216 512 2233; x_wconf 92' lang='lat'><strong>.</strong></span> <span class='ocrx_word' id='word_1_151' title='bbox 558 2218 572 2231; x_wconf 92' lang='lat'><strong>.</strong></span> <span class='ocrx_word' id='word_1_152' title='bbox 605 2193 693 2234; x_wconf 91' lang='lat' dir='ltr'><strong>um</strong></span> <span class='ocrx_word' id='word_1_153' title='bbox 719 2179 898 2235; x_wconf 89' lang='lat' dir='ltr'><strong>caelo-</strong></span> <span class='ocrx_word' id='word_1_154' title='bbox 1099 2184 1253 2237; x_wconf 83' lang='lat' dir='ltr'><strong>statis</strong></span> <span class='ocrx_word' id='word_1_155' title='bbox 1283 2190 1396 2236; x_wconf 90' lang='lat' dir='ltr'><strong>tota</strong></span> 
     </span>
    </p>
   </div>
   <div class='ocr_carea' id='block_1_34' title="bbox 279 2250 1618 2309">
    <p class='ocr_par' dir='ltr' id='par_1_34' title="bbox 279 2250 1618 2309">
     <span class='ocr_line' id='line_1_34' title="bbox 279 2250 1618 2309; baseline 0.001 -4"><span class='ocrx_word' id='word_1_156' title='bbox 279 2265 398 2305; x_wconf 89' lang='lat' dir='ltr'><strong>rum</strong></span> <span class='ocrx_word' id='word_1_157' title='bbox 437 2250 639 2304; x_wconf 87' lang='lat' dir='ltr'><strong>homini</strong></span> <span class='ocrx_word' id='word_1_158' title='bbox 967 2302 971 2307; x_wconf 84' lang='lat'><strong>.</strong></span> <span class='ocrx_word' id='word_1_159' title='bbox 1100 2252 1155 2307; x_wconf 87' lang='lat'><strong>7.</strong></span> <span class='ocrx_word' id='word_1_160' title='bbox 1189 2252 1274 2308; x_wconf 91' lang='lat' dir='ltr'><strong>die</strong></span> <span class='ocrx_word' id='word_1_161' title='bbox 1299 2252 1501 2307; x_wconf 83' lang='lat' dir='ltr'><strong>otiosi?</strong></span> <span class='ocrx_word' id='word_1_162' title='bbox 1530 2250 1618 2309; x_wconf 89' lang='lat' dir='ltr'><strong>Di-</strong></span> 
     </span>
    </p>
   </div>
   <div class='ocr_carea' id='block_1_35' title="bbox 279 2319 1511 2390">
    <p class='ocr_par' dir='ltr' id='par_1_35' title="bbox 279 2319 1511 2390">
     <span class='ocr_line' id='line_1_35' title="bbox 279 2319 1511 2390; baseline 0.003 -17"><span class='ocrx_word' id='word_1_163' title='bbox 279 2320 421 2389; x_wconf 87' lang='lat' dir='ltr'><strong>patri</strong></span> <span class='ocrx_word' id='word_1_164' title='bbox 448 2319 711 2390; x_wconf 82' lang='lat' dir='ltr'><strong>familias,</strong></span> <span class='ocrx_word' id='word_1_165' title='bbox 1101 2332 1231 2377; x_wconf 89' lang='lat' dir='ltr'><strong>cunt</strong></span> <span class='ocrx_word' id='word_1_166' title='bbox 1256 2324 1304 2379; x_wconf 89' lang='lat' dir='ltr'><strong>ei</strong></span> <span class='ocrx_word' id='word_1_167' title='bbox 1330 2339 1345 2377; x_wconf 87' lang='lat'><strong>:</strong></span> <span class='ocrx_word' id='word_1_168' title='bbox 1375 2322 1511 2390; x_wconf 82' lang='lat' dir='ltr'><strong>Quia</strong></span> 
     </span>
    </p>
   </div>
   <div class='ocr_carea' id='block_1_36' title="bbox 277 2388 664 2459">
    <p class='ocr_par' dir='ltr' id='par_1_36' title="bbox 277 2388 664 2459">
     <span class='ocr_line' id='line_1_36' title="bbox 277 2388 664 2459; baseline -0.008 -15"><span class='ocrx_word' id='word_1_169' title='bbox 277 2388 369 2459; x_wconf 60' lang='lat' dir='ltr'><strong>Qui</strong></span> <span class='ocrx_word' id='word_1_170' title='bbox 396 2390 527 2443; x_wconf 81' lang='lat' dir='ltr'><strong>exiit</strong></span> <span class='ocrx_word' id='word_1_171' title='bbox 556 2388 664 2458; x_wconf 74' lang='lat' dir='ltr'><strong>pri—</strong></span> 
     </span>
    </p>
   </div>
   <div class='ocr_carea' id='block_1_37' title="bbox 282 2472 715 2513">
    <p class='ocr_par' dir='ltr' id='par_1_37' title="bbox 282 2472 715 2513">
     <span class='ocr_line' id='line_1_37' title="bbox 282 2472 715 2513; baseline -0.005 0"><span class='ocrx_word' id='word_1_172' title='bbox 282 2473 373 2513; x_wconf 89' lang='lat' dir='ltr'><strong>mo</strong></span> <span class='ocrx_word' id='word_1_173' title='bbox 402 2472 560 2512; x_wconf 89' lang='lat' dir='ltr'><strong>mane</strong></span> <span class='ocrx_word' id='word_1_174' title='bbox 586 2472 715 2511; x_wconf 88' lang='lat' dir='ltr'><strong>con-</strong></span> 
     </span>
    </p>
   </div>
   <div class='ocr_carea' id='block_1_38' title="bbox 280 2528 691 2600">
    <p class='ocr_par' dir='ltr' id='par_1_38' title="bbox 280 2528 691 2600">
     <span class='ocr_line' id='line_1_38' title="bbox 280 2528 691 2600; baseline -0.002 -17"><span class='ocrx_word' id='word_1_175' title='bbox 280 2528 479 2600; x_wconf 86' lang='lat' dir='ltr'><strong>ducere</strong></span> <span class='ocrx_word' id='word_1_176' title='bbox 500 2542 691 2600; x_wconf 78' lang='lat' dir='ltr'><strong>opera-</strong></span> 
     </span>
    </p>
   </div>
   <div class='ocr_carea' id='block_1_39' title="bbox 280 2598 644 2654">
    <p class='ocr_par' dir='ltr' id='par_1_39' title="bbox 280 2598 644 2654">
     <span class='ocr_line' id='line_1_39' title="bbox 280 2598 644 2654; baseline -0.008 0"><span class='ocrx_word' id='word_1_177' title='bbox 280 2599 393 2654; x_wconf 84' lang='lat' dir='ltr'><strong>rios</strong></span> <span class='ocrx_word' id='word_1_178' title='bbox 420 2599 473 2653; x_wconf 90' lang='lat' dir='ltr'><strong>iu</strong></span> <span class='ocrx_word' id='word_1_179' title='bbox 495 2598 644 2651; x_wconf 86' lang='lat' dir='ltr'><strong>vine-</strong></span> 
     </span>
    </p>
   </div>
   <div class='ocr_carea' id='block_1_40' title="bbox 1102 2406 1390 2448">
    <p class='ocr_par' dir='ltr' id='par_1_40' title="bbox 1102 2406 1390 2448">
     <span class='ocr_line' id='line_1_40' title="bbox 1102 2406 1390 2448; baseline -0.003 -1"><span class='ocrx_word' id='word_1_180' title='bbox 1102 2407 1260 2448; x_wconf 91' lang='lat' dir='ltr'><strong>nemo</strong></span> <span class='ocrx_word' id='word_1_181' title='bbox 1289 2406 1390 2447; x_wconf 72' lang='lat'><strong>[109</strong></span> 
     </span>
    </p>
   </div>
   <div class='ocr_carea' id='block_1_41' title="bbox 1100 2458 1378 2521">
    <p class='ocr_par' dir='ltr' id='par_1_41' title="bbox 1100 2458 1378 2521">
     <span class='ocr_line' id='line_1_41' title="bbox 1100 2458 1378 2521; baseline -0.004 -5"><span class='ocrx_word' id='word_1_182' title='bbox 1100 2458 1378 2521; x_wconf 84' lang='lat' dir='ltr'><strong>conduxit.</strong></span> 
     </span>
    </p>
   </div>
   <div class='ocr_carea' id='block_1_42' title="bbox 1100 2533 1432 2587">
    <p class='ocr_par' dir='ltr' id='par_1_42' title="bbox 1100 2533 1432 2587">
     <span class='ocr_line' id='line_1_42' title="bbox 1100 2533 1432 2587; baseline 0 -2"><span class='ocrx_word' id='word_1_183' title='bbox 1100 2533 1239 2587; x_wconf 86' lang='lat' dir='ltr'><strong>Dicit</strong></span> <span class='ocrx_word' id='word_1_184' title='bbox 1267 2533 1373 2587; x_wconf 84' lang='lat' dir='ltr'><strong>illis</strong></span> <span class='ocrx_word' id='word_1_185' title='bbox 1396 2549 1432 2585; x_wconf 74' lang='lat'><strong>:-</strong></span> 
     </span>
    </p>
   </div>
   <div class='ocr_carea' id='block_1_43' title="bbox 1088 2601 1468 2657">
    <p class='ocr_par' dir='ltr' id='par_1_43' title="bbox 1088 2601 1468 2657">
     <span class='ocr_line' id='line_1_43' title="bbox 1088 2601 1468 2657; baseline 0 -2"><span class='ocrx_word' id='word_1_186' title='bbox 1088 2601 1177 2656; x_wconf 77' lang='lat' dir='ltr'><strong>‘lte</strong></span> <span class='ocrx_word' id='word_1_187' title='bbox 1206 2610 1262 2655; x_wconf 88' lang='lat' dir='ltr'><strong>et</strong></span> <span class='ocrx_word' id='word_1_188' title='bbox 1291 2615 1387 2657; x_wconf 90' lang='lat' dir='ltr'><strong>vos</strong></span> <span class='ocrx_word' id='word_1_189' title='bbox 1414 2602 1468 2656; x_wconf 91' lang='lat' dir='ltr'><strong>in</strong></span> 
     </span>
    </p>
   </div>
   <div class='ocr_carea' id='block_1_44' title="bbox 279 2664 1456 2725">
    <p class='ocr_par' dir='ltr' id='par_1_44' title="bbox 279 2664 1456 2725">
     <span class='ocr_line' id='line_1_44' title="bbox 279 2664 1456 2725; baseline 0.002 -2"><span class='ocrx_word' id='word_1_190' title='bbox 279 2670 336 2724; x_wconf 75' lang='grc'><strong>2.</strong></span> <span class='ocrx_word' id='word_1_191' title='bbox 371 2683 456 2723; x_wconf 91' lang='lat' dir='ltr'><strong>am</strong></span> <span class='ocrx_word' id='word_1_192' title='bbox 484 2681 656 2722; x_wconf 89' lang='lat' dir='ltr'><strong>suam.</strong></span> <span class='ocrx_word' id='word_1_193' title='bbox 678 2664 819 2724; x_wconf 83' lang='lat' dir='ltr'><strong>Con—</strong></span> <span class='ocrx_word' id='word_1_194' title='bbox 1097 2672 1306 2725; x_wconf 88' lang='lat' dir='ltr'><strong>vineam</strong></span> <span class='ocrx_word' id='word_1_195' title='bbox 1336 2685 1456 2725; x_wconf 89' lang='lat' dir='ltr'><strong>me-</strong></span> 
     </span>
    </p>
   </div>
   <div class='ocr_carea' id='block_1_45' title="bbox 280 2738 1472 2796">
    <p class='ocr_par' dir='ltr' id='par_1_45' title="bbox 280 2738 1472 2796">
     <span class='ocr_line' id='line_1_45' title="bbox 280 2738 1472 2796; baseline 0 -3"><span class='ocrx_word' id='word_1_196' title='bbox 280 2739 530 2794; x_wconf 88' lang='lat' dir='ltr'><strong>ventione</strong></span> <span class='ocrx_word' id='word_1_197' title='bbox 582 2792 587 2796; x_wconf 91' lang='lat'><em>_</em></span> <span class='ocrx_word' id='word_1_198' title='bbox 1098 2740 1174 2796; x_wconf 70' lang='grc'><strong>8.⁴</strong></span> <span class='ocrx_word' id='word_1_199' title='bbox 1194 2756 1303 2795; x_wconf 88' lang='lat' dir='ltr'><strong>am.</strong></span> <span class='ocrx_word' id='word_1_200' title='bbox 1337 2738 1472 2795; x_wconf 88' lang='lat' dir='ltr'><strong>Cum</strong></span> 
     </span>
    </p>
   </div>
   <div class='ocr_carea' id='block_1_46' title="bbox 283 2809 1607 2870">
    <p class='ocr_par' dir='ltr' id='par_1_46' title="bbox 283 2809 1607 2870">
     <span class='ocr_line' id='line_1_46' title="bbox 283 2809 1607 2870; baseline 0.003 -7"><span class='ocrx_word' id='word_1_201' title='bbox 283 2809 629 2865; x_wconf 81' lang='lat' dir='ltr'><strong>autemfacta</strong></span> <span class='ocrx_word' id='word_1_202' title='bbox 1099 2825 1607 2870; x_wconf 88' lang='lat' dir='ltr'><strong>ser........m</strong></span> 
     </span>
    </p>
   </div>
   <div class='ocr_carea' id='block_1_47' title="bbox 281 2879 777 2946">
    <p class='ocr_par' dir='ltr' id='par_1_47' title="bbox 281 2879 777 2946">
     <span class='ocr_line' id='line_1_47' title="bbox 281 2879 777 2946; baseline -0.006 -12"><span class='ocrx_word' id='word_1_203' title='bbox 281 2894 402 2934; x_wconf 92' lang='lat' dir='ltr'><strong>cum</strong></span> <span class='ocrx_word' id='word_1_204' title='bbox 429 2879 667 2946; x_wconf 86' lang='lat' dir='ltr'><strong>operari-</strong></span> <span class='ocrx_word' id='word_1_205' title='bbox 756 2899 777 2918; x_wconf 69' lang='grc' dir='ltr'>·ι</span> 
     </span>
    </p>
   </div>
   <div class='ocr_carea' id='block_1_48' title="bbox 1101 2881 1579 2949">
    <p class='ocr_par' dir='ltr' id='par_1_48' title="bbox 1101 2881 1579 2949">
     <span class='ocr_line' id='line_1_48' title="bbox 1101 2881 1579 2949; baseline 0.01 -15"><span class='ocrx_word' id='word_1_206' title='bbox 1101 2881 1299 2937; x_wconf 79' lang='lat' dir='ltr'><strong>factum</strong></span> <span class='ocrx_word' id='word_1_207' title='bbox 1327 2922 1341 2936; x_wconf 94' lang='lat'><strong>.</strong></span> <span class='ocrx_word' id='word_1_208' title='bbox 1375 2919 1389 2934; x_wconf 93' lang='lat'><strong>.</strong></span> <span class='ocrx_word' id='word_1_209' title='bbox 1430 2923 1440 2933; x_wconf 94' lang='lat'><strong>.</strong></span> <span class='ocrx_word' id='word_1_210' title='bbox 1473 2893 1579 2949; x_wconf 88' lang='lat' dir='ltr'><strong>set,</strong></span> 
     </span>
    </p>
   </div>
   <div class='ocr_carea' id='block_1_49' title="bbox 285 2949 676 3003">
    <p class='ocr_par' dir='ltr' id='par_1_49' title="bbox 285 2949 676 3003">
     <span class='ocr_line' id='line_1_49' title="bbox 285 2949 676 3003; baseline 0.003 -1"><span class='ocrx_word' id='word_1_211' title='bbox 285 2949 330 3002; x_wconf 87' lang='lat' dir='ltr'><strong>is</strong></span> <span class='ocrx_word' id='word_1_212' title='bbox 358 2964 425 3002; x_wconf 91' lang='lat' dir='ltr'><strong>ex</strong></span> <span class='ocrx_word' id='word_1_213' title='bbox 454 2949 676 3003; x_wconf 86' lang='lat' dir='ltr'><strong>denario</strong></span> 
     </span>
    </p>
   </div>
   <div class='ocr_carea' id='block_1_50' title="bbox 1102 2952 1511 3010">
    <p class='ocr_par' dir='ltr' id='par_1_50' title="bbox 1102 2952 1511 3010">
     <span class='ocr_line' id='line_1_50' title="bbox 1102 2952 1511 3010; baseline 0.007 -3"><span class='ocrx_word' id='word_1_214' title='bbox 1102 2952 1233 3008; x_wconf 87' lang='lat' dir='ltr'><strong>dicit</strong></span> <span class='ocrx_word' id='word_1_215' title='bbox 1261 2952 1511 3010; x_wconf 86' lang='lat' dir='ltr'><strong>dominus</strong></span> 
     </span>
    </p>
   </div>
   <div class='ocr_carea' id='block_1_51' title="bbox 280 3018 1433 3101">
    <p class='ocr_par' dir='ltr' id='par_1_51' title="bbox 280 3018 1433 3101">
     <span class='ocr_line' id='line_1_51' title="bbox 280 3018 1433 3101; baseline 0.006 -29"><span class='ocrx_word' id='word_1_216' title='bbox 280 3018 475 3101; x_wconf 70' lang='lat' dir='ltr'><strong>diurno</strong></span> <span class='ocrx_word' id='word_1_217' title='bbox 499 3058 524 3100; x_wconf 44' lang='lat'><strong>,.</strong></span> <span class='ocrx_word' id='word_1_218' title='bbox 546 3018 645 3099; x_wconf 47' lang='lat' dir='ltr'><strong>mi:</strong></span> <span class='ocrx_word' id='word_1_219' title='bbox 1099 3024 1288 3078; x_wconf 89' lang='lat' dir='ltr'><strong>vineae</strong></span> <span class='ocrx_word' id='word_1_220' title='bbox 1311 3039 1433 3101; x_wconf 82' lang='lat' dir='ltr'><strong>pro-</strong></span> 
     </span>
    </p>
   </div>
   <div class='ocr_carea' id='block_1_52' title="bbox 284 3094 1486 3152">
    <p class='ocr_par' dir='ltr' id='par_1_52' title="bbox 284 3094 1486 3152">
     <span class='ocr_line' id='line_1_52' title="bbox 284 3094 1486 3152; baseline 0.006 -9"><span class='ocrx_word' id='word_1_221' title='bbox 284 3094 356 3143; x_wconf 92' lang='lat' dir='ltr'><strong>sit</strong></span> <span class='ocrx_word' id='word_1_222' title='bbox 385 3103 480 3144; x_wconf 89' lang='lat' dir='ltr'><strong>eos</strong></span> <span class='ocrx_word' id='word_1_223' title='bbox 509 3094 562 3143; x_wconf 89' lang='lat' dir='ltr'><strong>iu</strong></span> <span class='ocrx_word' id='word_1_224' title='bbox 590 3094 739 3145; x_wconf 88' lang='lat' dir='ltr'><strong>vine-</strong></span> <span class='ocrx_word' id='word_1_225' title='bbox 1093 3094 1327 3149; x_wconf 87' lang='lat' dir='ltr'><strong>curatori</strong></span> <span class='ocrx_word' id='word_1_226' title='bbox 1351 3110 1486 3152; x_wconf 89' lang='lat' dir='ltr'><strong>suo:</strong></span> 
     </span>
    </p>
   </div>
   <div class='ocr_carea' id='block_1_53' title="bbox 282 3165 1474 3234">
    <p class='ocr_par' dir='ltr' id='par_1_53' title="bbox 282 3165 1474 3234">
     <span class='ocr_line' id='line_1_53' title="bbox 282 3165 1474 3234; baseline 0.007 -21"><span class='ocrx_word' id='word_1_227' title='bbox 282 3173 569 3234; x_wconf 66' lang='lat' dir='ltr'><strong>am_suam.</strong></span> <span class='ocrx_word' id='word_1_228' title='bbox 1112 3165 1252 3219; x_wconf 84' lang='lat' dir='ltr'><strong>Voca</strong></span> <span class='ocrx_word' id='word_1_229' title='bbox 1283 3180 1474 3234; x_wconf 84' lang='lat' dir='ltr'><strong>opera-</strong></span> 
     </span>
    </p>
   </div>
   <div class='ocr_carea' id='block_1_54' title="bbox 283 3229 716 3301">
    <p class='ocr_par' dir='ltr' id='par_1_54' title="bbox 283 3229 716 3301">
     <span class='ocr_line' id='line_1_54' title="bbox 283 3229 716 3301; baseline 0.009 -18"><span class='ocrx_word' id='word_1_230' title='bbox 283 3229 338 3301; x_wconf 73' lang='lat'><strong>‘5.</strong></span> <span class='ocrx_word' id='word_1_231' title='bbox 375 3229 438 3284; x_wconf 88' lang='lat' dir='ltr'><strong>Et</strong></span> <span class='ocrx_word' id='word_1_232' title='bbox 468 3245 716 3301; x_wconf 84' lang='lat' dir='ltr'><strong>egressus</strong></span> 
     </span>
    </p>
   </div>
   <div class='ocr_carea' id='block_1_55' title="bbox 288 3236 1470 3313">
    <p class='ocr_par' dir='ltr' id='par_1_55' title="bbox 288 3236 1470 3313">
     <span class='ocr_line' id='line_1_55' title="bbox 288 3236 1470 3313; baseline 0.008 -30"><span class='ocrx_word' id='word_1_233' title='bbox 375 3236 438 3284; x_wconf 86' lang='lat' dir='ltr'><strong>Et</strong></span> <span class='ocrx_word' id='word_1_234' title='bbox 468 3245 716 3313; x_wconf 77' lang='lat' dir='ltr'><strong>egressus</strong></span> <span class='ocrx_word' id='word_1_235' title='bbox 1104 3236 1321 3313; x_wconf 73' lang='lat' dir='ltr'><strong>rios,__et</strong></span> <span class='ocrx_word' id='word_1_236' title='bbox 1348 3238 1470 3292; x_wconf 83' lang='lat' dir='ltr'><strong>red-</strong></span> 
     </span>
    </p>
   </div>
   <div class='ocr_carea' id='block_1_56' title="bbox 287 3309 652 3358">
    <p class='ocr_par' dir='ltr' id='par_1_56' title="bbox 287 3309 652 3358">
     <span class='ocr_line' id='line_1_56' title="bbox 287 3309 652 3358; baseline 0.014 -5"><span class='ocrx_word' id='word_1_237' title='bbox 287 3309 478 3356; x_wconf 86' lang='lat' dir='ltr'><strong>iterum</strong></span> <span class='ocrx_word' id='word_1_238' title='bbox 508 3309 652 3358; x_wconf 85' lang='lat' dir='ltr'><strong>circa</strong></span> 
     </span>
    </p>
   </div>
   <div class='ocr_carea' id='block_1_57' title="bbox 1096 3305 1473 3364">
    <p class='ocr_par' dir='ltr' id='par_1_57' title="bbox 1096 3305 1473 3364">
     <span class='ocr_line' id='line_1_57' title="bbox 1096 3305 1473 3364; baseline 0.008 -3"><span class='ocrx_word' id='word_1_239' title='bbox 1096 3305 1173 3362; x_wconf 85' lang='lat' dir='ltr'><strong>&#39;de</strong></span> <span class='ocrx_word' id='word_1_240' title='bbox 1198 3305 1305 3360; x_wconf 90' lang='lat' dir='ltr'><strong>illis</strong></span> <span class='ocrx_word' id='word_1_241' title='bbox 1332 3323 1473 3364; x_wconf 86' lang='lat' dir='ltr'><strong>mer-</strong></span> 
     </span>
    </p>
   </div>
   <div class='ocr_carea' id='block_1_58' title="bbox 704 3438 1433 3499">
    <p class='ocr_par' dir='ltr' id='par_1_58' title="bbox 704 3438 1433 3499">
     <span class='ocr_line' id='line_1_58' title="bbox 704 3438 1433 3499; baseline -0.003 -2"><span class='ocrx_word' id='word_1_242' title='bbox 704 3438 931 3497; x_wconf 82' lang='lat' dir='ltr'><strong>CODEX</strong></span> <span class='ocrx_word' id='word_1_243' title='bbox 971 3438 1433 3499; x_wconf 81' lang='lat' dir='ltr'><strong>CORBEIENSIS.</strong></span> 
     </span>
    </p>
   </div>
   <div class='ocr_carea' id='block_1_59' title="bbox 289 3552 1861 3627">
    <p class='ocr_par' dir='ltr' id='par_1_59' title="bbox 289 3552 1861 3627">
     <span class='ocr_line' id='line_1_59' title="bbox 289 3552 1861 3627; baseline 0.004 -23"><span class='ocrx_word' id='word_1_244' title='bbox 289 3552 568 3627; x_wconf 74' lang='lat' dir='ltr'><strong>duodecim</strong></span> <span class='ocrx_word' id='word_1_245' title='bbox 592 3554 762 3610; x_wconf 89' lang='lat' dir='ltr'><strong>tribus</strong></span> <span class='ocrx_word' id='word_1_246' title='bbox 778 3556 1033 3611; x_wconf 87' lang='lat' dir='ltr'><strong>lsrael.Et</strong></span> <span class='ocrx_word' id='word_1_247' title='bbox 1046 3558 1220 3611; x_wconf 85' lang='lat' dir='ltr'><strong>omnis</strong></span> <span class='ocrx_word' id='word_1_248' title='bbox 1245 3557 1567 3627; x_wconf 83' lang='lat' dir='ltr'><strong>quicumque</strong></span> <span class='ocrx_word' id='word_1_249' title='bbox 1582 3556 1861 3626; x_wconf 88' lang='lat' dir='ltr'><strong>reliquerit</strong></span> 
     </span>
    </p>
   </div>
   <div class='ocr_carea' id='block_1_60' title="bbox 288 3622 1856 3693">
    <p class='ocr_par' dir='ltr' id='par_1_60' title="bbox 288 3622 1856 3693">
     <span class='ocr_line' id='line_1_60' title="bbox 288 3622 1856 3693; baseline 0.004 -20"><span class='ocrx_word' id='word_1_250' title='bbox 288 3622 525 3687; x_wconf 87' lang='lat' dir='ltr'><strong>domum,</strong></span> <span class='ocrx_word' id='word_1_251' title='bbox 539 3627 620 3679; x_wconf 89' lang='lat' dir='ltr'><strong>vel</strong></span> <span class='ocrx_word' id='word_1_252' title='bbox 636 3628 845 3690; x_wconf 79' lang='lat' dir='ltr'><strong>fratres,</strong></span> <span class='ocrx_word' id='word_1_253' title='bbox 860 3637 949 3680; x_wconf 89' lang='lat' dir='ltr'><strong>aut</strong></span> <span class='ocrx_word' id='word_1_254' title='bbox 962 3637 1226 3692; x_wconf 78' lang='lat' dir='ltr'><strong>sorores,&quot;</strong></span> <span class='ocrx_word' id='word_1_255' title='bbox 1240 3638 1328 3681; x_wconf 86' lang='lat' dir='ltr'><strong>aut</strong></span> <span class='ocrx_word' id='word_1_256' title='bbox 1344 3622 1569 3682; x_wconf 81' lang='lat' dir='ltr'><strong>matrem</strong></span> <span class='ocrx_word' id='word_1_257' title='bbox 1581 3636 1690 3693; x_wconf 89' lang='lat' dir='ltr'><strong>,aut</strong></span> <span class='ocrx_word' id='word_1_258' title='bbox 1702 3622 1856 3692; x_wconf 84' lang='lat' dir='ltr'><strong>lilios,</strong></span> 
     </span>
    </p>
   </div>
   <div class='ocr_carea' id='block_1_61' title="bbox 288 3697 1857 3765">
    <p class='ocr_par' dir='ltr' id='par_1_61' title="bbox 288 3697 1857 3765">
     <span class='ocr_line' id='line_1_61' title="bbox 288 3697 1857 3765; baseline 0.003 -21"><span class='ocrx_word' id='word_1_259' title='bbox 288 3704 378 3745; x_wconf 88' lang='lat' dir='ltr'><strong>aut</strong></span> <span class='ocrx_word' id='word_1_260' title='bbox 396 3708 570 3765; x_wconf 74' lang='lat' dir='ltr'><strong>agros,</strong></span> <span class='ocrx_word' id='word_1_261' title='bbox 601 3706 817 3764; x_wconf 88' lang='lat' dir='ltr'><strong>propter</strong></span> <span class='ocrx_word' id='word_1_262' title='bbox 843 3713 1035 3752; x_wconf 86' lang='lat' dir='ltr'><strong>nomen</strong></span> <span class='ocrx_word' id='word_1_263' title='bbox 1064 3713 1263 3763; x_wconf 89' lang='lat' dir='ltr'><strong>mcum,</strong></span> <span class='ocrx_word' id='word_1_264' title='bbox 1286 3699 1589 3765; x_wconf 83' lang='lat' dir='ltr'><strong>centuplum</strong></span> <span class='ocrx_word' id='word_1_265' title='bbox 1613 3697 1857 3765; x_wconf 86' lang='lat' dir='ltr'><strong>accipiet,</strong></span> 
     </span>
    </p>
   </div>
   <div class='ocr_carea' id='block_1_62' title="bbox 289 3764 1864 3844">
    <p class='ocr_par' dir='ltr' id='par_1_62' title="bbox 289 3764 1864 3844">
     <span class='ocr_line' id='line_1_62' title="bbox 289 3764 1864 3844; baseline -0.001 -21"><span class='ocrx_word' id='word_1_266' title='bbox 289 3772 341 3814; x_wconf 78' lang='grc' dir='ltr'>οι</span> <span class='ocrx_word' id='word_1_267' title='bbox 369 3764 527 3842; x_wconf 62' lang='lat' dir='ltr'><strong>vitam</strong></span> <span class='ocrx_word' id='word_1_268' title='bbox 548 3768 1163 3844; x_wconf 38' lang='lat' dir='ltr'><strong>aeternam-possidebit.</strong></span> <span class='ocrx_word' id='word_1_269' title='bbox 1182 3769 1340 3844; x_wconf 69' lang='lat' dir='ltr'><strong>Multi</strong></span> <span class='ocrx_word' id='word_1_270' title='bbox 1369 3764 1511 3823; x_wconf 89' lang='lat' dir='ltr'><strong>enim</strong></span> <span class='ocrx_word' id='word_1_271' title='bbox 1546 3780 1669 3822; x_wconf 91' lang='lat' dir='ltr'><strong>sunt</strong></span> <span class='ocrx_word' id='word_1_272' title='bbox 1703 3764 1864 3836; x_wconf 77' lang='lat' dir='ltr'><strong>primi</strong></span> 
     </span>
    </p>
   </div>
   <div class='ocr_carea' id='block_1_63' title="bbox 291 3837 1215 3904">
    <p class='ocr_par' dir='ltr' id='par_1_63' title="bbox 291 3837 1215 3904">
     <span class='ocr_line' id='line_1_63' title="bbox 291 3837 1215 3904; baseline 0.011 -22"><span class='ocrx_word' id='word_1_273' title='bbox 291 3837 561 3904; x_wconf 66' lang='lat' dir='ltr'><strong>novissimi</strong></span> <span class='ocrx_word' id='word_1_274' title='bbox 588 3845 689 3904; x_wconf 13' lang='grc' dir='ltr'>,κει</span> <span class='ocrx_word' id='word_1_275' title='bbox 719 3837 993 3889; x_wconf 78' lang='lat' dir='ltr'><strong>novissimi</strong></span> <span class='ocrx_word' id='word_1_276' title='bbox 1040 3840 1215 3904; x_wconf 80' lang='lat' dir='ltr'><strong>primi.</strong></span> 
     </span>
    </p>
   </div>
   <div class='ocr_carea' id='block_1_64' title="bbox 348 3898 1857 3981">
    <p class='ocr_par' dir='ltr' id='par_1_64' title="bbox 348 3898 1857 3981">
     <span class='ocr_line' id='line_1_64' title="bbox 348 3898 1857 3981; baseline 0.004 -28"><span class='ocrx_word' id='word_1_277' title='bbox 502 3902 690 3981; x_wconf 73' lang='lat' dir='ltr'><strong>Simile</strong></span> <span class='ocrx_word' id='word_1_278' title='bbox 712 3913 794 3981; x_wconf 80' lang='lat' dir='ltr'><strong>est</strong></span> <span class='ocrx_word' id='word_1_279' title='bbox 807 3898 1051 3981; x_wconf 60' lang='lat' dir='ltr'><strong>regnum</strong></span> <span class='ocrx_word' id='word_1_280' title='bbox 1083 3910 1359 3963; x_wconf 85' lang='lat' dir='ltr'><strong>coelnrum</strong></span> <span class='ocrx_word' id='word_1_281' title='bbox 1378 3910 1593 3981; x_wconf 78' lang='lat' dir='ltr'><strong>bomiui</strong></span> <span class='ocrx_word' id='word_1_282' title='bbox 1636 3907 1857 3981; x_wconf 64' lang='lat' dir='ltr'><strong>patrifa-</strong></span> 
     </span>
    </p>
   </div>
   <div class='ocr_carea' id='block_1_65' title="bbox 291 3971 1857 4052">
    <p class='ocr_par' dir='ltr' id='par_1_65' title="bbox 291 3971 1857 4052">
     <span class='ocr_line' id='line_1_65' title="bbox 291 3971 1857 4052; baseline 0.007 -31"><span class='ocrx_word' id='word_1_283' title='bbox 291 3971 464 4052; x_wconf 75' lang='lat' dir='ltr'><strong>milias</strong></span> <span class='ocrx_word' id='word_1_284' title='bbox 491 4013 504 4031; x_wconf 87' lang='lat'><strong>,</strong></span> <span class='ocrx_word' id='word_1_285' title='bbox 528 3975 619 4042; x_wconf 87' lang='lat' dir='ltr'><strong>qui</strong></span> <span class='ocrx_word' id='word_1_286' title='bbox 645 3976 658 4004; x_wconf 88' lang='grc'>¹</span> <span class='ocrx_word' id='word_1_287' title='bbox 680 3974 846 4052; x_wconf 48' lang='lat' dir='ltr'><strong>exivi}</strong></span> <span class='ocrx_word' id='word_1_288' title='bbox 869 3971 1226 4052; x_wconf 74' lang='lat' dir='ltr'><strong>primuinane</strong></span> <span class='ocrx_word' id='word_1_289' title='bbox 1254 3979 1556 4052; x_wconf 84' lang='lat' dir='ltr'><strong>conducere</strong></span> <span class='ocrx_word' id='word_1_290' title='bbox 1577 3971 1857 4047; x_wconf 72' lang='lat' dir='ltr'><strong>operarios</strong></span> 
     </span>
    </p>
   </div>
   <div class='ocr_carea' id='block_1_66' title="bbox 294 4043 1859 4123">
    <p class='ocr_par' dir='ltr' id='par_1_66' title="bbox 294 4043 1859 4123">
     <span class='ocr_line' id='line_1_66' title="bbox 294 4043 1859 4123; baseline 0.006 -30"><span class='ocrx_word' id='word_1_291' title='bbox 294 4043 345 4093; x_wconf 91' lang='lat' dir='ltr'><strong>in</strong></span> <span class='ocrx_word' id='word_1_292' title='bbox 366 4043 768 4123; x_wconf 70' lang='lat' dir='ltr'><strong>vincamsuain.</strong></span> <span class='ocrx_word' id='word_1_293' title='bbox 800 4043 1169 4123; x_wconf 60' lang='lat' dir='ltr'><strong>Conventione</strong></span> <span class='ocrx_word' id='word_1_294' title='bbox 1196 4060 1373 4103; x_wconf 90' lang='lat' dir='ltr'><strong>autem</strong></span> <span class='ocrx_word' id='word_1_295' title='bbox 1406 4051 1538 4123; x_wconf 81' lang='lat' dir='ltr'><strong>facta</strong></span> <span class='ocrx_word' id='word_1_296' title='bbox 1569 4043 1687 4103; x_wconf 76' lang='lat' dir='ltr'><strong>cum</strong></span> <span class='ocrx_word' id='word_1_297' title='bbox 1730 4065 1859 4118; x_wconf 87' lang='lat' dir='ltr'><strong>ope-</strong></span> 
     </span>
    </p>
   </div>
   <div class='ocr_carea' id='block_1_67' title="bbox 292 4115 1855 4181">
    <p class='ocr_par' dir='ltr' id='par_1_67' title="bbox 292 4115 1855 4181">
     <span class='ocr_line' id='line_1_67' title="bbox 292 4115 1855 4181; baseline 0.004 -18"><span class='ocrx_word' id='word_1_298' title='bbox 292 4115 446 4166; x_wconf 88' lang='lat' dir='ltr'><strong>rariis</strong></span> <span class='ocrx_word' id='word_1_299' title='bbox 473 4129 539 4167; x_wconf 90' lang='lat' dir='ltr'><strong>ex</strong></span> <span class='ocrx_word' id='word_1_300' title='bbox 563 4115 784 4171; x_wconf 86' lang='lat' dir='ltr'><strong>denario</strong></span> <span class='ocrx_word' id='word_1_301' title='bbox 803 4117 1029 4181; x_wconf 85' lang='lat' dir='ltr'><strong>diurno,</strong></span> <span class='ocrx_word' id='word_1_302' title='bbox 1055 4121 1198 4173; x_wconf 85' lang='lat' dir='ltr'><strong>misit</strong></span> <span class='ocrx_word' id='word_1_303' title='bbox 1227 4136 1320 4174; x_wconf 90' lang='lat' dir='ltr'><strong>eos</strong></span> <span class='ocrx_word' id='word_1_304' title='bbox 1351 4123 1401 4173; x_wconf 88' lang='lat' dir='ltr'><strong>in</strong></span> <span class='ocrx_word' id='word_1_305' title='bbox 1445 4121 1655 4173; x_wconf 86' lang='lat' dir='ltr'><strong>vineam</strong></span> <span class='ocrx_word' id='word_1_306' title='bbox 1685 4115 1855 4172; x_wconf 73' lang='lat' dir='ltr'><strong>suam.</strong></span> 
     </span>
    </p>
   </div>
   <div class='ocr_carea' id='block_1_68' title="bbox 293 4181 1860 4262">
    <p class='ocr_par' dir='ltr' id='par_1_68' title="bbox 293 4181 1860 4262">
     <span class='ocr_line' id='line_1_68' title="bbox 293 4181 1860 4262; baseline 0.003 -26"><span class='ocrx_word' id='word_1_307' title='bbox 293 4181 359 4262; x_wconf 63' lang='lat' dir='ltr'><strong>lit</strong></span> <span class='ocrx_word' id='word_1_308' title='bbox 380 4199 633 4262; x_wconf 74' lang='lat' dir='ltr'><strong>egressus</strong></span> <span class='ocrx_word' id='word_1_309' title='bbox 662 4190 801 4242; x_wconf 85' lang='lat' dir='ltr'><strong>circa</strong></span> <span class='ocrx_word' id='word_1_310' title='bbox 848 4188 1032 4262; x_wconf 80' lang='lat' dir='ltr'><strong>horam</strong></span> <span class='ocrx_word' id='word_1_311' title='bbox 1064 4191 1292 4255; x_wconf 81' lang='lat' dir='ltr'><strong>tertiam,</strong></span> <span class='ocrx_word' id='word_1_312' title='bbox 1325 4192 1455 4244; x_wconf 80' lang='lat' dir='ltr'><strong>vidit</strong></span> <span class='ocrx_word' id='word_1_313' title='bbox 1482 4192 1611 4262; x_wconf 73' lang='lat' dir='ltr'><strong>alios</strong></span> <span class='ocrx_word' id='word_1_314' title='bbox 1658 4199 1860 4262; x_wconf 86' lang='lat' dir='ltr'><strong>stantes</strong></span> 
     </span>
    </p>
   </div>
   <div class='ocr_carea' id='block_1_69' title="bbox 294 4256 1859 4321">
    <p class='ocr_par' dir='ltr' id='par_1_69' title="bbox 294 4256 1859 4321">
     <span class='ocr_line' id='line_1_69' title="bbox 294 4256 1859 4321; baseline 0.003 -18"><span class='ocrx_word' id='word_1_315' title='bbox 294 4256 343 4304; x_wconf 91' lang='lat' dir='ltr'><strong>in</strong></span> <span class='ocrx_word' id='word_1_316' title='bbox 377 4256 489 4308; x_wconf 89' lang='lat' dir='ltr'><strong>loro</strong></span> <span class='ocrx_word' id='word_1_317' title='bbox 514 4259 736 4321; x_wconf 89' lang='lat' dir='ltr'><strong>otiosos,</strong></span> <span class='ocrx_word' id='word_1_318' title='bbox 762 4267 814 4312; x_wconf 87' lang='lat' dir='ltr'><strong>et</strong></span> <span class='ocrx_word' id='word_1_319' title='bbox 840 4260 973 4312; x_wconf 84' lang='lat' dir='ltr'><strong>dixit</strong></span> <span class='ocrx_word' id='word_1_320' title='bbox 1001 4262 1136 4313; x_wconf 86' lang='lat' dir='ltr'><strong>illis:</strong></span> <span class='ocrx_word' id='word_1_321' title='bbox 1192 4262 1266 4314; x_wconf 87' lang='lat' dir='ltr'><strong>lle</strong></span> <span class='ocrx_word' id='word_1_322' title='bbox 1320 4273 1374 4314; x_wconf 89' lang='lat' dir='ltr'><strong>et</strong></span> <span class='ocrx_word' id='word_1_323' title='bbox 1426 4274 1520 4310; x_wconf 89' lang='lat' dir='ltr'><strong>vos</strong></span> <span class='ocrx_word' id='word_1_324' title='bbox 1568 4260 1618 4309; x_wconf 91' lang='lat' dir='ltr'><strong>in</strong></span> <span class='ocrx_word' id='word_1_325' title='bbox 1654 4260 1859 4309; x_wconf 87' lang='lat' dir='ltr'><strong>vincam</strong></span> 
     </span>
    </p>
   </div>
   <div class='ocr_carea' id='block_1_70' title="bbox 296 4326 1862 4397">
    <p class='ocr_par' dir='ltr' id='par_1_70' title="bbox 296 4326 1862 4397">
     <span class='ocr_line' id='line_1_70' title="bbox 296 4326 1862 4397; baseline 0 -22"><span class='ocrx_word' id='word_1_326' title='bbox 296 4339 502 4397; x_wconf 72' lang='lat' dir='ltr'><strong>meam,</strong></span> <span class='ocrx_word' id='word_1_327' title='bbox 534 4340 581 4381; x_wconf 88' lang='lat' dir='ltr'><strong>et</strong></span> <span class='ocrx_word' id='word_1_328' title='bbox 610 4330 748 4396; x_wconf 87' lang='lat' dir='ltr'><strong>quod</strong></span> <span class='ocrx_word' id='word_1_329' title='bbox 776 4329 975 4397; x_wconf 87' lang='lat' dir='ltr'><strong>justum</strong></span> <span class='ocrx_word' id='word_1_330' title='bbox 1010 4329 1166 4381; x_wconf 81' lang='lat' dir='ltr'><strong>fuerit</strong></span> <span class='ocrx_word' id='word_1_331' title='bbox 1207 4330 1345 4380; x_wconf 79' lang='lat' dir='ltr'><strong>dabo</strong></span> <span class='ocrx_word' id='word_1_332' title='bbox 1374 4328 1545 4378; x_wconf 86' lang='lat' dir='ltr'><strong>vobis.</strong></span> <span class='ocrx_word' id='word_1_333' title='bbox 1580 4326 1655 4376; x_wconf 83' lang='lat' dir='ltr'><strong>Illi</strong></span> <span class='ocrx_word' id='word_1_334' title='bbox 1689 4334 1862 4397; x_wconf 77' lang='lat' dir='ltr'><strong>autem</strong></span> 
     </span>
    </p>
   </div>
   <div class='ocr_carea' id='block_1_71' title="bbox 294 4391 1869 4451">
    <p class='ocr_par' dir='ltr' id='par_1_71' title="bbox 294 4391 1869 4451">
     <span class='ocr_line' id='line_1_71' title="bbox 294 4391 1869 4451; baseline 0.001 -6"><span class='ocrx_word' id='word_1_335' title='bbox 294 4395 555 4449; x_wconf 76' lang='lat' dir='ltr'><strong>abierunt.</strong></span> <span class='ocrx_word' id='word_1_336' title='bbox 585 4391 817 4451; x_wconf 62' lang='lat' dir='ltr'><strong>Hirrum&quot;</strong></span> <span class='ocrx_word' id='word_1_337' title='bbox 840 4398 1008 4449; x_wconf 69' lang='lat' dir='ltr'><strong>exivit</strong></span> <span class='ocrx_word' id='word_1_338' title='bbox 1031 4400 1173 4449; x_wconf 83' lang='lat' dir='ltr'><strong>circa</strong></span> <span class='ocrx_word' id='word_1_339' title='bbox 1219 4406 1424 4449; x_wconf 84' lang='lat' dir='ltr'><strong>sextam</strong></span> <span class='ocrx_word' id='word_1_340' title='bbox 1456 4404 1508 4446; x_wconf 88' lang='lat' dir='ltr'><strong>et</strong></span> <span class='ocrx_word' id='word_1_341' title='bbox 1547 4408 1743 4446; x_wconf 88' lang='lat' dir='ltr'><strong>nonam</strong></span> <span class='ocrx_word' id='word_1_342' title='bbox 1774 4391 1869 4446; x_wconf 79' lang='lat' dir='ltr'><strong>lio-</strong></span> 
     </span>
    </p>
   </div>
   <div class='ocr_carea' id='block_1_72' title="bbox 294 4462 1862 4529">
    <p class='ocr_par' dir='ltr' id='par_1_72' title="bbox 294 4462 1862 4529">
     <span class='ocr_line' id='line_1_72' title="bbox 294 4462 1862 4529; baseline -0.001 -14"><span class='ocrx_word' id='word_1_343' title='bbox 294 4478 405 4517; x_wconf 85' lang='lat' dir='ltr'><strong>ram</strong></span> <span class='ocrx_word' id='word_1_344' title='bbox 439 4484 451 4518; x_wconf 87' lang='lat'><strong><em>:</em></strong></span> <span class='ocrx_word' id='word_1_345' title='bbox 482 4466 503 4496; x_wconf 82' lang='grc'>⁸</span> <span class='ocrx_word' id='word_1_346' title='bbox 533 4475 587 4520; x_wconf 71' lang='grc' dir='ltr'><strong>ιιι</strong></span> <span class='ocrx_word' id='word_1_347' title='bbox 625 4466 760 4519; x_wconf 88' lang='lat' dir='ltr'><strong>idem</strong></span> <span class='ocrx_word' id='word_1_348' title='bbox 786 4466 929 4518; x_wconf 82' lang='lat' dir='ltr'><strong>fecit.</strong></span> <span class='ocrx_word' id='word_1_349' title='bbox 966 4464 1122 4519; x_wconf 91' lang='lat' dir='ltr'><strong>Circa</strong></span> <span class='ocrx_word' id='word_1_350' title='bbox 1160 4464 1494 4518; x_wconf 84' lang='lat' dir='ltr'><strong>undecimam</strong></span> <span class='ocrx_word' id='word_1_351' title='bbox 1525 4478 1649 4516; x_wconf 82' lang='lat' dir='ltr'><strong>\ero</strong></span> <span class='ocrx_word' id='word_1_352' title='bbox 1679 4462 1862 4529; x_wconf 82' lang='lat' dir='ltr'><strong>exivit,</strong></span> 
     </span>
    </p>
   </div>
   <div class='ocr_carea' id='block_1_73' title="bbox 276 4533 1866 4599">
    <p class='ocr_par' dir='ltr' id='par_1_73' title="bbox 276 4533 1866 4599">
     <span class='ocr_line' id='line_1_73' title="bbox 276 4533 1866 4599; baseline 0.001 -14"><span class='ocrx_word' id='word_1_353' title='bbox 276 4545 344 4585; x_wconf 85' lang='lat' dir='ltr'><strong>et</strong></span> <span class='ocrx_word' id='word_1_354' title='bbox 376 4536 576 4590; x_wconf 76' lang='lat' dir='ltr'><strong>invenit</strong></span> <span class='ocrx_word' id='word_1_355' title='bbox 601 4537 732 4590; x_wconf 79' lang='lat' dir='ltr'><strong>alius</strong></span> <span class='ocrx_word' id='word_1_356' title='bbox 771 4545 1005 4598; x_wconf 88' lang='lat' dir='ltr'><strong>stantes,</strong></span> <span class='ocrx_word' id='word_1_357' title='bbox 1030 4545 1083 4588; x_wconf 90' lang='lat' dir='ltr'><strong>et</strong></span> <span class='ocrx_word' id='word_1_358' title='bbox 1126 4534 1261 4588; x_wconf 86' lang='lat' dir='ltr'><strong>dixit</strong></span> <span class='ocrx_word' id='word_1_359' title='bbox 1289 4536 1393 4587; x_wconf 86' lang='lat' dir='ltr'><strong>illis</strong></span> <span class='ocrx_word' id='word_1_360' title='bbox 1424 4552 1436 4585; x_wconf 90' lang='lat'><strong>:</strong></span> <span class='ocrx_word' id='word_1_361' title='bbox 1471 4534 1605 4599; x_wconf 87' lang='lat' dir='ltr'><strong>Quid</strong></span> <span class='ocrx_word' id='word_1_362' title='bbox 1650 4533 1735 4586; x_wconf 86' lang='lat' dir='ltr'><strong>hic</strong></span> <span class='ocrx_word' id='word_1_363' title='bbox 1756 4545 1866 4587; x_wconf 82' lang='lat' dir='ltr'><strong>Sta-</strong></span> 
     </span>
    </p>
   </div>
   <div class='ocr_carea' id='block_1_74' title="bbox 295 4605 1866 4672">
    <p class='ocr_par' dir='ltr' id='par_1_74' title="bbox 295 4605 1866 4672">
     <span class='ocr_line' id='line_1_74' title="bbox 295 4605 1866 4672; baseline 0.002 -18"><span class='ocrx_word' id='word_1_364' title='bbox 295 4605 363 4656; x_wconf 90' lang='lat' dir='ltr'><strong>tis</strong></span> <span class='ocrx_word' id='word_1_365' title='bbox 384 4614 492 4659; x_wconf 86' lang='lat' dir='ltr'><strong>tota</strong></span> <span class='ocrx_word' id='word_1_366' title='bbox 513 4607 601 4661; x_wconf 90' lang='lat' dir='ltr'><strong>die</strong></span> <span class='ocrx_word' id='word_1_367' title='bbox 622 4606 778 4660; x_wconf 81' lang='lat' dir='ltr'><strong>otinsi</strong></span> <span class='ocrx_word' id='word_1_368' title='bbox 799 4606 822 4659; x_wconf 85' lang='lat'><strong>?</strong></span> <span class='ocrx_word' id='word_1_369' title='bbox 846 4606 1100 4659; x_wconf 88' lang='lat' dir='ltr'><strong>Dixerunt</strong></span> <span class='ocrx_word' id='word_1_370' title='bbox 1129 4606 1212 4660; x_wconf 91' lang='lat' dir='ltr'><strong>ei:</strong></span> <span class='ocrx_word' id='word_1_371' title='bbox 1240 4606 1369 4672; x_wconf 84' lang='lat' dir='ltr'><strong>Quia</strong></span> <span class='ocrx_word' id='word_1_372' title='bbox 1404 4620 1561 4659; x_wconf 91' lang='lat' dir='ltr'><strong>nemo</strong></span> <span class='ocrx_word' id='word_1_373' title='bbox 1613 4618 1709 4657; x_wconf 91' lang='lat' dir='ltr'><strong>nos</strong></span> <span class='ocrx_word' id='word_1_374' title='bbox 1738 4619 1866 4658; x_wconf 86' lang='lat' dir='ltr'><strong>cou-</strong></span> 
     </span>
    </p>
   </div>
   <div class='ocr_carea' id='block_1_75' title="bbox 295 4674 1867 4744">
    <p class='ocr_par' dir='ltr' id='par_1_75' title="bbox 295 4674 1867 4744">
     <span class='ocr_line' id='line_1_75' title="bbox 295 4674 1867 4744; baseline 0.003 -20"><span class='ocrx_word' id='word_1_375' title='bbox 295 4674 465 4728; x_wconf 86' lang='lat' dir='ltr'><strong>duxit.</strong></span> <span class='ocrx_word' id='word_1_376' title='bbox 527 4678 663 4731; x_wconf 84' lang='lat' dir='ltr'><strong>Dicit</strong></span> <span class='ocrx_word' id='word_1_377' title='bbox 706 4678 809 4731; x_wconf 85' lang='lat' dir='ltr'><strong>illis</strong></span> <span class='ocrx_word' id='word_1_378' title='bbox 862 4694 874 4728; x_wconf 91' lang='lat'><strong>:</strong></span> <span class='ocrx_word' id='word_1_379' title='bbox 921 4676 994 4728; x_wconf 87' lang='lat' dir='ltr'><strong>Ite</strong></span> <span class='ocrx_word' id='word_1_380' title='bbox 1025 4676 1044 4706; x_wconf 70' lang='grc'><strong>⁵</strong></span> <span class='ocrx_word' id='word_1_381' title='bbox 1071 4687 1125 4731; x_wconf 85' lang='grc' dir='ltr'><strong>ει</strong></span> <span class='ocrx_word' id='word_1_382' title='bbox 1164 4691 1297 4742; x_wconf 81' lang='lat' dir='ltr'><strong>vos,</strong></span> <span class='ocrx_word' id='word_1_383' title='bbox 1338 4676 1637 4744; x_wconf 86' lang='lat' dir='ltr'><strong>operamini</strong></span> <span class='ocrx_word' id='word_1_384' title='bbox 1686 4677 1739 4729; x_wconf 91' lang='lat' dir='ltr'><strong>in</strong></span> <span class='ocrx_word' id='word_1_385' title='bbox 1789 4677 1867 4728; x_wconf 89' lang='lat' dir='ltr'><strong>vi—</strong></span> 
     </span>
    </p>
   </div>
   <div class='ocr_carea' id='block_1_76' title="bbox 295 4744 1870 4811">
    <p class='ocr_par' dir='ltr' id='par_1_76' title="bbox 295 4744 1870 4811">
     <span class='ocr_line' id='line_1_76' title="bbox 295 4744 1870 4811; baseline 0.003 -17"><span class='ocrx_word' id='word_1_386' title='bbox 295 4752 469 4797; x_wconf 81' lang='lat' dir='ltr'><strong>neam‘.</strong></span> <span class='ocrx_word' id='word_1_387' title='bbox 510 4746 681 4811; x_wconf 82' lang='lat' dir='ltr'><strong>Quum</strong></span> <span class='ocrx_word' id='word_1_388' title='bbox 732 4761 854 4801; x_wconf 90' lang='lat' dir='ltr'><strong>sero</strong></span> <span class='ocrx_word' id='word_1_389' title='bbox 887 4754 1062 4799; x_wconf 90' lang='lat' dir='ltr'><strong>autem</strong></span> <span class='ocrx_word' id='word_1_390' title='bbox 1092 4747 1285 4799; x_wconf 80' lang='lat' dir='ltr'><strong>factum</strong></span> <span class='ocrx_word' id='word_1_391' title='bbox 1312 4757 1477 4811; x_wconf 89' lang='lat' dir='ltr'><strong>esset,</strong></span> <span class='ocrx_word' id='word_1_392' title='bbox 1526 4747 1655 4801; x_wconf 89' lang='lat' dir='ltr'><strong>dicit</strong></span> <span class='ocrx_word' id='word_1_393' title='bbox 1697 4744 1870 4800; x_wconf 91' lang='lat' dir='ltr'><strong>domi-</strong></span> 
     </span>
    </p>
   </div>
   <div class='ocr_carea' id='block_1_77' title="bbox 295 4813 1870 4940">
    <p class='ocr_par' dir='ltr' id='par_1_77' title="bbox 295 4813 1870 4940">
     <span class='ocr_line' id='line_1_77' title="bbox 295 4813 1870 4940; baseline 0.005 -77"><span class='ocrx_word' id='word_1_394' title='bbox 295 4813 609 4940; x_wconf 50' lang='lat' dir='ltr'><strong>gusirineae</strong></span> <span class='ocrx_word' id='word_1_395' title='bbox 640 4817 973 4885; x_wconf 83' lang='lat' dir='ltr'><strong>procuratori</strong></span> <span class='ocrx_word' id='word_1_396' title='bbox 994 4832 1097 4874; x_wconf 91' lang='lat' dir='ltr'><strong>suo</strong></span> <span class='ocrx_word' id='word_1_397' title='bbox 1122 4816 1288 4873; x_wconf 86' lang='lat' dir='ltr'><strong>:Voca</strong></span> <span class='ocrx_word' id='word_1_398' title='bbox 1315 4818 1591 4887; x_wconf 76' lang='lat' dir='ltr'><strong>operarios</strong></span> <span class='ocrx_word' id='word_1_399' title='bbox 1612 4858 1627 4884; x_wconf 94' lang='lat'><strong>,</strong></span> <span class='ocrx_word' id='word_1_400' title='bbox 1664 4826 1719 4871; x_wconf 91' lang='lat' dir='ltr'><strong>et</strong></span> <span class='ocrx_word' id='word_1_401' title='bbox 1748 4817 1870 4872; x_wconf 88' lang='lat' dir='ltr'><strong>red-</strong></span> 
     </span>
     <span class='ocr_line' id='line_1_78' title="bbox 332 4895 1749 4940; baseline 0.013 -4"><span class='ocrx_word' id='word_1_402' title='bbox 332 4895 402 4937; x_wconf 82' lang='grc' dir='ltr'><strong>ει</strong></span> <span class='ocrx_word' id='word_1_403' title='bbox 448 4898 492 4938; x_wconf 85' lang='lat' dir='ltr'><strong>is</strong></span> <span class='ocrx_word' id='word_1_404' title='bbox 517 4900 657 4940; x_wconf 90' lang='lat' dir='ltr'><strong>mer-</strong></span> <span class='ocrx_word' id='word_1_405' title='bbox 1746 4900 1749 4901; x_wconf 62' lang='grc'><strong><em>⁷</em></strong></span> 
     </span>
    </p>
   </div>
   <div class='ocr_carea' id='block_1_78' title="bbox 332 4895 1749 4942">
    <p class='ocr_par' dir='ltr' id='par_1_78' title="bbox 332 4895 1749 4942">
     <span class='ocr_line' id='line_1_79' title="bbox 332 4895 1749 4942; baseline 0.004 -6"><span class='ocrx_word' id='word_1_406' title='bbox 332 4895 366 4936; x_wconf 87' lang='lat' dir='ltr'><strong>e</strong></span> <span class='ocrx_word' id='word_1_407' title='bbox 386 4895 492 4940; x_wconf 79' lang='lat' dir='ltr'><strong>lllls</strong></span> <span class='ocrx_word' id='word_1_408' title='bbox 517 4900 657 4942; x_wconf 89' lang='lat' dir='ltr'><strong>mer-</strong></span> <span class='ocrx_word' id='word_1_409' title='bbox 1746 4900 1749 4901; x_wconf 49' lang='grc'><strong><em>⁷</em></strong></span> 
     </span>
    </p>
   </div>
   <div class='ocr_carea' id='block_1_79' title="bbox 2381 544 3102 603">
    <p class='ocr_par' dir='ltr' id='par_1_79' title="bbox 2381 544 3102 603">
     <span class='ocr_line' id='line_1_80' title="bbox 2381 544 3102 603; baseline -0.001 -1"><span class='ocrx_word' id='word_1_410' title='bbox 2381 544 2611 602; x_wconf 77' lang='grc' dir='ltr'>ΟΟΟΕΧ</span> <span class='ocrx_word' id='word_1_411' title='bbox 2651 545 3102 603; x_wconf 79' lang='lat' dir='ltr'><strong>VERONENSIS.</strong></span> 
     </span>
    </p>
   </div>
   <div class='ocr_carea' id='block_1_80' title="bbox 1949 637 2369 694">
    <p class='ocr_par' dir='ltr' id='par_1_80' title="bbox 1949 637 2369 694">
     <span class='ocr_line' id='line_1_81' title="bbox 1949 637 2369 694; baseline -0.002 0"><span class='ocrx_word' id='word_1_412' title='bbox 1949 647 2135 694; x_wconf 88' lang='lat' dir='ltr'><strong>cantes</strong></span> <span class='ocrx_word' id='word_1_413' title='bbox 2159 637 2369 693; x_wconf 88' lang='lat' dir='ltr'><strong>duode-</strong></span> 
     </span>
    </p>
   </div>
   <div class='ocr_carea' id='block_1_81' title="bbox 1934 707 2322 765">
    <p class='ocr_par' dir='ltr' id='par_1_81' title="bbox 1934 707 2322 765">
     <span class='ocr_line' id='line_1_82' title="bbox 1934 707 2322 765; baseline -0.003 -1"><span class='ocrx_word' id='word_1_414' title='bbox 1934 708 2050 765; x_wconf 85' lang='lat' dir='ltr'><strong>‘cim</strong></span> <span class='ocrx_word' id='word_1_415' title='bbox 2079 707 2248 763; x_wconf 87' lang='lat' dir='ltr'><strong>tribus</strong></span> <span class='ocrx_word' id='word_1_416' title='bbox 2274 707 2322 763; x_wconf 85' lang='lat' dir='ltr'><strong>Is</strong></span> 
     </span>
    </p>
   </div>
   <div class='ocr_carea' id='block_1_82' title="bbox 1952 777 2422 848">
    <p class='ocr_par' dir='ltr' id='par_1_82' title="bbox 1952 777 2422 848">
     <span class='ocr_line' id='line_1_83' title="bbox 1952 777 2422 848; baseline -0.009 -15"><span class='ocrx_word' id='word_1_417' title='bbox 1952 777 2151 833; x_wconf 80' lang='lat' dir='ltr'><strong>traliel.</strong></span> <span class='ocrx_word' id='word_1_418' title='bbox 2418 839 2422 848; x_wconf 33' lang='grc' dir='ltr'>ι</span> 
     </span>
    </p>
   </div>
   <div class='ocr_carea' id='block_1_83' title="bbox 1949 848 2357 903">
    <p class='ocr_par' dir='ltr' id='par_1_83' title="bbox 1949 848 2357 903">
     <span class='ocr_line' id='line_1_84' title="bbox 1949 848 2357 903; baseline 0 0"><span class='ocrx_word' id='word_1_419' title='bbox 1949 848 2041 903; x_wconf 73' lang='lat'><strong>29.</strong></span> <span class='ocrx_word' id='word_1_420' title='bbox 2083 848 2151 903; x_wconf 91' lang='lat' dir='ltr'><strong>Et</strong></span> <span class='ocrx_word' id='word_1_421' title='bbox 2178 848 2357 903; x_wconf 91' lang='lat' dir='ltr'><strong>omnis</strong></span> 
     </span>
    </p>
   </div>
   <div class='ocr_carea' id='block_1_84' title="bbox 1958 918 2365 1044">
    <p class='ocr_par' dir='ltr' id='par_1_84' title="bbox 1958 918 2365 1044">
     <span class='ocr_line' id='line_1_85' title="bbox 1958 918 2365 1044; baseline -0.005 -70"><span class='ocrx_word' id='word_1_422' title='bbox 1958 919 2049 1044; x_wconf 63' lang='lat' dir='ltr'><strong>qui</strong></span> <span class='ocrx_word' id='word_1_423' title='bbox 2082 918 2365 987; x_wconf 82' lang='lat' dir='ltr'><strong>reliquerit</strong></span> 
     </span>
     <span class='ocr_line' id='line_1_86' title="bbox 1997 989 2314 1044; baseline -0.009 0"><span class='ocrx_word' id='word_1_424' title='bbox 1997 1003 2198 1044; x_wconf 91' lang='lat' dir='ltr'><strong>omum.</strong></span> <span class='ocrx_word' id='word_1_425' title='bbox 2231 989 2314 1042; x_wconf 92' lang='lat' dir='ltr'><strong>vel</strong></span> 
     </span>
    </p>
   </div>
   <div class='ocr_carea' id='block_1_85' title="bbox 1997 989 2379 1052">
    <p class='ocr_par' dir='ltr' id='par_1_85' title="bbox 1997 989 2379 1052">
     <span class='ocr_line' id='line_1_87' title="bbox 1997 989 2379 1052; baseline -0.01 -7"><span class='ocrx_word' id='word_1_426' title='bbox 1997 1003 2198 1052; x_wconf 87' lang='lat' dir='ltr'><strong>omum,</strong></span> <span class='ocrx_word' id='word_1_427' title='bbox 2231 989 2314 1042; x_wconf 92' lang='lat' dir='ltr'><strong>vel</strong></span> <span class='ocrx_word' id='word_1_428' title='bbox 2370 1010 2379 1017; x_wconf 88' lang='lat'><strong><em>-</em></strong></span> 
     </span>
    </p>
   </div>
   <div class='ocr_carea' id='block_1_86' title="bbox 1897 1058 2327 1123">
    <p class='ocr_par' dir='ltr' id='par_1_86' title="bbox 1897 1058 2327 1123">
     <span class='ocr_line' id='line_1_88' title="bbox 1897 1058 2327 1123; baseline 0 -10"><span class='ocrx_word' id='word_1_429' title='bbox 1897 1058 1901 1062; x_wconf 80' lang='grc'><em>’</em></span> <span class='ocrx_word' id='word_1_430' title='bbox 1960 1059 2199 1123; x_wconf 80' lang='lat' dir='ltr'><strong>fratrem,</strong></span> <span class='ocrx_word' id='word_1_431' title='bbox 2232 1068 2327 1113; x_wconf 91' lang='lat' dir='ltr'><strong>aut</strong></span> 
     </span>
    </p>
   </div>
   <div class='ocr_carea' id='block_1_87' title="bbox 1959 1139 2321 1195">
    <p class='ocr_par' dir='ltr' id='par_1_87' title="bbox 1959 1139 2321 1195">
     <span class='ocr_line' id='line_1_89' title="bbox 1959 1139 2321 1195; baseline -0.003 -12"><span class='ocrx_word' id='word_1_432' title='bbox 1959 1143 2199 1195; x_wconf 88' lang='lat' dir='ltr'><strong>sorores,</strong></span> <span class='ocrx_word' id='word_1_433' title='bbox 2230 1139 2321 1182; x_wconf 88' lang='lat' dir='ltr'><strong>aut</strong></span> 
     </span>
    </p>
   </div>
   <div class='ocr_carea' id='block_1_88' title="bbox 1960 1207 2331 1262">
    <p class='ocr_par' dir='ltr' id='par_1_88' title="bbox 1960 1207 2331 1262">
     <span class='ocr_line' id='line_1_90' title="bbox 1960 1207 2331 1262; baseline 0.008 -9"><span class='ocrx_word' id='word_1_434' title='bbox 1960 1207 2184 1253; x_wconf 89' lang='lat' dir='ltr'><strong>matrem</strong></span> <span class='ocrx_word' id='word_1_435' title='bbox 2196 1237 2210 1262; x_wconf 79' lang='lat'><strong>,</strong></span> <span class='ocrx_word' id='word_1_436' title='bbox 2238 1210 2331 1256; x_wconf 90' lang='lat' dir='ltr'><strong>aut</strong></span> 
     </span>
    </p>
   </div>
   <div class='ocr_carea' id='block_1_89' title="bbox 1958 1270 2245 1334">
    <p class='ocr_par' dir='ltr' id='par_1_89' title="bbox 1958 1270 2245 1334">
     <span class='ocr_line' id='line_1_91' title="bbox 1958 1270 2245 1334; baseline -0.007 -11"><span class='ocrx_word' id='word_1_437' title='bbox 1958 1270 2121 1334; x_wconf 82' lang='lat' dir='ltr'><strong>ﬁlios,</strong></span> <span class='ocrx_word' id='word_1_438' title='bbox 2152 1277 2245 1322; x_wconf 91' lang='lat' dir='ltr'><strong>aut</strong></span> 
     </span>
    </p>
   </div>
   <div class='ocr_carea' id='block_1_90' title="bbox 1957 1351 2391 1409">
    <p class='ocr_par' dir='ltr' id='par_1_90' title="bbox 1957 1351 2391 1409">
     <span class='ocr_line' id='line_1_92' title="bbox 1957 1351 2391 1409; baseline 0.007 -17"><span class='ocrx_word' id='word_1_439' title='bbox 1957 1353 2136 1408; x_wconf 79' lang='lat' dir='ltr'><strong>agros,</strong></span> <span class='ocrx_word' id='word_1_440' title='bbox 2171 1351 2391 1409; x_wconf 86' lang='lat' dir='ltr'><strong>pr0pter</strong></span> 
     </span>
    </p>
   </div>
   <div class='ocr_carea' id='block_1_91' title="bbox 1956 1422 2388 1473">
    <p class='ocr_par' dir='ltr' id='par_1_91' title="bbox 1956 1422 2388 1473">
     <span class='ocr_line' id='line_1_93' title="bbox 1956 1422 2388 1473; baseline 0.007 -10"><span class='ocrx_word' id='word_1_441' title='bbox 1956 1424 2156 1463; x_wconf 85' lang='lat' dir='ltr'><strong>nomen</strong></span> <span class='ocrx_word' id='word_1_442' title='bbox 2186 1422 2388 1473; x_wconf 83' lang='lat' dir='ltr'><strong>meum,</strong></span> 
     </span>
    </p>
   </div>
   <div class='ocr_carea' id='block_1_92' title="bbox 1954 1479 2380 1546">
    <p class='ocr_par' dir='ltr' id='par_1_92' title="bbox 1954 1479 2380 1546">
     <span class='ocr_line' id='line_1_94' title="bbox 1954 1479 2380 1546; baseline 0.002 -13"><span class='ocrx_word' id='word_1_443' title='bbox 1954 1479 2260 1546; x_wconf 80' lang='lat' dir='ltr'><strong>centuplum</strong></span> <span class='ocrx_word' id='word_1_444' title='bbox 2291 1494 2380 1535; x_wconf 87' lang='lat' dir='ltr'><strong>ac—</strong></span> 
     </span>
    </p>
   </div>
   <div class='ocr_carea' id='block_1_93' title="bbox 1954 1549 2325 1617">
    <p class='ocr_par' dir='ltr' id='par_1_93' title="bbox 1954 1549 2325 1617">
     <span class='ocr_line' id='line_1_95' title="bbox 1954 1549 2325 1617; baseline 0 -15"><span class='ocrx_word' id='word_1_445' title='bbox 1954 1550 2135 1617; x_wconf 82' lang='lat' dir='ltr'><strong>cipiet,</strong></span> <span class='ocrx_word' id='word_1_446' title='bbox 2164 1556 2220 1600; x_wconf 86' lang='lat' dir='ltr'><strong>et</strong></span> <span class='ocrx_word' id='word_1_447' title='bbox 2247 1549 2325 1603; x_wconf 90' lang='lat' dir='ltr'><strong>vi-</strong></span> 
     </span>
    </p>
   </div>
   <div class='ocr_carea' id='block_1_94' title="bbox 1960 1626 2353 1674">
    <p class='ocr_par' dir='ltr' id='par_1_94' title="bbox 1960 1626 2353 1674">
     <span class='ocr_line' id='line_1_96' title="bbox 1960 1626 2353 1674; baseline 0.005 -2"><span class='ocrx_word' id='word_1_448' title='bbox 1960 1628 2064 1672; x_wconf 88' lang='lat' dir='ltr'><strong>tam</strong></span> <span class='ocrx_word' id='word_1_449' title='bbox 2083 1626 2353 1674; x_wconf 83' lang='lat' dir='ltr'><strong>aeternam</strong></span> 
     </span>
    </p>
   </div>
   <div class='ocr_carea' id='block_1_95' title="bbox 1958 1686 2269 1757">
    <p class='ocr_par' dir='ltr' id='par_1_95' title="bbox 1958 1686 2269 1757">
     <span class='ocr_line' id='line_1_97' title="bbox 1958 1686 2269 1757; baseline 0.006 -15"><span class='ocrx_word' id='word_1_450' title='bbox 1958 1686 2269 1757; x_wconf 88' lang='lat' dir='ltr'><strong>possidebit.</strong></span> 
     </span>
    </p>
   </div>
   <div class='ocr_carea' id='block_1_96' title="bbox 1957 1756 2441 1816">
    <p class='ocr_par' dir='ltr' id='par_1_96' title="bbox 1957 1756 2441 1816">
     <span class='ocr_line' id='line_1_98' title="bbox 1957 1756 2441 1816; baseline 0.006 -3"><span class='ocrx_word' id='word_1_451' title='bbox 1957 1759 2043 1813; x_wconf 79' lang='lat'><strong>30.</strong></span> <span class='ocrx_word' id='word_1_452' title='bbox 2087 1756 2232 1812; x_wconf 87' lang='lat' dir='ltr'><strong>Multi</strong></span> <span class='ocrx_word' id='word_1_453' title='bbox 2262 1770 2441 1816; x_wconf 88' lang='lat' dir='ltr'><strong>autem</strong></span> 
     </span>
    </p>
   </div>
   <div class='ocr_carea' id='block_1_97' title="bbox 1957 1828 2269 1896">
    <p class='ocr_par' dir='ltr' id='par_1_97' title="bbox 1957 1828 2269 1896">
     <span class='ocr_line' id='line_1_99' title="bbox 1957 1828 2269 1896; baseline 0.006 -15"><span class='ocrx_word' id='word_1_454' title='bbox 1957 1837 2082 1882; x_wconf 89' lang='lat' dir='ltr'><strong>sunt</strong></span> <span class='ocrx_word' id='word_1_455' title='bbox 2112 1828 2269 1896; x_wconf 90' lang='lat' dir='ltr'><strong>primi</strong></span> 
     </span>
    </p>
   </div>
   <div class='ocr_carea' id='block_1_98' title="bbox 1958 1899 2340 1966">
    <p class='ocr_par' dir='ltr' id='par_1_98' title="bbox 1958 1899 2340 1966">
     <span class='ocr_line' id='line_1_100' title="bbox 1958 1899 2340 1966; baseline 0.008 -14"><span class='ocrx_word' id='word_1_456' title='bbox 1958 1899 2261 1966; x_wconf 87' lang='lat' dir='ltr'><strong>nobissimi,</strong></span> <span class='ocrx_word' id='word_1_457' title='bbox 2286 1910 2340 1957; x_wconf 87' lang='lat' dir='ltr'><strong>ct</strong></span> 
     </span>
    </p>
   </div>
   <div class='ocr_carea' id='block_1_99' title="bbox 1958 1968 2239 2024">
    <p class='ocr_par' dir='ltr' id='par_1_99' title="bbox 1958 1968 2239 2024">
     <span class='ocr_line' id='line_1_101' title="bbox 1958 1968 2239 2024; baseline 0.004 -1"><span class='ocrx_word' id='word_1_458' title='bbox 1958 1968 2239 2024; x_wconf 86' lang='lat' dir='ltr'><strong>uobissimi</strong></span> 
     </span>
    </p>
   </div>
   <div class='ocr_carea' id='block_1_100' title="bbox 1957 2041 2138 2109">
    <p class='ocr_par' dir='ltr' id='par_1_100' title="bbox 1957 2041 2138 2109">
     <span class='ocr_line' id='line_1_102' title="bbox 1957 2041 2138 2109; baseline 0.006 -15"><span class='ocrx_word' id='word_1_459' title='bbox 1957 2041 2138 2109; x_wconf 88' lang='lat' dir='ltr'><strong>primi.</strong></span> 
     </span>
    </p>
   </div>
   <div class='ocr_carea' id='block_1_101' title="bbox 2140 2151 2524 2209">
    <p class='ocr_par' dir='ltr' id='par_1_101' title="bbox 2140 2151 2524 2209">
     <span class='ocr_line' id='line_1_103' title="bbox 2140 2151 2524 2209; baseline -0.008 0"><span class='ocrx_word' id='word_1_460' title='bbox 2140 2152 2367 2209; x_wconf 81' lang='lat' dir='ltr'><strong>CAPUT</strong></span> <span class='ocrx_word' id='word_1_461' title='bbox 2408 2151 2524 2206; x_wconf 80' lang='lat' dir='ltr'><strong>XX.</strong></span> 
     </span>
    </p>
   </div>
   <div class='ocr_carea' id='block_1_102' title="bbox 1954 2243 2348 2300">
    <p class='ocr_par' dir='ltr' id='par_1_102' title="bbox 1954 2243 2348 2300">
     <span class='ocr_line' id='line_1_104' title="bbox 1954 2243 2348 2300; baseline -0.008 -1"><span class='ocrx_word' id='word_1_462' title='bbox 1954 2246 2005 2299; x_wconf 78' lang='grc'><strong>1.</strong></span> <span class='ocrx_word' id='word_1_463' title='bbox 2050 2243 2234 2300; x_wconf 88' lang='lat' dir='ltr'><strong>Simile</strong></span> <span class='ocrx_word' id='word_1_464' title='bbox 2263 2252 2348 2297; x_wconf 89' lang='lat' dir='ltr'><strong>est</strong></span> 
     </span>
    </p>
   </div>
   <div class='ocr_carea' id='block_1_103' title="bbox 1950 2313 2377 2383">
    <p class='ocr_par' dir='ltr' id='par_1_103' title="bbox 1950 2313 2377 2383">
     <span class='ocr_line' id='line_1_105' title="bbox 1950 2313 2377 2383; baseline -0.009 -13"><span class='ocrx_word' id='word_1_465' title='bbox 1950 2330 2173 2383; x_wconf 85' lang='lat' dir='ltr'><strong>regnum</strong></span> <span class='ocrx_word' id='word_1_466' title='bbox 2198 2313 2377 2367; x_wconf 85' lang='lat' dir='ltr'><strong>caelo-</strong></span> 
     </span>
    </p>
   </div>
   <div class='ocr_carea' id='block_1_104' title="bbox 1952 2384 2306 2440">
    <p class='ocr_par' dir='ltr' id='par_1_104' title="bbox 1952 2384 2306 2440">
     <span class='ocr_line' id='line_1_106' title="bbox 1952 2384 2306 2440; baseline -0.011 -1"><span class='ocrx_word' id='word_1_467' title='bbox 1952 2400 2072 2439; x_wconf 86' lang='lat' dir='ltr'><strong>rum</strong></span> <span class='ocrx_word' id='word_1_468' title='bbox 2106 2384 2306 2440; x_wconf 85' lang='lat' dir='ltr'><strong>homini</strong></span> 
     </span>
    </p>
   </div>
   <div class='ocr_carea' id='block_1_105' title="bbox 1954 2453 2349 2525">
    <p class='ocr_par' dir='ltr' id='par_1_105' title="bbox 1954 2453 2349 2525">
     <span class='ocr_line' id='line_1_107' title="bbox 1954 2453 2349 2525; baseline 0.003 -18"><span class='ocrx_word' id='word_1_469' title='bbox 1954 2453 2349 2525; x_wconf 80' lang='lat' dir='ltr'><strong>patrifamilias,</strong></span> 
     </span>
    </p>
   </div>
   <div class='ocr_carea' id='block_1_106' title="bbox 1952 2525 2349 2594">
    <p class='ocr_par' dir='ltr' id='par_1_106' title="bbox 1952 2525 2349 2594">
     <span class='ocr_line' id='line_1_108' title="bbox 1952 2525 2349 2594; baseline -0.005 -15"><span class='ocrx_word' id='word_1_470' title='bbox 1952 2526 2044 2594; x_wconf 92' lang='lat' dir='ltr'><strong>qui</strong></span> <span class='ocrx_word' id='word_1_471' title='bbox 2072 2525 2205 2579; x_wconf 83' lang='lat' dir='ltr'><strong>exiit</strong></span> <span class='ocrx_word' id='word_1_472' title='bbox 2242 2526 2349 2593; x_wconf 85' lang='lat' dir='ltr'><strong>pri-</strong></span> 
     </span>
    </p>
   </div>
   <div class='ocr_carea' id='block_1_107' title="bbox 1952 2609 2384 2649">
    <p class='ocr_par' dir='ltr' id='par_1_107' title="bbox 1952 2609 2384 2649">
     <span class='ocr_line' id='line_1_109' title="bbox 1952 2609 2384 2649; baseline 0 0"><span class='ocrx_word' id='word_1_473' title='bbox 1952 2609 2042 2649; x_wconf 90' lang='lat' dir='ltr'><strong>mo</strong></span> <span class='ocrx_word' id='word_1_474' title='bbox 2069 2609 2226 2649; x_wconf 87' lang='lat' dir='ltr'><strong>mane</strong></span> <span class='ocrx_word' id='word_1_475' title='bbox 2250 2609 2384 2649; x_wconf 79' lang='grc'><strong>0011-</strong></span> 
     </span>
    </p>
   </div>
   <div class='ocr_carea' id='block_1_108' title="bbox 1951 2665 2365 2731">
    <p class='ocr_par' dir='ltr' id='par_1_108' title="bbox 1951 2665 2365 2731">
     <span class='ocr_line' id='line_1_110' title="bbox 1951 2665 2365 2731; baseline -0.002 -12"><span class='ocrx_word' id='word_1_476' title='bbox 1951 2665 2150 2719; x_wconf 91' lang='lat' dir='ltr'><strong>ducere</strong></span> <span class='ocrx_word' id='word_1_477' title='bbox 2176 2679 2365 2731; x_wconf 88' lang='lat' dir='ltr'><strong>opera-</strong></span> 
     </span>
    </p>
   </div>
   <div class='ocr_carea' id='block_1_109' title="bbox 1952 2736 2383 2789">
    <p class='ocr_par' dir='ltr' id='par_1_109' title="bbox 1952 2736 2383 2789">
     <span class='ocr_line' id='line_1_111' title="bbox 1952 2736 2383 2789; baseline 0 0"><span class='ocrx_word' id='word_1_478' title='bbox 1952 2736 2061 2789; x_wconf 88' lang='lat' dir='ltr'><strong>rios</strong></span> <span class='ocrx_word' id='word_1_479' title='bbox 2093 2736 2143 2788; x_wconf 90' lang='lat' dir='ltr'><strong>in</strong></span> <span class='ocrx_word' id='word_1_480' title='bbox 2174 2738 2383 2789; x_wconf 86' lang='lat' dir='ltr'><strong>vineam</strong></span> 
     </span>
    </p>
   </div>
   <div class='ocr_carea' id='block_1_110' title="bbox 1952 2804 2407 2860">
    <p class='ocr_par' dir='ltr' id='par_1_110' title="bbox 1952 2804 2407 2860">
     <span class='ocr_line' id='line_1_112' title="bbox 1952 2804 2407 2860; baseline 0.002 -3"><span class='ocrx_word' id='word_1_481' title='bbox 1952 2804 2005 2857; x_wconf 73' lang='grc'><strong>2.</strong></span> <span class='ocrx_word' id='word_1_482' title='bbox 2047 2820 2221 2860; x_wconf 89' lang='lat' dir='ltr'><strong>suam.</strong></span> <span class='ocrx_word' id='word_1_483' title='bbox 2263 2808 2407 2859; x_wconf 84' lang='lat' dir='ltr'><strong>Con-</strong></span> 
     </span>
    </p>
   </div>
   <div class='ocr_carea' id='block_1_111' title="bbox 1955 2875 2332 2929">
    <p class='ocr_par' dir='ltr' id='par_1_111' title="bbox 1955 2875 2332 2929">
     <span class='ocr_line' id='line_1_113' title="bbox 1955 2875 2332 2929; baseline 0.008 -4"><span class='ocrx_word' id='word_1_484' title='bbox 1955 2875 2205 2929; x_wconf 90' lang='lat' dir='ltr'><strong>ventione</strong></span> <span class='ocrx_word' id='word_1_485' title='bbox 2238 2890 2332 2928; x_wconf 86' lang='lat' dir='ltr'><strong>au-</strong></span> 
     </span>
    </p>
   </div>
   <div class='ocr_carea' id='block_1_112' title="bbox 1911 2946 2373 3002">
    <p class='ocr_par' dir='ltr' id='par_1_112' title="bbox 1911 2946 2373 3002">
     <span class='ocr_line' id='line_1_114' title="bbox 1911 2946 2373 3002; baseline 0.006 -3"><span class='ocrx_word' id='word_1_486' title='bbox 1911 2952 1915 2958; x_wconf 83' lang='lat'>‘</span> <span class='ocrx_word' id='word_1_487' title='bbox 1955 2953 2062 2999; x_wconf 90' lang='lat' dir='ltr'><strong>tem</strong></span> <span class='ocrx_word' id='word_1_488' title='bbox 2090 2946 2228 2998; x_wconf 79' lang='lat' dir='ltr'><strong>facta</strong></span> <span class='ocrx_word' id='word_1_489' title='bbox 2252 2961 2373 3002; x_wconf 91' lang='lat' dir='ltr'><strong>cum</strong></span> 
     </span>
    </p>
   </div>
   <div class='ocr_carea' id='block_1_113' title="bbox 1952 3016 2308 3085">
    <p class='ocr_par' dir='ltr' id='par_1_113' title="bbox 1952 3016 2308 3085">
     <span class='ocr_line' id='line_1_115' title="bbox 1952 3016 2308 3085; baseline 0.003 -15"><span class='ocrx_word' id='word_1_490' title='bbox 1952 3016 2212 3085; x_wconf 86' lang='lat' dir='ltr'><strong>operariis</strong></span> <span class='ocrx_word' id='word_1_491' title='bbox 2239 3031 2308 3071; x_wconf 86' lang='lat' dir='ltr'><strong>ex</strong></span> 
     </span>
    </p>
   </div>
   <div class='ocr_carea' id='block_1_114' title="bbox 1954 3085 2346 3143">
    <p class='ocr_par' dir='ltr' id='par_1_114' title="bbox 1954 3085 2346 3143">
     <span class='ocr_line' id='line_1_116' title="bbox 1954 3085 2346 3143; baseline 0 0"><span class='ocrx_word' id='word_1_492' title='bbox 1954 3085 2178 3143; x_wconf 88' lang='lat' dir='ltr'><strong>denario</strong></span> <span class='ocrx_word' id='word_1_493' title='bbox 2202 3088 2346 3143; x_wconf 92' lang='lat' dir='ltr'><strong>diur-</strong></span> 
     </span>
    </p>
   </div>
   <div class='ocr_carea' id='block_1_115' title="bbox 1957 3159 2354 3222">
    <p class='ocr_par' dir='ltr' id='par_1_115' title="bbox 1957 3159 2354 3222">
     <span class='ocr_line' id='line_1_117' title="bbox 1957 3159 2354 3222; baseline 0.003 -9"><span class='ocrx_word' id='word_1_494' title='bbox 1957 3173 2049 3222; x_wconf 89' lang='lat' dir='ltr'><strong>no,</strong></span> <span class='ocrx_word' id='word_1_495' title='bbox 2088 3159 2354 3215; x_wconf 86' lang='lat' dir='ltr'><strong>misiteos</strong></span> 
     </span>
    </p>
   </div>
   <div class='ocr_carea' id='block_1_116' title="bbox 1956 3229 2454 3286">
    <p class='ocr_par' dir='ltr' id='par_1_116' title="bbox 1956 3229 2454 3286">
     <span class='ocr_line' id='line_1_118' title="bbox 1956 3229 2454 3286; baseline 0.002 -3"><span class='ocrx_word' id='word_1_496' title='bbox 1956 3229 2010 3284; x_wconf 90' lang='lat' dir='ltr'><strong>in</strong></span> <span class='ocrx_word' id='word_1_497' title='bbox 2042 3229 2250 3284; x_wconf 88' lang='lat' dir='ltr'><strong>vineam</strong></span> <span class='ocrx_word' id='word_1_498' title='bbox 2283 3245 2454 3286; x_wconf 84' lang='lat' dir='ltr'><strong>suam.</strong></span> 
     </span>
    </p>
   </div>
   <div class='ocr_carea' id='block_1_117' title="bbox 1957 3300 2400 3372">
    <p class='ocr_par' dir='ltr' id='par_1_117' title="bbox 1957 3300 2400 3372">
     <span class='ocr_line' id='line_1_119' title="bbox 1957 3300 2400 3372; baseline 0 -17"><span class='ocrx_word' id='word_1_499' title='bbox 1957 3300 2012 3355; x_wconf 78' lang='lat'><strong>3.</strong></span> <span class='ocrx_word' id='word_1_500' title='bbox 2057 3300 2122 3355; x_wconf 86' lang='lat' dir='ltr'><strong>Et</strong></span> <span class='ocrx_word' id='word_1_501' title='bbox 2150 3314 2400 3372; x_wconf 82' lang='lat' dir='ltr'><strong>egressus</strong></span> 
     </span>
    </p>
   </div>
   <div class='ocr_carea' id='block_1_118' title="bbox 2779 637 3144 693">
    <p class='ocr_par' dir='ltr' id='par_1_118' title="bbox 2779 637 3144 693">
     <span class='ocr_line' id='line_1_120' title="bbox 2779 637 3144 693; baseline 0 -1"><span class='ocrx_word' id='word_1_502' title='bbox 2779 637 2922 693; x_wconf 86' lang='lat' dir='ltr'><strong>circa</strong></span> <span class='ocrx_word' id='word_1_503' title='bbox 2954 638 3144 693; x_wconf 85' lang='lat' dir='ltr'><strong>horam</strong></span> 
     </span>
    </p>
   </div>
   <div class='ocr_carea' id='block_1_119' title="bbox 2778 708 3241 780">
    <p class='ocr_par' dir='ltr' id='par_1_119' title="bbox 2778 708 3241 780">
     <span class='ocr_line' id='line_1_121' title="bbox 2778 708 3241 780; baseline 0.004 -18"><span class='ocrx_word' id='word_1_504' title='bbox 2778 709 3013 780; x_wconf 86' lang='lat' dir='ltr'><strong>tertiam,</strong></span> <span class='ocrx_word' id='word_1_505' title='bbox 3050 708 3127 780; x_wconf 83' lang='lat' dir='ltr'><strong>(a)</strong></span> <span class='ocrx_word' id='word_1_506' title='bbox 3158 709 3241 764; x_wconf 91' lang='lat' dir='ltr'><strong>in-</strong></span> 
     </span>
    </p>
   </div>
   <div class='ocr_carea' id='block_1_120' title="bbox 2776 778 3155 848">
    <p class='ocr_par' dir='ltr' id='par_1_120' title="bbox 2776 778 3155 848">
     <span class='ocr_line' id='line_1_122' title="bbox 2776 778 3155 848; baseline 0.005 -17"><span class='ocrx_word' id='word_1_507' title='bbox 2776 780 2923 833; x_wconf 86' lang='lat' dir='ltr'><strong>venit</strong></span> <span class='ocrx_word' id='word_1_508' title='bbox 2950 778 2992 848; x_wconf 59' lang='grc'><strong>1-</strong></span> <span class='ocrx_word' id='word_1_509' title='bbox 3018 778 3155 833; x_wconf 85' lang='lat' dir='ltr'><strong>alios</strong></span> 
     </span>
    </p>
   </div>
   <div class='ocr_carea' id='block_1_121' title="bbox 2778 848 3207 907">
    <p class='ocr_par' dir='ltr' id='par_1_121' title="bbox 2778 848 3207 907">
     <span class='ocr_line' id='line_1_123' title="bbox 2778 848 3207 907; baseline 0.012 -6"><span class='ocrx_word' id='word_1_510' title='bbox 2778 856 2981 903; x_wconf 88' lang='lat' dir='ltr'><strong>stantes</strong></span> <span class='ocrx_word' id='word_1_511' title='bbox 3008 848 3060 901; x_wconf 93' lang='lat' dir='ltr'><strong>in</strong></span> <span class='ocrx_word' id='word_1_512' title='bbox 3088 848 3207 907; x_wconf 78' lang='lat' dir='ltr'><strong>foro</strong></span> 
     </span>
    </p>
   </div>
   <div class='ocr_carea' id='block_1_122' title="bbox 2776 917 3186 980">
    <p class='ocr_par' dir='ltr' id='par_1_122' title="bbox 2776 917 3186 980">
     <span class='ocr_line' id='line_1_124' title="bbox 2776 917 3186 980; baseline 0.012 -9"><span class='ocrx_word' id='word_1_513' title='bbox 2776 917 2832 971; x_wconf 72' lang='lat'><strong>4.</strong></span> <span class='ocrx_word' id='word_1_514' title='bbox 2874 919 3095 980; x_wconf 85' lang='lat' dir='ltr'><strong>otiosos,</strong></span> <span class='ocrx_word' id='word_1_515' title='bbox 3129 931 3186 976; x_wconf 87' lang='lat' dir='ltr'><strong>et</strong></span> 
     </span>
    </p>
   </div>
   <div class='ocr_carea' id='block_1_123' title="bbox 2779 987 3134 1044">
    <p class='ocr_par' dir='ltr' id='par_1_123' title="bbox 2779 987 3134 1044">
     <span class='ocr_line' id='line_1_125' title="bbox 2779 987 3134 1044; baseline -0.003 -2"><span class='ocrx_word' id='word_1_516' title='bbox 2779 988 2855 1044; x_wconf 88' lang='lat' dir='ltr'><strong>ait</strong></span> <span class='ocrx_word' id='word_1_517' title='bbox 2882 988 3015 1043; x_wconf 89' lang='lat' dir='ltr'><strong>illis:</strong></span> <span class='ocrx_word' id='word_1_518' title='bbox 3052 987 3134 1041; x_wconf 91' lang='lat' dir='ltr'><strong>lte</strong></span> 
     </span>
    </p>
   </div>
   <div class='ocr_carea' id='block_1_124' title="bbox 2781 1056 3263 1125">
    <p class='ocr_par' dir='ltr' id='par_1_124' title="bbox 2781 1056 3263 1125">
     <span class='ocr_line' id='line_1_126' title="bbox 2781 1056 3263 1125; baseline -0.002 -11"><span class='ocrx_word' id='word_1_519' title='bbox 2781 1071 2839 1114; x_wconf 89' lang='lat' dir='ltr'><strong>et.</strong></span> <span class='ocrx_word' id='word_1_520' title='bbox 2867 1071 2963 1111; x_wconf 87' lang='lat' dir='ltr'><strong>vos</strong></span> <span class='ocrx_word' id='word_1_521' title='bbox 2993 1058 3043 1111; x_wconf 94' lang='lat' dir='ltr'><strong>in</strong></span> <span class='ocrx_word' id='word_1_522' title='bbox 3076 1056 3152 1125; x_wconf 74' lang='grc' dir='ltr'><strong>(ὁ)</strong></span> <span class='ocrx_word' id='word_1_523' title='bbox 3181 1060 3263 1113; x_wconf 91' lang='lat' dir='ltr'><strong>vi-</strong></span> 
     </span>
    </p>
   </div>
   <div class='ocr_carea' id='block_1_125' title="bbox 2781 1130 3107 1197">
    <p class='ocr_par' dir='ltr' id='par_1_125' title="bbox 2781 1130 3107 1197">
     <span class='ocr_line' id='line_1_127' title="bbox 2781 1130 3107 1197; baseline -0.009 -14"><span class='ocrx_word' id='word_1_524' title='bbox 2781 1142 2937 1183; x_wconf 90' lang='lat' dir='ltr'><strong>neam</strong></span> <span class='ocrx_word' id='word_1_525' title='bbox 2963 1130 3025 1197; x_wconf 55' lang='grc' dir='ltr'><strong>-ῖ,</strong></span> <span class='ocrx_word' id='word_1_526' title='bbox 3053 1137 3107 1181; x_wconf 86' lang='grc' dir='ltr'><strong>ει</strong></span> 
     </span>
    </p>
   </div>
   <div class='ocr_carea' id='block_1_126' title="bbox 2781 1197 3161 1268">
    <p class='ocr_par' dir='ltr' id='par_1_126' title="bbox 2781 1197 3161 1268">
     <span class='ocr_line' id='line_1_128' title="bbox 2781 1197 3161 1268; baseline 0.008 -18"><span class='ocrx_word' id='word_1_527' title='bbox 2781 1197 2923 1268; x_wconf 91' lang='lat' dir='ltr'><strong>quod</strong></span> <span class='ocrx_word' id='word_1_528' title='bbox 2957 1200 3161 1268; x_wconf 85' lang='lat' dir='ltr'><strong>justum</strong></span> 
     </span>
    </p>
   </div>
   <div class='ocr_carea' id='block_1_127' title="bbox 2779 1266 3110 1321">
    <p class='ocr_par' dir='ltr' id='par_1_127' title="bbox 2779 1266 3110 1321">
     <span class='ocr_line' id='line_1_129' title="bbox 2779 1266 3110 1321; baseline 0 0"><span class='ocrx_word' id='word_1_529' title='bbox 2779 1266 2942 1321; x_wconf 79' lang='lat' dir='ltr'><strong>luerit</strong></span> <span class='ocrx_word' id='word_1_530' title='bbox 2962 1266 3110 1321; x_wconf 90' lang='lat' dir='ltr'><strong>dabo</strong></span> 
     </span>
    </p>
   </div>
   <div class='ocr_carea' id='block_1_128' title="bbox 2779 1336 3298 1396">
    <p class='ocr_par' dir='ltr' id='par_1_128' title="bbox 2779 1336 3298 1396">
     <span class='ocr_line' id='line_1_130' title="bbox 2779 1336 3298 1396; baseline 0.01 -5"><span class='ocrx_word' id='word_1_531' title='bbox 2779 1338 2831 1393; x_wconf 79' lang='grc'><strong>5.</strong></span> <span class='ocrx_word' id='word_1_532' title='bbox 2872 1338 3047 1392; x_wconf 89' lang='lat' dir='ltr'><strong>vobis.</strong></span> <span class='ocrx_word' id='word_1_533' title='bbox 3089 1336 3169 1394; x_wconf 90' lang='lat' dir='ltr'><strong>Illi</strong></span> <span class='ocrx_word' id='word_1_534' title='bbox 3196 1356 3264 1396; x_wconf 88' lang='lat' dir='ltr'><strong>au</strong></span> <span class='ocrx_word' id='word_1_535' title='bbox 3277 1370 3298 1381; x_wconf 91' lang='lat'><strong>-</strong></span> 
     </span>
    </p>
   </div>
   <div class='ocr_carea' id='block_1_129' title="bbox 2782 1408 3189 1465">
    <p class='ocr_par' dir='ltr' id='par_1_129' title="bbox 2782 1408 3189 1465">
     <span class='ocr_line' id='line_1_131' title="bbox 2782 1408 3189 1465; baseline 0.01 -4"><span class='ocrx_word' id='word_1_536' title='bbox 2782 1416 2890 1461; x_wconf 88' lang='lat' dir='ltr'><strong>tem</strong></span> <span class='ocrx_word' id='word_1_537' title='bbox 2920 1408 3189 1465; x_wconf 89' lang='lat' dir='ltr'><strong>abierunt.</strong></span> 
     </span>
    </p>
   </div>
   <div class='ocr_carea' id='block_1_130' title="bbox 2781 1477 3149 1549">
    <p class='ocr_par' dir='ltr' id='par_1_130' title="bbox 2781 1477 3149 1549">
     <span class='ocr_line' id='line_1_132' title="bbox 2781 1477 3149 1549; baseline 0.003 -20"><span class='ocrx_word' id='word_1_538' title='bbox 2781 1477 2855 1549; x_wconf 82' lang='grc' dir='ltr'><strong>(ε)</strong></span> <span class='ocrx_word' id='word_1_539' title='bbox 2876 1477 3079 1549; x_wconf 22' lang='lat' dir='ltr'><strong>Alterum</strong></span> <span class='ocrx_word' id='word_1_540' title='bbox 3109 1479 3149 1548; x_wconf 69' lang='grc' dir='ltr'><strong>-ζ-</strong></span> 
     </span>
    </p>
   </div>
   <div class='ocr_carea' id='block_1_131' title="bbox 2778 1547 3237 1604">
    <p class='ocr_par' dir='ltr' id='par_1_131' title="bbox 2778 1547 3237 1604">
     <span class='ocr_line' id='line_1_133' title="bbox 2778 1547 3237 1604; baseline 0.009 -3"><span class='ocrx_word' id='word_1_541' title='bbox 2778 1547 2913 1601; x_wconf 87' lang='lat' dir='ltr'><strong>exiit</strong></span> <span class='ocrx_word' id='word_1_542' title='bbox 2941 1548 3083 1602; x_wconf 88' lang='lat' dir='ltr'><strong>circa</strong></span> <span class='ocrx_word' id='word_1_543' title='bbox 3112 1547 3237 1604; x_wconf 76' lang='lat' dir='ltr'><strong>Sex-</strong></span> 
     </span>
    </p>
   </div>
   <div class='ocr_carea' id='block_1_132' title="bbox 2782 1624 3191 1673">
    <p class='ocr_par' dir='ltr' id='par_1_132' title="bbox 2782 1624 3191 1673">
     <span class='ocr_line' id='line_1_134' title="bbox 2782 1624 3191 1673; baseline 0.012 -4"><span class='ocrx_word' id='word_1_544' title='bbox 2782 1624 2888 1669; x_wconf 85' lang='lat' dir='ltr'><strong>tam</strong></span> <span class='ocrx_word' id='word_1_545' title='bbox 2916 1626 2968 1671; x_wconf 89' lang='lat' dir='ltr'><strong>et</strong></span> <span class='ocrx_word' id='word_1_546' title='bbox 2996 1632 3191 1673; x_wconf 88' lang='lat' dir='ltr'><strong>nonam</strong></span> 
     </span>
    </p>
   </div>
   <div class='ocr_carea' id='block_1_133' title="bbox 2781 1684 3257 1744">
    <p class='ocr_par' dir='ltr' id='par_1_133' title="bbox 2781 1684 3257 1744">
     <span class='ocr_line' id='line_1_135' title="bbox 2781 1684 3257 1744; baseline 0.013 -5"><span class='ocrx_word' id='word_1_547' title='bbox 2781 1684 2967 1740; x_wconf 87' lang='lat' dir='ltr'><strong>horam</strong></span> <span class='ocrx_word' id='word_1_548' title='bbox 2992 1704 3005 1738; x_wconf 87' lang='lat'><strong>:</strong></span> <span class='ocrx_word' id='word_1_549' title='bbox 3046 1695 3101 1740; x_wconf 91' lang='lat' dir='ltr'><strong>et</strong></span> <span class='ocrx_word' id='word_1_550' title='bbox 3125 1688 3203 1744; x_wconf 83' lang='lat' dir='ltr'><strong>fe-</strong></span> <span class='ocrx_word' id='word_1_551' title='bbox 3256 1720 3257 1723; x_wconf 57' lang='grc' dir='ltr'><strong>η</strong></span> 
     </span>
    </p>
   </div>
   <div class='ocr_carea' id='block_1_134' title="bbox 2779 1755 3143 1812">
    <p class='ocr_par' dir='ltr' id='par_1_134' title="bbox 2779 1755 3143 1812">
     <span class='ocr_line' id='line_1_136' title="bbox 2779 1755 3143 1812; baseline 0 -3"><span class='ocrx_word' id='word_1_552' title='bbox 2779 1757 2853 1809; x_wconf 89' lang='lat' dir='ltr'><strong>cit</strong></span> <span class='ocrx_word' id='word_1_553' title='bbox 2877 1755 3143 1812; x_wconf 88' lang='lat' dir='ltr'><strong>similiter.</strong></span> 
     </span>
    </p>
   </div>
   <div class='ocr_carea' id='block_1_135' title="bbox 2781 1824 3285 1887">
    <p class='ocr_par' dir='ltr' id='par_1_135' title="bbox 2781 1824 3285 1887">
     <span class='ocr_line' id='line_1_137' title="bbox 2781 1824 3285 1887; baseline 0.012 -8"><span class='ocrx_word' id='word_1_554' title='bbox 2781 1826 2833 1880; x_wconf 86' lang='lat'><strong>6.</strong></span> <span class='ocrx_word' id='word_1_555' title='bbox 2875 1824 3032 1881; x_wconf 87' lang='lat' dir='ltr'><strong>Circa</strong></span> <span class='ocrx_word' id='word_1_556' title='bbox 3059 1829 3285 1887; x_wconf 88' lang='lat' dir='ltr'><strong>undeci-</strong></span> 
     </span>
    </p>
   </div>
   <div class='ocr_carea' id='block_1_136' title="bbox 2781 1903 3315 1970">
    <p class='ocr_par' dir='ltr' id='par_1_136' title="bbox 2781 1903 3315 1970">
     <span class='ocr_line' id='line_1_138' title="bbox 2781 1903 3315 1970; baseline 0.002 -21"><span class='ocrx_word' id='word_1_557' title='bbox 2781 1911 2921 1970; x_wconf 77' lang='lat' dir='ltr'><strong>mam</strong></span> <span class='ocrx_word' id='word_1_558' title='bbox 2955 1905 3135 1970; x_wconf 79' lang='lat' dir='ltr'><strong>autem</strong></span> <span class='ocrx_word' id='word_1_559' title='bbox 3162 1903 3315 1970; x_wconf 71' lang='lat' dir='ltr'><strong>exiit,</strong></span> 
     </span>
    </p>
   </div>
   <div class='ocr_carea' id='block_1_137' title="bbox 2781 1966 3227 2025">
    <p class='ocr_par' dir='ltr' id='par_1_137' title="bbox 2781 1966 3227 2025">
     <span class='ocr_line' id='line_1_139' title="bbox 2781 1966 3227 2025; baseline 0.013 -5"><span class='ocrx_word' id='word_1_560' title='bbox 2781 1976 2833 2020; x_wconf 90' lang='lat' dir='ltr'><strong>et</strong></span> <span class='ocrx_word' id='word_1_561' title='bbox 2861 1966 3065 2021; x_wconf 85' lang='lat' dir='ltr'><strong>invenit</strong></span> <span class='ocrx_word' id='word_1_562' title='bbox 3090 1969 3227 2025; x_wconf 89' lang='lat' dir='ltr'><strong>alios</strong></span> 
     </span>
    </p>
   </div>
   <div class='ocr_carea' id='block_1_138' title="bbox 2780 2039 3247 2101">
    <p class='ocr_par' dir='ltr' id='par_1_138' title="bbox 2780 2039 3247 2101">
     <span class='ocr_line' id='line_1_140' title="bbox 2780 2039 3247 2101; baseline 0.015 -12"><span class='ocrx_word' id='word_1_563' title='bbox 2780 2046 3006 2101; x_wconf 87' lang='lat' dir='ltr'><strong>stantes,</strong></span> <span class='ocrx_word' id='word_1_564' title='bbox 3038 2048 3092 2093; x_wconf 91' lang='lat' dir='ltr'><strong>et</strong></span> <span class='ocrx_word' id='word_1_565' title='bbox 3115 2039 3247 2096; x_wconf 88' lang='lat' dir='ltr'><strong>dicit</strong></span> 
     </span>
    </p>
   </div>
   <div class='ocr_carea' id='block_1_139' title="bbox 2780 2106 3215 2173">
    <p class='ocr_par' dir='ltr' id='par_1_139' title="bbox 2780 2106 3215 2173">
     <span class='ocr_line' id='line_1_141' title="bbox 2780 2106 3215 2173; baseline 0.014 -13"><span class='ocrx_word' id='word_1_566' title='bbox 2780 2106 2886 2161; x_wconf 90' lang='lat' dir='ltr'><strong>illis</strong></span> <span class='ocrx_word' id='word_1_567' title='bbox 2911 2125 2924 2161; x_wconf 92' lang='lat'><strong>:</strong></span> <span class='ocrx_word' id='word_1_568' title='bbox 2959 2108 3098 2173; x_wconf 88' lang='lat' dir='ltr'><strong>Quid</strong></span> <span class='ocrx_word' id='word_1_569' title='bbox 3127 2108 3215 2167; x_wconf 85' lang='lat' dir='ltr'><strong>hic</strong></span> 
     </span>
    </p>
   </div>
   <div class='ocr_carea' id='block_1_140' title="bbox 2781 2178 3190 2234">
    <p class='ocr_par' dir='ltr' id='par_1_140' title="bbox 2781 2178 3190 2234">
     <span class='ocr_line' id='line_1_142' title="bbox 2781 2178 3190 2234; baseline 0.012 -5"><span class='ocrx_word' id='word_1_570' title='bbox 2781 2179 2938 2231; x_wconf 84' lang='lat' dir='ltr'><strong>statis</strong></span> <span class='ocrx_word' id='word_1_571' title='bbox 2968 2185 3074 2231; x_wconf 88' lang='lat' dir='ltr'><strong>tota</strong></span> <span class='ocrx_word' id='word_1_572' title='bbox 3102 2178 3190 2234; x_wconf 87' lang='lat' dir='ltr'><strong>die</strong></span> 
     </span>
    </p>
   </div>
   <div class='ocr_carea' id='block_1_141' title="bbox 2782 2247 3213 2303">
    <p class='ocr_par' dir='ltr' id='par_1_141' title="bbox 2782 2247 3213 2303">
     <span class='ocr_line' id='line_1_143' title="bbox 2782 2247 3213 2303; baseline 0.009 -4"><span class='ocrx_word' id='word_1_573' title='bbox 2782 2247 2835 2299; x_wconf 92' lang='lat'><strong>7.</strong></span> <span class='ocrx_word' id='word_1_574' title='bbox 2877 2247 3036 2301; x_wconf 91' lang='lat' dir='ltr'><strong>otiosi</strong></span> <span class='ocrx_word' id='word_1_575' title='bbox 3059 2248 3083 2300; x_wconf 90' lang='lat'><strong>?</strong></span> <span class='ocrx_word' id='word_1_576' title='bbox 3125 2249 3213 2303; x_wconf 91' lang='lat' dir='ltr'><strong>Di-</strong></span> 
     </span>
    </p>
   </div>
   <div class='ocr_carea' id='block_1_142' title="bbox 2779 2317 3195 2383">
    <p class='ocr_par' dir='ltr' id='par_1_142' title="bbox 2779 2317 3195 2383">
     <span class='ocr_line' id='line_1_144' title="bbox 2779 2317 3195 2383; baseline 0.01 -14"><span class='ocrx_word' id='word_1_577' title='bbox 2779 2326 2908 2370; x_wconf 89' lang='lat' dir='ltr'><strong>cunt</strong></span> <span class='ocrx_word' id='word_1_578' title='bbox 2933 2318 2980 2377; x_wconf 91' lang='lat' dir='ltr'><strong>ei</strong></span> <span class='ocrx_word' id='word_1_579' title='bbox 3012 2334 3026 2370; x_wconf 90' lang='lat'><strong>:</strong></span> <span class='ocrx_word' id='word_1_580' title='bbox 3057 2317 3195 2383; x_wconf 84' lang='lat' dir='ltr'><strong>Quia</strong></span> 
     </span>
    </p>
   </div>
   <div class='ocr_carea' id='block_1_143' title="bbox 2780 2388 3217 2444">
    <p class='ocr_par' dir='ltr' id='par_1_143' title="bbox 2780 2388 3217 2444">
     <span class='ocr_line' id='line_1_145' title="bbox 2780 2388 3217 2444; baseline 0.009 -5"><span class='ocrx_word' id='word_1_581' title='bbox 2780 2400 2940 2440; x_wconf 91' lang='lat' dir='ltr'><strong>nemo</strong></span> <span class='ocrx_word' id='word_1_582' title='bbox 2961 2388 3217 2444; x_wconf 82' lang='lat' dir='ltr'><strong>conduxit</strong></span> 
     </span>
    </p>
   </div>
   <div class='ocr_carea' id='block_1_144' title="bbox 2773 2457 3150 2513">
    <p class='ocr_par' dir='ltr' id='par_1_144' title="bbox 2773 2457 3150 2513">
     <span class='ocr_line' id='line_1_146' title="bbox 2773 2457 3150 2513; baseline 0.008 -4"><span class='ocrx_word' id='word_1_583' title='bbox 2773 2471 2894 2510; x_wconf 89' lang='lat' dir='ltr'><strong>nos.</strong></span> <span class='ocrx_word' id='word_1_584' title='bbox 2922 2457 3059 2513; x_wconf 89' lang='lat' dir='ltr'><strong>Dicit</strong></span> <span class='ocrx_word' id='word_1_585' title='bbox 3085 2459 3150 2512; x_wconf 88' lang='lat' dir='ltr'><strong>il-</strong></span> 
     </span>
    </p>
   </div>
   <div class='ocr_carea' id='block_1_145' title="bbox 2773 2525 3059 2583">
    <p class='ocr_par' dir='ltr' id='par_1_145' title="bbox 2773 2525 3059 2583">
     <span class='ocr_line' id='line_1_147' title="bbox 2773 2525 3059 2583; baseline 0.014 -4"><span class='ocrx_word' id='word_1_586' title='bbox 2773 2525 2840 2580; x_wconf 89' lang='lat' dir='ltr'><strong>lis</strong></span> <span class='ocrx_word' id='word_1_587' title='bbox 2874 2548 2885 2580; x_wconf 90' lang='lat'><strong>:</strong></span> <span class='ocrx_word' id='word_1_588' title='bbox 2914 2528 2990 2583; x_wconf 90' lang='lat' dir='ltr'><strong>Ite</strong></span> <span class='ocrx_word' id='word_1_589' title='bbox 3006 2540 3059 2583; x_wconf 89' lang='lat' dir='ltr'><strong>et</strong></span> 
     </span>
    </p>
   </div>
   <div class='ocr_carea' id='block_1_146' title="bbox 2771 2603 3181 2658">
    <p class='ocr_par' dir='ltr' id='par_1_146' title="bbox 2771 2603 3181 2658">
     <span class='ocr_line' id='line_1_148' title="bbox 2771 2603 3181 2658; baseline 0.012 -9"><span class='ocrx_word' id='word_1_590' title='bbox 2771 2609 2867 2651; x_wconf 85' lang='lat' dir='ltr'><strong>vos</strong></span> <span class='ocrx_word' id='word_1_591' title='bbox 2896 2603 2947 2651; x_wconf 94' lang='lat' dir='ltr'><strong>in</strong></span> <span class='ocrx_word' id='word_1_592' title='bbox 2972 2604 3181 2658; x_wconf 85' lang='lat' dir='ltr'><strong>vineam</strong></span> 
     </span>
    </p>
   </div>
   <div class='ocr_carea' id='block_1_147' title="bbox 2772 2682 2967 2725">
    <p class='ocr_par' dir='ltr' id='par_1_147' title="bbox 2772 2682 2967 2725">
     <span class='ocr_line' id='line_1_149' title="bbox 2772 2682 2967 2725; baseline 0.026 -5"><span class='ocrx_word' id='word_1_593' title='bbox 2772 2682 2967 2725; x_wconf 89' lang='lat' dir='ltr'><strong>meam.</strong></span> 
     </span>
    </p>
   </div>
   <div class='ocr_carea' id='block_1_148' title="bbox 2768 2738 3138 2797">
    <p class='ocr_par' dir='ltr' id='par_1_148' title="bbox 2768 2738 3138 2797">
     <span class='ocr_line' id='line_1_150' title="bbox 2768 2738 3138 2797; baseline 0.016 -5"><span class='ocrx_word' id='word_1_594' title='bbox 2768 2739 2823 2792; x_wconf 86' lang='lat'><strong>8.</strong></span> <span class='ocrx_word' id='word_1_595' title='bbox 2860 2738 2992 2797; x_wconf 77' lang='lat' dir='ltr'><strong>Cum</strong></span> <span class='ocrx_word' id='word_1_596' title='bbox 3016 2756 3138 2797; x_wconf 89' lang='lat' dir='ltr'><strong>sero</strong></span> 
     </span>
    </p>
   </div>
   <div class='ocr_carea' id='block_1_149' title="bbox 2768 2813 3176 2870">
    <p class='ocr_par' dir='ltr' id='par_1_149' title="bbox 2768 2813 3176 2870">
     <span class='ocr_line' id='line_1_151' title="bbox 2768 2813 3176 2870; baseline 0.022 -10"><span class='ocrx_word' id='word_1_597' title='bbox 2768 2816 2950 2865; x_wconf 86' lang='lat' dir='ltr'><strong>autem</strong></span> <span class='ocrx_word' id='word_1_598' title='bbox 2980 2813 3176 2870; x_wconf 77' lang='lat' dir='ltr'><strong>factum</strong></span> 
     </span>
    </p>
   </div>
   <div class='ocr_carea' id='block_1_150' title="bbox 2769 2884 3106 2947">
    <p class='ocr_par' dir='ltr' id='par_1_150' title="bbox 2769 2884 3106 2947">
     <span class='ocr_line' id='line_1_152' title="bbox 2769 2884 3106 2947; baseline 0.012 -14"><span class='ocrx_word' id='word_1_599' title='bbox 2769 2888 2915 2933; x_wconf 89' lang='lat' dir='ltr'><strong>esset</strong></span> <span class='ocrx_word' id='word_1_600' title='bbox 2932 2924 2946 2947; x_wconf 89' lang='lat'><strong>,</strong></span> <span class='ocrx_word' id='word_1_601' title='bbox 2976 2884 3106 2937; x_wconf 92' lang='lat' dir='ltr'><strong>dicit</strong></span> 
     </span>
    </p>
   </div>
   <div class='ocr_carea' id='block_1_151' title="bbox 2773 2950 3136 3009">
    <p class='ocr_par' dir='ltr' id='par_1_151' title="bbox 2773 2950 3136 3009">
     <span class='ocr_line' id='line_1_153' title="bbox 2773 2950 3136 3009; baseline 0.014 -5"><span class='ocrx_word' id='word_1_602' title='bbox 2773 2950 3024 3006; x_wconf 90' lang='lat' dir='ltr'><strong>dominus</strong></span> <span class='ocrx_word' id='word_1_603' title='bbox 3054 2956 3136 3009; x_wconf 89' lang='lat' dir='ltr'><strong>vi-</strong></span> 
     </span>
    </p>
   </div>
   <div class='ocr_carea' id='block_1_152' title="bbox 2768 3035 3174 3092">
    <p class='ocr_par' dir='ltr' id='par_1_152' title="bbox 2768 3035 3174 3092">
     <span class='ocr_line' id='line_1_154' title="bbox 2768 3035 3174 3092; baseline 0.012 -18"><span class='ocrx_word' id='word_1_604' title='bbox 2768 3035 2902 3092; x_wconf 88' lang='lat' dir='ltr'><strong>neae</strong></span> <span class='ocrx_word' id='word_1_605' title='bbox 2922 3037 3174 3092; x_wconf 88' lang='lat' dir='ltr'><strong>procura-</strong></span> 
     </span>
    </p>
   </div>
   <div class='ocr_carea' id='block_1_153' title="bbox 2770 3091 3205 3153">
    <p class='ocr_par' dir='ltr' id='par_1_153' title="bbox 2770 3091 3205 3153">
     <span class='ocr_line' id='line_1_155' title="bbox 2770 3091 3205 3153; baseline 0.018 -8"><span class='ocrx_word' id='word_1_606' title='bbox 2770 3091 2872 3145; x_wconf 88' lang='lat' dir='ltr'><strong>tori</strong></span> <span class='ocrx_word' id='word_1_607' title='bbox 2896 3091 2993 3147; x_wconf 86' lang='lat' dir='ltr'><strong>suo</strong></span> <span class='ocrx_word' id='word_1_608' title='bbox 3018 3111 3029 3146; x_wconf 94' lang='lat'>:</span> <span class='ocrx_word' id='word_1_609' title='bbox 3058 3094 3205 3153; x_wconf 82' lang='lat' dir='ltr'><strong>Voca</strong></span> 
     </span>
    </p>
   </div>
   <div class='ocr_carea' id='block_1_154' title="bbox 2779 3164 3163 3230">
    <p class='ocr_par' dir='ltr' id='par_1_154' title="bbox 2779 3164 3163 3230">
     <span class='ocr_line' id='line_1_156' title="bbox 2779 3164 3163 3230; baseline 0.013 -15"><span class='ocrx_word' id='word_1_610' title='bbox 2779 3164 3057 3230; x_wconf 89' lang='lat' dir='ltr'><strong>operarios</strong></span> <span class='ocrx_word' id='word_1_611' title='bbox 3072 3206 3087 3227; x_wconf 88' lang='lat'><strong>,</strong></span> <span class='ocrx_word' id='word_1_612' title='bbox 3109 3177 3163 3222; x_wconf 86' lang='lat' dir='ltr'><strong>et</strong></span> 
     </span>
    </p>
   </div>
   <div class='ocr_carea' id='block_1_155' title="bbox 2780 3232 3094 3289">
    <p class='ocr_par' dir='ltr' id='par_1_155' title="bbox 2780 3232 3094 3289">
     <span class='ocr_line' id='line_1_157' title="bbox 2780 3232 3094 3289; baseline 0.013 -4"><span class='ocrx_word' id='word_1_613' title='bbox 2780 3232 2947 3287; x_wconf 86' lang='lat' dir='ltr'><strong>redde</strong></span> <span class='ocrx_word' id='word_1_614' title='bbox 2982 3235 3094 3289; x_wconf 88' lang='lat' dir='ltr'><strong>illis</strong></span> 
     </span>
    </p>
   </div>
   <div class='ocr_carea' id='block_1_156' title="bbox 2779 3306 3106 3372">
    <p class='ocr_par' dir='ltr' id='par_1_156' title="bbox 2779 3306 3106 3372">
     <span class='ocr_line' id='line_1_158' title="bbox 2779 3306 3106 3372; baseline 0.012 -16"><span class='ocrx_word' id='word_1_615' title='bbox 2779 3306 3106 3372; x_wconf 87' lang='lat' dir='ltr'><strong>mercedem,</strong></span> 
     </span>
    </p>
   </div>
   <div class='ocr_carea' id='block_1_157' title="bbox 3431 428 3538 484">
    <p class='ocr_par' dir='ltr' id='par_1_157' title="bbox 3431 428 3538 484">
     <span class='ocr_line' id='line_1_159' title="bbox 3431 428 3538 484; baseline 0 -1"><span class='ocrx_word' id='word_1_616' title='bbox 3431 428 3538 484; x_wconf 75' lang='grc'><strong>274</strong></span> 
     </span>
    </p>
   </div>
   <div class='ocr_carea' id='block_1_158' title="bbox 2368 3407 3073 3498">
    <p class='ocr_par' dir='ltr' id='par_1_158' title="bbox 2368 3407 3073 3498">
     <span class='ocr_line' id='line_1_160' title="bbox 2368 3407 3073 3498; baseline 0.007 -8"><span class='ocrx_word' id='word_1_617' title='bbox 2368 3407 2372 3410; x_wconf 38' lang='grc'><em>⁴</em></span> <span class='ocrx_word' id='word_1_618' title='bbox 2417 3435 2647 3493; x_wconf 75' lang='grc' dir='ltr'><strong>(ΖΟΒΕΧ</strong></span> <span class='ocrx_word' id='word_1_619' title='bbox 2684 3424 3073 3498; x_wconf 74' lang='grc' dir='ltr'><strong>ΒιυχιΑΝυδ.</strong></span> 
     </span>
    </p>
   </div>
   <div class='ocr_carea' id='block_1_159' title="bbox 1960 3548 3537 3626">
    <p class='ocr_par' dir='ltr' id='par_1_159' title="bbox 1960 3548 3537 3626">
     <span class='ocr_line' id='line_1_161' title="bbox 1960 3548 3537 3626; baseline 0.004 -24"><span class='ocrx_word' id='word_1_620' title='bbox 1960 3549 2243 3626; x_wconf 79' lang='lat' dir='ltr'><strong>duodecim</strong></span> <span class='ocrx_word' id='word_1_621' title='bbox 2272 3549 2443 3626; x_wconf 71' lang='lat' dir='ltr'><strong>tribus</strong></span> <span class='ocrx_word' id='word_1_622' title='bbox 2472 3548 2500 3587; x_wconf 72' lang='grc' dir='ltr'>ι)</span> <span class='ocrx_word' id='word_1_623' title='bbox 2544 3550 2793 3605; x_wconf 83' lang='lat' dir='ltr'><strong>Sdrahel.</strong></span> <span class='ocrx_word' id='word_1_624' title='bbox 2851 3552 2918 3606; x_wconf 85' lang='lat' dir='ltr'><strong>Et</strong></span> <span class='ocrx_word' id='word_1_625' title='bbox 2945 3556 3120 3609; x_wconf 86' lang='lat' dir='ltr'><strong>omnis</strong></span> <span class='ocrx_word' id='word_1_626' title='bbox 3148 3555 3239 3625; x_wconf 91' lang='lat' dir='ltr'><strong>qui</strong></span> <span class='ocrx_word' id='word_1_627' title='bbox 3268 3555 3537 3626; x_wconf 89' lang='lat' dir='ltr'><strong>relinquet</strong></span> 
     </span>
    </p>
   </div>
   <div class='ocr_carea' id='block_1_160' title="bbox 1962 3619 3539 3693">
    <p class='ocr_par' dir='ltr' id='par_1_160' title="bbox 1962 3619 3539 3693">
     <span class='ocr_line' id='line_1_162' title="bbox 1962 3619 3539 3693; baseline 0.004 -20"><span class='ocrx_word' id='word_1_628' title='bbox 1962 3621 2202 3674; x_wconf 91' lang='lat' dir='ltr'><strong>domum.</strong></span> <span class='ocrx_word' id='word_1_629' title='bbox 2242 3620 2321 3673; x_wconf 87' lang='lat' dir='ltr'><strong>vel</strong></span> <span class='ocrx_word' id='word_1_630' title='bbox 2375 3619 2598 3683; x_wconf 82' lang='lat' dir='ltr'><strong>fratres,</strong></span> <span class='ocrx_word' id='word_1_631' title='bbox 2652 3632 2741 3674; x_wconf 90' lang='lat' dir='ltr'><strong>aut</strong></span> <span class='ocrx_word' id='word_1_632' title='bbox 2777 3636 3011 3693; x_wconf 85' lang='lat' dir='ltr'><strong>sorores.</strong></span> <span class='ocrx_word' id='word_1_633' title='bbox 3043 3633 3133 3679; x_wconf 88' lang='lat' dir='ltr'><strong>aut</strong></span> <span class='ocrx_word' id='word_1_634' title='bbox 3166 3619 3400 3693; x_wconf 78' lang='lat' dir='ltr'><strong>patrem.</strong></span> <span class='ocrx_word' id='word_1_635' title='bbox 3426 3619 3539 3679; x_wconf 60' lang='lat' dir='ltr'><strong>&#39;aut</strong></span> 
     </span>
    </p>
   </div>
   <div class='ocr_carea' id='block_1_161' title="bbox 1965 3692 3531 3764">
    <p class='ocr_par' dir='ltr' id='par_1_161' title="bbox 1965 3692 3531 3764">
     <span class='ocr_line' id='line_1_163' title="bbox 1965 3692 3531 3764; baseline 0.003 -20"><span class='ocrx_word' id='word_1_636' title='bbox 1965 3700 2211 3744; x_wconf 84' lang='lat' dir='ltr'><strong>matrem.</strong></span> <span class='ocrx_word' id='word_1_637' title='bbox 2242 3698 2332 3743; x_wconf 89' lang='lat' dir='ltr'><strong>aut</strong></span> <span class='ocrx_word' id='word_1_638' title='bbox 2363 3705 2611 3764; x_wconf 69' lang='lat' dir='ltr'><strong>uxorem.</strong></span> <span class='ocrx_word' id='word_1_639' title='bbox 2641 3702 2731 3744; x_wconf 83' lang='lat' dir='ltr'><strong>aut</strong></span> <span class='ocrx_word' id='word_1_640' title='bbox 2775 3692 2931 3764; x_wconf 84' lang='lat' dir='ltr'><strong>ﬁlios.</strong></span> <span class='ocrx_word' id='word_1_641' title='bbox 2975 3702 3065 3746; x_wconf 85' lang='lat' dir='ltr'><strong>aut</strong></span> <span class='ocrx_word' id='word_1_642' title='bbox 3107 3692 3265 3761; x_wconf 79' lang='lat' dir='ltr'><strong>agros</strong></span> <span class='ocrx_word' id='word_1_643' title='bbox 3313 3706 3531 3764; x_wconf 87' lang='lat' dir='ltr'><strong>pr0pter</strong></span> 
     </span>
    </p>
   </div>
   <div class='ocr_carea' id='block_1_162' title="bbox 1965 3762 3529 3829">
    <p class='ocr_par' dir='ltr' id='par_1_162' title="bbox 1965 3762 3529 3829">
     <span class='ocr_line' id='line_1_164' title="bbox 1965 3762 3529 3829; baseline 0 -13"><span class='ocrx_word' id='word_1_644' title='bbox 1965 3776 2161 3816; x_wconf 89' lang='lat' dir='ltr'><strong>nomen</strong></span> <span class='ocrx_word' id='word_1_645' title='bbox 2196 3776 2368 3814; x_wconf 91' lang='lat' dir='ltr'><strong>meum</strong></span> <span class='ocrx_word' id='word_1_646' title='bbox 2401 3762 2707 3828; x_wconf 89' lang='lat' dir='ltr'><strong>centuplum</strong></span> <span class='ocrx_word' id='word_1_647' title='bbox 2735 3762 3042 3829; x_wconf 89' lang='lat' dir='ltr'><strong>accipiet.et</strong></span> <span class='ocrx_word' id='word_1_648' title='bbox 3072 3763 3233 3817; x_wconf 85' lang='lat' dir='ltr'><strong>vitam</strong></span> <span class='ocrx_word' id='word_1_649' title='bbox 3261 3762 3529 3817; x_wconf 83' lang='lat' dir='ltr'><strong>aeternam</strong></span> 
     </span>
    </p>
   </div>
   <div class='ocr_carea' id='block_1_163' title="bbox 1968 3831 3531 3911">
    <p class='ocr_par' dir='ltr' id='par_1_163' title="bbox 1968 3831 3531 3911">
     <span class='ocr_line' id='line_1_165' title="bbox 1968 3831 3531 3911; baseline -0.002 -26"><span class='ocrx_word' id='word_1_650' title='bbox 1968 3831 2283 3911; x_wconf 76' lang='lat' dir='ltr'><strong>possidebit.</strong></span> <span class='ocrx_word' id='word_1_651' title='bbox 2336 3831 2483 3911; x_wconf 55' lang='lat' dir='ltr'><strong>llulti</strong></span> <span class='ocrx_word' id='word_1_652' title='bbox 2529 3839 2704 3885; x_wconf 85' lang='lat' dir='ltr'><strong>autem</strong></span> <span class='ocrx_word' id='word_1_653' title='bbox 2756 3841 2915 3886; x_wconf 91' lang='lat' dir='ltr'><strong>erunt</strong></span> <span class='ocrx_word' id='word_1_654' title='bbox 2957 3834 3115 3904; x_wconf 86' lang='lat' dir='ltr'><strong>primi</strong></span> <span class='ocrx_word' id='word_1_655' title='bbox 3156 3833 3436 3887; x_wconf 85' lang='lat' dir='ltr'><strong>novissimi</strong></span> <span class='ocrx_word' id='word_1_656' title='bbox 3473 3840 3531 3885; x_wconf 89' lang='lat' dir='ltr'><strong>et</strong></span> 
     </span>
    </p>
   </div>
   <div class='ocr_carea' id='block_1_164' title="bbox 1960 3916 2445 3969">
    <p class='ocr_par' dir='ltr' id='par_1_164' title="bbox 1960 3916 2445 3969">
     <span class='ocr_line' id='line_1_166' title="bbox 1960 3916 2445 3969; baseline -0.012 -11"><span class='ocrx_word' id='word_1_657' title='bbox 1960 3916 2236 3958; x_wconf 71' lang='lat' dir='ltr'><strong>“OVISSlmI</strong></span> <span class='ocrx_word' id='word_1_658' title='bbox 2270 3917 2445 3969; x_wconf 83' lang='lat' dir='ltr'><strong>primi.</strong></span> 
     </span>
    </p>
   </div>
   <div class='ocr_carea' id='block_1_165' title="bbox 2032 3969 3531 4040">
    <p class='ocr_par' dir='ltr' id='par_1_165' title="bbox 2032 3969 3531 4040">
     <span class='ocr_line' id='line_1_167' title="bbox 2032 3969 3531 4040; baseline -0.002 -14"><span class='ocrx_word' id='word_1_659' title='bbox 2032 3973 2217 4026; x_wconf 88' lang='lat' dir='ltr'><strong>Simile</strong></span> <span class='ocrx_word' id='word_1_660' title='bbox 2260 3982 2342 4025; x_wconf 84' lang='lat' dir='ltr'><strong>cst</strong></span> <span class='ocrx_word' id='word_1_661' title='bbox 2370 3970 2513 4024; x_wconf 90' lang='lat' dir='ltr'><strong>enim</strong></span> <span class='ocrx_word' id='word_1_662' title='bbox 2560 3986 2782 4040; x_wconf 80' lang='lat' dir='ltr'><strong>regnum</strong></span> <span class='ocrx_word' id='word_1_663' title='bbox 2813 3971 3104 4025; x_wconf 85' lang='lat' dir='ltr'><strong>caelorum.</strong></span> <span class='ocrx_word' id='word_1_664' title='bbox 3148 3970 3346 4023; x_wconf 83' lang='lat' dir='ltr'><strong>homini</strong></span> <span class='ocrx_word' id='word_1_665' title='bbox 3393 3969 3531 4038; x_wconf 90' lang='lat' dir='ltr'><strong>patri</strong></span> 
     </span>
    </p>
   </div>
   <div class='ocr_carea' id='block_1_166' title="bbox 1965 4040 3533 4109">
    <p class='ocr_par' dir='ltr' id='par_1_166' title="bbox 1965 4040 3533 4109">
     <span class='ocr_line' id='line_1_168' title="bbox 1965 4040 3533 4109; baseline 0 -16"><span class='ocrx_word' id='word_1_666' title='bbox 1965 4042 2212 4096; x_wconf 82' lang='lat' dir='ltr'><strong>familias.</strong></span> <span class='ocrx_word' id='word_1_667' title='bbox 2245 4042 2332 4109; x_wconf 91' lang='lat' dir='ltr'><strong>qui</strong></span> <span class='ocrx_word' id='word_1_668' title='bbox 2374 4043 2503 4094; x_wconf 86' lang='lat' dir='ltr'><strong>exiit</strong></span> <span class='ocrx_word' id='word_1_669' title='bbox 2546 4042 2713 4108; x_wconf 89' lang='lat' dir='ltr'><strong>prima</strong></span> <span class='ocrx_word' id='word_1_670' title='bbox 2741 4056 2898 4093; x_wconf 86' lang='lat' dir='ltr'><strong>mane</strong></span> <span class='ocrx_word' id='word_1_671' title='bbox 2927 4040 3227 4093; x_wconf 80' lang='lat' dir='ltr'><strong>conducere</strong></span> <span class='ocrx_word' id='word_1_672' title='bbox 3254 4043 3533 4105; x_wconf 80' lang='lat' dir='ltr'><strong>Operarios</strong></span> 
     </span>
    </p>
   </div>
   <div class='ocr_carea' id='block_1_167' title="bbox 1967 4108 3533 4175">
    <p class='ocr_par' dir='ltr' id='par_1_167' title="bbox 1967 4108 3533 4175">
     <span class='ocr_line' id='line_1_169' title="bbox 1967 4108 3533 4175; baseline -0.001 -10"><span class='ocrx_word' id='word_1_673' title='bbox 1967 4115 2018 4165; x_wconf 90' lang='lat' dir='ltr'><strong>in</strong></span> <span class='ocrx_word' id='word_1_674' title='bbox 2048 4108 2853 4164; x_wconf 70' lang='lat' dir='ltr'><strong>vineamsuam.Conventione</strong></span> <span class='ocrx_word' id='word_1_675' title='bbox 2882 4118 3057 4161; x_wconf 85' lang='lat' dir='ltr'><strong>autem</strong></span> <span class='ocrx_word' id='word_1_676' title='bbox 3088 4108 3223 4162; x_wconf 85' lang='lat' dir='ltr'><strong>facta</strong></span> <span class='ocrx_word' id='word_1_677' title='bbox 3252 4126 3370 4163; x_wconf 91' lang='lat' dir='ltr'><strong>cum</strong></span> <span class='ocrx_word' id='word_1_678' title='bbox 3405 4127 3533 4175; x_wconf 84' lang='lat' dir='ltr'><strong>0pc-</strong></span> 
     </span>
    </p>
   </div>
   <div class='ocr_carea' id='block_1_168' title="bbox 1905 4178 3531 4235">
    <p class='ocr_par' dir='ltr' id='par_1_168' title="bbox 1905 4178 3531 4235">
     <span class='ocr_line' id='line_1_170' title="bbox 1905 4178 3531 4235; baseline -0.001 0"><span class='ocrx_word' id='word_1_679' title='bbox 1905 4198 1909 4203; x_wconf 90' lang='grc'><strong>·</strong></span> <span class='ocrx_word' id='word_1_680' title='bbox 1968 4182 2144 4235; x_wconf 91' lang='lat' dir='ltr'><strong>rariis.</strong></span> <span class='ocrx_word' id='word_1_681' title='bbox 2174 4195 2235 4233; x_wconf 85' lang='lat' dir='ltr'><strong>ex</strong></span> <span class='ocrx_word' id='word_1_682' title='bbox 2264 4180 2485 4232; x_wconf 73' lang='lat' dir='ltr'><strong>denario</strong></span> <span class='ocrx_word' id='word_1_683' title='bbox 2514 4180 2728 4232; x_wconf 72' lang='lat' dir='ltr'><strong>diurno.</strong></span> <span class='ocrx_word' id='word_1_684' title='bbox 2754 4178 2897 4231; x_wconf 90' lang='lat' dir='ltr'><strong>misit</strong></span> <span class='ocrx_word' id='word_1_685' title='bbox 2922 4192 3015 4231; x_wconf 82' lang='lat' dir='ltr'><strong>eos</strong></span> <span class='ocrx_word' id='word_1_686' title='bbox 3046 4179 3333 4234; x_wconf 85' lang='lat' dir='ltr'><strong>in&#39;viueam</strong></span> <span class='ocrx_word' id='word_1_687' title='bbox 3359 4195 3531 4235; x_wconf 89' lang='lat' dir='ltr'><strong>suam.</strong></span> 
     </span>
    </p>
   </div>
   <div class='ocr_carea' id='block_1_169' title="bbox 1970 4248 3534 4315">
    <p class='ocr_par' dir='ltr' id='par_1_169' title="bbox 1970 4248 3534 4315">
     <span class='ocr_line' id='line_1_171' title="bbox 1970 4248 3534 4315; baseline 0.001 -13"><span class='ocrx_word' id='word_1_688' title='bbox 1970 4251 2035 4303; x_wconf 89' lang='lat' dir='ltr'><strong>Et</strong></span> <span class='ocrx_word' id='word_1_689' title='bbox 2060 4250 2309 4315; x_wconf 74' lang='lat' dir='ltr'><strong>egressus</strong></span> <span class='ocrx_word' id='word_1_690' title='bbox 2347 4250 2488 4300; x_wconf 85' lang='lat' dir='ltr'><strong>circa</strong></span> <span class='ocrx_word' id='word_1_691' title='bbox 2536 4249 2721 4301; x_wconf 87' lang='lat' dir='ltr'><strong>horam</strong></span> <span class='ocrx_word' id='word_1_692' title='bbox 2765 4248 2972 4300; x_wconf 87' lang='lat' dir='ltr'><strong>tertiam</strong></span> <span class='ocrx_word' id='word_1_693' title='bbox 3004 4248 3136 4302; x_wconf 87' lang='lat' dir='ltr'><strong>vidit</strong></span> <span class='ocrx_word' id='word_1_694' title='bbox 3164 4251 3298 4303; x_wconf 79' lang='lat' dir='ltr'><strong>alios</strong></span> <span class='ocrx_word' id='word_1_695' title='bbox 3329 4260 3534 4305; x_wconf 85' lang='lat' dir='ltr'><strong>stantes</strong></span> 
     </span>
    </p>
   </div>
   <div class='ocr_carea' id='block_1_170' title="bbox 1969 4316 3535 4375">
    <p class='ocr_par' dir='ltr' id='par_1_170' title="bbox 1969 4316 3535 4375">
     <span class='ocr_line' id='line_1_172' title="bbox 1969 4316 3535 4375; baseline 0.001 -5"><span class='ocrx_word' id='word_1_696' title='bbox 1969 4319 2023 4370; x_wconf 91' lang='lat' dir='ltr'><strong>in</strong></span> <span class='ocrx_word' id='word_1_697' title='bbox 2073 4318 2193 4368; x_wconf 78' lang='lat' dir='ltr'><strong>foro</strong></span> <span class='ocrx_word' id='word_1_698' title='bbox 2242 4318 2462 4369; x_wconf 88' lang='lat' dir='ltr'><strong>otiosos.</strong></span> <span class='ocrx_word' id='word_1_699' title='bbox 2517 4326 2569 4369; x_wconf 93' lang='lat' dir='ltr'><strong>et</strong></span> <span class='ocrx_word' id='word_1_700' title='bbox 2622 4319 2695 4369; x_wconf 87' lang='lat' dir='ltr'><strong>ait</strong></span> <span class='ocrx_word' id='word_1_701' title='bbox 2744 4317 2847 4369; x_wconf 86' lang='lat' dir='ltr'><strong>illis</strong></span> <span class='ocrx_word' id='word_1_702' title='bbox 2890 4316 2966 4371; x_wconf 89' lang='lat' dir='ltr'><strong>Ite</strong></span> <span class='ocrx_word' id='word_1_703' title='bbox 3005 4328 3057 4372; x_wconf 92' lang='lat' dir='ltr'><strong>et</strong></span> <span class='ocrx_word' id='word_1_704' title='bbox 3094 4335 3189 4373; x_wconf 88' lang='lat' dir='ltr'><strong>vos</strong></span> <span class='ocrx_word' id='word_1_705' title='bbox 3228 4322 3277 4374; x_wconf 91' lang='lat' dir='ltr'><strong>in</strong></span> <span class='ocrx_word' id='word_1_706' title='bbox 3326 4323 3535 4375; x_wconf 85' lang='lat' dir='ltr'><strong>vineam</strong></span> 
     </span>
    </p>
   </div>
   <div class='ocr_carea' id='block_1_171' title="bbox 1969 4386 3535 4455">
    <p class='ocr_par' dir='ltr' id='par_1_171' title="bbox 1969 4386 3535 4455">
     <span class='ocr_line' id='line_1_173' title="bbox 1969 4386 3535 4455; baseline 0.003 -17"><span class='ocrx_word' id='word_1_707' title='bbox 1969 4400 2162 4439; x_wconf 89' lang='lat' dir='ltr'><strong>meam.</strong></span> <span class='ocrx_word' id='word_1_708' title='bbox 2196 4395 2248 4437; x_wconf 89' lang='lat' dir='ltr'><strong>et</strong></span> <span class='ocrx_word' id='word_1_709' title='bbox 2275 4387 2417 4451; x_wconf 82' lang='lat' dir='ltr'><strong>quod</strong></span> <span class='ocrx_word' id='word_1_710' title='bbox 2443 4386 2645 4455; x_wconf 86' lang='lat' dir='ltr'><strong>justum</strong></span> <span class='ocrx_word' id='word_1_711' title='bbox 2678 4386 2839 4441; x_wconf 82' lang='lat' dir='ltr'><strong>fuerit</strong></span> <span class='ocrx_word' id='word_1_712' title='bbox 2864 4386 3003 4441; x_wconf 88' lang='lat' dir='ltr'><strong>dabo</strong></span> <span class='ocrx_word' id='word_1_713' title='bbox 3032 4391 3204 4445; x_wconf 88' lang='lat' dir='ltr'><strong>vobis.</strong></span> <span class='ocrx_word' id='word_1_714' title='bbox 3252 4392 3332 4445; x_wconf 92' lang='lat' dir='ltr'><strong>llli</strong></span> <span class='ocrx_word' id='word_1_715' title='bbox 3357 4402 3535 4445; x_wconf 90' lang='lat' dir='ltr'><strong>autem</strong></span> 
     </span>
    </p>
   </div>
   <div class='ocr_carea' id='block_1_172' title="bbox 1968 4456 3537 4516">
    <p class='ocr_par' dir='ltr' id='par_1_172' title="bbox 1968 4456 3537 4516">
     <span class='ocr_line' id='line_1_174' title="bbox 1968 4456 3537 4516; baseline 0.003 -7"><span class='ocrx_word' id='word_1_716' title='bbox 1968 4456 2235 4510; x_wconf 88' lang='lat' dir='ltr'><strong>abierunt.</strong></span> <span class='ocrx_word' id='word_1_717' title='bbox 2270 4456 2334 4509; x_wconf 87' lang='lat' dir='ltr'><strong>Et</strong></span> <span class='ocrx_word' id='word_1_718' title='bbox 2358 4457 2545 4509; x_wconf 83' lang='lat' dir='ltr'><strong>iterum</strong></span> <span class='ocrx_word' id='word_1_719' title='bbox 2570 4457 2699 4510; x_wconf 87' lang='lat' dir='ltr'><strong>exiit</strong></span> <span class='ocrx_word' id='word_1_720' title='bbox 2729 4458 2875 4511; x_wconf 85' lang='lat' dir='ltr'><strong>circa</strong></span> <span class='ocrx_word' id='word_1_721' title='bbox 2905 4460 3090 4513; x_wconf 86' lang='lat' dir='ltr'><strong>horam</strong></span> <span class='ocrx_word' id='word_1_722' title='bbox 3110 4471 3317 4516; x_wconf 85' lang='lat' dir='ltr'><strong>sextam</strong></span> <span class='ocrx_word' id='word_1_723' title='bbox 3363 4472 3415 4514; x_wconf 89' lang='lat' dir='ltr'><strong>et</strong></span> <span class='ocrx_word' id='word_1_724' title='bbox 3443 4476 3537 4513; x_wconf 90' lang='lat' dir='ltr'><strong>no-</strong></span> 
     </span>
    </p>
   </div>
   <div class='ocr_carea' id='block_1_173' title="bbox 1970 4527 3535 4585">
    <p class='ocr_par' dir='ltr' id='par_1_173' title="bbox 1970 4527 3535 4585">
     <span class='ocr_line' id='line_1_175' title="bbox 1970 4527 3535 4585; baseline -0.001 -4"><span class='ocrx_word' id='word_1_725' title='bbox 1970 4542 2115 4581; x_wconf 87' lang='lat' dir='ltr'><strong>nam.</strong></span> <span class='ocrx_word' id='word_1_726' title='bbox 2141 4536 2194 4580; x_wconf 92' lang='lat' dir='ltr'><strong>et</strong></span> <span class='ocrx_word' id='word_1_727' title='bbox 2217 4527 2343 4585; x_wconf 82' lang='lat' dir='ltr'><strong>fecit</strong></span> <span class='ocrx_word' id='word_1_728' title='bbox 2362 4528 2626 4581; x_wconf 83' lang='lat' dir='ltr'><strong>similiter.</strong></span> <span class='ocrx_word' id='word_1_729' title='bbox 2655 4529 2872 4583; x_wconf 80' lang='lat' dir='ltr'><strong>Exiiens</strong></span> <span class='ocrx_word' id='word_1_730' title='bbox 2902 4541 3080 4585; x_wconf 90' lang='lat' dir='ltr'><strong>autem</strong></span> <span class='ocrx_word' id='word_1_731' title='bbox 3112 4544 3161 4583; x_wconf 89' lang='lat' dir='ltr'><strong>et</strong></span> <span class='ocrx_word' id='word_1_732' title='bbox 3188 4533 3325 4585; x_wconf 88' lang='lat' dir='ltr'><strong>circa</strong></span> <span class='ocrx_word' id='word_1_733' title='bbox 3347 4530 3535 4582; x_wconf 84' lang='lat' dir='ltr'><strong>horam</strong></span> 
     </span>
    </p>
   </div>
   <div class='ocr_carea' id='block_1_174' title="bbox 1970 4584 3539 4654">
    <p class='ocr_par' dir='ltr' id='par_1_174' title="bbox 1970 4584 3539 4654">
     <span class='ocr_line' id='line_1_176' title="bbox 1970 4584 3539 4654; baseline -0.001 -2"><span class='ocrx_word' id='word_1_734' title='bbox 1970 4584 2332 4652; x_wconf 67' lang='lat' dir='ltr'><strong>undecimam.‘</strong></span> <span class='ocrx_word' id='word_1_735' title='bbox 2355 4598 2555 4651; x_wconf 89' lang='lat' dir='ltr'><strong>invenit</strong></span> <span class='ocrx_word' id='word_1_736' title='bbox 2584 4598 2718 4653; x_wconf 90' lang='lat' dir='ltr'><strong>alios</strong></span> <span class='ocrx_word' id='word_1_737' title='bbox 2741 4608 2945 4653; x_wconf 86' lang='lat' dir='ltr'><strong>stantes</strong></span> <span class='ocrx_word' id='word_1_738' title='bbox 3000 4584 3051 4653; x_wconf 90' lang='lat' dir='ltr'><strong>in</strong></span> <span class='ocrx_word' id='word_1_739' title='bbox 3107 4584 3224 4654; x_wconf 82' lang='lat' dir='ltr'><strong>foro</strong></span> <span class='ocrx_word' id='word_1_740' title='bbox 3254 4600 3453 4650; x_wconf 82' lang='lat' dir='ltr'><strong>otiosos</strong></span> <span class='ocrx_word' id='word_1_741' title='bbox 3483 4607 3539 4650; x_wconf 90' lang='lat' dir='ltr'><strong>et</strong></span> 
     </span>
    </p>
   </div>
   <div class='ocr_carea' id='block_1_175' title="bbox 1977 4667 3536 4735">
    <p class='ocr_par' dir='ltr' id='par_1_175' title="bbox 1977 4667 3536 4735">
     <span class='ocr_line' id='line_1_177' title="bbox 1977 4667 3536 4735; baseline -0.003 -12"><span class='ocrx_word' id='word_1_742' title='bbox 1977 4669 2110 4723; x_wconf 90' lang='lat' dir='ltr'><strong>dixit</strong></span> <span class='ocrx_word' id='word_1_743' title='bbox 2135 4669 2235 4722; x_wconf 90' lang='lat' dir='ltr'><strong>eis.</strong></span> <span class='ocrx_word' id='word_1_744' title='bbox 2257 4668 2393 4735; x_wconf 88' lang='lat' dir='ltr'><strong>Quid</strong></span> <span class='ocrx_word' id='word_1_745' title='bbox 2423 4670 2507 4721; x_wconf 83' lang='lat' dir='ltr'><strong>hic</strong></span> <span class='ocrx_word' id='word_1_746' title='bbox 2534 4672 2690 4722; x_wconf 86' lang='lat' dir='ltr'><strong>statis</strong></span> <span class='ocrx_word' id='word_1_747' title='bbox 2722 4680 2831 4723; x_wconf 87' lang='lat' dir='ltr'><strong>tota</strong></span> <span class='ocrx_word' id='word_1_748' title='bbox 2858 4668 2946 4722; x_wconf 91' lang='lat' dir='ltr'><strong>die</strong></span> <span class='ocrx_word' id='word_1_749' title='bbox 2971 4669 3153 4723; x_wconf 89' lang='lat' dir='ltr'><strong>otiosi.</strong></span> <span class='ocrx_word' id='word_1_750' title='bbox 3176 4668 3254 4721; x_wconf 80' lang='lat' dir='ltr'><strong>Ad</strong></span> <span class='ocrx_word' id='word_1_751' title='bbox 3282 4668 3357 4719; x_wconf 93' lang='lat' dir='ltr'><strong>illi</strong></span> <span class='ocrx_word' id='word_1_752' title='bbox 3380 4667 3536 4721; x_wconf 84' lang='lat' dir='ltr'><strong>dixe-</strong></span> 
     </span>
    </p>
   </div>
   <div class='ocr_carea' id='block_1_176' title="bbox 1979 4737 3545 4805">
    <p class='ocr_par' dir='ltr' id='par_1_176' title="bbox 1979 4737 3545 4805">
     <span class='ocr_line' id='line_1_178' title="bbox 1979 4737 3545 4805; baseline -0.001 -12"><span class='ocrx_word' id='word_1_753' title='bbox 1979 4749 2102 4794; x_wconf 92' lang='lat' dir='ltr'><strong>runt</strong></span> <span class='ocrx_word' id='word_1_754' title='bbox 2126 4740 2195 4793; x_wconf 90' lang='lat' dir='ltr'><strong>ei.</strong></span> <span class='ocrx_word' id='word_1_755' title='bbox 2221 4738 2351 4805; x_wconf 86' lang='lat' dir='ltr'><strong>Quia</strong></span> <span class='ocrx_word' id='word_1_756' title='bbox 2384 4752 2543 4791; x_wconf 90' lang='lat' dir='ltr'><strong>nemo</strong></span> <span class='ocrx_word' id='word_1_757' title='bbox 2563 4755 2660 4791; x_wconf 85' lang='lat' dir='ltr'><strong>nos</strong></span> <span class='ocrx_word' id='word_1_758' title='bbox 2680 4739 2958 4792; x_wconf 84' lang='lat' dir='ltr'><strong>conduxit.</strong></span> <span class='ocrx_word' id='word_1_759' title='bbox 2990 4739 3126 4791; x_wconf 86' lang='lat' dir='ltr'><strong>Dicit</strong></span> <span class='ocrx_word' id='word_1_760' title='bbox 3156 4738 3234 4790; x_wconf 91' lang='lat' dir='ltr'><strong>eis</strong></span> <span class='ocrx_word' id='word_1_761' title='bbox 3262 4737 3335 4789; x_wconf 90' lang='lat' dir='ltr'><strong>lte</strong></span> <span class='ocrx_word' id='word_1_762' title='bbox 3362 4746 3418 4789; x_wconf 85' lang='lat' dir='ltr'><strong>et</strong></span> <span class='ocrx_word' id='word_1_763' title='bbox 3446 4750 3545 4791; x_wconf 88' lang='lat' dir='ltr'><strong>vos</strong></span> 
     </span>
    </p>
   </div>
   <div class='ocr_carea' id='block_1_177' title="bbox 1977 4807 3546 4877">
    <p class='ocr_par' dir='ltr' id='par_1_177' title="bbox 1977 4807 3546 4877">
     <span class='ocr_line' id='line_1_179' title="bbox 1977 4807 3546 4877; baseline -0.003 -13"><span class='ocrx_word' id='word_1_764' title='bbox 1977 4810 2275 4877; x_wconf 88' lang='lat' dir='ltr'><strong>operamini</strong></span> <span class='ocrx_word' id='word_1_765' title='bbox 2307 4810 2356 4861; x_wconf 93' lang='lat' dir='ltr'><strong>in</strong></span> <span class='ocrx_word' id='word_1_766' title='bbox 2391 4808 2603 4861; x_wconf 87' lang='lat' dir='ltr'><strong>vineam</strong></span> <span class='ocrx_word' id='word_1_767' title='bbox 2634 4824 2828 4862; x_wconf 86' lang='lat' dir='ltr'><strong>meam.</strong></span> <span class='ocrx_word' id='word_1_768' title='bbox 2852 4820 2906 4861; x_wconf 90' lang='lat' dir='ltr'><strong>et</strong></span> <span class='ocrx_word' id='word_1_769' title='bbox 2926 4807 3065 4877; x_wconf 86' lang='lat' dir='ltr'><strong>quod</strong></span> <span class='ocrx_word' id='word_1_770' title='bbox 3074 4807 3275 4873; x_wconf 82' lang='lat' dir='ltr'><strong>justum</strong></span> <span class='ocrx_word' id='word_1_771' title='bbox 3298 4815 3383 4877; x_wconf 90' lang='lat' dir='ltr'><strong>est</strong></span> <span class='ocrx_word' id='word_1_772' title='bbox 3403 4807 3546 4860; x_wconf 88' lang='lat' dir='ltr'><strong>acci-</strong></span> 
     </span>
    </p>
   </div>
   <div class='ocr_carea' id='block_1_178' title="bbox 1979 4874 3550 4949">
    <p class='ocr_par' dir='ltr' id='par_1_178' title="bbox 1979 4874 3550 4949">
     <span class='ocr_line' id='line_1_180' title="bbox 1979 4874 3550 4949; baseline -0.003 -14"><span class='ocrx_word' id='word_1_773' title='bbox 1979 4874 2292 4949; x_wconf 89' lang='lat' dir='ltr'><strong>pietis.Cum</strong></span> <span class='ocrx_word' id='word_1_774' title='bbox 2308 4887 2640 4949; x_wconf 75' lang='lat' dir='ltr'><strong>seroautem</strong></span> <span class='ocrx_word' id='word_1_775' title='bbox 2656 4878 2851 4931; x_wconf 82' lang='lat' dir='ltr'><strong>factum</strong></span> <span class='ocrx_word' id='word_1_776' title='bbox 2874 4874 3019 4949; x_wconf 85' lang='lat' dir='ltr'><strong>esset</strong></span> <span class='ocrx_word' id='word_1_777' title='bbox 3038 4874 3168 4930; x_wconf 91' lang='lat' dir='ltr'><strong>dicit</strong></span> <span class='ocrx_word' id='word_1_778' title='bbox 3188 4876 3443 4949; x_wconf 77' lang='lat' dir='ltr'><strong>dominus</strong></span> <span class='ocrx_word' id='word_1_779' title='bbox 3469 4876 3550 4931; x_wconf 84' lang='lat' dir='ltr'><strong>vi-</strong></span> 
     </span>
    </p>
   </div>
   <div class='ocr_carea' id='block_1_179' title="bbox 1976 4945 3550 5020">
    <p class='ocr_par' dir='ltr' id='par_1_179' title="bbox 1976 4945 3550 5020">
     <span class='ocr_line' id='line_1_181' title="bbox 1976 4945 3550 5020; baseline -0.002 -15"><span class='ocrx_word' id='word_1_780' title='bbox 1976 4945 2109 5005; x_wconf 78' lang='lat' dir='ltr'><strong>neae</strong></span> <span class='ocrx_word' id='word_1_781' title='bbox 2126 4947 2453 5020; x_wconf 87' lang='lat' dir='ltr'><strong>procuratori</strong></span> <span class='ocrx_word' id='word_1_782' title='bbox 2470 4946 2741 5001; x_wconf 83' lang='lat' dir='ltr'><strong>suo.Voca</strong></span> <span class='ocrx_word' id='word_1_783' title='bbox 2756 4947 3033 5014; x_wconf 88' lang='lat' dir='ltr'><strong>operarios</strong></span> <span class='ocrx_word' id='word_1_784' title='bbox 3051 4954 3107 5001; x_wconf 92' lang='lat' dir='ltr'><strong>et</strong></span> <span class='ocrx_word' id='word_1_785' title='bbox 3118 4945 3283 5004; x_wconf 86' lang='lat' dir='ltr'><strong>redde</strong></span> <span class='ocrx_word' id='word_1_786' title='bbox 3300 4947 3404 5003; x_wconf 91' lang='lat' dir='ltr'><strong>illis</strong></span> <span class='ocrx_word' id='word_1_787' title='bbox 3418 4962 3550 5003; x_wconf 84' lang='lat' dir='ltr'><strong>mer-</strong></span> 
     </span>
    </p>
   </div>
   <div class='ocr_carea' id='block_1_180' title="bbox 966 5059 2859 5124">
    <p class='ocr_par' dir='ltr' id='par_1_180' title="bbox 966 5059 2859 5124">
     <span class='ocr_line' id='line_1_182' title="bbox 966 5059 2859 5124; baseline -0.004 -1"><span class='ocrx_word' id='word_1_788' title='bbox 966 5064 1359 5123; x_wconf 80' lang='lat' dir='ltr'><strong>VARlANTES</strong></span> <span class='ocrx_word' id='word_1_789' title='bbox 1398 5061 1779 5123; x_wconf 81' lang='lat' dir='ltr'><strong>LECTIONES</strong></span> <span class='ocrx_word' id='word_1_790' title='bbox 1813 5064 2079 5124; x_wconf 76' lang='lat' dir='ltr'><strong>CODlClS</strong></span> <span class='ocrx_word' id='word_1_791' title='bbox 2116 5064 2221 5119; x_wconf 84' lang='lat' dir='ltr'><strong>MS.</strong></span> <span class='ocrx_word' id='word_1_792' title='bbox 2264 5061 2321 5116; x_wconf 91' lang='lat' dir='ltr'><strong>S.</strong></span> <span class='ocrx_word' id='word_1_793' title='bbox 2362 5059 2859 5118; x_wconf 78' lang='lat' dir='ltr'><strong>GERMANENSIS.</strong></span> 
     </span>
    </p>
   </div>
   <div class='ocr_carea' id='block_1_181' title="bbox 2033 5176 2523 5228">
    <p class='ocr_par' dir='ltr' id='par_1_181' title="bbox 2033 5176 2523 5228">
     <span class='ocr_line' id='line_1_183' title="bbox 2033 5176 2523 5228; baseline -0.006 0"><span class='ocrx_word' id='word_1_794' title='bbox 2033 5180 2055 5210; x_wconf 78' lang='grc'><strong><em>⁸</em></strong></span> <span class='ocrx_word' id='word_1_795' title='bbox 2089 5184 2142 5227; x_wconf 89' lang='grc' dir='ltr'><strong>ει</strong></span> <span class='ocrx_word' id='word_1_796' title='bbox 2162 5176 2278 5227; x_wconf 80' lang='lat' dir='ltr'><strong>fecit</strong></span> <span class='ocrx_word' id='word_1_797' title='bbox 2298 5176 2523 5228; x_wconf 88' lang='lat' dir='ltr'><strong>similiter</strong></span> 
     </span>
    </p>
   </div>
   <div class='ocr_carea' id='block_1_182' title="bbox 2033 5240 2728 5292">
    <p class='ocr_par' dir='ltr' id='par_1_182' title="bbox 2033 5240 2728 5292">
     <span class='ocr_line' id='line_1_184' title="bbox 2033 5240 2728 5292; baseline 0 -3"><span class='ocrx_word' id='word_1_798' title='bbox 2033 5240 2056 5271; x_wconf 73' lang='grc' dir='ltr'>δ</span> <span class='ocrx_word' id='word_1_799' title='bbox 2090 5247 2143 5289; x_wconf 86' lang='grc' dir='ltr'><strong>ει</strong></span> <span class='ocrx_word' id='word_1_800' title='bbox 2165 5250 2249 5289; x_wconf 86' lang='lat' dir='ltr'><strong>vos</strong></span> <span class='ocrx_word' id='word_1_801' title='bbox 2266 5241 2317 5290; x_wconf 88' lang='lat' dir='ltr'><strong>in</strong></span> <span class='ocrx_word' id='word_1_802' title='bbox 2334 5243 2527 5292; x_wconf 83' lang='lat' dir='ltr'><strong>vineam</strong></span> <span class='ocrx_word' id='word_1_803' title='bbox 2550 5252 2728 5291; x_wconf 85' lang='lat' dir='ltr'><strong>meam.</strong></span> 
     </span>
    </p>
   </div>
   <div class='ocr_carea' id='block_1_183' title="bbox 1598 5342 2215 5405">
    <p class='ocr_par' dir='ltr' id='par_1_183' title="bbox 1598 5342 2215 5405">
     <span class='ocr_line' id='line_1_185' title="bbox 1598 5342 2215 5405; baseline -0.01 0"><span class='ocrx_word' id='word_1_804' title='bbox 1598 5342 1959 5405; x_wconf 82' lang='lat' dir='ltr'><strong>BLANCHINI</strong></span> <span class='ocrx_word' id='word_1_805' title='bbox 1990 5342 2215 5400; x_wconf 76' lang='grc' dir='ltr'><strong>ΝΟΤιΕ.</strong></span> 
     </span>
    </p>
   </div>
   <div class='ocr_carea' id='block_1_184' title="bbox 360 5183 537 5232">
    <p class='ocr_par' dir='ltr' id='par_1_184' title="bbox 360 5183 537 5232">
     <span class='ocr_line' id='line_1_186' title="bbox 360 5183 537 5232; baseline 0 -1"><span class='ocrx_word' id='word_1_806' title='bbox 360 5183 377 5213; x_wconf 76' lang='grc' dir='ltr'>ί</span> <span class='ocrx_word' id='word_1_807' title='bbox 412 5184 537 5232; x_wconf 88' lang='lat' dir='ltr'><strong>exiit</strong></span> 
     </span>
    </p>
   </div>
   <div class='ocr_carea' id='block_1_185' title="bbox 357 5243 713 5296">
    <p class='ocr_par' dir='ltr' id='par_1_185' title="bbox 357 5243 713 5296">
     <span class='ocr_line' id='line_1_187' title="bbox 357 5243 713 5296; baseline 0.011 -5"><span class='ocrx_word' id='word_1_808' title='bbox 357 5243 377 5272; x_wconf 77' lang='grc'>¹</span> <span class='ocrx_word' id='word_1_809' title='bbox 408 5251 571 5293; x_wconf 86' lang='lat' dir='ltr'><strong>autem</strong></span> <span class='ocrx_word' id='word_1_810' title='bbox 591 5246 713 5296; x_wconf 88' lang='lat' dir='ltr'><strong>exiit</strong></span> 
     </span>
    </p>
   </div>
   <div class='ocr_carea' id='block_1_186' title="bbox 1996 5459 3562 5583">
    <p class='ocr_par' dir='ltr' id='par_1_186' title="bbox 1996 5459 3562 5583">
     <span class='ocr_line' id='line_1_188' title="bbox 1996 5459 3562 5583; baseline 0.001 -70"><span class='ocrx_word' id='word_1_811' title='bbox 1996 5468 2247 5583; x_wconf 54' lang='lat' dir='ltr'><strong>{noluentL</strong></span> <span class='ocrx_word' id='word_1_812' title='bbox 2248 5472 2355 5581; x_wconf 65' lang='lat' dir='ltr'><strong>nos1</strong></span> <span class='ocrx_word' id='word_1_813' title='bbox 2364 5459 2643 5540; x_wconf 69' lang='lat' dir='ltr'><strong>variantes</strong></span> <span class='ocrx_word' id='word_1_814' title='bbox 2672 5460 2935 5516; x_wconf 87' lang='lat' dir='ltr'><strong>lectiones</strong></span> <span class='ocrx_word' id='word_1_815' title='bbox 2959 5460 3197 5515; x_wconf 87' lang='lat' dir='ltr'><strong>Graecae</strong></span> <span class='ocrx_word' id='word_1_816' title='bbox 3219 5469 3344 5515; x_wconf 89' lang='lat' dir='ltr'><strong>tom.</strong></span> <span class='ocrx_word' id='word_1_817' title='bbox 3385 5473 3436 5513; x_wconf 79' lang='lat' dir='ltr'><strong>vi</strong></span> <span class='ocrx_word' id='word_1_818' title='bbox 3462 5459 3562 5516; x_wconf 87' lang='lat' dir='ltr'><strong>Po-</strong></span> 
     </span>
     <span class='ocr_line' id='line_1_189' title="bbox 2018 5540 2432 5583; baseline -0.007 0"><span class='ocrx_word' id='word_1_819' title='bbox 2018 5545 2080 5583; x_wconf 70' lang='lat' dir='ltr'><strong>VR</strong></span> <span class='ocrx_word' id='word_1_820' title='bbox 2106 5540 2181 5583; x_wconf 88' lang='grc' dir='ltr'><strong>οι.</strong></span> <span class='ocrx_word' id='word_1_821' title='bbox 2252 5546 2316 5580; x_wconf 84' lang='lat' dir='ltr'><strong>0n</strong></span> <span class='ocrx_word' id='word_1_822' title='bbox 2365 5546 2432 5582; x_wconf 88' lang='lat' dir='ltr'><strong>In.</strong></span> 
     </span>
    </p>
   </div>
   <div class='ocr_carea' id='block_1_187' title="bbox 2169 5546 2432 5583">
    <p class='ocr_par' dir='ltr' id='par_1_187' title="bbox 2169 5546 2432 5583">
     <span class='ocr_line' id='line_1_190' title="bbox 2169 5546 2432 5583; baseline -0.011 0"><span class='ocrx_word' id='word_1_823' title='bbox 2169 5571 2181 5583; x_wconf 89' lang='lat'><strong>.</strong></span> <span class='ocrx_word' id='word_1_824' title='bbox 2208 5546 2432 5583; x_wconf 78' lang='lat' dir='ltr'><strong>LOIIOID.</strong></span> 
     </span>
    </p>
   </div>
   <div class='ocr_carea' id='block_1_188' title="bbox 2018 5540 3265 5656">
    <p class='ocr_par' dir='ltr' id='par_1_188' title="bbox 2018 5540 3265 5656">
     <span class='ocr_line' id='line_1_191' title="bbox 2018 5540 2432 5600; baseline -0.01 -16"><span class='ocrx_word' id='word_1_825' title='bbox 2018 5540 2181 5600; x_wconf 67' lang='lat' dir='ltr'><strong>yglot.</strong></span> <span class='ocrx_word' id='word_1_826' title='bbox 2208 5540 2432 5583; x_wconf 84' lang='lat' dir='ltr'><strong>Londin.</strong></span> 
     </span>
     <span class='ocr_line' id='line_1_192' title="bbox 2071 5598 3265 5656; baseline 0 -4"><span class='ocrx_word' id='word_1_827' title='bbox 2071 5599 2097 5638; x_wconf 73' lang='grc' dir='ltr'>ι)</span> <span class='ocrx_word' id='word_1_828' title='bbox 2141 5599 2189 5652; x_wconf 91' lang='lat' dir='ltr'><strong>D</strong></span> <span class='ocrx_word' id='word_1_829' title='bbox 2217 5602 2269 5654; x_wconf 90' lang='lat' dir='ltr'><strong>in</strong></span> <span class='ocrx_word' id='word_1_830' title='bbox 2299 5598 2522 5655; x_wconf 77' lang='lat' dir='ltr'><strong>Sdrahcl</strong></span> <span class='ocrx_word' id='word_1_831' title='bbox 2556 5600 2747 5656; x_wconf 84' lang='lat' dir='ltr'><strong>derasa</strong></span> <span class='ocrx_word' id='word_1_832' title='bbox 2773 5608 2856 5655; x_wconf 84' lang='lat' dir='ltr'><strong>est</strong></span> <span class='ocrx_word' id='word_1_833' title='bbox 2880 5615 2913 5656; x_wconf 90' lang='lat' dir='ltr'><strong>a</strong></span> <span class='ocrx_word' id='word_1_834' title='bbox 2940 5610 3265 5655; x_wconf 88' lang='lat' dir='ltr'><strong>correctore.</strong></span> 
     </span>
    </p>
   </div>
   <div class='ocr_carea' id='block_1_189' title="bbox 381 5460 1890 5531">
    <p class='ocr_par' dir='ltr' id='par_1_189' title="bbox 381 5460 1890 5531">
     <span class='ocr_line' id='line_1_193' title="bbox 381 5460 1890 5531; baseline -0.002 -16"><span class='ocrx_word' id='word_1_835' title='bbox 381 5472 406 5499; x_wconf 75' lang='grc'>⁸</span> <span class='ocrx_word' id='word_1_836' title='bbox 436 5460 702 5515; x_wconf 83' lang='lat' dir='ltr'><strong>Nonnulla</strong></span> <span class='ocrx_word' id='word_1_837' title='bbox 733 5462 1057 5515; x_wconf 90' lang='lat' dir='ltr'><strong>omittuntur</strong></span> <span class='ocrx_word' id='word_1_838' title='bbox 1079 5461 1241 5517; x_wconf 88' lang='lat' dir='ltr'><strong>verba</strong></span> <span class='ocrx_word' id='word_1_839' title='bbox 1287 5463 1339 5518; x_wconf 93' lang='lat' dir='ltr'><strong>in</strong></span> <span class='ocrx_word' id='word_1_840' title='bbox 1365 5463 1729 5531; x_wconf 90' lang='lat' dir='ltr'><strong>manuscripto</strong></span> <span class='ocrx_word' id='word_1_841' title='bbox 1757 5460 1890 5514; x_wconf 88' lang='lat' dir='ltr'><strong>Cor-</strong></span> 
     </span>
    </p>
   </div>
   <div class='ocr_carea' id='block_1_190' title="bbox 305 5530 1889 5600">
    <p class='ocr_par' dir='ltr' id='par_1_190' title="bbox 305 5530 1889 5600">
     <span class='ocr_line' id='line_1_194' title="bbox 305 5530 1889 5600; baseline -0.001 -15"><span class='ocrx_word' id='word_1_842' title='bbox 305 5532 550 5593; x_wconf 89' lang='lat' dir='ltr'><strong>beiensi,</strong></span> <span class='ocrx_word' id='word_1_843' title='bbox 576 5532 784 5586; x_wconf 82' lang='lat' dir='ltr'><strong>scilicet</strong></span> <span class='ocrx_word' id='word_1_844' title='bbox 827 5542 916 5584; x_wconf 83' lang='lat' dir='ltr'><strong>aut</strong></span> <span class='ocrx_word' id='word_1_845' title='bbox 948 5544 1176 5599; x_wconf 77' lang='lat' dir='ltr'><strong>patrem,</strong></span> <span class='ocrx_word' id='word_1_846' title='bbox 1221 5544 1313 5600; x_wconf 89' lang='lat' dir='ltr'><strong>et,</strong></span> <span class='ocrx_word' id='word_1_847' title='bbox 1355 5546 1442 5587; x_wconf 86' lang='lat' dir='ltr'><strong>aut</strong></span> <span class='ocrx_word' id='word_1_848' title='bbox 1488 5530 1716 5587; x_wconf 66' lang='lat' dir='ltr'><strong>nitorem.</strong></span> <span class='ocrx_word' id='word_1_849' title='bbox 1760 5531 1889 5597; x_wconf 74' lang='lat' dir='ltr'><strong>Quae</strong></span> 
     </span>
    </p>
   </div>
   <div class='ocr_carea' id='block_1_191' title="bbox 304 5602 1891 5673">
    <p class='ocr_par' dir='ltr' id='par_1_191' title="bbox 304 5602 1891 5673">
     <span class='ocr_line' id='line_1_195' title="bbox 304 5602 1891 5673; baseline 0 -19"><span class='ocrx_word' id='word_1_850' title='bbox 304 5604 467 5658; x_wconf 84' lang='lat' dir='ltr'><strong>etiam</strong></span> <span class='ocrx_word' id='word_1_851' title='bbox 512 5603 708 5658; x_wconf 89' lang='lat' dir='ltr'><strong>desunt</strong></span> <span class='ocrx_word' id='word_1_852' title='bbox 762 5602 815 5656; x_wconf 92' lang='lat' dir='ltr'><strong>in</strong></span> <span class='ocrx_word' id='word_1_853' title='bbox 878 5604 1241 5672; x_wconf 88' lang='lat' dir='ltr'><strong>manuscripto</strong></span> <span class='ocrx_word' id='word_1_854' title='bbox 1298 5604 1762 5673; x_wconf 79' lang='lat' dir='ltr'><strong>Cantabrigiensi,</strong></span> <span class='ocrx_word' id='word_1_855' title='bbox 1834 5608 1891 5654; x_wconf 91' lang='lat' dir='ltr'><strong>ut</strong></span> 
     </span>
    </p>
   </div>
   <div class='ocr_carea' id='block_1_192' title="bbox 396 5735 3591 5836">
    <p class='ocr_par' dir='ltr' id='par_1_192' title="bbox 396 5735 3591 5836">
     <span class='ocr_line' id='line_1_196' title="bbox 396 5735 3591 5836; baseline 0.004 -27"><span class='ocrx_word' id='word_1_856' title='bbox 396 5757 477 5836; x_wconf 81' lang='lat' dir='ltr'><strong>(a)</strong></span> <span class='ocrx_word' id='word_1_857' title='bbox 528 5758 607 5814; x_wconf 87' lang='lat' dir='ltr'><strong>lia</strong></span> <span class='ocrx_word' id='word_1_858' title='bbox 654 5768 707 5815; x_wconf 89' lang='lat' dir='ltr'><strong>et</strong></span> <span class='ocrx_word' id='word_1_859' title='bbox 746 5758 868 5836; x_wconf 78' lang='lat' dir='ltr'><strong>cod.</strong></span> <span class='ocrx_word' id='word_1_860' title='bbox 896 5757 1053 5836; x_wconf 84' lang='lat' dir='ltr'><strong>C_ant.</strong></span> <span class='ocrx_word' id='word_1_861' title='bbox 1088 5757 1253 5836; x_wconf 62' lang='grc' dir='ltr'><strong>εὗρεν,</strong></span> <span class='ocrx_word' id='word_1_862' title='bbox 1286 5789 1356 5800; x_wconf 91' lang='grc'><strong>--</strong></span> <span class='ocrx_word' id='word_1_863' title='bbox 1393 5762 1471 5831; x_wconf 81' lang='lat' dir='ltr'><strong>(b)</strong></span> <span class='ocrx_word' id='word_1_864' title='bbox 1514 5759 1642 5816; x_wconf 82' lang='lat' dir='ltr'><strong>Post</strong></span> <span class='ocrx_word' id='word_1_865' title='bbox 1684 5761 1903 5827; x_wconf 70' lang='lat' dir='ltr'><strong>vineam,</strong></span> <span class='ocrx_word' id='word_1_866' title='bbox 1950 5735 2103 5819; x_wconf 82' lang='lat' dir='ltr'><strong>deest</strong></span> <span class='ocrx_word' id='word_1_867' title='bbox 2152 5776 2315 5814; x_wconf 84' lang='lat' dir='ltr'><strong>meum</strong></span> <span class='ocrx_word' id='word_1_868' title='bbox 2340 5805 2355 5829; x_wconf 68' lang='lat'><strong>,</strong></span> <span class='ocrx_word' id='word_1_869' title='bbox 2402 5771 2462 5817; x_wconf 92' lang='lat' dir='ltr'><strong>ut</strong></span> <span class='ocrx_word' id='word_1_870' title='bbox 2511 5763 2564 5817; x_wconf 87' lang='lat' dir='ltr'><strong>in</strong></span> <span class='ocrx_word' id='word_1_871' title='bbox 2621 5770 2766 5816; x_wconf 87' lang='lat' dir='ltr'><strong>textu</strong></span> <span class='ocrx_word' id='word_1_872' title='bbox 2792 5759 3001 5816; x_wconf 69' lang='lat' dir='ltr'><strong>Grzco.</strong></span> <span class='ocrx_word' id='word_1_873' title='bbox 3028 5787 3099 5800; x_wconf 86' lang='lat'><strong>-—</strong></span> <span class='ocrx_word' id='word_1_874' title='bbox 3130 5758 3200 5823; x_wconf 76' lang='lat' dir='ltr'><strong>lc)</strong></span> <span class='ocrx_word' id='word_1_875' title='bbox 3230 5757 3357 5819; x_wconf 87' lang='lat' dir='ltr'><strong>Post</strong></span> <span class='ocrx_word' id='word_1_876' title='bbox 3382 5764 3591 5836; x_wconf 77' lang='lat' dir='ltr'><strong>iterum,</strong></span> 
     </span>
    </p>
   </div>
   <div class='ocr_carea' id='block_1_193' title="bbox 315 5827 1381 5888">
    <p class='ocr_par' dir='ltr' id='par_1_193' title="bbox 315 5827 1381 5888">
     <span class='ocr_line' id='line_1_197' title="bbox 315 5827 1381 5888; baseline 0.002 -7"><span class='ocrx_word' id='word_1_877' title='bbox 315 5827 380 5881; x_wconf 84' lang='lat' dir='ltr'><strong>de</strong></span> <span class='ocrx_word' id='word_1_878' title='bbox 393 5835 479 5881; x_wconf 71' lang='lat' dir='ltr'><strong>est</strong></span> <span class='ocrx_word' id='word_1_879' title='bbox 506 5838 701 5888; x_wconf 66' lang='lat' dir='ltr'><strong>(latent.</strong></span> <span class='ocrx_word' id='word_1_880' title='bbox 732 5828 891 5884; x_wconf 85' lang='lat' dir='ltr'><strong>etiam</strong></span> <span class='ocrx_word' id='word_1_881' title='bbox 924 5831 976 5883; x_wconf 92' lang='lat' dir='ltr'><strong>in</strong></span> <span class='ocrx_word' id='word_1_882' title='bbox 1002 5827 1381 5884; x_wconf 59' lang='lat' dir='ltr'><strong>textu&#39;Graeco.</strong></span> 
     </span>
    </p>
   </div>
  </div>
