3900 6430
142 432 247 489 99?;

540 552 771 610 CODEX
808 551 1333 610 VERCELLENSIS.

153 644 237 700 19.
278 656 306 700 r
344 682 359 697 .
403 683 415 698 .
464 686 479 700 .
523 645 590 701 Et
631 688 643 699 .
691 689 705 702 .
751 688 765 703 .
807 664 867 702 ns
975 647 1252 715 templum,
1284 661 1372 702 ac-

148 718 283 771 ticus
308 729 369 769 ar
410 756 423 768 .
469 752 485 768 .
531 757 542 769 .
586 732 637 772 in
975 727 1259 772 cesserunt

149 802 308 841 unam
338 800 498 856 secus
975 787 1040 841 ad
1062 802 1183 841 eum
1216 787 1363 856 prin-

150 856 314 917 viam,
344 854 489 911 venit
977 857 1123 926 cipes
1151 854 1330 912 sacer-

149 925 217 980 ad
242 940 361 980 eam
386 942 400 979 :
428 937 483 982 et
513 926 600 981 ni-
978 925 1182 992 datum,
1218 937 1270 982 et
1295 940 1382 981 se-

152 995 231 1050 bil
257 996 479 1067 invenit,
520 1066 527 1067 ί
978 998 1159 1067 niores
1189 1010 1360 1067 popu-

152 1067 205 1120 in
237 1080 299 1120 ea
328 1067 430 1122 nisi
462 1066 589 1121 folia
982 1066 1039 1131 li,
1072 1066 1313 1121 dicentes
1345 1082 1359 1119 :

155 1146 384 1203 tantum,
417 1147 474 1193 et
512 1179 526 1192 .
575 1177 588 1191 .
634 1176 648 1191 .
690 1177 704 1192 .
981 1134 1036 1189 lu
1066 1151 1171 1206 qua
1196 1144 1373 1206 potes-

149 1206 201 1260 le
232 1206 369 1259 dixit
408 1247 422 1261 .
468 1248 481 1260 .
528 1247 542 1261 .
587 1246 601 1261 .
643 1245 660 1263 .
979 1204 1208 1260 tate'lia.
1251 1244 1265 1258 .
1318 1245 1331 1258 .
1380 1204 1453 1260 ia-

146 1275 783 1334 Dm'sedetdix...
978 1276 1323 1330 cisiEt...

150 1346 250 1402 illi.
281 1345 476 1417 Nunqu
518 1390 531 1402 .
575 1389 587 1402 .
633 1390 646 1402 .
693 1389 706 1402 .
980 1386 994 1401 .
1141 1344 1265 1402 ded.
1312 1387 1326 1401 .
1365 1382 1379 1398 .
1420 1384 1433 1398 .
1485 1384 1498 1398 .
1526 1359 1616 1417 Anc

146 1414 625 1473 extel'ruc...
983 1414 1547 1477 ........tem?_

146 1495 407 1542 nascatur
453 1528 467 1542 .
511 1524 528 1542 .
571 1530 585 1542 .
688 1504 696 1511 ν
976 1485 1067 1540 24.
1112 1527 1123 1538 .
1170 1526 1183 1538 .
1229 1526 1243 1539 .
1290 1526 1302 1539 .
1349 1525 1362 1539 .
1401 1485 1604 1542 ondens

145 1565 450 1613 aeternum.
980 1597 992 1608 .
1035 1594 1049 1607 .
1095 1596 1107 1609 .
1152 1592 1166 1608 .
1212 1595 1225 1609 .
1269 1555 1421 1610 illis:

145 1627 221 1681 Et
246 1625 428 1681 arefac
470 1668 485 1682 .
530 1667 545 1681 .
590 1668 605 1683 .
978 1664 992 1679 .
1035 1670 1046 1681 .
1095 1666 1108 1681 .
1157 1663 1173 1680 .
1213 1640 1370 1695 roga-

141 1699 619 1755 estcontin...
980 1738 992 1750 .
1091 1735 1106 1749 .
1196 1736 1211 1751 .
1307 1735 1320 1749 .
1411 1735 1424 1748 .
1515 1736 1528 1749 .
1609 1734 1624 1751 .
1704 1738 1716 1753 .

144 1767 404 1822 ficulnea.
978 1782 1105 1822 unu.
1167 1806 1180 1820 .
1344 1804 1358 1818 .
1404 1804 1417 1819 .
1462 1806 1476 1821 .
1524 1804 1539 1820 .
1584 1805 1596 1819 .
1645 1807 1659 1821 .
1703 1804 1719 1821 .

976 1837 1717 1905 bum:qu........

976 1907 1139 1962 dicite
1166 1907 1320 1988 mihi,

974 1988 1155 2103 ἓῖοὲίὲιῗ
1181 1977 1365 2117 mia

970 2125 1237 2187 potestate

975 2184 1290 2258 haecjacio.
1316 2186 1394 2258 (b)

972 2256 1061 2310 25.
1104 2255 1432 2325 Baptismum
1464 2255 1505 2325 1'

973 2327 1233 2380 Johannis
1261 2340 1363 2379 un-

973 2396 1041 2449 de
1077 2410 1109 2449 e
1147 2432 1163 2447 .
1210 2435 1221 2447 .
1264 2393 1322 2448 t'i
1348 2393 1416 2447 de
1453 2407 1572 2449 cae-

975 2465 1051 2527 lo,
1090 2479 1157 2518 an
1185 2478 1249 2518 ex
1283 2463 1459 2517 homi-

978 2537 1132 2589 nibus
1149 2535 1170 2587 ?

976 2605 1057 2659 Ad
1088 2604 1163 2657 illi
1192 2603 1394 2672 cogita-

140 1907 237 1981 20.
278 1908 681 1981 scipnli,mira-

141 1976 185 2030 ti
214 1976 570 2042 sunt,'dicen-

139 2056 227 2101 tes
259 2064 290 2128 ς.
306 2048 588 2125 Quomodo

139 2126 405 2173 continuo

142 2335 329 2380 autem
368 2328 546 2393 Jesus,

142 2396 223 2448 ait
250 2396 359 2450 illis
385 2416 397 2449 :
431 2400 605 2455 Amen

144 2466 273 2519 dico
302 2467 480 2531 vobis,

146 2536 194 2588 si
226 2536 523 2592 habueritis

147 2603 337 2672 ﬁdem,
369 2616 424 2661 et
447 2622 554 2661 non

146 2675 533 2746 aesitaveritis,
976 2676 1113 2746 bant
1126 2674 1264 2746 intra

149 2761 261 2800 non
294 2748 469 2802 solum
518 2743 526 2765 Τ
978 2748 1067 2807 se,
1085 2743 1325 2796 dicentes
1350 2756 1363 2792 :

148 2816 221 2871 de
249 2816 479 2873 ﬁculnea
979 2815 1067 2868 26.
1108 2812 1167 2868 Si
1202 2810 1514 2880 dixerimus,

147 2887 395 2952 facietis,
415 2886 509 2943 sed
540 2893 594 2941 et
978 2886 1045 2941 de
1072 2885 1240 2947 caelo,
1266 2881 1349 2935 di-

148 2958 195 3011 si
226 2957 399 3011 monti
428 2956 554 3011 huic
982 2995 995 3010 .
1043 2995 1057 3010 .
1105 2995 1120 3010 .
1280 2952 1401 3007 obis
1432 2968 1443 3004 :
1476 2952 1615 3019 Qua-

154 3028 439 3093 dixeritis,
469 3027 594 3083 Tol-
978 3040 1039 3083 re
1071 3024 1147 3098 (a)
1190 3067 1200 3078 .
1247 3065 1261 3077 .
1306 3062 1318 3076 .
1366 3064 1378 3076 .
1419 3037 1536 3079 cre-

154 3137 168 3150 .
215 3135 231 3151 .
276 3110 421 3164 ete,
450 3098 670 3167 etjaeta
979 3098 1181 3152 didisti.
1226 3134 1241 3148 .
1287 3132 1300 3147 .
1343 3131 1359 3149 .
1404 3133 1417 3146 .

152 3206 167 3221 .
212 3207 230 3222 .
276 3207 291 3221 .
336 3169 388 3222 in
417 3183 588 3233 mare,
979 3169 1034 3222 Si
1062 3176 1205 3222 aute.
1249 3206 1262 3218 .
1306 3203 1321 3218 .
1366 3205 1378 3218 .
1428 3206 1441 3221 .
1488 3205 1499 3218 .

145 3237 241 3291 22.
283 3237 801 3293 ﬁet.E..omnia
978 3252 1122 3292 xe..
1168 3274 1241 3293 ..
1287 3274 1299 3289 .
1347 3273 1415 3288 ..

145 3322 522 3377 quaecumque
979 3308 1123 3362 hom.
1170 3346 1183 3361 .
1227 3345 1240 3360 .
1289 3345 1303 3361 .
1350 3345 1364 3361 .
1410 3345 1423 3359 .
1469 3344 1482 3360 .
1528 3348 1544 3375 ,

149 3378 419 3447 petieritis
450 3380 505 3431 in
979 3378 1038 3432 ti.
1084 3416 1096 3429 .
1140 3414 1154 3429 .
1198 3414 1212 3430 .
1259 3415 1275 3430 .
1317 3414 1332 3430 .

144 3448 390 3501 oratione
427 3462 551 3501 cre-
974 3455 1051 3502 tu.
1096 3490 1107 3500 .
1154 3488 1165 3500 .
1210 3485 1223 3499 .
1268 3484 1282 3499 .
1328 3487 1340 3500 .
1386 3465 1400 3480 °
1443 3463 1558 3503 om-

144 3516 374 3581 tlentes,
406 3516 551 3571 acci-
979 3533 1035 3572 η.
1079 3554 1093 3569 .
1138 3555 1151 3569 .
1200 3558 1213 3572 .
1253 3518 1397 3572 enim

142 3587 240 3641 25.
286 3586 462 3655 pietis.
497 3586 564 3641 Et
590 3601 711 3643 cum
980 3586 1251 3641 habebant

144 3658 392 3712 venisset
432 3658 484 3712 in
982 3655 1262 3711 Jolianneu

486 3792 487 3795 η
559 3746 787 3803 CODEX
825 3744 1286 3802 CORBEIENSIS.

142 3838 256 3890 riit.
274 3837 820 3910 litvidensarboretnf
838 3837 1131 3910 iicussecus
1146 3841 1303 3903 viam,
1324 3838 1539 3893 venitad
1564 3854 1679 3894 eam
1697 3858 1711 3895 :

141 3906 344 3959 ctuihil
361 3906 561 3959 invenit
582 3906 856 3959 'nisilolia
876 3906 1104 3969 tantum,
1124 3910 1261 3962 etait
1283 3913 1351 3961 illi
1380 3928 1390 3961 :
1418 3909 1712 3977 Numquam

142 3991 207 4029 ex
255 3985 305 4029 te
336 3979 816 4046 lrttctusAnuseatur
856 3978 908 4046 in
939 3979 1344 4046 sempiternum.
1377 3981 1442 4034 Et
1482 3984 1712 4035 arefacta

142 4056 227 4099 est
255 4055 511 4117 continuo
542 4044 788 4100 ﬁculnea.
835 4045 902 4100 Et
944 4044 1183 4104 videntes
1212 4048 1492 4117 discipuli,
1537 4050 1711 4105 mirati

142 4128 265 4169 sunt
286 4158 299 4182 ,
328 4116 567 4170 dicentes
592 4135 605 4168 τ
654 4118 937 4184 Quomodo
962 4120 1215 4171 continuo
1239 4116 1422 4173 aruit?
1468 4122 1707 4186 Restion-

142 4187 279 4242 dens
299 4200 485 4240 autem
516 4185 703 4249 Jesns,
730 4191 806 4241 ait
834 4187 949 4241 eis:
985 4194 1149 4242 Amen
1180 4190 1302 4242 dico
1335 4190 1506 4252 vobis,
1540 4185 1587 4241 si
1617 4192 1707 4243 ha-

144 4257 368 4311 bueritis
408 4257 601 4321 ﬁdem,
631 4266 685 4312 et
714 4273 817 4310 non
861 4259 1247 4312 haesitaveritis
1272 4300 1284 4319 ,
1316 4276 1420 4310 non
1446 4262 1617 4311 solum
1643 4260 1710 4313 de

144 4328 369 4381 ticulnea
395 4326 621 4391 facietis,
645 4328 736 4380 sed
762 4337 814 4379 et
832 4328 875 4380 si
905 4325 1073 4377 monti
1100 4328 1224 4379 huic
1244 4328 1504 4387 dixeritis,
1532 4326 1701 4391 'l‘olle,

140 4408 193 4450 et
217 4402 359 4464 jacta
392 4407 443 4448 te
474 4397 524 4446 in
558 4410 739 4459 mare,
774 4397 881 4446 liet.
910 4394 930 4425 ³
954 4393 1141 4446 Omnia
1174 4408 1579 4461 quaequumqne
1612 4408 1703 4460 pe-

141 4468 340 4520 tieritis
369 4467 420 4518 in
451 4466 692 4517 oratione
734 4465 1043 4523 credentes,
1088 4464 1382 4531 accipietis.
1437 4464 1499 4516 lit
1544 4479 1704 4531 qunin

137 4540 379 4591 venisset
429 4538 479 4588 iu
541 4533 827 4599 templum,
865 4544 1219 4603 accesserunt
1257 4532 1321 4585 ad
1361 4547 1480 4587 eum
1507 4533 1527 4562 δ
1559 4535 1705 4603 prin-

142 4607 294 4673 cipes
313 4603 677 4664 sacerdotum,
697 4610 749 4674 et
763 4601 1004 4674 seniores
1021 4603 1511 4674 populi,_dieentes:
1539 4601 1595 4657 In
1611 4618 1715 4674 qua

138 4672 405 4743 potestate
433 4676 563 4728 haec
589 4672 755 4743 lacis?
776 4673 795 4702 ³
823 4672 1066 4743 Antquis
1096 4672 1185 4725 tibi
1209 4672 1355 4726 dedit
1387 4676 1521 4729 hanc
1544 4672 1714 4743 potes-

138 4739 303 4796 iatem
320 4744 345 4795 ἳ
367 4743 458 4797 Ait
482 4744 547 4795 ad
576 4744 698 4796 illos
724 4741 877 4813 Jesns
900 4757 912 4793 :
941 4739 1215 4811 Interrogo
1234 4758 1331 4797 vos
1354 4753 1408 4798 et
1428 4759 1527 4813 ego
1545 4739 1710 4804 unum

137 4826 449 4884 sermonem
480 4830 491 4863 :
541 4813 703 4884 dicite
750 4810 992 4884 niihi,et
1018 4814 1301 4884 egoyobis
1329 4810 1503 4868 dicam
1530 4818 1583 4883 in
1612 4834 1711 4884 qua

138 4888 410 4951 pote‘stale
438 4880 569 4933 haec
591 4878 751 4951 facio.
780 4878 1101 4951 Baptismnin
1127 4881 1391 4938 Johannis
1412 4878 1555 4940 unde
1577 4878 1715 4942 erat?

137 4940 201 5003 de
219 4940 397 5021 caelo.
411 4964 478 5002 an
494 4964 560 5002 ex
578 4940 904 5021 hominibus?
918 4950 938 4980 ⁸
958 4952 1034 5004 Illi
1054 4965 1180 5021 vero
1195 4952 1556 5021 cogitaverunt
1578 4940 1714 5011 intra

135 5036 218 5083 se,
246 5018 493 5072 dii-entes
527 5036 538 5069 :
595 5018 650 5073 Si
690 5019 1004 5085 dixerimus,
1043 5018 1314 5087 decoelo,
1346 5023 1487 5078 dicet
1516 5028 1668 5081 nobis
1698 5045 1711 5081 :

136 5092 245 5153 Cur
265 5104 395 5157 ergo
414 5104 518 5159 non
550 5088 853 5140 credidistis
874 5090 981 5142 illi?
1008 5089 1066 5143 Si
1090 5100 1267 5146 autem
1293 5093 1608 5159 dixerimus,
1640 5112 1709 5152 ex

140 5158 725 5222 hotnintbus,tiinemtts
744 5159 948 5214 turbam
971 5174 1188 5217 :omues
1213 5165 1390 5218 enim7
1414 5158 1713 5234 Johannetn

1099 436 1547 499 EYANGELIUM
1590 434 1951 494 SECUNDUM
1991 406 2417 494 nimum».

2243 552 2468 611 CODEX
2507 553 2949 611 VERONENSIS.

1824 647 1912 717 l9.
1957 644 2068 717 riit.
2098 644 2167 699 Et
2196 645 2382 713 yidens
2645 648 2808 703 nisset
2831 649 2897 717 in,

1824 716 1912 770 ﬁci
1944 716 2191 770 arborem
2645 719 2925 788 templum,

1824 801 1987 840 unam
2021 799 2177 841 secus
2643 796 2987 843 accesserunt

1824 858 1990 928 viam,
2016 854 2162 909 venit
2642 858 2707 912 ad
2733 874 2853 911 eum
2883 858 3033 928 prin-

1823 926 1899 999 ad_
1924 940 2041 999 eam
2076 942 2089 977 :
2114 932 2174 999 et_
2641 929 2786 999 cipes
2805 926 2984 984 sacer-

1823 995 1962 1052 nihil
1995 994 2217 1063 invenit

1823 1066 1887 1122 in-
1910 1080 1970 1118 ea
1999 1064 2100 1119 nisi

1824 1135 1949 1191 folia
1982 1143 2187 1189 tantum
2207 1175 2225 1202 ,

1822 1217 1876 1261 et
1906 1205 1981 1259 ait
2012 1205 2085 1259 illi
2120 1222 2133 1258 :

1824 1275 2123 1344 Numquam
2152 1290 2220 1329 ex

1824 1357 1877 1402 te
1904 1344 2107 1399 fruetus
2134 1361 2229 1399 na-

1822 1424 2001 1471 sc:ttnt'
2033 1416 2083 1467 in
2115 1429 2258 1469 sem—

1824 1488 2114 1556 piternum.
2144 1483 2214 1537 Et

1822 1554 2057 1611 arefacta
2077 1563 2162 1610 est

1821 1627 2076 1681 continuo

1822 1696 2049 1751 ﬁculnea

1821 1767 1910 1822 20.
1955 1765 2020 1819 Et
2046 1763 2289 1818 videntes

1823 1835 2093 1903 discipuli,
2127 1832 2306 1888 mirati

1825 1916 1973 1971 sunt,
2000 1905 2183 1963 dicens

1830 1988 1915 2043 tes,
1939 1994 1952 2029 :
1980 1976 2214 2043 Quomo-

1823 2042 2091 2102 do’eunti-

1824 2132 1932 2172 nuo
1958 2114 2143 2170 aruit?

1822 2188 1886 2242 21
1900 2226 1913 2239 .
1958 2183 2307 2254 Respondeas
2329 2199 2426 2239 au-

1825 2266 1931 2311 tem
1958 2256 2134 2319 Jcsus,
2162 2254 2239 2308 ait
2268 2272 2281 2308 :

1821 2327 1992 2381 Anien
2024 2325 2145 2379 dico

2644 997 2825 1052 dctum
2847 1042 2860 1063 ,
2890 1008 2944 1054 et

2641 1068 2878 1140 seniores
2902 1068 3079 1140 populi
3094 1107 3110 1140 ,

2642 1138 2881 1193 dicentes
2911 1155 2924 1191 :
2956 1138 3012 1191 ln

2644 1224 2746 1279 qua
2784 1216 3046 1279 potestate

2646 1277 2931 1333 haec'lacis
2951 1278 2975 1330 Ἰ

2646 1347 2712 1402 Et
2742 1349 2857 1413 quis
2889 1348 2981 1403 tibi

2645 1417 2794 1474 dedit
2823 1421 2956 1473 hanc

2642 1496 2957 1557 potestatem
2980 1489 3004 1541 ἲ

2639 1556 2730 1614 24.
2774 1556 3122 1628 Respondens

2639 1629 2795 1684 Jesus
2828 1630 2963 1683 dixit

2650 1700 2754 1753 illis
2779 1715 2790 1749 :
2820 1698 2990 1752 Inter—

2640 1784 2767 1839 rogo
2797 1782 2893 1822 vos
2920 1778 2974 1823 et
3026 1776 3033 1802 έ

2642 1854 2741 1908 ego
2776 1854 2939 1892 unum
3048 1900 3074 1908 Α

2640 1907 2895 1963 verbum:
2922 1907 3062 1979 quod

2641 1979 2800 2034 dicite
2822 1979 2948 2032 mihi
2973 2020 2989 2048 ,

2639 2050 2780 2119 quod
2810 2049 2855 2106 si
2878 2049 2959 2104 di-

2639 2118 2826 2174 xeritis
2854 2119 2982 2173 mihi
3009 2123 3042 2185 ,'

2639 2198 2692 2243 et
2717 2204 2816 2258 ego
2843 2191 2994 2243 vobis

2637 2259 2809 2312 dicam
2842 2262 2892 2313 in
2916 2274 3015 2327 qua

2637 2339 2900 2396 potestate
2931 2332 3059 2385 haec

1824 2397 1997 2461 vobis,
2031 2395 2076 2448 si
2638 2395 2798 2453 facio.

1822 2466 2116 2539 habueritis
2637 2468 2730 2524 25.
2774 2470 2850 2539 (b)
2880 2469 3211 2539 Baptismum

1822 2536 2003 2598 Iidem.
2033 2543 2088 2589 et
2638 2536 2896 2595 Johannis
2927 2536 3019 2594 nii-

1822 2620 1931 2660 non
1962 2606 2229 2659 aesitabe-

1821 2677 1963 2741 ritis,
1987 2690 2092 2729 non
2116 2690 2204 2729 so.»

1821 2747 1930 2801 lum
1953 2746 2021 2799 de
2049 2745 2199 2799 (icul-

1823 2830 1923 2870 nea
1951 2815 2180 2885 facietis,

1823 2886 1915 2941 sed
1948 2895 2001 2939 et
2022 2883 2065 2938 Si
2096 2883 2266 2937 monti
2365 2938 2369 2942 ,

1825 2957 1948 3009 huic
1970 2955 2239 3021 dixeritis,
2270 2952 2342 3023 (ο)

1822 3027 2060 3089 Tollere,
2092 3035 2148 3079 et

1823 3099 2036 3151 mittere
2067 3094 2109 3166 -ι-

1825 3168 1878 3222 in
1909 3181 2079 3233 mare,
2122 3166 2230 3221 liet.

1822 3238 1912 3292 22.
1947 3237 2017 3291 Et
2047 3237 2225 3292 omnia

2638 2610 2705 2662 de
2729 2620 2843 2663 erat
2870 2610 2981 2673 ide

2641 2679 2792 2732 caelo
2810 2717 2828 2741 ,
2860 2693 2925 2730 an
2953 2694 3022 2731 ex

2642 2746 2944 2800 hominibus
2958 2745 2987 2799 ἵ
3010 2746 3087 2802 Ad

2641 2816 2715 2870 illi
2746 2816 3051 2886 cogitabant
3095 2862 3099 2867 .

2638 2888 2775 2940 intra
2804 2902 2863 2941 se
2882 2928 2896 2950 ,
2927 2886 3107 2941 dicen-

2637 2957 2727 3011 26.
2772 2967 2855 3011 tes
2882 2975 2895 3011 :
2927 2956 2983 3011 Si
3010 2956 3224 3011 dixeri-

2641 3042 2759 3081 mus
2785 3028 2852 3093 de
2878 3028 3028 3083 caelo
3052 3070 3067 3096 ,

2640 3098 2779 3152 dicet
2810 3096 2965 3151 nobis
2988 3114 3003 3150 :

2639 3167 2823 3241 Quare.
2848 3168 3056 3241 (etnon

2638 3238 2867 3293 creditis
2886 3238 2996 3293 illi?

1824 3323 2195 3390 quaecumque
2639 3309 2694 3365 Si
2721 3320 2898 3390 autem
2930 3309 3011 3363 di-

1824 3382 2086 3448 petieritis
2108 3382 2160 3432 in
2640 3382 2875 3434 xerimus
2899 3419 2916 3444 ,
2946 3394 3011 3433 ex

1823 3447 2067 3503 oratione
2642 3450 2947 3503 hominibus
2973 3490 2988 3509 .
3022 3447 3087 3503 ti-

1824 3518 2129 3583 credentes,
2157 3532 2247 3572 ae-
2641 3535 2849 3574 memus
2878 3518 3081 3573 turbam
3108 3534 3121 3571 :

1823 3588 2053 3659 cipietis.
2640 3604 2828 3644 omnes
2852 3592 2993 3643 enim
3016 3588 3096 3659 (ὀ)

1823 3658 1914 3710 25.
1950 3657 2016 3711 Et
2042 3670 2162 3710 cum
2188 3670 2281 3711 τε·
2645 3660 2845 3714 habent
2870 3657 3123 3730 fleban-

2278 3744 2509 3801 CODEX
2547 3746 2930 3803 BRIXIANUS.

1819 3840 1929 3895 riit.
1965 3837 2025 3891 Et
2042 3838 2228 3891 videns
2245 3835 2330 3890 ﬁci
2351 3838 2597 3891 arborem
2627 3854 2785 3892 unam
2818 3852 2973 3893 secus
2995 3837 3133 3889 viam
3156 3832 3378 3887 venitad

1817 3920 2003 3963 eatnet
2027 3908 2372 3961 nihilinveuit
2396 3908 2551 3963 inea.
2584 3909 2830 3963 nisi‘folia
2857 3917 3078 3961 tantum.
3098 3906 3160 3958 Et
3185 3901 3251 3953 ait
3284 3904 3376 3952 illi.

1817 3979 2116 4048 Numquam
2133 3995 2197 4031 ex
2223 3989 2273 4032 te
2298 3978 2498 4032 fructus
2523 3990 2768 4033 nascatur
2791 3979 2843 4050 in
2861 3988 3155 4050 aeternum.
3184 3973 3376 4050 Etare-

1816 4053 1951 4103 iacta
1978 4043 2066 4103 est
2095 4050 2352 4102 continuo
2382 4049 2626 4101 ticnlnea.
2662 4050 2724 4102 Et
2755 4046 2996 4099 videntes
3017 4043 3259 4107 discipuli
3286 4043 3382 4091 ini~

1816 4122 1915 4172 rati
1948 4130 2069 4171 sunt
2094 4120 2356 4171 dicentes.
2384 4118 2661 4183 Quomodo
2681 4117 2936 4170 continuo
2962 4115 3092 4165 aruit
3129 4111 3378 4183 ﬁculni-tt.

1814 4189 2015 4254 Quibus
2046 4188 2375 4253 respondens
2409 4181 2566 4239 Iesus
2586 4189 2676 4238 ait.
2714 4191 2878 4238 Anien
2908 4184 3027 4235 then
3053 4182 3202 4235 vobis
3222 4182 3265 4254 si
3290 4181 3383 4254 lia-

1816 4250 2043 4308 b'neritis
2061 4250 2238 4307 iidem.
2258 4267 2312 4307 et
2340 4270 2443 4306 non
2468 4254 2880 4307 haesitaveritis.
2905 4267 3007 4305 non
3035 4254 3208 4305 solum
3237 4250 3303 4303 de
3323 4250 3383 4302 ii-

1812 4326 2000 4377 cnlnea
2034 4324 2259 4375 iacietis.
2284 4324 2375 4376 sed
2405 4333 2457 4374 et
2485 4325 2528 4375 si
2554 4326 2717 4375 monti
2750 4324 2871 4377 huic
2895 4320 3383 4386 dixeiitisJ‘ollete

1814 4402 1865 4463 et
1885 4393 2031 4458 jacta
2064 4403 2113 4444 te
2137 4394 2187 4445 in
2214 4408 2362 4446 mare
2389 4394 2501 4446 iiet.
2527 4394 2593 4447 Et
2616 4395 2792 4447 omnia
2820 4410 3188 4463 quaecumque
3218 4391 3384 4463 petie-

1814 4461 1928 4515 ritis
1959 4464 2009 4515 in
2040 4464 2282 4517 oratione
2309 4464 2593 4517 credentes
2619 4461 2910 4531 accipietis.
2942 4464 3008 4519 Et
3028 4480 3147 4518 cum
3174 4462 3386 4516 iutiois-

1812 4544 1893 4585 Set
1926 4535 1975 4586 in
2005 4534 2287 4601 templum.
2318 4544 2666 4588 accesserunt
2691 4536 2759 4590 ad
2782 4550 2901 4589 eum
2931 4538 3210 4589 docenti-tu
3235 4533 3383 4601 prin-

1813 4603 1959 4673 cipes
2004 4606 2343 4658 sacerdotum
2389 4614 2443 4658 et
2480 4605 2721 4659 seniores
2765 4606 2947 4675 pepuli
3010 4608 3275 4675 dicentes.
3329 4600 3383 4651 In

1815 4672 1917 4743 qua
1949 4684 2187 4742 potesate
2216 4675 2347 4730 haec
2390 4675 2538 4729 facis.
2575 4676 2641 4729 Et
2678 4672 2795 4743 quis
2822 4672 2916 4728 tibi
2956 4675 3101 4729 dedit
3130 4672 3264 4725 hanc
3294 4684 3385 4736 po-

1814 4753 2082 4799 testatem.
2110 4746 2460 4813 llespondeits
2475 4758 2651 4800 autem
2665 4745 2819 4799 Jesus
2832 4746 2962 4798 dixit
2979 4746 3080 4798 illis
3108 4745 3381 4813 Interrogo

1818 4830 1913 4868 vos
1933 4830 1984 4869 et
2014 4830 2111 4884 ego
2137 4811 2297 4869 unum
2320 4831 2645 4870 sermonem.
2680 4832 2835 4883 quem
2868 4818 2909 4868 si
2951 4811 3374 4884 dixeritisniihi.

1818 4891 1993 4959 ctego
2017 4878 2167 4959 vobis
2188 4886 2360 4959 dicam
2391 4887 2442 4959 in
2468 4878 2858 4959 quapotéstate
2881 4888 3010 4959 haec
3037 4878 3274 4959 iacio.(_b)
3292 4879 3387 4959 lia-

1824 4950 2074 5028 ptishtttm
2112 4954 2148 5023 1·
2172 4955 2454 5028 Johannis.
2488 4950 2629 5028 unde
2658 4964 2773 5007 erat
2800 4954 2989 5028 et:qu
3018 4950 3385 5028 an_e_x_l_tout'i-

1824 5020 1999 5077 nibus.
2034 5025 2098 5078 At
2123 5020 2211 5096 illi
2226 5026 2528 5096 cogitabant
2559 5027 2695 5096 intra
2720 5038 2781 5078 se
2808 5023 3049 5078 dicentes
3097 5022 3151 5076 Si
3183 5020 3383 5096 dixeri-

1823 5109 1949 5164 mus
1970 5110 1999 5147 e
2019 5096 2157 5147 coelo
2186 5089 2325 5147 ilicei
2352 5094 2525 5148 nobis.
2558 5095 2734 5161 Quare
2757 5109 2887 5164 ergo
2936 5109 3040 5147 non
3087 5089 3387 5164 credidisus

1821 5162 1955 5216 ei.Si
1983 5170 2157 5215 autem
2182 5164 2474 5218 dixerimus
2494 5158 2888 5220 ex'honiinibus
2907 5166 3154 5219 timemus
3180 5158 3383 5219 turbas,

1820 5245 2006 5287 Omnes
2037 5235 2176 5285 enim
2210 5232 2479 5288 habebant
2515 5234 2813 5289 Jobannem

845 5310 1237 5371 VARIANTES
1274 5315 1655 5376 LECTIONES
1690 5317 1954 5377 CODICIS
1989 5320 2097 5375 MS.
2142 5321 2198 5377 S.
2226 5321 2727 5379 GEIlMANENSlS.

198 5409 216 5441 ί
250 5407 329 5456 ﬁci
352 5416 513 5467 uuam,

194 5473 216 5502 ³
250 5471 301 5519 in
327 5481 389 5519 ea

196 5532 218 5564 ⁸
250 5529 496 5580 Etomnia

195 5592 219 5622 ⁸
248 5592 512 5642 docentem

1876 5416 1897 5447 ⁸
1928 5414 2007 5475 Et,
2037 5424 2154 5475 etc.,
2184 5419 2248 5468 Ut
2276 5416 2421 5482 Vulg.
2446 5430 2613 5481 time,
2643 5418 2931 5482 baptismum

1878 5476 1899 5544 ξ
1935 5479 2004 5544 _Ut
2031 5475 2175 5544 Vulg.
2196 5492 2359 5544 usque,
2385 5480 2655 5532 Johannetn

1878 5539 1897 5571 ν
1934 5519 2175 5591 ista:
2191 5519 2359 5591 s'i'cii't"
2385 5519 2561 5550 ’”““’⁷

1428 5659 1793 5719 BLANCHINI
1827 5660 2055 5721 ΝΟΤᾸΒ.

219 5767 296 5842 (a)
323 5767 403 5825 ita
438 5777 495 5825 et
529 5774 707 5826 textus
766 5761 1003 5831 Graecus,
1046 5763 1223 5848 ᾆρθητι
1248 5775 1333 5831 καί
1359 5776 1586 5848 βλήθητι,
1627 5809 1694 5822 _.

265 5840 397 5897 Post
436 5856 597 5911 quare
646 5838 797 5898 deest
840 5850 958 5910 ergo
1001 5845 1160 5897 etiam
1200 5840 1250 5897 in
1298 5847 1418 5904 cod.
1451 5848 1677 5906 Cant..-

1844 5781 1915 5835 lta
1957 5788 2008 5837 et
2040 5789 2216 5837 textus
2246 5782 2464 5840 (ἔναυε
2493 5789 2683 5838 neutro
2709 5788 2938 5851 genere,
2962 5772 3023 5829 τὸ
3050 5771 3317 5847 βάπτισμα
3341 5798 3412 5829 τισ-
3436 5846 3443 5852 ⁸

1837 5852 1907 5909 ha
1939 5860 1994 5909 et
2037 5860 2144 5913 tex.
2194 5853 2291 5928 Εἰ.
2332 5854 2553 5928 ἔχουσι.
2794 5854 2797 5858 ’

144 5838 238 5905 ω·
265 5840 397 5897 Post
436 5856 597 5911 quare
646 5838 797 5898 deest
840 5850 958 5910 ergo
1001 5838 1160 5897 etiam
1200 5840 1250 5897 in
1298 5838 1418 5904 co'd.
1443 5838 1677 5906 Ciani.»
1718 5838 1775 5931 (α

1837 5852 1907 5909 ha
1939 5860 1994 5909 et
2037 5860 2144 5913 tex.
2194 5853 2291 5929 Εἰ.
2332 5854 2553 5934 ἔχουσι.
