3900 6404
133 310 239 365 289

514 425 742 484 CODEX
772 427 1313 488 VERCELLENSIS.

130 518 360 575 diﬁcavit
382 529 493 577 tur-

949 542 1081 593 ejus.

130 604 245 667 rem
269 630 285 655 ,
318 598 374 644 et
399 592 542 667 loca-
945 592 1036 652 39.
1067 596 1135 652 Et
1166 596 1351 667 adpre.
1386 638 1400 653 .
1434 636 1447 651 .
1484 640 1495 653 .
1533 638 1545 653 .
1579 638 1591 651 .

127 660 206 740 vi_t
228 676 345 715 eam
374 664 522 717 colo-
1088 683 1139 721 tn
1169 660 1292 723 enin
1316 669 1396 740 (ὁ)
1424 682 1518 725 oc-

127 731 215 785 nis
235 772 255 805 ε
294 740 350 786 et
381 746 603 803 peregre
943 736 1207 805 ciderunt,

124 801 401 877 profectus
426 801 532 857 est.
739 874 747 877 Α
944 816 1000 863 et
1025 801 1299 877 ejeceruut

124 871 217 950 ξμς.
259 870 391 927 Cum
422 881 632 950 tempus
660 874 839 929 autem
947 870 1096 950 extra
1121 882 1192 934 vi.
1217 917 1241 950 ί.
1275 920 1287 933 .
1321 921 1333 933 .
1368 920 1382 934 .
1413 881 1453 950 ἰ·

124 942 394 1019 fructuum
422 943 520 996 ad—
745 986 751 990 .
945 947 1036 1004 40.
1068 963 1171 1003 am.
1198 949 1331 1019 Cum
1360 942 1487 1019 ergo

946 1019 1154 1075 venerit
1175 1013 1422 1076 dominus

945 1089 1153 1161 vineae,
1183 1092 1310 1161 quid

944 1158 1102 1216 faciet
1120 1158 1325 1215 colonis

941 1228 1031 1300 tt.
1061 1230 1378 1300 illis?Ajunt
1407 1229 1470 1283 u-

941 1298 979 1352 li
1009 1317 1022 1353 :
1049 1300 1209 1355 Malos
1236 1298 1373 1356 male

939 1370 1125 1438 perdet
1148 1388 1161 1421 :
1189 1379 1244 1424 et
1263 1372 1341 1425 vi-

126 1013 484 1084 propinquas-

120 1091 209 1137 set
234 1124 248 1147 ,
281 1085 428 1137 misit
454 1097 567 1138 ser-

121 1168 220 1207 vos
245 1168 372 1209 suos
398 1152 464 1207 ad
491 1169 587 1217 eo.

119 1222 282 1279 lunos
306 1266 321 1290 ,
351 1232 411 1279 ut
430 1224 576 1280 acci-

117 1294 582 1358 peretdef....

114 1363 209 1419 35.
259 1364 336 1420 tib
377 1404 390 1418 .
437 1405 449 1417 .
495 1404 509 1420 .
550 1363 686 1434 ejus.
710 1363 777 1418 Et

112 1433 691 1489 c.......’ad
941 1433 1305 1495 neamlocavit

112 1519 151 1573 p
193 1542 211 1557 .
256 1545 269 1560 .
314 1546 330 1561 .
376 1547 391 1561 .
436 1544 449 1557 .
494 1546 507 1557 .
556 1543 570 1558 .
614 1546 626 1558 .
671 1541 688 1556 .
942 1508 1060 1563 aliis
1087 1507 1314 1578 colonis,

109 1590 241 1648 serv
283 1615 297 1631 .
342 1616 355 1629 .
401 1616 414 1628 .
459 1613 473 1629 .
518 1616 532 1630 .
580 1613 592 1626 .
636 1612 651 1627 .
696 1614 711 1629 .
941 1579 1031 1648 qui
1057 1578 1127 1647 (c)
1145 1582 1376 1637 reddent

108 1650 700 1700 ceci........
944 1650 1312 1707 ...l‘ructum

106 1716 723 1770 ali.........
942 1722 1476 1780 ...m...rib...

104 1784 678 1868 lap...’.....
942 1826 1611 1868 ._‘_.__._.....

104 1855 721 1912 ali.........
938 1858 1561 1918 42.Dicil........

104 1940 702 1983 οοο.........
943 1945 1385 1988 num.......

103 1997 203 2051 δῦ.
237 1998 436 2054 lterum
464 1994 563 2050 mi-
943 1998 1158 2065 lesistis.
1195 2041 1209 2055 .
1242 2043 1255 2056 .
1292 2043 1306 2057 .
1344 2045 1358 2058 .
1393 2045 1405 2058 .
1441 2044 1455 2059 .

102 2068 180 2121 sit
201 2068 339 2141 alios
359 2083 476 2123 ser-
1046 2070 1197 2141 Lapi.
1233 2115 1246 2127 .
1280 2114 1295 2128 .
1333 2115 1346 2127 .
1384 2115 1398 2128 .
1436 2114 1449 2127 .
1487 2115 1499 2128 .
1537 2114 1552 2129 .

105 2152 219 2211 vos
238 2139 450 2207 plures;
1049 2139 1205 2211 quem
1232 2159 1320 2199 re-

104 2214 165 2281 et
180 2208 443 2281 iecerunt
570 2246 571 2251 η
1051 2208 1309 2281 probate-4

104 2277 224 2332 illis
244 2278 436 2333 simili-
1052 2277 1179 2339 runt
1205 2299 1300 2339 ae-

104 2347 201 2403 57.
237 2358 339 2403 ter.
366 2347 473 2402 No-
1054 2389 1069 2404 .
1113 2392 1127 2405 .
1172 2394 1187 2406 .
1217 2354 1382 2410 ﬁcan-

106 2420 336 2474 vissime
348 2433 444 2473 au-
1052 2430 1151 2487 tes,
1184 2423 1273 2480 hic
1299 2428 1407 2479 lac-

107 2498 221 2543 tem
247 2489 395 2544 misit
416 2488 480 2542 il-
815 2537 856 2549 _
1054 2500 1136 2546 tus
1156 2494 1312 2549 estin

108 2537 488 2614 isiussi-
812 2537 857 2579 '
1048 2537 1313 2630 355:1“:
1346 2604 1360 2616 .
1398 2602 1411 2614 .

110 2645 207 2684 nm
230 2630 470 2692 unicum,
1054 2666 1069 2681 .
1105 2668 1119 2682 .
1156 2669 1169 2681 .
1202 2670 1216 2683 .
1256 2672 1268 2683 .
1292 2631 1519 2686 Domino

110 2699 341 2771 dicens:
366 2699 526 2771 Yere—
1050 2698 1219 2754 factus
1242 2710 1326 2754 est
1351 2700 1453 2771 (ά),

109 2769 323 2824 buntur
354 2770 456 2824 lili—
1052 2777 1107 2824 et
1130 2778 1215 2823 est
1231 2769 1390 2825 mira-

111 2854 209 2893 um
242 2854 443 2893 meum.
1055 2838 1197 2894 bilis.
1231 2880 1243 2893 .
1277 2881 1291 2894 .
1330 2882 1344 2895 .
1377 2879 1393 2893 .
1426 2882 1439 2892 .

114 2908 213 2965 38.
251 2908 444 2964 Coloni
472 2916 649 2965 autem
1057 2908 1142 2963 lis.
1178 2949 1191 2964 .
1230 2952 1241 2963 .
1275 2949 1289 2963 .
1323 2911 1439 2965 .is?

111 2980 369 3035 videntes
390 2980 452 3033 li-
957 2978 1265 3036 43.1deod.
1300 3022 1313 3035 .
1348 3021 1361 3033 .
1395 3022 1409 3037 .
1441 3020 1457 3035 .
1491 3019 1505 3032 .
1543 3018 1557 3033 .

114 3050 280 3114 liutn,
308 3050 561 3105 dixerunt
613 3078 621 3086 ι
957 3051 1061 3117 his,
1083 3065 1172 3120 qu.
1204 3090 1218 3105 .
1255 3092 1270 3107 .
1303 3094 1317 3105 .
1354 3092 1367 3105 .
1404 3093 1417 3105 .

114 3123 348 3175 interse
372 3138 385 3173 :
412 3120 510 3175 Hic
958 3130 1106 3176 retur
1124 3136 1175 3174 a.
1211 3160 1224 3175 .
1263 3163 1275 3175 .
1310 3164 1322 3177 .
1358 3161 1371 3174 .

115 3200 209 3247 est
234 3190 417 3259 heres,
440 3206 534 3246 ve-
622 3224 623 3227 η
958 3191 1040 3245 bis
1063 3204 1170 3260 reg.
1207 3232 1220 3245 .
1260 3234 1272 3245 .
1310 3233 1323 3247 .
1355 3230 1369 3247 .
1406 3230 1420 3245 .

121 3260 687 3317 ......occida-
959 3260 1316 3319 Dei......

119 3347 426 3397 museum,

120 3412 180 3456 et
210 3402 527 3457 habebimus
963 3438 978 3453 .
1057 3442 1069 3453 .
1147 3438 1163 3453 .
1241 3440 1255 3455 .
1334 3442 1347 3454 .
1428 3444 1442 3457 .
1524 3444 1535 3456 .
1617 3445 1631 3459 .

125 3472 631 3527 heredita.....
965 3472 1633 3543 ..·..(ε)..

568 3582 799 3637 CODEX
836 3580 1298 3639 CORBEIENSIS.

138 3678 326 3733 ﬁcavit
371 3677 592 3741 turrim,
640 3686 694 3748 et
743 3677 935 3730 locavit
979 3693 1095 3731 eam
1143 3679 1378 3744 οοιοιιὶε,
1413 3687 1466 3735 et
1497 3694 1718 3748 peregre

128 3752 413 3816 prolectus
477 3754 578 3818 est.
635 3746 813 3814 Quum
862 3756 1067 3817 tempus
1116 3749 1385 3803 fructuum
1431 3746 1719 3818 appropin-

133 3815 394 3889 quasset,
426 3815 569 3889 misit
598 3831 784 3871 servos
812 3831 938 3889 suos
967 3815 1030 3871 ad
1058 3820 1301 3883 eulonos,
1329 3830 1386 3873 ιιι
1406 3815 1717 3889 acciperent

133 3884 204 3942 tie
229 3884 490 3941 fi-uctihus
516 3886 684 3941 vinem
707 3904 836 3941 sum.
860 3888 924 3941 Et
942 3890 1407 3956 apprehendcrunt
1423 3884 1606 3944 servos
1628 3907 1720 3943 co-

135 3960 249 4013 loni
272 3998 287 4024 ,
336 3958 471 4011 alios
489 3959 834 4021 ceciderunt,
864 3958 996 4011 alios
1022 3960 1330 4013 occiderunt
1354 4000 1368 4021 ,
1398 3960 1530 4014 alios
1588 3975 1716 4013 vero

134 4030 533 4097 lapidaverunt.
561 4026 764 4081 Rursus
792 4029 982 4097 iterum
1008 4028 1147 4081 misit
1175 4029 1308 4082 alios
1329 4043 1513 4083 servos
1538 4030 1716 4097 plures

134 4094 446 4169 prioribus;
470 4098 716 4153 similiter
732 4108 785 4153 et
804 4098 933 4165 ipsis
960 4095 1214 4169 fecerunt.
1246 4098 1523 4169 Postremo
1538 4094 1713 4151 autem

138 4165 295 4224 inisit
326 4168 493 4223 lilium
532 4185 684 4222 suum
719 4169 951 4228 unicum,
984 4165 1167 4220 dicens
1199 4184 1211 4219 :
1246 4167 1586 4222 Verebuutur
1614 4169 1717 4219 uti-

137 4256 249 4309 que
284 4239 449 4293 lilium
480 4254 679 4293 meum.
712 4237 789 4291 Illi
814 4244 986 4309 autem
1018 4235 1547 4309 utvideruntl‘tlium,
1576 4236 1717 4288 dixe-

140 4304 272 4363 runt
303 4312 439 4363 intra
463 4324 521 4363 se
547 4326 559 4360 :
592 4309 688 4361 Hic
717 4314 798 4359 est
828 4304 1032 4367 haeres,
1051 4306 1223 4357 venite
1244 4305 1707 4367 occidamuseum,

140 4392 197 4435 et
240 4379 605 4449 possideamus
640 4374 987 4449 hereditatem
1028 4374 1163 4439 ejus.
1210 4374 1711 4449 Et_apprebe_nsum

141 4444 269 4505 eum
300 4450 576 4520 ejeeerunt
613 4456 767 4520 extra
794 4444 1023 4520 vineam,
1063 4452 1127 4520 et
1150 4444 1711 4520 _occi_derunt._Quuin

143 4537 277 4587 ergo
304 4514 511 4574 v'enerit
529 4515 788 4587 dominus
812 4514 1017 4587 vineae,
1042 4514 1166 4583 quid
1185 4514 1556 4587 facietcolouis
1584 4516 1715 4570 illis?

144 4583 318 4658 Aj‘unt
350 4590 424 4642 illi
453 4605 464 4637 :
497 4583 1142 4658 Malosmaleperdetzet
1166 4586 1372 4658 vineam
1404 4584 1579 4658 tradet
1597 4586 1714 4658 aliis

142 4654 357 4716 colunis
384 4698 397 4720 ,
425 4657 512 4724 qui
551 4654 773 4709 reddant
809 4654 859 4709 ei
890 4654 1088 4709 fructus
1112 4657 1437 4723 temporibus
1466 4657 1599 4709 suis.
1626 4654 1717 4709 Ait

144 4733 214 4784 ad
249 4728 368 4781 illos
390 4725 545 4784 Iesus
579 4742 593 4777 :
623 4724 876 4795 Lapidem
901 4740 1056 4794 quem
1087 4726 1503 4795 reprobaverunt
1532 4725 1717 4780 aedili-

144 4808 361 4859 cantes,
380 4797 468 4850 hil:
496 4796 662 4851 lactus
683 4804 765 4850 est
786 4796 837 4849 in
862 4806 1017 4865 caput
1037 4796 1247 4865 anguli?
1274 4797 1320 4850 A
1350 4797 1573 4850 Domino
1605 4797 1718 4850 fac-

148 4878 241 4921 tus
288 4876 371 4937 est
401 4865 483 4937 (d)
507 4866 631 4937 hic,
671 4874 727 4921 et
766 4876 847 4921 est
885 4867 1140 4937 mirabilis
1189 4866 1251 4937 in
1279 4867 1446 4937 oculis
1489 4866 1721 4937 nostris?

149 4939 280 4993 Ideo
308 4934 430 5007 dico
461 4934 787 5007 vobis.iquia
824 4934 1091 5007 auleretur
1116 4950 1147 4990 a
1173 4936 1324 5007 vobis
1352 4951 1576 5007 regnum
1604 4935 1721 5001 Dei,

149 5018 210 5065 et
234 5006 446 5062 dabitur
468 5005 847 5075 gentilacienti
891 5005 1139 5061 fructum.
1172 5014 1198 5043 ⁸
1229 5005 1298 5060 Et

1087 313 1532 374 EVANGELIUM
1569 313 1941 375 SECUNDUM
1979 317 2409 376 MA-TTHA'JUM.

2240 438 2472 497 CODEX
2513 439 2958 502 VERONENSIS.

2638 543 3227 689 ἓῖῑῗὲιιὲἓέἓςιιθηεωη

2634 690 2755 747 eum
2786 674 2860 747 (ὁ)
2884 674 3031 733 occi-

1808 538 2028 611 turrem,
2051 542 2103 586 et
2130 529 2214 587 lo-

1806 609 1946 673 cavit
1967 609 2084 673 eam
2108 617 2199 656 c0-

1806 669 1980 734 Ionis,
1999 684 2051 725 et
2082 686 2233 741 pere-

1804 756 1899 810 gre
1926 741 2196 809 prolectus
2639 741 2851 825 derunt,
2886 757 2942 803 et

1805 822 1906 883 est.
1936 881 1960 883 Α
2470 831 2473 835 ·
2637 822 2913 883 ejeccrunt

1803 881 1894 935 54.
1924 881 2054 959 Cum
2084 892 2293 953 tempus
2639 881 2795 959 extra
2812 892 3022 943 vineam
3042 890 3105 959 1-.

1805 960 1984 1027 autem
2004 951 2272 1027 (ructuum
2637 954 2726 1009 40.
2759 956 2891 1012 Cum
2915 973 3043 1027 ergo

1803 1020 2306 1092 adpropinquasset,

1803 1092 1949 1146 misit
1976 1107 2163 1148 servos

1803 1175 1931 1216 suos
1955 1162 2023 1216 ad
2047 1164 2197 1218 colo-

1803 1247 1921 1297 nos,
1958 1241 2016 1286 ut
2042 1235 2253 1302 accipe-

1801 1312 1923 1356 rent
1940 1303 2008 1357 de
2028 1304 2213 1358 fructi-

1803 1372 1889 1427 55.
1923 1372 2022 1427 bus
2048 1375 2178 1427 suis.
2208 1373 2278 1427 Et

2638 1026 2844 1081 venerit
2862 1028 3112 1085 dominus

2637 1096 2845 1163 vineae,
2876 1098 3004 1165 quid
3151 1102 3154 1106 “

2636 1166 2793 1221 faciet
2813 1168 2959 1223 colo-

2637 1236 2721 1289 nis
2742 1236 2883 1292 illis?

2636 1305 2724 1359 41.
2757 1306 2921 1375 Ajunt
2949 1308 3024 1363 illi
3052 1327 3064 1363 :

2637 1376 2803 1431 Malos
2829 1378 2967 1433 male

1800 1444 1975 1497 coloni
2001 1442 2192 1511 adprc-
2636 1445 2824 1513 perdet
2848 1465 2860 1499 :
2885 1456 2939 1502 et
2961 1450 3037 1503 vi—

1801 1513 1981 1567 hensis
2003 1513 2211 1579 (servis,
2636 1530 2795 1570 neam
2820 1533 2969 1572 suam

1802 1599 1965 1637 unum
1998 1583 2208 1637 cecide-
2637 1584 2833 1640 locavit
2852 1587 2973 1641 aliis

1801 1661 1946 1718 runt,
1975 1654 2139 1707 alium

1801 1732 1982 1792 autem
2009 1724 2145 1792 lapi-

1805 1791 2088 1857 daverunt’,

1804 1863 1967 1917 alium
2001 1878 2134 1919 vero

1805 1934 2139 1988 occiderunt.

1807 2001 1897 2057 56.
1927 2003 2124 2058 lterum
2145 2003 2289 2060 misit

2637 1655 2870 1726 colonis,
2893 1659 2982 1726 qui

2642 1724 2714 1793 (c)
2745 1724 2968 1781 reddent
2986 1730 3036 1784 ei

2640 1795 2843 1850 fructus
2868 1796 2908 1866 ἰ·
2940 1808 3075 1852 lem-

2640 1866 2861 1934 poribus
2876 1868 3007 1920 suis.

2592 1994 2595 1997 ν
2640 1935 2731 2004 42.
2764 1935 2900 1991 Dicit
2927 1937 3032 1992 illis
3330 1999 3335 2004 ,

2640 2003 2835 2077 desus:
2867 2022 3154 2077 numquam
3246 2041 3249 2044 ‹

2643 2074 2846 2142 legistis
2872 2078 2921 2129 in

2644 2144 2954 2213 Scripturis.
2978 2145 3079 2201 La-

2644 2213 2823 2283 pidem
2853 2232 3008 2279 quem

2643 2285 3071 2352 reprobaverunt

1808 2072 1945 2128 alios
1972 2090 2155 2129 servos

1807 2143 1989 2265 plures
2019 2143 2208 2211 priori-

1851 2226 1943 2265 us:
1973 2222 2027 2265 et
2046 2212 2189 2265 lece-

1851 2226 1943 2277 us;
1973 2222 2027 2266 et
2046 2212 2189 2269 lece-

1811 2291 1940 2335 runt
1966 2283 2072 2337 illis

1810 2352 2073 2422 similiter.
2645 2354 3005 2422 aediﬁcantes,

1808 2421 1897 2476 37.
1929 2421 2228 2479 Novissime
2647 2422 2735 2479 hic
2762 2425 2932 2480 lactus

1808 2500 1985 2563 autem
2006 2494 2150 2548 misit
2219 2519 2224 2527 π
2643 2503 2727 2548 est
2746 2496 2799 2548 in
2821 2506 2979 2563 caput

1809 2560 1918 2615 illis
1941 2562 2104 2617 lilium
2642 2565 2858 2631 anguli?
2881 2560 2927 2620 Ᾱ

2644 2632 2872 2687 Domino
2894 2634 3066 2690 factus

2642 2711 2725 2784 e§l
2749 2701 2828 2784 (4)
2858 2705 2959 2784 iste
2978 2705 3041 2773 in

2644 2780 2699 2825 Οἱ
2721 2780 2805 2826 est
2831 2780 2987 2828 mira-

1808 2644 1965 2684 suum
1997 2632 2235 2697 unicum,

1806 2698 2039 2771 dicens:
2061 2701 2136 2771 (a)
2158 2700 2289 2755 For-

1806 2770 1963 2839 sitam
1991 2770 2032 2839 -ι⁴
2061 2770 2211 2825 vere-

1808 2836 2193 2894 buntur'lllium
2644 2841 2769 2897 bilis
2800 2844 2851 2898 in

1812 2923 2011 2963 meum.
2646 2914 2815 2966 oculis
2836 2928 2932 2969 no-

1816 2979 1905 3034 58.
1936 2980 2121 3036 Coloni
2149 2990 2327 3036 autem
2646 2984 2811 3036 stris?

1816 3049 2061 3119 videntes
2091 3052 2277 3119 lilium,
2646 3052 2737 3107 45.
2769 3052 2843 3107 Ita
2874 3053 2995 3109 dico
3021 3057 3190 3113 vobis.

1816 3118 2225 3190 dixeruntjintra
2614 3162 2617 3164 »
2646 3122 2767 3190 quia
2786 3124 3062 3180 auferetur

1815 3204 1875 3244 se
1900 3209 1913 3244 :
1944 3190 2043 3247 Hie
2067 3200 2151 3247 est
2177 3242 2181 3247 .
2647 3207 2676 3244 a
2700 3194 2849 3249 vobis
2869 3211 3089 3251 regnum

1819 3260 1997 3327 heres,
2022 3264 2202 3317 venite
2649 3263 2766 3328 Dei,
2790 3275 2843 3317 et
2869 3260 3083 3320 dabitur

1819 3331 2126 3387 occidamus
2648 3334 2792 3390 genti
2814 3334 3024 3390 lacienti

1818 3416 1963 3465 eum,
1995 3412 2050 3455 et
2072 3402 2234 3455 habe-
2650 3402 2878 3458 fructum

1819 3472 1991 3527 bimus
2013 3472 2227 3527 heredi-
2651 3473 2768 3540 ejus
2790 3474 2881 3544 (e).

2302 3581 2535 3638 CODEX
2575 3582 2961 3643 BRIXIANUS.

1822 3685 2022 3730 turrem
2060 3682 2129 3751 et‘
2152 3673 2348 3728 locavit
2397 3690 2516 3728 eam
2544 3677 2891 3751 agricolis‘ct
2930 3693 3152 3750 peregre
3200 3684 3408 3751 prol’ec-
3453 3678 3462 3684 ’

1821 3756 1909 3801 tus
1944 3756 2048 3801 est.
2090 3744 2221 3820 Cum
2283 3754 2458 3799 autem
2521 3744 2730 3820 tempus
2782 3744 3086 3820 Alructunm'
3110 3744 3399 3820 adpmpin-

1822 3827 2039 3883 quasset
2057 3815 2204 3888 misit
2228 3829 2414 3888 servos
2442 3830 2567 3888 suos
2592 3818 2659 3871 ad
2682 3818 2962 3886 agricolas.
3000 3830 3055 3872 ut
3102 3815 3406 3888 acciperent

1823 3888 2031 3941 fructus
2070 3886 2203 3954 ejus.
2256 3886 2321 3939 Et
2366 3886 2631 3954 agricolae
2674 3888 3026 3954 adprahensis
3068 3886 3237 3941 servis
3288 3890 3403 3956 ejus

1827 3972 1988 4009 unum
2055 3956 2415 4010 caecidernnt.
2473 3958 2635 4009 alium
2708 3957 3015 4011 occiderunt
3058 3958 3219 4011 alium
3275 3975 3401 4013 vero

1820 4027 2209 4103 lapiilaverunt.
2243 4026 2441 4103 lterum
2483 4026 2628 4103 misit
2654 4026 3001 4103 alio§_scrvo_s
3037 4027 3214 4094 plures
3255 4035 3401 4103 prio-

1820 4097 1987 4149 ribus.
2018 4102 2074 4148 et
2098 4094 2438 4149 lecerunteis
2468 4094 2733 4149 similiter.
2766 4094 3063 4151 Novissime
3094 4094 3271 4151 autem
3305 4102 3404 4153 ini-

1820 4165 1889 4217 sit
1919 4165 1984 4216 ad
2015 4179 2109 4217 eos
2150 4164 2317 4216 lilium
2362 4179 2516 4217 suum
2546 4166 2870 4231 unigenitum
2903 4164 3108 4221 dicens.
3156 4167 3395 4225 Revere-

1821 4232 2191 4285 bunturﬁlium
2213 4247 2410 4286 meum.
2444 4234 2725 4301 Agricolae
2745 4244 2945 4289 autem.
2962 4236 3204 4292 videntes
3224 4240 3389 4295 lilium

1816 4302 2068 4353 dixerunt
2112 4302 2249 4354 intra
2278 4316 2355 4356 se.
2395 4302 2491 4356 Hic
2517 4314 2601 4357 est
2643 4304 2820 4359 heres.
2868 4306 3048 4359 venite
3091 4309 3400 4365 occidamus

1814 4385 1936 4449 eum
1974 4378 2029 4424 et
2058 4370 2371 4449 habebimus
2421 4372 2777 4428 hereditatem
2816 4374 2951 4449 ejus.
2992 4377 3056 4431 Et
3097 4379 3401 4449 adprahen-

1814 4440 2155 4511 deuteseum
2178 4442 2455 4511 eiecerunt
2496 4458 2617 4497 eum
2649 4452 2798 4499 extra
2838 4440 3067 4501 vineam.
3106 4440 3398 4505 et'occide-

1816 4520 1960 4587 runt.
1990 4510 2535 4587 Cumergovenerit.
2560 4515 2811 4587 dominus
2839 4518 3045 4581 vineae,
3078 4520 3204 4587 quid
3237 4520 3397 4575 faciet

1814 4581 2067 4655 agricolis
2093 4582 2219 4655 illis.
2251 4583 2510 4655 Dixerunt
2537 4584 2608 4637 ei.
2651 4584 2815 4639 Malos
2845 4588 2982 4640 male
3009 4581 3193 4655 perdet
3234 4599 3286 4643 et
3317 4590 3397 4643 vi-

1817 4667 1971 4706 neam
2005 4652 2203 4724 locavit
2237 4654 2359 4708 aliis
2406 4654 2673 4723 agricolis.
2707 4656 2799 4724 qui
2843 4652 3069 4711 reddant
3100 4660 3147 4710 ei
3194 4658 3400 4713 fruetus

1818 4722 2150 4790 temporibus
2170 4725 2300 4777 suis.
2334 4722 2468 4778 Dicit
2495 4725 2597 4779 illis
2619 4722 2792 4779 Jesus.
2823 4740 3090 4794 nunquam
3117 4728 3317 4793 legistis
3336 4729 3389 4783 in

1821 4793 2111 4847 Scribturis
2143 4794 2395 4860 Lapidem
2417 4810 2573 4861 quem
2597 4793 3017 4861 reprobaveru’nt
3045 4795 3393 4853 :edilicantes.

1826 4862 1912 4914 hic.
1952 4863 2119 4918 factus
2146 4873 2227 4917 est
2253 4863 2305 4916 in
2331 4874 2491 4929 caput
2516 4866 2717 4931 anguli.
2748 4866 2787 4916 Α
2822 4864 3048 4917 Domino
3073 4868 3266 4921 factum
3315 4878 3397 4924 est

1825 4932 1988 4986 istud.
2013 4945 2063 4987 et
2088 4942 2173 4987 est
2202 4932 2443 4986 mirabile
2481 4932 2536 4985 in
2566 4934 2735 4987 oculis
2766 4935 2980 4989 nostris.
3010 4934 3134 4991 Ideo
3168 4936 3287 4991 dico
3309 4954 3402 4993 vo-

1827 5001 1928 5056 bis.
1960 5003 2100 5075 quia
2126 5003 2399 5075 auferetur
2429 5018 2457 5053 a
2504 5002 2656 5075 vobis
2684 5018 2907 5075 regnum
2937 5004 3051 5061 Dei.
3093 5014 3149 5062 et
3188 5008 3401 5065 dabitur

1830 5070 1989 5141 genti
2002 5071 2219 5126 facienti
2255 5070 2461 5126 fructus
2482 5072 2620 5143 ejus.

1490 5162 1851 5223 BLANCHINI
1884 5161 2112 5218 NOTAE.

232 5272 259 5300 η
303 5258 483 5317 Codex
511 5256 796 5313 Corheien.
818 5258 1013 5313 omittit
1054 5258 1155 5314 hoc
1192 5258 1312 5313 loco
1343 5272 1555 5313 versum
1596 5259 1731 5312 inte-

158 5350 339 5409 grum,
358 5330 447 5402 qui
472 5330 543 5383 44
564 5335 870 5409 numeratur
886 5329 939 5383 in
956 5327 1178 5409 vulgata
1201 5336 1402 5409 nostra.
1423 5326 1540 5409 Lat.
1560 5328 1733 5409 Eum-

160 5397 286 5461 dem
319 5397 533 5473 quoque
560 5399 877 5454 versiculum
912 5397 1109 5453 omittit
1134 5399 1410 5467 exemplar
1437 5397 1728 5463 Cantabr.;

1836 5256 1989 5333 deest
2018 5271 2247 5333 namque
2274 5256 2327 5313 in
2357 5272 2425 5314 eo
2464 5248 2591 5333 Gr._
2613 5261 2840 5333 etuLat.
2905 5262 3068 5317 Pares
3128 5262 3307 5333 itaque
3350 5262 3403 5318 in

1837 5327 2018 5381 nmltis
2062 5328 2451 5402 dignoscuntur
2492 5328 2651 5402 codd.
2682 5331 2760 5402 illi
2811 5346 2941 5387 mss.
3001 5346 3192 5402 nempe
3220 5327 3399 5389 'Corb.

1838 5407 2022 5453 noster
2070 5398 2188 5452 Lat.
2237 5407 2292 5452 et
2342 5399 2437 5454 Cr.
2494 5399 2612 5455 Lat.
2662 5400 2885 5457 Cantab.

238 5528 316 5597 (α)
347 5524 583 5604 Αιιάιιιιῑ2
615 5518 1056 5604 [οηὶιαιξτὶεεξθηι-
1076 5520 1315 5604 nonnulli
1343 5518 1513 5604 codd.
1531 5518 1726 5583 Graeci,
1750 5532 1818 5604 ac_
1836 5516 2462 5604 versienesfyr.,_Pers.
2483 5528 2557 5604 et
2580 5519 2767 5587 Arab.,
2795 5535 2895 5604 nec
2937 5534 3041 5575 non
3071 5519 3333 5604 Ireuteus,
3355 5530 3413 5578 et

162 5585 477 5675 01ι“ι-)ἱευξι.,
508 5610 540 5650 e
562 5585 878 5675 labem—(3)
906 5588 985 5643 lla
1010 5599 1063 5644 et
1089 5590 1228 5675 φᾶ..
1239 5590 1392 5675 Cant.
1415 5591 1703 5675 ἀπέδετιεναν

1847 5589 2075 5653 ἐξέϐαλον
2103 5585 2203 5675 {es
2226 5594 2319 5675 ἷοᾷ
2344 5590 2657 5675 ἀμπελῶνος,
2686 5585 2760 5675 ξιοἽ
2775 5590 2989 5675 antiqua
3012 5590 3187 5675 versit)
3207 5585 3409 5648 Saxo".

163 5696 239 5709 -—-
277 5657 354 5737 (ε)
387 5657 568 5737 [laet
590 5672 763 5720 textus
809 5657 1044 5737 Caseus,
1097 5657 1455 5737 ἀποδὼσφσιν
1489 5662 1632 5734 αὐτῷ
1671 5682 1700 5715 τ

1821 5663 2060 5735 καρποὺς.
2092 5687 2163 5698 -
2185 5657 2262 5729 (ιι)
2294 5657 2408 5729 iste,
2438 5662 2605 5717 relate
2633 5660 2699 5715 ad
2721 5657 2920 5733 γωνίας.
2954 5658 3095 5731 ——(e)
3123 5659 3285 5719 Deest
3331 5670 3412 5720 t0-

166 5748 256 5795 tus
285 5728 483 5811 versus
507 5734 611 5805 44,
640 5737 801 5792 etiam
842 5732 894 5789 in
932 5730 1086 5787 Cant.
1115 5728 1207 5785 Cr.
1248 5738 1303 5784 et
1323 5728 1441 5784 Lat.
