3900 6412
909 325 1138 388 CODEX
1177 318 1703 386 VERCELLENSIS.

1341 428 1391 473 ta
1414 427 1539 475 sunt
1561 436 1573 469 :
1608 417 1759 472 veni-

1340 499 1393 544 te
1412 489 1477 542 ad
1510 488 1737 557 nuptias.

1341 558 1499 624 5.,1111
1526 567 1703 613 autem
1725 570 1779 611 rt.
1826 596 1839 609 .

1340 631 1621 699 glexerunt
1651 643 1667 680 :

1341 709 1394 755 et
1425 700 1694 765 abierunt,

1466 811 1478 822 .
1524 806 1537 822 .
1569 768 1713 824 vilia.
1755 808 1770 820 .
1813 804 1827 819 .

516 745 531 759 ο
614 744 626 757 ο
707 743 719 756 σ
800 742 815 757 θ
892 744 906 757 ο
986 744 1001 757 ο
1078 741 1091 755 Ι
1172 740 1185 753 ο

516 1051 603 1108 46.
634 1051 902 1118 Quaeren-

516 1131 595 1178 tes
623 1136 745 1176 eum
772 1130 921 1180 tene-

515 1208 594 1257 re,
618 1192 812 1246 timue-

509 1271 636 1315 runt
655 1262 836 1316 turbas
860 1279 875 1318 :

513 1332 759 1401 quoniam
782 1330 854 1387 si-

1459 1042 1467 1049 ο

1346 1227 1361 1241 .
1406 1228 1417 1243 .
1464 1157 1481 1241 ζ
1524 1229 1537 1241 .
1583 1227 1595 1239 .
1630 1196 1816 1241 881⁵108

1341 1258 1479 1328 ejus,
1501 1266 1555 1313 et
1578 1264 1721 1328 cont.
1766 1294 1781 1310 .

1342 1326 1467 1384 mel.
1510 1366 1525 1382 .
1570 1367 1582 1380 .
1614 1326 1788 1382 adteca

511 1392 621 1456 cut.
666 1442 679 1455 .
721 1442 736 1455 .
782 1441 795 1454 .
825 1408 966 1457 etam
1342 1408 1425 1453 tos
1452 1412 1567 1453 occ.
1612 1437 1626 1451 .
1671 1437 1684 1449 .
1731 1436 1745 1450 .
1788 1434 1808 1452 .
1848 1434 1862 1447 .
1898 1392 1981 1465 (ὁ)

517 1512 530 1523 .
578 1512 589 1523 .
637 1512 649 1525 .
694 1512 707 1527 .
740 1470 904 1529 babc-
1340 1469 1395 1521 7.
1422 1469 1516 1523 llle
1554 1467 1595 1537 -ιν
1622 1474 1799 1521 autem
1824 1477 1905 1521 re.
1948 1503 1961 1516 .
2011 1505 2025 1517 .

1341 1538 1833 1594 cumh......

684 1652 912 1711 CAPUT
939 1653 1102 1709 χιιι.
1346 1646 1363 1729 ζ
1523 1645 1549 1729 ⁸,
1584 1646 1598 1660 ’
1630 1644 1655 1727 ,⁸
1680 1604 1940 1732 “istim:
2003 1712 2020 1730 .

515 1744 566 1796 l.
606 1743 671 1797 Et
700 1744 1031 1811 respondens
1344 1783 1360 1800 .
1441 1786 1454 1798 .
1531 1783 1546 1797 .
1627 1784 1640 1797 .
1722 1784 1736 1799 .
1816 1786 1827 1797 .
1906 1780 1924 1797 .
2001 1784 2016 1797 .

510 1812 687 1883 Jesus,
709 1811 843 1865 dixit
1343 1829 1520 1879 suum,
1542 1824 1599 1869 et
1637 1828 1749 1883 per-

514 1882 621 1935 illis
642 1882 839 1939 iterum
1343 1884 1477 1939 didit
1503 1882 1722 1939 homici-

512 1952 586 2005 in.
633 1990 649 2005 .
692 1988 705 2002 .
751 1992 764 2005 .
810 1990 825 2005 .
870 1950 1027 2020 .olis,
1344 1954 1440 2009 das
1463 1954 1626 2017 illos,
1655 1960 1712 2009 et
1733 1952 1810 2008 ci-

518 2021 624 2075 dic.
670 2059 686 2076 .
729 2060 742 2073 .
786 2060 801 2073 .
847 2060 861 2075 .
1345 2024 1539 2079 vitales
1559 2038 1747 2079 eorum

511 2090 566 2143 9..
598 2090 750 2146 Simi.
796 2132 809 2145 .
855 2130 869 2145 .
912 2128 933 2147 ι
972 2132 986 2144 .
1032 2132 1045 2147 .
1348 2094 1604 2150 incendit.

521 2200 535 2214 .
615 2200 631 2215 .
701 2202 724 2225 ,.
803 2201 815 2215 .
896 2199 911 2215 .
990 2198 1006 2215 .
1083 2194 1102 2215 .
1176 2200 1190 2213 .
1345 2162 1959 2219 8...uucaitservis

518 2270 532 2284 .
613 2271 627 2285 .
709 2272 723 2285 .
801 2270 817 2286 .
895 2268 909 2283 .
990 2268 1005 2285 .
1082 2269 1096 2283 .
1177 2270 1190 2283 .
1345 2234 1749 2304 suiszNuptiae

1348 2304 1822 2372 ..uidempara-

1346 2372 1741 2440 taesunt,sed

522 2480 537 2493 .
618 2482 631 2495 .
710 2482 722 2494 .
800 2480 816 2496 .
894 2480 907 2493 .
986 2478 1002 2493 .
1081 2481 1093 2496 .
1174 2481 1188 2495 .
1344 2443 1717 2513 quierautin-

522 2549 534 2560 .
616 2553 627 2565 .
706 2552 719 2563 .
799 2551 812 2565 .
891 2548 906 2564 .
986 2548 1001 2564 .
1080 2549 1095 2564 .
1173 2550 1190 2566 .
1348 2516 1635 2569 vitatinon

1351 2585 1771 2641 ..ueruutdi-

521 2688 628 2703 ..
707 2692 720 2705 .
800 2692 815 2706 .
897 2690 907 2701 .
988 2687 1003 2701 .
1082 2690 1095 2704 .
1174 2684 1189 2705 .
1346 2654 1903 2738 9...._Ai.lte.ergo

520 2759 531 2773 .
614 2758 627 2773 .
707 2759 721 2773 .
800 2760 814 2773 .
893 2758 907 2770 ο
988 2759 1001 2773 .
1081 2758 1095 2773 .
1176 2761 1190 2774 .
1349 2736 1815 2782 ...exitusvia-

517 2860 571 2913 .l.
599 2858 768 2915 Dicite
790 2859 926 2913 invi-

515 2932 639 2985 tatis
664 2946 677 2981 :
706 2931 932 2984 Ecce....
957 2942 1054 2984 an-

514 3000 659 3054 dium
684 3015 861 3054 meum

519 3072 725 3138 paravi,
754 3067 889 3125 tauri

517 3141 620 3194 tnei
638 3150 693 3196 et
709 3141 919 3211 sagina-

516 3218 567 3263 ta
589 3212 765 3265 occisa
792 3222 937 3277 sunt,

516 3289 569 3333 et
595 3282 769 3335 omnia
790 3296 944 3349 para-
1351 3322 1365 3335 .
1410 3325 1424 3338 .
1467 3324 1479 3339 .
1502 3298 1798 3354 congrega-

943 3370 1171 3429 CODEX
1208 3374 1675 3433 CORBEIENSIS.

514 3479 673 3533 quum
714 3464 987 3519 audissent
1036 3465 1301 3533 principes
1352 3468 1689 3522 sacerdotum
1773 3477 1823 3523 et
1899 3468 2089 3523 Phari-

513 3534 622 3607 saei
680 3536 959 3603 parabolas
1019 3538 1178 3602 ejus,
1227 3547 1593 3607 cognoverunt
1646 3538 1769 3606 quia
1819 3538 1885 3592 de
1961 3540 2091 3607 ipsis

515 3605 739 3659 diceret.
814 3606 879 3659 Et
942 3616 1259 3672 quaerentes
1303 3605 1451 3662 eum
1524 3605 1726 3670 tenere,
1803 3605 2095 3661 timuerunt

519 3676 700 3727 turbas
742 3687 758 3729 ε
806 3675 1056 3747 quoniam
1086 3688 1142 3728 ut
1188 3678 1496 3747 prophetam
1534 3693 1653 3730 eum
1695 3677 1986 3731 habebant.
2028 3677 2097 3730 Et

518 3747 845 3814 respondens
890 3746 1068 3809 Jesus,
1118 3747 1193 3799 ait
1226 3748 1330 3800 illis
1382 3748 1571 3801 iterum
1610 3749 1659 3800 in
1693 3747 1983 3815 parabolis,
2014 3747 2095 3800 di-

523 3831 650 3867 cens
695 3833 706 3866 :
749 3816 932 3871 Simile
964 3818 980 3847 ¹
1018 3826 1103 3870 est
1151 3832 1369 3884 regnum
1415 3820 1685 3871 coelnrum
1716 3818 1914 3870 homini
1958 3820 2093 3884 regi,

521 3886 610 3949 qui
640 3887 760 3937 fecit
784 3889 993 3953 nuptias
1015 3888 1035 3919 ³
1067 3887 1159 3940 lilii
1188 3890 1293 3941 sui.
1330 3887 1394 3939 Et
1426 3888 1570 3943 misit
1600 3902 1785 3940 servos
1834 3900 1961 3941 suos
1990 3887 2009 3917 ³
2038 3897 2095 3940 ιιι

526 3964 777 4025 vocarent
808 3958 1055 4011 invitatos
1084 3957 1150 4011 ad
1190 3960 1420 4025 nuptias,
1468 3968 1522 4012 et
1568 3958 1643 4011 illi
1689 3959 1875 4011 venire
1904 3957 2089 4010 nolue-

526 4030 667 4073 runt.
700 4021 889 4079 lterum
918 4028 1063 4079 misit
1090 4027 1224 4080 alios
1258 4021 1464 4089 servos,
1498 4028 1681 4081 dicens
1712 4046 1723 4080 :
1762 4028 1928 4080 Dicite
1958 4029 2091 4080 invi-

528 4092 691 4170 tatis:
719 4092 853 4170 Ecce
890 4098 1164 4161 prandium
1208 4114 1383 4152 meum
1427 4100 1624 4166 paravi,
1672 4098 1807 4151 tauri
1854 4098 1956 4170 mei
1988 4096 2009 4127 ‘
2037 4108 2094 4170 et

526 4160 692 4238 altilia
722 4160 902 4239 occisa
937 4177 1079 4227 sunt,
1106 4176 1159 4219 et
1204 4170 1379 4239 omnia
1414 4160 1593 4237 parata
1614 4160 1747 4222 Sunt
1776 4185 1787 4220 :
1822 4168 1994 4221 venite
2025 4167 2090 4221 ad

526 4230 759 4307 nuptias.
810 4230 888 4282 llli
933 4244 1108 4307 autem
1148 4230 1491 4307 neglexerunt
1522 4256 1533 4288 :
1567 4248 1621 4291 et
1650 4241 1919 4301 abierunt,
1958 4240 2097 4291 alios

529 4301 579 4353 in
617 4300 788 4352 villam
818 4315 989 4371 suam,
1015 4300 1152 4371 alius
1180 4304 1199 4330 ⁸
1226 4300 1292 4355 ad
1312 4308 1722 4371 negotiationem
1754 4300 1913 4359 suam
1936 4324 1949 4358 :
1975 4321 2094 4359 cae-

528 4370 624 4422 teri
650 4384 776 4421 vero
807 4370 1275 4437 apprelieuderunt
1306 4370 1494 4424 servos
1515 4376 1652 4439 ejus,
1695 4383 1749 4426 et
1769 4378 2096 4428 contumelia

529 4440 651 4493 illos
678 4440 981 4492 afﬂixerunt
1006 4448 1059 4492 et
1078 4440 1405 4509 occiderunt.
1440 4441 1553 4493 Rex
1581 4456 1709 4494 vero
1729 4455 1889 4509 quum
1920 4443 2099 4496 audis-

525 4518 628 4571 set,
662 4511 827 4564 iratus
855 4518 935 4563 est
962 4525 973 4559 :
1010 4520 1062 4562 et
1090 4508 1109 4537 ⁸
1138 4510 1278 4563 misit
1308 4511 1605 4563 exercitum
1630 4508 1806 4574 suum,
1835 4520 1887 4563 et
1918 4511 2098 4579 perdi-

528 4579 606 4632 dit
633 4580 924 4635 homicidas
958 4580 1078 4632 illos
1102 4619 1115 4641 ,
1139 4588 1194 4632 et
1231 4580 1499 4633 civitatem
1546 4579 1755 4632 illorum
1796 4582 2096 4633 succendit.

527 4648 677 4703 Tunc
732 4662 804 4703 ait
868 4652 1038 4703 servis
1095 4652 1263 4702 suis:
1310 4649 1537 4717 Nuptiae
1599 4650 1812 4716 quidem
1884 4657 2105 4717 paratae

527 4729 653 4774 sunt
678 4762 691 4785 ,
715 4723 733 4751 ⁷
769 4721 973 4775 invitati
1005 4730 1183 4775 autem
1211 4736 1313 4773 non
1348 4719 1562 4773 fuerunt
1587 4718 1754 4787 digni.
1784 4718 1858 4772 Ite
1880 4734 2005 4787 ergo
2033 4719 2103 4772 ad

525 4792 708 4845 exitus
743 4792 947 4844 viarum
969 4833 986 4855 ,
1042 4800 1097 4845 et
1132 4805 1541 4859 quosquumque
1587 4792 1899 4843 inveneritis
1922 4830 1935 4853 ,
1963 4789 1985 4820 ⁸
2016 4790 2101 4843 iu-

526 4861 691 4915 vitate
731 4861 798 4915 ad
841 4862 1070 4929 nuptias.
1120 4861 1186 4916 Et
1214 4861 1415 4929 egressi
1470 4860 1608 4915 servi
1629 4860 1747 4929 ejus
1774 4862 1793 4893 ⁹
1825 4874 1920 4929 per
1948 4860 2062 4915 vias
2085 4898 2103 4924 ,

533 4944 896 5001 congregave-

1295 2814 1364 2847 ν.
1403 2835 1414 2845 .
1450 2806 1830 2865 um,etquos-

1347 2878 1574 2933 cumque
1605 2866 1689 2919 in-

1349 2935 1606 2988 veneritis
1629 2974 1644 2997 ,

1348 3012 1535 3058 vocate
1561 3003 1627 3057 ad
1650 3017 1777 3074 nup-

1352 3074 1475 3127 tias.

1350 3146 1435 3200 10.
1474 3142 1766 3225 Et.egrcssi
1786 3158 1910 3225 .ser-

1410 3253 1423 3267 .
1466 3253 1479 3267 .
1518 3216 1635 3282 ejus
1666 3216 1717 3267 in
1750 3216 1821 3269 vi-

1043 214 1308 277 EUSEBII
1346 209 1684 272 VERCELL.
1726 205 2166 271 EVANGELIUM
2202 208 2343 267 CUM
2384 207 2605 269 VABIIS
2640 206 2793 267 COD.
2832 206 3213 267 COLLATUM.
3726 206 3760 258 νς

2614 319 2845 377 CODEX
2882 311 3326 375 VERONENSIS.

2192 414 2282 468 45.
2326 414 2391 469 Et
2419 427 2541 469 cum
2569 426 2661 467 au-
3013 412 3121 465 nite
3146 409 3212 464 ad
3239 409 3472 478 nuptias.

2195 483 2399 539 dissent
2424 482 2619 552 princi-
3012 481 3065 535 5.
3108 480 3183 535 llli
3209 489 3386 534 autem
3422 491 3518 533 ne-

2196 568 2292 624 pes
2321 556 2660 609 sacerdotum
2680 592 2696 619 ,
3011 552 3293 624 glexerunt
3326 566 3343 624 ξ
3365 557 3421 624 et

2196 618 2251 678 et
2278 624 2547 679 Pharisaei
3011 618 3293 689 abierunt,
3322 618 3409 689 (α)

2198 694 2475 763 parabolas
2501 693 2649 762 ejus,
3013 691 3102 745 alii
3126 690 3178 744 in
3208 688 3388 763 villam

2197 758 2559 834 cognoverunt
2635 758 2639 759 ⁷
3014 775 3162 814 suam
3180 801 3195 826 ,
3211 758 3317 834 _alii

2198 828 2338 902 quod
2366 832 2433 887 de
2460 832 2589 901 ipsis
3012 845 3144 902 vero
3163 828 3231 883 ad
3257 842 3420 897 nego-

2198 900 2287 959 86.
2326 900 2491 958 dicit.
2508 904 2573 958 Et
2599 908 2765 974 quac-
3014 900 3295 974 tiationein
3308 911 3461 953 suam
3486 914 3500 950 :

2200 982 2381 1029 rentes
2405 988 2528 1029 eum
2616 969 2634 974 ⁷
3016 969 3069 1023 6.
3108 970 3295 1037 reliqui
3328 982 3456 1023 vero

2203 1055 2385 1100 tenere
2406 1083 2423 1109 ,
2452 1043 2646 1099 timue-
3018 1046 3302 1109 tenuerunt
3326 1050 3513 1093 servos

2202 1124 2324 1169 runt
2344 1108 2550 1189 turbam
2575 1129 2592 1169 :
3018 1108 3135 1189 9308
3150 1117 3247 1189 ’,βε
3266 1122 3397 1189 ερειέ

2200 1186 2448 1254 quoniam
2464 1182 2610 1239 sicut
3018 1176 3235 1232 tumelia
3263 1176 3413 1254 adfe-

2202 1248 2514 1324 prnphetam
3016 1256 3132 1302 ctos
3167 1248 3380 1303 occide-

2200 1322 2322 1377 eum
2351 1322 2515 1377 habe-
3016 1327 3161 1373 runt.

2203 1396 2347 1459 bant.
2754 1458 2763 1459 ί
3020 1388 3073 1441 7.
3113 1388 3187 1458 (ὁ)
3217 1387 3482 1459 met-rex

2368 1459 2594 1517 CAPUT
2623 1455 2787 1523 XX".
3018 1455 3138 1511 cum
3168 1455 3435 1527 audisset,

2208 1536 2258 1588 l.
2284 1534 2351 1587 Et
2375 1543 2594 1601 respon-
3020 1529 3188 1601 iratus
3208 1539 3328 1601 est:

2205 1604 2338 1659 dens
2354 1599 2509 1657 Jesus
2527 1642 2542 1667 ,
3020 1607 3073 1652 et
3102 1600 3247 1652 misit
3269 1599 3347 1668 (ε)

2204 1674 2339 1729 dixit
2370 1672 2472 1726 illis
3025 1668 3319 1724 exercitum
3350 1669 3390 1738 *ι’

2204 1746 2394 1800 iterum
2427 1743 2478 1794 in
2655 1798 2658 1801 ,
3025 1752 3177 1792 suum
3204 1779 3219 1804 ,
3245 1747 3299 1794 ει
3326 1753 3452 1807 ρει».

2241 1808 2471 1867 arabolis
2494 1850 2508 1874 ,
2542 1808 2621 1862 di-
3024 1807 3161 1861 dldit
3190 1808 3419 1863 homici-

2244 1922 2258 1936 .
2298 1895 2427 1935 cens
2453 1897 2467 1933 :
2494 1877 2681 1933 Simile

2203 1962 2286 2007 est
2312 1963 2535 2019 regnum

2202 2021 2471 2077 caelorum

2205 2091 2407 2146 homini
2435 2089 2583 2159 regi,

2202 2163 2292 2232 qui
2324 2160 2448 2216 fecit
2473 2172 2607 2228 nup-

2204 2234 2305 2287 tias
2336 2232 2443 2284 lilio
2463 2242 2581 2283 suo.

2202 2303 2256 2358 3.
2296 2302 2363 2357 Ει
2389 2299 2531 2355 misit
2556 2306 2743 2355 ξεῖνοι

2200 2386 2329 2426 SUOS
2351 2382 2540 2425 vocare

2201 2443 2456 2497 invitatos
2477 2439 2542 2493 ad
2565 2454 2663 2493 nu-

2203 2513 2339 2583 ptias
2355 2552 2369 2576 ,
2392 2510 2655 2583 etnolue-

2202 2581 2327 2637 runt
2350 2581 2552 2636 venire.

2203 2653 2398 2708 lterum
2428 2651 2573 2706 misit

2202 2722 2337 2798 alios
2365 2718 2711 2798 servos_,_di-.

2202 2794 2256 2848 4.
2297 2807 2428 2848 cens
2454 2810 2467 2846 :
2502 2790 2668 2846 Dicite
2696 2790 2779 2843 iu-

3024 1878 3119 1932 das
3158 1877 3299 1941 illos,
3340 1888 3395 1934 et

3024 1948 3293 2003 civitatem
3326 1948 3390 2002 il-

3022 2017 3194 2072 lorum
3228 2032 3451 2075 succen-

3020 2087 3072 2143 8.
3113 2088 3208 2141 dit.
3238 2088 3390 2145 Tunc
3420 2088 3498 2145 ait

3020 2160 3192 2213 servis
3215 2160 3331 2214 suis
3354 2176 3369 2214 :

3020 2226 3248 2297 Nuptiae

3022 2298 3234 2367 quidem
3262 2313 3355 2368 pa-

3021 2378 3171 2423 ratae
3200 2378 3343 2438 sunt,

3020 2439 3113 2509 sed
3141 2439 3231 2509 qui
3257 2449 3414 2494 erant

3020 2508 3227 2564 itﬂitali
3256 2524 3365 2563 non

3022 2577 3233 2649 fuerunt
3261 2577 3427 2649 digni.

3020 2647 3075 2703 9.
3093 2649 3191 2731 _lte
3217 2647 3346 2731 ergo
3375 2648 3441 2705 ad

3022 2720 3195 2774 exitus
3234 2720 3348 2773 via-

3024 2804 3162 2853 rum,
3189 2798 3243 2843 et
3265 2803 3427 2858 quos-

2204 2864 2385 2917 vitatis
2417 2880 2430 2916 :
2454 2862 2595 2917 Ecce
3024 2872 3252 2926 cumque
3274 2861 3354 2913 in-

2206 2932 2483 3001 prandium
2516 2944 2689 2986 meum
3023 2928 3300 3001 veneritis,

2204 2996 2416 3071 paravi,
2442 3001 2578 3056 tauri
3022 3008 3223 3071 vocate,
3246 2996 3311 3071 ad

3026 3070 3112 3124 10.
3155 3064 3389 3137 nuptias.
3428 3065 3497 3121 Et

3024 3136 3397 3222 egressiservi

3023 3208 3141 3279 eius
3172 3210 3225 3263 in
3256 3208 3390 3272 vias,

3023 3284 3483 3349 congregaverunt

2657 3373 2885 3430 CODEX
2923 3373 3318 3431 BBIXIANUS.

2200 3479 2253 3522 et
2298 3467 2385 3536 qui
2422 3466 2712 3520 caecidrrit
2757 3481 2914 3533 super
2962 3468 3186 3536 lapidem
3238 3467 3421 3522 istum.
3474 3467 3781 3539 confringe-

2202 3548 2307 3591 tur.
2356 3552 2516 3602 super
2563 3551 2719 3602 quem
2768 3552 2893 3590 vero
2938 3539 3243 3592 caeciderit.
3298 3538 3610 3593 conminuet
3633 3538 3779 3593 eum.

2204 3608 2270 3662 Et
2315 3621 2435 3660 eum
2482 3605 2757 3661 audissent
2810 3606 3073 3675 principes
3131 3611 3465 3662 sacerdotum
3520 3620 3576 3663 et
3636 3610 3781 3663 Pha-

2206 3678 2362 3731 risaei
2392 3676 2673 3748 parabolas
2713 3676 2829 3745 ejus
2852 3687 3233 3743 cognoverunt.
3272 3679 3411 3746 quod
3444 3679 3510 3732 de
3539 3681 3672 3748 ipsis
3699 3680 3783 3733 di-

2205 3756 2373 3801 ceret.
2417 3746 2478 3799 lit
2505 3756 2824 3813 quaerentes
2870 3762 2991 3800 eum
3033 3756 3234 3800 tenere.
3268 3746 3570 3802 timuerunt
3595 3750 3784 3802 turbas

2244 3819 2454 3886 noniam
2486 3818 2621 3870 sicut
2647 3818 2960 3885 prophetam
2995 3831 3115 3869 emn
3146 3816 3426 3871 habebant.
3456 3819 3518 3871 Et
3554 3834 3781 3886 respon-

2244 3834 2454 3869 nontam
2486 3834 2621 3870 SICUI
2647 3834 2960 3885 propnemm
2995 3834 3115 3869 811111
3146 3834 3426 3871 ιιλυρυιιηι.
3456 3834 3518 3871 Ι⁴δι
3554 3834 3780 3886 respon-

2202 3834 2334 3941 iiens
2366 3884 2545 3939 Jesus.
2576 3886 2767 3939 iterum
2798 3886 2936 3939 dixit
2960 3887 3038 3939 eis
3066 3886 3116 3937 in
3155 3886 3422 3952 parabolis
3450 3888 3656 3941 dicens.
3690 3889 3780 3941 Si-

2206 3956 2330 4010 mile
2352 3965 2429 4008 cst
2463 3971 2683 4023 regnum
2712 3956 2978 4009 caelorum
3005 3954 3203 4007 homini
3227 3956 3334 4022 regi
3365 3957 3451 4022 qui
3490 3956 3617 4009 fecit
3642 3974 3775 4022 unp—

2204 4026 2303 4079 tias
2336 4026 2443 4077 lilio
2467 4041 2585 4078 suo.
2628 4026 2689 4079 Et
2728 4025 2870 4078 misit
2898 4038 3082 4078 servos
3117 4039 3261 4075 suos.
3300 4039 3493 4077 vocare
3523 4025 3781 4079 invitatos

2201 4097 2266 4148 ad
2310 4096 2539 4165 nuptias.
2575 4108 2627 4149 et
2672 4097 2959 4149 noluerunt
2988 4095 3185 4165 venire.
3231 4092 3613 4165 lterum_misit
3641 4094 3779 4149 alios

2202 4162 2395 4219 servos
2418 4166 2621 4219 dicens.
2658 4167 2820 4220 Dicite
2849 4165 3101 4219 invitatis.
3133 4162 3269 4217 Ecce
3294 4163 3571 4231 prandium
3597 4180 3777 4216 meum

2206 4236 2407 4302 paravi.
2449 4238 2585 4289 tauri
2619 4240 2720 4289 mei
2763 4246 2816 4290 et
2854 4236 3091 4303 saginata
3124 4236 3297 4286 occisa
3338 4244 3459 4287 sunt
3498 4240 3553 4286 et
3598 4236 3779 4285 omnia

2207 4318 2409 4373 parata.
2443 4310 2620 4359 venite
2649 4307 2713 4358 ad
2754 4307 2962 4373 nuptias
3004 4306 3085 4359 llli
3128 4314 3302 4358 autem
3338 4304 3687 4371 neglexeruot
3728 4313 3783 4356 et

2205 4376 2454 4453 abierunt
2486 4377 2623 4429 alius
2652 4375 2715 4428 ad
2759 4392 2943 4455 agrum
2974 4391 3145 4428 snmn.
3186 4376 3320 4427 alius
3346 4388 3471 4427 vero
3510 4373 3577 4427 ad
3618 4387 3783 4452 nego-

2208 4445 2479 4496 tiationem
2520 4444 2908 4515 suamareliqui
2936 4461 3079 4497 vero.
3112 4451 3400 4499 tenuerunt
3428 4458 3614 4515 servos
3641 4444 3781 4515 ejus.

2206 4522 2260 4565 et
2288 4513 2624 4565 contumeliis
2654 4512 2867 4568 aﬂ'ecws
2899 4516 3227 4581 occiderunt.
3258 4515 3325 4568 Et
3346 4514 3569 4567 audiens
3592 4528 3684 4567 rex
3707 4512 3787 4581 (ὁ)

2212 4583 2321 4653 ille.
2340 4582 2501 4653 iratus
2514 4593 2614 4653 est.
2632 4594 2682 4635 et
2696 4585 2907 4637 mittens
2922 4583 2992 4653 (c)
3008 4588 3295 4639 exercitum
3310 4584 3536 4653 fsuum.
3554 4583 3789 4652 perdidit

2211 4650 2505 4704 homicidas
2536 4652 2674 4707 illos.
2703 4664 2757 4707 et
2786 4650 3047 4707 civitatem
3066 4655 3277 4707 illorum
3306 4650 3595 4709 succendit.
3630 4653 3787 4707 Tunc

2212 4722 2285 4792 ait
2305 4721 2480 4792 servis
2501 4724 2630 4775 suis.
2660 4722 2882 4791 Nuptiae
2911 4723 3122 4791 quidem
3158 4733 3372 4792 paratae
3398 4734 3541 4777 sunt.
3570 4725 3666 4778 sed
3694 4720 3787 4791 qui

2211 4789 2413 4863 invitati
2436 4802 2611 4845 erant.
2641 4789 2755 4846 non‘
2779 4789 2990 4847 fuermit
3018 4789 3181 4863 digni.
3218 4794 3292 4847 ite
3329 4809 3457 4863 ergo
3492 4794 3558 4847 ad
3603 4789 3785 4863 exitus

2215 4860 2419 4932 viarum
2450 4870 2504 4913 et
2546 4878 2906 4931 quoscumque
2953 4860 3279 4918 inveneritis.
3310 4860 3497 4917 vocate
3541 4864 3609 4920 ad
3647 4862 3786 4932 hup-

2216 4930 2337 4983 tias.
2369 4930 2655 4999 Etegressi
2680 4930 2919 4986 serviilii
2950 4932 3004 4986 in
3028 4934 3163 4989 vias.
3194 4948 3551 5005 congregave-

2205 3080 2261 3126 et
2282 3072 2518 3141 saginata

2206 3142 2383 3197 occisa
2409 3150 2532 3221 sunt
2552 3181 2567 3206 ,

2205 3221 2260 3265 et
2290 3224 2465 3265 omnia
2493 3223 2652 3279 para-

2208 3292 2261 3337 ta
2290 3291 2414 3336 sunt
2443 3298 2457 3335 :
2494 3295 2585 3335 νο-

1238 5020 1625 5078 VARlANTES
1654 5008 2039 5078 LECTIONES
2078 5017 2339 5077 contus
2373 5020 2485 5075 ns.
2521 5023 2577 5076 δ.
2617 5022 3112 5082 GERMANENSIS.

595 5118 609 5147 ¹
648 5116 821 5167 factum

592 5180 612 5207 ²
649 5180 744 5229 tilio
768 5190 873 5238 suo,

592 5241 613 5270 ³
645 5236 877 5289 vocare...
906 5242 955 5287 et
981 5236 1252 5287 noluerunt
1268 5238 1457 5300 venire,

591 5302 613 5365 ἓ
650 5311 698 5365 (ιι
718 5304 936 5361 saginata
962 5313 1069 5348 mea
1095 5301 1250 5365 occisa
1267 5339 1283 5365 ,
1310 5306 1420 5351 et...
1448 5306 1608 5361 parata
1634 5301 1832 5365 :veuite

593 5364 613 5393 ⁵
653 5364 713 5413 Ut
745 5360 885 5425 Vulg.
912 5375 1079 5425 usque,
1106 5360 1213 5412 Rex

2268 5112 2289 5175 ἔ
2325 5112 2481 5175 mbsis
2500 5114 2801 5175 exercitibus
2823 5117 2945 5175 suis,

2269 5174 2288 5203 ⁷
2326 5173 2413 5221 sed
2434 5176 2598 5235 qui....
2619 5173 2813 5227 fuerant

2273 5235 2294 5265 ⁸
2331 5243 2494 5284 νοωιθ

2277 5296 2298 5327 ν
2339 5296 2401 5346 ω
2422 5296 2471 5346 in
2498 5296 2709 5363 Vulgata
2729 5311 2895 5365 usque,
2921 5304 3109 5352 vestem

1822 5440 2187 5501 BLANCHINI
2226 5443 2455 5501 ΝΟΤΕ.

608 5538 811 5614 (ςιγιω.
846 5550 900 5593 et
926 5539 1046 5593 cod.
1074 5538 1237 5614 cant.
1277 5540 1321 5595 oi
1342 5540 1568 5614 pév..._oi
1589 5540 1665 5614 δέ,
1694 5540 1882 5595 αὔξη..
1906 5539 2017 5614 alii.
2042 5566 2084 5577 —

2236 5537 2399 5596 Addit
2420 5539 2527 5607 ille,
2547 5540 2667 5599 cod.
2692 5544 2903 5614 qucque
2926 5541 3080 5599 Cant.
3113 5542 3293 5601 ἃκεῖνος
3314 5538 3403 5609 qui
3429 5552 3548 5594 cum
3582 5535 3780 5595 Veron.

536 5609 763 5661 omittit.
810 5621 995 5691 autem.
1026 5641 1095 5652 —
1121 5609 1191 5681 (c)
1221 5610 1295 5665 Ita
1333 5609 1387 5667 et
1424 5609 1545 5667 cod.
1597 5611 1756 5673 Cant.
1801 5614 1858 5670 τὸ
1887 5610 2205 5682 στράτευμα.
