3900 6404
451 260 557 316 295
948 256 1220 316 EUSEBII
1257 250 1590 314 VERCELL.
1633 256 2078 316 EVANGELIUM
2120 259 2260 315 CUM
2303 257 2526 316 VARUS
2560 256 2714 314 COD.
2755 253 3139 316 COLLATUM.

2528 368 2772 447 senex
2798 365 3254 429 'venoseusrs.

838 373 1063 429 CODEX
1105 371 1638 429 VERCELLENSIS.

451 469 610 524 Jesus
635 486 649 522 :
675 466 902 521 Reddite
1272 473 1450 520 autem
1482 465 1653 518 omni-

453 554 592 608 quae
620 546 744 592 sunt
770 536 900 590 Cae-

455 609 612 674 saris,
641 608 836 661 Caesa-

454 678 524 739 ri.
553 687 603 733 et
631 693 767 745 quae
790 684 912 730 sunt

1272 550 1361 587 um
1394 544 1448 589 et
1469 535 1662 589 mulier

1271 604 1520 659 defuncta
1543 611 1643 658 est.

1269 673 1478 729 28.1n.
1523 713 1536 726 .
1582 713 1594 725 .
1634 687 1747 727 sur.
1909 711 1924 724 .

2122 463 2228 518 illis
2250 461 2406 518 Iesus
2430 479 2443 514 :

2123 531 2349 587 Reddite
2367 546 2503 599 quae

2122 609 2250 656 sunt
2287 601 2532 657 Caesaris
2546 642 2565 667 ,

2121 669 2359 742 Caesari.
2385 680 2441 727 et
2467 685 2607 742 quae

2951 471 3006 516 et
3036 461 3228 517 mulier

2951 531 3198 586 defuncta
3225 540 3325 586 est.

2951 601 3042 656 28.
3065 600 3121 656 In
3147 602 3488 660 ressurectio-

2893 708 2898 711 -
2954 684 3023 725 ne
3048 681 3224 726 autem

3595 257 3698 314 296

452 748 545 801 22.
589 740 704 810 Dei,
729 745 858 799 Deo.
887 743 954 800 Et
975 744 1037 799 il-
1274 780 1290 796 .
1369 783 1384 797 .
1463 782 1478 795 .
1555 780 1569 795 .
1648 783 1664 797 .
1745 780 1758 793 .
1839 777 1854 793 .
2122 741 2432 810 suntDei,
2487 740 2501 742 ’
2952 740 3107 809 cujus
3130 741 3234 797 erit

455 807 794 872 liaudientes
1278 852 1292 865 .
1371 851 1384 866 .
1463 852 1475 866 .
1557 850 1571 864 .
1649 851 1664 866 .
1744 849 1757 862 .
1839 851 1852 864 .
2121 807 2214 863 22.
2257 810 2386 865 Deo.
2417 809 2488 864 Et
2522 810 2598 865 illi
2952 807 3121 866 uxor?
3145 826 3234 867 se-

458 927 474 944 .
517 929 530 941 .
574 925 590 941 .
634 927 647 940 .
690 923 706 940 .
747 924 760 937 .
801 883 986 950 isunt,
1275 919 1290 934 .
1366 919 1383 935 .
1457 922 1472 936 .
1554 921 1567 934 .
1600 911 1609 917 -
1645 922 1658 935 .
1741 918 1754 932 .
1835 920 1847 931 .
2122 880 2405 935 audientes
2437 880 2614 950 mirati
2951 890 3096 950 ptem
3137 882 3278 937 enim

457 997 473 1012 .
513 996 529 1011 .
574 997 588 1012 .
633 996 645 1008 .
689 995 702 1008 .
746 963 800 1007 to
823 967 890 1009 eo
971 949 978 950 ⁷
1277 989 1290 1004 .
1369 990 1382 1004 .
1460 987 1476 1005 .
1554 989 1569 1005 .
1647 989 1661 1004 .
1738 989 1753 1003 .
1834 988 1848 1002 .
2122 958 2268 1015 sunt,
2297 953 2352 1004 et
2377 949 2507 1005 reli-
2950 949 3071 1006 eam
3098 951 3420 1008 habuerunt.

457 1067 471 1080 .
515 1069 528 1081 .
573 1067 587 1082 .
632 1065 644 1078 .
685 1032 803 1079 unt.
1278 1059 1292 1075 .
1375 1062 1388 1074 .
1467 1060 1480 1073 .
1560 1061 1574 1073 .
1654 1060 1667 1073 .
1747 1059 1759 1072 .
1839 1061 1851 1072 .
2123 1018 2588 1092 etcepahierunt.
2947 1020 3425 1092 29.8espondens.

451 1098 540 1154 23.
583 1137 597 1151 .
642 1137 655 1150 .
699 1133 714 1147 .
759 1134 772 1146 .
817 1134 830 1147 .
875 1134 890 1147 .
931 1093 1019 1149 die
1043 1106 1132 1147 ac-
1280 1130 1292 1144 .
1375 1132 1388 1146 .
1468 1130 1481 1143 .
1561 1130 1576 1146 .
1655 1129 1669 1142 .
1749 1128 1762 1142 .
1842 1128 1858 1144 .
2123 1089 2540 1146 25.1nilladie
2950 1089 3246 1156 Jesusfait

451 1183 482 1222 c
524 1209 536 1222 .
583 1207 595 1221 .
635 1174 792 1222 erunt
1196 1182 1199 1185 ·
1275 1201 1286 1213 .
1369 1201 1419 1217 .,
1463 1198 1476 1211 .
1554 1199 1569 1213 .
1649 1199 1660 1212 .
1741 1196 1754 1212 .
1835 1198 1850 1212 .
2123 1168 2468 1215 accesserunt
2953 1161 3357 1226 illiszErratis,

451 1237 516 1292 ad
544 1253 664 1292 eum
691 1235 826 1290 Sad-
1275 1271 1287 1282 .
1370 1271 1384 1285 .
1464 1271 1475 1283 .
1557 1270 1571 1283 .
1651 1269 1662 1281 .
1743 1269 1754 1281 .
1835 1269 1849 1282 .
2126 1229 2193 1284 ad
2218 1244 2340 1284 eum
2371 1229 2508 1285 Sad-
2951 1231 3257 1288 nescientes
3294 1232 3432 1288 Scri-

450 1306 662 1372 ducaei,
692 1305 782 1375 qui
1269 1299 1418 1375 29._.
1462 1338 1483 1375 ._
1525 1339 1537 1352 .
1581 1339 1594 1353 .
1635 1298 1841 1355 escien-
2127 1298 2335 1375 ducaei,
2375 1300 2464 1368 qui
2951 1310 3166 1375 pturas,
3190 1317 3362 1372 neque

457 1368 773 1432 dicuntan
1270 1369 1606 1438 tes,Scriptu-
1996 1428 1998 1430 τ
2128 1368 2311 1424 dicunt
2337 1383 2443 1424 nou
2952 1368 3206 1427 virtutem

451 1462 572 1503 esse
595 1461 775 1502 resur-
1270 1455 1378 1502 ras,
1409 1454 1581 1510 neque
1633 1509 1639 1510 ί
2127 1453 2248 1495 esse
2268 1455 2508 1496 resurre-
2951 1441 3041 1496 30.
3081 1441 3195 1497 Dei.
3224 1441 3283 1497 In
3311 1457 3392 1499 re-

452 1518 776 1579 rectionem;
1273 1509 1524 1564 virtutem
1552 1509 1664 1564 Dei.
2126 1511 2378 1574 ctionem;
2404 1518 2460 1565 et
2953 1513 3290 1568 surrectione

453 1597 510 1643 et
544 1588 770 1642 interro-
1273 1581 1363 1652 30.
1404 1579 1460 1634 ln
1481 1593 1754 1652 resurrec-
2128 1580 2595 1652 interrogaverunt
2952 1589 3129 1652 autem
3157 1597 3333 1652 neque

487 1666 714 1712 averunt
1275 1651 1476 1705 tionem
1499 1649 1643 1704 enim
2127 1648 2517 1722 enmdicentes
2547 1667 2562 1702 :
2952 1651 3199 1722 nubunt,
3227 1648 3402 1722 neque

526 1767 539 1781 .
580 1724 912 1800 eumdicen-
1269 1734 1460 1786 neque.
1505 1754 1522 1772 .
1565 1758 1579 1772 .
1623 1759 1637 1771 .
1681 1757 1695 1770 .
1741 1755 1758 1772 .
2128 1720 2400 1800 Magister,
2426 1717 2637 1800 ﬂoyses
2950 1735 3149 1800 uxores
3173 1717 3407 1800 ducunt:

449 1805 531 1852 tes
559 1813 573 1850 :
599 1795 782 1863 Magis—
1270 1803 1460 1859 neque.
1508 1827 1522 1842 .
1566 1824 1582 1840 .
1625 1826 1638 1842 .
1685 1827 1700 1842 .
1744 1825 1760 1842 .
2126 1787 2386 1844 dixit:Si
2407 1787 2537 1863 quis
2950 1790 3046 1863 sed
3069 1791 3358 1863 suntsicut

449 1858 790 1946 te_r,Moy'ses
818 1932 829 1943 .
1274 1897 1288 1910 .
1363 1858 1382 1911 ί.
1462 1895 1476 1910 .
1556 1896 1570 1909 .
1649 1895 1663 1910 .
1743 1894 1758 1908 .
1834 1894 1847 1909 .
2127 1867 2371 1940 mortuus
2401 1859 2515 1913 ftte-
2716 1885 2719 1889 -
2955 1858 3031 1940 ςα)
3061 1861 3233 1985 angeli
3272 1860 3315 1931 -ί-

452 1934 864 1985 dmtzsimns
1275 1968 1289 1980 .
1369 1968 1383 1980 .
1463 1968 1474 1978 .
1553 1965 1566 1980 .
1647 1962 1664 1981 .
1743 1967 1753 1978 .
1836 1965 1848 1976 .
2127 1938 2199 1983 rit
2227 1943 2334 1983 non
2363 1927 2568 1983 habens
2955 1945 3010 1983 tn
3039 1944 3208 1985 caeo.

452 1927 722 1989 dixit:Si
746 1932 864 1999 quis
1275 1968 1289 1980 .
1553 1965 1566 1980 .
1647 1962 1664 1981 .
1743 1967 1753 1978 .
1836 1965 1848 1976 .
2127 1928 2201 1999 rit
2227 1943 2334 1983 non
2363 1927 2568 1999 habens
2955 1927 3010 1983 in
3039 1927 3208 1986 caelo.

450 2011 696 2059 mortuus
723 1996 836 2057 fue-
1271 1996 1467 2068 angeli.
1511 2033 1527 2050 .
1572 2037 1586 2049 .
1632 2035 1646 2051 .
2128 1997 2328 2068 filium:
2357 2008 2417 2054 ut
2437 1996 2536 2052 du-
2957 1999 3045 2054 3i.
3082 2001 3155 2054 De
3185 2015 3423 2057 resurre-

451 2075 521 2128 rit
547 2072 770 2128 nonha-
1271 2067 1361 2122 lo.’
1392 2109 1404 2120 .
1450 2109 1463 2121 .
1507 2105 1521 2121 .
1565 2104 1580 2118 .
1625 2105 1639 2122 .
1683 2101 1698 2118 .
1741 2102 1760 2119 .
1859 2112 1868 2120 μ
2130 2075 2216 2123 cat
2244 2067 2408 2123 frater
2957 2070 3137 2124 ctione
3163 2079 3340 2126 autem

450 2182 465 2198 .
508 2183 522 2197 .
564 2159 649 2199 ns.
693 2179 709 2196 .
752 2181 765 2194 .
809 2180 822 2192 .
868 2178 881 2192 .
927 2177 941 2191 .
985 2176 1000 2192 .
1043 2179 1056 2192 .
1271 2139 1364 2205 3!,
1407 2176 1422 2192 .
1501 2176 1514 2190 .
1594 2176 1608 2189 .
1688 2172 1703 2188 .
1781 2173 1794 2186 .
1875 2173 1888 2186 .
2128 2137 2247 2207 ejus
2274 2152 2494 2193 uxorem
2546 2172 2551 2178 -
2954 2149 3287 2198 mortuorum

452 2253 466 2268 .
512 2251 525 2268 .
573 2253 587 2269 .
626 2212 751 2292 duc.
799 2250 811 2262 .
859 2251 873 2265 .
918 2249 930 2260 .
975 2245 990 2260 .
1276 2246 1292 2292 .
1373 2248 1384 2260 .
1466 2245 1480 2292 .
1559 2249 1574 2262 .
1649 2245 1664 2260 .
1745 2244 1758 2256 .
1812 2219 1852 2254 ⁸.
2124 2208 2299 2292 illius,
2327 2219 2382 2264 et
2409 2224 2498 2263 su-
2957 2223 3064 2291 non
3086 2211 3288 2292 legistis

627 2318 644 2336 .
684 2281 799 2351 ejus
827 2294 957 2334 uxo-
1274 2288 1510 2334 tuorum.
1552 2315 1584 2351 ._
1729 2315 1742 2327 .
1787 2313 1800 2327 .
2123 2279 2284 2351 scitet
2308 2294 2494 2335 semen
2951 2280 3072 2347 quia
3101 2279 3301 2336 dictum

451 2391 467 2407 .
509 2393 524 2408 .
571 2394 584 2407 .
629 2391 642 2406 .
686 2344 846 2406 flius
1278 2388 1290 2401 .
1335 2386 1348 2400 .
1393 2387 1407 2401 .
1447 2345 1590 2416 quod
1621 2344 1725 2401 dic.
2123 2349 2273 2404 fratri
2300 2365 2418 2404 suo.
2949 2344 3033 2402 est
3059 2365 3090 2404 a
3123 2351 3232 2407 Deo

510 2465 525 2478 .
568 2463 582 2478 .
628 2461 644 2478 .
686 2459 701 2477 .
742 2429 765 2475 t
791 2433 933 2476 sem-
1272 2428 1383 2474 tum
1405 2426 1508 2475 est.
1550 2454 1567 2470 .
2121 2418 2214 2474 25.
2239 2419 2404 2475 Erant
2424 2429 2601 2476 autem
2952 2418 3164 2475 dicente
3192 2437 3282 2477 vo-

543 2531 560 2547 .
637 2530 652 2546 .
730 2531 746 2547 .
826 2530 840 2543 .
918 2527 932 2542 .
1013 2526 1060 2563 ,Δ
1464 2527 1478 2541 .
1559 2530 1570 2541 .
1650 2524 1665 2539 .
1744 2525 1759 2540 .
1838 2523 1852 2539 .
2122 2497 2380 2563 aputnos
2949 2488 3327 2563 §2.bis:Ego

543 2602 559 2616 .
641 2600 656 2616 .
710 2597 749 2624 ,.
825 2596 842 2613 .
918 2596 934 2612 .
1014 2561 1060 2612 .’
1273 2596 1288 2612 .
1369 2599 1382 2612 .
1464 2599 1476 2612 .
1556 2597 1568 2610 .
1649 2597 1662 2610 .
1739 2593 1848 2613 ...
2122 2557 2580 2631 septemfratres;
2949 2557 3093 2631 Deus

453 2639 462 2649 α

449 2672 465 2687 ο
546 2671 562 2686 ο
638 2671 652 2686 ο
732 2664 840 2684 ,⁸ο
918 2666 935 2682 ο
1011 2667 1026 2680 ο
1273 2669 1286 2682 ο
1367 2671 1381 2685 ι
1462 2667 1476 2682 ο
1555 2668 1570 2682 ο
1648 2667 1661 2679 ο
1741 2667 1754 2681 ι
1835 2665 1848 2678 ο

2124 2629 2436 2699 et‘primus,
2949 2629 3218 2687 Abraham
3241 2675 3256 2699 ,
3286 2644 3343 2690 et

441 2702 534 2757 25.
573 2715 741 2758 uxore
767 2712 897 2754 uuC-
1273 2737 1287 2753 .
1366 2737 1383 2754 .
1461 2737 1476 2753 .
1555 2737 1568 2752 .
1647 2734 1662 2750 .
1741 2737 1755 2752 .
1835 2736 1849 2750 .
2123 2716 2290 2771 uxore
2311 2701 2512 2766 "ducta,
2949 2699 3091 2758 Deus
3127 2702 3275 2771 lsac,

445 2780 520 2836 ta,
558 2771 858 2832 defunctus.
1272 2809 1285 2824 .
1367 2811 1381 2824 .
1460 2807 1475 2825 .
1555 2806 1570 2822 .
1647 2807 1660 2821 .
1741 2806 1757 2822 .
1836 2806 1850 2820 .
2120 2770 2401 2827 defunctus
2429 2782 2516 2828 est
2948 2778 3002 2823 et
3022 2772 3161 2826 Deus
3185 2770 3387 2829 JaCoh?

445 2851 530 2896 est
551 2855 657 2895 non
682 2841 778 2893 lia-
1274 2879 1286 2891 .
1367 2881 1381 2893 .
1459 2874 1476 2892 .
1556 2877 1571 2891 .
1648 2877 1662 2892 .
1742 2875 1757 2892 .
1836 2877 1850 2890 .
2120 2854 2307 2897 semen
2343 2857 2448 2898 non
2950 2840 3044 2894 33.
3068 2840 3185 2898 Non
3211 2851 3295 2899 est

440 2910 580 2965 hens
605 2924 814 2975 semen,
1275 2951 1288 2962 .
1369 2949 1384 2963 .
1461 2945 1480 2964 .
1555 2947 1568 2960 .
1643 2949 1657 2962 .
1741 2947 1756 2962 .
1835 2947 1849 2962 .
2122 2910 2357 2978 habens,
2385 2907 2610 2979 reliquid
2761 2964 2776 2972 ,
2953 2908 3094 2965 Deus

443 2979 668 3048 reliquid
698 2994 834 3034 uxo-
1275 3018 1286 3031 .
1367 3015 1383 3030 .
1463 3017 1478 3033 .
1554 3013 1571 3030 .
1647 3014 1664 3031 .
1743 3018 1758 3031 .
1838 3015 1855 3031 .
2121 2994 2344 3049 uxorem
2375 2995 2526 3036 suam
2951 2988 3308 3049 mortuorum,

445 3064 558 3104 rem
579 3064 730 3104 suam
1276 3087 1290 3101 .
1369 3086 1384 3100 .
1463 3087 1478 3102 .
1558 3085 1574 3100 .
1651 3086 1665 3098 .
1742 3087 1758 3102 .
1839 3086 1854 3100 .
2119 3048 2275 3103 fratri
2303 3063 2424 3103 suo.
2949 3050 3044 3104 sed
3073 3053 3386 3108 viventium.

441 3118 535 3174 26.
576 3117 727 3174 fratri
750 3132 869 3174 suo.
902 3118 985 3174 Si-
1065 3149 1080 3180 κ
1275 3158 1287 3171 .
1368 3157 1382 3171 .
1460 3156 1474 3170 .
1555 3155 1568 3168 .
1649 3154 1663 3169 .
1741 3155 1755 3169 .
1835 3155 1851 3170 .
2112 3117 2214 3173 26.
2241 3117 2498 3174 Similiter
2519 3132 2602 3174 se-
2951 3118 3171 3176 Etcum

442 3189 640 3244 militer
662 3203 725 3246 se
763 3228 776 3243 .
822 3227 838 3243 .
883 3229 897 3242 .
1087 3200 1095 3216 τ
1273 3229 1284 3240 .
1366 3227 1380 3240 .
1461 3227 1472 3240 .
1554 3228 1567 3240 .
1647 3220 1662 3240 .
1741 3225 1754 3240 .
1835 3226 1849 3241 .
2122 3187 2357 3255 cundus,
2389 3198 2442 3244 et
2947 3189 3196 3246 audirent

2950 3260 3138 3317 turbae
3165 3261 3493 3318 mirabantur

2947 3331 3369 3459 Ξῗνθὲἓὲἓὲἓῖ
3375 3332 3508 3458 1'“...ej
3511 3349 3597 3391 ""

2945 3401 3037 3457 δι.
3077 3401 3350 3459 Pharisaei

2952 3480 3058 3527 tem
3086 3472 3370 3530 audientes

2583 3601 2815 3659 (IODEX
2851 3603 3238 3661 BlilXIANUS.

2123 3697 2300 3750 Jesus.
2326 3695 2553 3750 Reddite
2581 3711 2710 3765 ergo
2732 3711 2868 3760 quae
2892 3706 3017 3751 sunt
3041 3698 3312 3753 Caesaris.
3353 3696 3592 3753 Caesari.
3650 3709 3707 3756 et

2125 3780 2263 3833 quae
2285 3775 2410 3818 sunt
2437 3766 2548 3818 Dei.
2576 3764 2706 3820 Deo.
2736 3767 2802 3820 Et
2837 3767 3115 3825 audientes
3177 3768 3356 3824 mirati
3382 3778 3506 3823 sunt
3535 3777 3594 3824 ct
3621 3785 3706 3825 re-

2125 3834 2252 3887 licto
2273 3849 2357 3887 eo.
2387 3834 2722 3889 abierunt.ln
2745 3836 2832 3889 illa
2855 3836 3309 3893 die.aecesserunt
3332 3838 3398 3894 ad
3419 3853 3542 3894 eum
3575 3839 3705 3894 Sado

2123 3904 2620 3972 ducaeiquidieunt
2646 3920 2750 3958 non
2775 3920 2896 3959 esse
2923 3907 3399 3962 resurrectionem.
3443 3919 3500 3961 et
3539 3908 3706 3962 intar-

2124 3983 2450 4042 rngaverunt
2474 3988 2596 4045 eum
2618 3974 2888 4045 dicentes.
2913 3975 3179 4045 Magister.
3223 3976 3432 4045 Moyses
3459 3977 3611 4030 dixit.
3645 3978 3703 4034 Si

2125 4045 2245 4108 quis
2269 4051 2512 4096 mortuus
2541 4042 2726 4096 fuerit.
2746 4057 2852 4096 non
2877 4043 3082 4096 habens
3107 4045 3244 4098 lilios
3272 4042 3332 4097 ut
3355 4045 3700 4100 ducatfrater

2126 4113 2244 4179 ejus
2289 4128 2512 4167 uxorein
2565 4113 2729 4166 illius.
2778 4122 2834 4165 et
2879 4113 3102 4166 suscitet
3143 4127 3329 4166 semen
3372 4113 3523 4167 fratri
3573 4129 3694 4168 suo.

2125 4183 2292 4236 Erant
2333 4193 2514 4237 autem
2556 4191 2684 4248 aput
2724 4196 2841 4236 nos.
2883 4191 3087 4250 septem
3132 4181 3344 4235 fratres.
3392 4183 3446 4235 et
3494 4183 3699 4250 primus

2125 4267 2294 4308 uxore
2344 4254 2522 4308 ducta.
2572 4251 2859 4307 defunctus
2902 4260 2985 4306 est
3030 4260 3227 4319 etnon
3268 4250 3472 4307 habens
3510 4269 3697 4308 semen

2125 4324 2340 4391 reliquit
2369 4337 2594 4378 uxorem
2627 4336 2778 4376 suam
2810 4321 2959 4377 fratri
2987 4337 3105 4376 suo.
3134 4322 3600 4391 Similiterautem
3641 4335 3700 4377 et

2126 4390 2410 4448 secundus.
2454 4403 2510 4447 et
2539 4393 2728 4448 tertius
2759 4407 2926 4463 usque
2955 4392 3019 4463 ad
3051 4390 3703 4463 septimum_Novissimae

2123 4471 2304 4515 autem
2345 4463 2585 4516 omnium
2617 4471 2674 4515 et
2703 4460 2894 4517 mulier
2919 4460 3170 4517 defuncta
3197 4471 3297 4517 est.
3337 4460 3395 4514 In
3424 4477 3708 4517 resurrec-

445 4545 576 4600 ergo
613 4527 968 4600 cujusieritde
996 4537 1199 4600 septem
1231 4529 1402 4600 uxan
1429 4531 1784 4600 omnesenim
1825 4529 2023 4600 habue-
2126 4534 2270 4600 tione
2298 4546 2449 4600 ergo.
2479 4533 2637 4597 cujus
2665 4532 2732 4584 de
2760 4542 2984 4600 septem.
3020 4535 3126 4587 erit
3155 4548 3287 4586 uxor
3325 4547 3516 4584 omnes
3555 4535 3704 4586 enim

443 4596 570 4655 runt
595 4596 734 4654 eam.
763 4598 1117 4667 Respondeas
1143 4605 1323 4650 autem
1369 4596 1562 4669 Iesus,
1589 4599 1659 4649 ait
1693 4597 1840 4669 illis;
1863 4597 2024 4669 Erra-
2127 4596 2428 4669 habuerunt
2465 4596 2605 4654 eam.
2657 4596 3021 4669 Respondeas.
3045 4613 3220 4657 autem
3260 4601 3416 4656 Jesus
3453 4601 3534 4654 ait
3571 4603 3702 4656 illis.

443 4673 534 4736 tis,
582 4671 883 4724 nescientes
937 4669 1261 4741 Scripturas,
1313 4682 1488 4741 neque
1519 4667 1931 4741 virtutem_Dei.
1966 4667 2020 4720 In
2126 4667 2336 4741 _Erratis
2380 4669 2684 4741 nescientes
2714 4667 3044 4741 Scribturas.
3086 4688 3263 4741 neque
3293 4673 3543 4725 virtutem
3580 4673 3704 4727 Dei.

441 4735 843 4812 resurrectione
870 4740 1013 4794 enim
1044 4753 1217 4812 neque
1239 4739 1471 4812 nubent,
1502 4751 1677 4812 neque
1706 4735 1977 4812 nubentur
2004 4752 2016 4786 :
2126 4735 2184 4788 ln
2216 4740 2611 4812 resurrectione
2639 4739 2804 4794 enim.
2839 4756 3011 4812 neque
3036 4735 3237 4812 nubent
3279 4756 3452 4812 neque
3495 4742 3709 4795 nuben-

441 4809 538 4864 sed
559 4819 686 4865 sunt
726 4811 868 4864 sicut
909 4810 1080 4878 angeli
1112 4808 1204 4879 Dei
1239 4808 1504 4879 incesto.
1525 4806 1600 4879 De
1623 4806 2021 4879 resurrectione
2134 4815 2238 4858 tur.
2273 4807 2367 4861 sed
2397 4818 2522 4862 sunt
2551 4811 2688 4863 sicut
2725 4810 2900 4879 angeli
2929 4806 2983 4864 in
3011 4813 3180 4866 caelo.
3207 4811 3281 4865 De
3305 4806 3708 4879 resurrectione

443 4890 624 4951 autem
657 4874 1116 4951 mortuor_um'non
1142 4877 1346 4951 legistis
1363 4875 1507 4951 quod
1527 4875 1728 4951 dictum
1751 4883 1884 4951 esta
1915 4874 2028 4929 Deo
2136 4885 2321 4951 autem
2361 4888 2696 4951 mortuorum
2720 4874 2841 4951 po'n
2883 4882 3085 4950 legistis
3123 4881 3263 4951 quod
3302 4878 3505 4951 dictum
3545 4891 3631 4936 est
3673 4898 3707 4935 a

444 4949 657 5019 dicente
678 4949 861 5019 vobis:
880 4949 991 5019 Ego
1011 4963 1129 5002 sum
1153 4942 1292 5019 Deus
1315 4942 1609 5011 Abraham,
1630 4942 2022 5019 etDeus‘lsaac,
2132 4945 2244 5019 _Deo
2273 4947 2484 5019 dicente
2512 4949 2683 5019 v_ohis.
2717 4949 2830 5019 Ego
2856 4942 2974 5004 sum
3006 4942 3156 5005 Deus'
3174 4949 3441 5005 Abraham
3471 4960 3527 5007 et
3558 4952 3708 5005 Deus

446 5026 502 5072 et
534 5018 674 5071 Deus
699 5013 1033 5071 Jacoh‘tNon
1062 5025 1146 5071 est
1173 5018 1311 5072 Deus
1332 5025 1686 5082 mortuorum,
1713 5015 1734 5046 ³
1760 5013 1855 5070 sed
1876 5014 2023 5068 vivo-
2132 5013 2278 5069 Isaac
2299 5017 2507 5072 etDeus
2525 5013 2819 5074 JacohNon
2842 5029 2924 5075 est
2940 5022 3076 5075 Deus
3098 5030 3426 5075 mortuorum
3445 5021 3537 5074 sed
3553 5022 3708 5074 vivo-

446 5103 586 5160 rum.
605 5088 673 5160 Et
687 5086 989 5160 audientest
1013 5089 1177 5160 urbae
1201 5087 1531 5142 mirabantur
1551 5087 1605 5142 in
1625 5086 1869 5143 doctrina
1885 5086 2023 5155 ejus.
2131 5099 2270 5160 rum.
2290 5087 2642 5160 Etaudientes
2670 5090 2856 5160 turbae
2867 5091 3269 5148 mirabanturin
3287 5089 3534 5148 doctrina
3559 5090 3705 5160 ejus.

517 5157 792 5212 Pharisaei
821 5165 1000 5211 autem
1028 5155 1311 5214 audientes
1917 5154 1925 5155 “
2203 5154 2476 5212 Pharisaei
2495 5167 2676 5213 autem
2699 5159 2982 5217 audientes

1124 5265 1510 5325 VARIANTES
1547 5268 1927 5328 LECTIONES
1949 5266 2218 5325 CODlClS
2248 5265 2358 5324 MS.
2399 5268 2457 5324 S.
2497 5269 3000 5331 CERMANENSIS.

1268 3258 1358 3319 33.
1401 3257 1592 3313 bantur
1616 3255 1671 3312 in
1692 3255 1820 3312 doc-
2121 3260 2345 3328 tertius,
2375 3273 2544 3328 usque

1268 3328 1403 3382 trina
1427 3329 1564 3398 ejus.
2120 3327 2189 3383 ad
2215 3327 2522 3398 septimum.

1251 3437 1289 3453 ..
1369 3437 1383 3452 .
1462 3437 1476 3452 .
1647 3438 1663 3454 .
1743 3437 1757 3451 .
1838 3435 1854 3451 .
1931 3437 1944 3450 .
2119 3398 2213 3452 27.
2244 3398 2542 3454 Novissime

2121 3479 2301 3524 autem
2321 3471 2559 3526 omnium

443 3258 564 3323 dus,
591 3266 648 3315 et
676 3261 826 3315 terti.
920 3298 922 3301 -

444 3343 528 3393 us,
561 3343 728 3398 usque
745 3329 812 3383 ad

445 3400 755 3465 septimum.

438 3468 529 3520 27.
569 3466 868 3523 Novissima

863 3604 1089 3660 CODEX
1128 3603 1602 3663 CORBEIENSIS.

442 3697 600 3753 Jesus
649 3715 662 3751 :
715 3696 942 3752 Reddite
993 3711 1130 3766 quae
1179 3695 1426 3751 Caesaris
1458 3705 1603 3758 sunt.
1668 3694 1922 3763 Caesari,
1969 3706 2024 3752 et

440 3783 578 3838 quae
611 3768 702 3822 Dei
744 3777 890 3830 sunt,
921 3767 1056 3820 Deo.
1092 3766 1158 3819 Et
1174 3768 1463 3838 audientes
1504 3766 1677 3819 mirati
1743 3775 1868 3818 sunt
1899 3805 1914 3827 ,
1968 3775 2024 3838 et

440 3833 631 3893 relicto
659 3853 725 3894 eo
764 3846 1128 3891 recesserunt.
1170 3836 1227 3889 In
1260 3837 1350 3889 illa
1404 3835 1492 3889 die
1528 3845 1905 3894 accesserunt
1953 3833 2022 3888 ad

442 3923 565 3962 eum
603 3907 924 3972 Sadducaei,
976 3914 1231 3974 negantes
1272 3904 1720 3961 resurrectionﬂt
1781 3914 2021 3974 mortuos

445 3992 594 4037 rum;
642 3988 696 4032 et
739 3978 992 4032 dixerunt
1029 3973 1079 4030 ei
1135 3993 1147 4029 :
1197 3975 1464 4044 Magister.
1494 3975 1529 4044 ν¹
1572 3974 1786 4044 Moyses
1827 3973 1959 4044 dixit
2007 3989 2020 4026 :

448 4045 504 4100 Si
521 4047 640 4111 quis
653 4046 1068 4115 mortuusfuerit
1097 4062 1201 4099 non
1227 4043 1461 4099 ltahens'I
1479 4043 1639 4110 filios,
1655 4043 1712 4098 ut
1734 4045 1895 4115 frater
1912 4043 2027 4110 ejus

451 4128 672 4187 uxorem
707 4117 854 4172 illius
883 4114 1150 4187 accipiat,
1175 4129 1232 4171 et
1258 4115 1481 4187 suscitet
1509 4114 1878 4187 sementfratri
1902 4128 2018 4166 suo.

449 4182 618 4255 Erant
643 4201 767 4252 ergo
788 4186 925 4254 apud
970 4182 1068 4240 nos
1095 4197 1299 4255 septem
1324 4185 1537 4249 fratres;
1561 4194 1614 4239 ct
1637 4185 1863 4253 primus,
1891 4198 2023 4236 uxo-

446 4266 560 4305 rem
589 4252 758 4316 duxit,
798 4252 852 4308 et
877 4252 1173 4309 defunctus
1212 4264 1295 4310 est
1337 4271 1444 4309 non
1490 4252 1679 4310 relicto
1708 4255 1938 4318 semine,
1970 4261 2025 4308 et

453 4321 670 4389 reliquit
699 4336 916 4373 uxorem
947 4339 1097 4376 suam
1116 4325 1264 4377 fratri
1296 4341 1413 4378 suo.
1443 4325 1702 4380 Similiter
1730 4332 1785 4378 et
1829 4338 2020 4378 secun-

447 4390 570 4457 dus,
602 4400 654 4443 et
686 4391 895 4452 tertius,
922 4405 1092 4456 usque
1141 4393 1206 4443 ad
1253 4395 1560 4457 septimum.
1601 4394 1898 4447 Novissima
1927 4407 2021 4446 au-

447 4470 554 4515 tem
583 4460 821 4514 omnium
846 4459 1113 4512 etmulier
1140 4459 1388 4512 defuncta
1419 4472 1518 4513 est.
1546 4461 1600 4513 In
1631 4462 2021 4514 resurrectione

514 5379 531 5408 ι
567 5376 728 5426 loses

2197 5382 2218 5412 ³
2247 5381 2337 5432 sed
2359 5381 2498 5434 Deus
2517 5384 2798 5436 viventium.

507 5441 529 5470 ²
567 5439 630 5489 Ut
657 5434 801 5501 Vulg.
820 5451 986 5503 usque,
1015 5439 1105 5490 sed
1129 5449 1274 5494 erunt
1297 5444 1424 5494 sicut

1744 5547 2106 5606 BLANCHINI
2143 5547 2370 5606 NOTAE.

531 5655 607 5726 (α)
636 5658 762 5714 Ῐόδι
786 5659 968 5735 Angeli
996 5661 1150 5720 deest
1174 5662 1301 5733 Dei,
1333 5665 1493 5722 etiam
1523 5667 1575 5723 in
1601 5667 1724 5723 cod.
1749 5665 1903 5723 Cant.
