3900 6380
186 364 292 427 305
1144 367 1591 427 EVANGELIUM
1626 365 1775 426 SECI

1885 366 1992 425 DUM
2030 367 2457 428 ΜΑΤΤΗᾹΞΗΜ.

2301 481 2531 540 CODEX
2571 482 3022 541 VERONENSIS.

573 486 806 544 CODEX
846 481 1382 543 VERCELLENSIS.

182 575 453 650 occidistis
561 646 567 650 ν
1012 577 1217 650 templi.

184 647 321 701 inter
346 658 481 703 tem—
561 647 566 650 ’
1013 647 1067 703 2.
1091 688 1105 702 .
1127 686 1141 702 .
1163 688 1176 700 .
1202 687 1215 700 .
1236 686 1251 702 .
1291 660 1318 700 s
1359 684 1373 698 .
1399 684 1412 697 .
1441 653 1621 700 autem
1653 656 1769 699 res-

182 716 326 782 plum
355 729 408 773 et
434 718 567 773 alta-
1016 759 1029 772 .
1075 756 1088 773 .
1131 717 1336 772 ondens
1365 715 1475 770 di—'

183 787 271 842 56.
304 802 381 843 re.
411 790 580 845 Amen
1010 788 1089 844 xit
1113 787 1256 843 illis:
1287 785 1445 841 Vide-

187 856 306 911 dico
326 858 511 926 vobis,
826 916 831 921 ,
1012 858 1082 912 tis
1114 859 1245 911 haec
1274 870 1390 916 om-

183 928 398 982 venient
426 929 559 985 haec
864 976 880 984 -
1013 927 1138 983 nia?
1167 930 1336 981 Amen
1364 926 1446 979 di-

184 997 360 1053 omnia
390 1012 568 1069 super.

180 1082 317 1137 gene
357 1108 371 1121 .
416 1110 429 1123 .
474 1109 488 1123 .
531 1070 610 1125 io-

181 1152 251 1192 ne
283 1177 297 1191 .
342 1170 374 1191 .-
400 1140 578 1195 istam.

182 1207 271 1279 37.
314 1208 645 1269 Hierusalem
659 1253 676 1279 ,

186 1278 519 1335 Hierusalem
534 1322 552 1349 ,

179 1363 317 1418 quae
350 1350 553 1406 occidis

217 1418 417 1475 rol‘etas
438 1462 453 1485 ,
484 1430 541 1475 et

1014 1011 1079 1052 co
1102 997 1252 1052 vobis
1269 1036 1284 1061 ,
1314 994 1458 1066 quod

1014 1083 1121 1123 non
1149 1067 1312 1121 relin-

1014 1146 1205 1208 quetur
1227 1136 1314 1191 hic
1371 1204 1384 1208 _
1408 1144 1432 1172 ⁸

1016 1204 1152 1277 lapis
1180 1220 1349 1277 super
1370 1204 1449 1259 la-

1015 1276 1195 1348 Didem
1218 1318 1234 1345 υ
1267 1276 1355 1347 qui

1016 1346 1123 1404 non
1149 1346 1182 1403 d
1225 1387 1239 1401 .
1284 1346 1299 1400 .
1342 1385 1363 1401 .
1399 1353 1511 1401 tru-

1015 1429 1156 1473 atur.

1015 1436 1156 1473 allﬂ'.
1608 1436 1626 1451 ιλ

1012 1486 1732 1546 3.Sede........

200 1489 388 1558 apidas
422 1505 519 1546 eos

174 1560 355 1628 quiad
383 1570 435 1616 te
459 1561 587 1617 mis-
1012 1567 1141 1614 tem.
1188 1601 1200 1613 .
1244 1598 1258 1613 .
1305 1600 1320 1614 .
1363 1596 1378 1613 .
1424 1597 1439 1612 .
1482 1597 1497 1613 .

172 1631 569 1700 sisunt,quo-
1010 1643 1539 1700 perm......

173 1699 316 1755 tiens
341 1697 470 1756 volu
505 1739 525 1758 .
568 1741 614 1757 ,κ
1008 1697 1160 1756 Olive
1200 1738 1214 1753 .
1258 1739 1273 1754 .
1316 1735 1333 1753 .
1370 1711 1521 1753 cces—

174 1783 475 1841 congrega-
1008 1778 1216 1841 serunt.
1259 1812 1274 1825 .
1318 1804 1335 1823 .
1364 1767 1399 1824 d
1425 1782 1548 1823 eum

172 1854 233 1895 re
268 1840 450 1897 tiliost
490 1882 504 1897 .
546 1882 564 1899 .
601 1875 630 1886 -
1010 1840 1215 1910 discipu
1244 1878 1271 1910 ί.
1316 1878 1330 1895 .
1374 1876 1390 1893 .
1435 1874 1449 1890 .
1491 1852 1548 1892 e—
1596 1855 1599 1857 ’

172 1914 721 1979 os,sicutg...-
1009 1909 1313 1974 creto,d.
1360 1922 1688 1963 ....en-

1010 1980 1345 2037 teszDicno
1385 2018 1399 2033 .
1444 2018 1457 2031 .
1498 1993 1561 2043 s,

1008 2050 1221 2121 quando
1261 2088 1277 2103 .
1321 2088 1334 2102 .
1379 2088 1393 2102 .
1434 2062 1497 2103 ec

1007 2117 1258 2178 eruntie
1298 2158 1313 2175 .
1356 2160 1370 2172 .
1415 2158 1429 2172 .
1469 2117 1539 2174 0d

174 1978 285 2034 lina
313 1978 506 2053 cong’.
550 2024 564 2038 .
609 2024 624 2040 .
663 2016 689 2026 -

169 2062 260 2120 gat
290 2052 463 2121 pullos
503 2092 517 2107 .
561 2092 576 2110 .
620 2096 633 2109 .
682 2086 704 2099 -

170 2134 237 2177 os
263 2122 367 2177 sub
391 2123 506 2180 alas

173 2197 811 2272 ..uas,etnol..-
1005 2192 1509 2263 signum.....

174 2276 687 2323 lS.......‘
1010 2272 1434 2318 ventus....

174 2330 524 2405 58._relinqu
565 2374 580 2390 .
622 2376 637 2392 .
684 2379 696 2392 .
743 2379 757 2394 .
1011 2342 1066 2389 et
1091 2347 1192 2388 con
1236 2371 1251 2387 .
1282 2370 1309 2405 η.
1352 2368 1367 2385 .
1410 2369 1426 2386 .
1469 2367 1484 2383 .

172 2402 601 2463 vobisdo...
1013 2402 1593 2466 matio......,

178 2482 357 2528 vestra
385 2474 483 2529 de-
1011 2488 1170 2528 saecu
1213 2511 1228 2525 .
1272 2512 1286 2526 .
1329 2514 1342 2527 .
1390 2510 1403 2524 .
1449 2511 1464 2524 .
1509 2511 1523 2527 .

176 2553 379 2622 gerito.
1011 2543 1066 2622 ρ.
1108 2542 1177 2596 Et
1201 2541 1535 2622 respondens

1012 2611 1199 2678 Jesus,
1224 2609 1366 2681 dixit
1391 2626 1404 2664 :
1432 2609 1522 2663 Vi-

1012 2682 1137 2737 dete
1170 2696 1238 2735 ne
1263 2681 1383 2749 quis

1013 2767 1109 2807 vos
1139 2750 1359 2807 seducat

1014 2824 1122 2878 ullo
1151 2822 1332 2877 modo.

1013 2893 1068 2949 5.
1100 2891 1248 2947 Multi
1268 2890 1411 2946 enim

1001 2963 1232 3019 venient
1260 2963 1313 3017 in
1586 3024 1587 3027 η

1013 3048 1138 3089 nom
1181 3042 1203 3087 .'
1240 3073 1254 3087 .
1305 3073 1319 3085 .
1362 3072 1378 3088 .
1416 3045 1503 3097 eo,
1534 3028 1719 3085 dicen-

178 2611 277 2668 39.
318 2614 450 2670 Dico
473 2624 649 2673 autem
680 2632 773 2674 vo-

179 2682 299 2752 bis,
330 2685 406 2757 (b)
428 2687 560 2759 quia;
577 2688 618 2759 -ι-
641 2703 747 2744 non

180 2767 272 2807 me
313 2793 328 2807 .
373 2795 387 2807 .
433 2793 448 2808 .
492 2793 508 2809 .
549 2757 672 2813 bitis

179 2825 411 2905 amotio,
440 2824 613 2884 donec

181 2892 405 2978 dicatis:
450 2937 464 2950 .
509 2938 522 2951 .
565 2898 830 2978 pedictus,
852 2902 941 2972 qui

182 2968 335 3020 venit
358 2968 411 3020 in
438 2968 611 3023 nomi-

179 3047 253 3091 ne
280 3037 511 3093 Domini.

334 3145 564 3205 CAPUT
592 3148 785 3207 xm.
1015 3113 1260 3231 ἓῗιῗτῖείιιέ
1285 3142 1372 3229 θ’
1397 3116 1712 3228 ,δῗωωυιιοε

180 3239 237 3294 1.
280 3238 351 3294 Ει
369 3255 617 3310 egressus
641 3243 800 3301 Jesus
1014 3245 1297 3300 seducunt.

179 3309 252 3364 de
295 3309 493 3381 templo
511 3352 526 3377 ,
553 3312 684 3369 ibat.
1017 3315 1070 3370 6'.
1111 3316 1406 3370 Audientes

182 3381 253 3455 [git
281 3392 630 3455 accesserunt
1015 3394 1194 3441 autem
1225 3399 1383 3455 proe-

180 3449 432 3524 discipuli
461 3452 577 3522 ejus
1015 3456 1117 3522 lia,
1164 3497 1174 3508 .
1222 3449 1245 3512 ξ
1279 3453 1525 3524 topinio-

180 3519 252 3573 ad
281 3535 403 3596 eum
426 3562 441 3586 ,
469 3519 529 3577 ut
555 3536 643 3578 os-
1019 3519 1114 3582 nes
1144 3519 1372 3596 proelio;

182 3590 473 3646 tenderent
1019 3612 1045 3650 r
1084 3636 1098 3650 .
1144 3590 1160 3649 ξ
1199 3612 1251 3651 m
1296 3636 1309 3650 .
1351 3594 1542 3651 Videte

182 3660 233 3714 ei
267 3671 590 3716 structuram
1018 3684 1051 3722 n
1098 3709 1109 3721 .
1155 3708 1168 3721 .
1208 3666 1465 3723 turbemi-

615 3800 843 3857 CODEX
880 3802 1347 3860 CORBEIENSIS.

186 3883 633 3963 occirdistis'inter
665 3883 920 3963 templum
946 3902 1001 3949 et
1026 3895 1215 3948 altare.
1249 3898 1415 3947 Amen
1437 3892 1557 3948 dico
1584 3893 1739 3948 vobis
1756 3935 1771 3960 ,

186 3962 410 4035 venient
440 3961 575 4035 haec
602 3961 789 4017 omnia
810 3979 970 4034 super
996 3966 1394 4035 generationem
1427 3965 1600 4035 istam.

266 4030 435 4085 XXV.
465 4030 765 4104 Jerusalem
788 4076 803 4100 ,
832 4030 1126 4089 Jerusalem
1148 4077 1162 4099 ,
1191 4049 1328 4104 quae
1358 4035 1375 4064 ¹
1411 4034 1612 4088 occidis
1644 4048 1774 4102 pro-

190 4101 415 4174 phetas,
446 4110 498 4155 et
526 4103 732 4170 lapidas
758 4120 852 4159 eos
890 4107 979 4174 qui
1007 4104 1072 4159 ad
1105 4114 1155 4158 te
1191 4101 1338 4157 missi
1381 4112 1531 4174 sunt,
1562 4101 1773 4174 quoties

191 4172 339 4225 volui
370 4186 698 4242 congregare
745 4176 881 4229 lilios
909 4171 1029 4228 tuus
1052 4218 1066 4238 ,
1098 4172 1545 4241 quemadmodum
1576 4171 1769 4242 gallina

191 4253 491 4312 congregat
525 4239 697 4311 pullos
732 4260 862 4299 suos
902 4245 1000 4297 sub
1026 4239 1177 4295 alus’
1200 4282 1214 4306 ,
1244 4252 1296 4293 et
1341 4241 1594 4312 uoluisti?
1633 4239 1773 4312 Ecce

193 4308 537 4380 relinquetur
564 4312 715 4365 vobis
758 4314 947 4366 domus
978 4320 1149 4364 vestra
1192 4312 1423 4380 deserta.
1459 4308 1585 4361 Dico
1611 4308 1772 4380 _cuim

192 4378 382 4446 vobis,
412 4398 516 4435 non
540 4397 625 4434 me
651 4383 895 4435 videbitis
926 4383 1140 4442 amodo,
1171 4380 1342 4433 donec
1367 4378 1584 4431 dicatis:
1610 4378 1777 4431 Bene-

194 4452 407 4511 dictus.
430 4452 521 4519 qni
556 4453 695 4505 venit
724 4452 774 4504 in
803 4453 1017 4505 nomine
1047 4449 1274 4503 Domini.
1311 4449 1376 4519 Et
1414 4461 1669 4519 egressus
1691 4445 1779 4501 Je-

196 4537 293 4573 sus
334 4524 400 4575 de
432 4517 667 4591 templo,
701 4524 830 4575 ibat.
863 4523 926 4574 Et
968 4528 1307 4575 accesserunt
1335 4518 1582 4591 discipuli
1627 4517 1741 4586 ejus
1764 4556 1778 4576 .

198 4601 259 4643 ut
284 4591 305 4621 ³
332 4589 641 4645 ostenderet
663 4593 741 4645 eis
771 4593 1193 4645 aediﬁcationem
1222 4589 1426 4658 templi.
1461 4589 1578 4656 lpsc
1604 4599 1782 4642 autem

198 4662 537 4729 respondens
579 4662 713 4714 dixit
759 4663 902 4716 illis:
933 4661 1139 4716 Videtis
1177 4661 1308 4712 lmec
1349 4660 1567 4711 omnia?
1610 4659 1783 4712 Amen

199 4731 322 4783 dico
354 4729 535 4793 vobis,
566 4745 669 4784 non
700 4732 1030 4801 relinquetur
1058 4732 1143 4785 bic
1170 4729 1303 4796 lapis
1329 4743 1491 4795 super
1521 4729 1783 4797 lapidem,

242 4802 293 4854 ni
320 4814 426 4853 nou
452 4804 775 4855 destruatur.
801 4804 1034 4856 Sedeute
1063 4812 1239 4854 autem
1264 4812 1330 4851 eo
1355 4811 1518 4867 super
1546 4808 1782 4867 montem

242 4818 293 4854 111
320 4818 426 4853 11011
452 4818 775 4855 υεεπιιῆιυν.
801 4818 1034 4856 δῡαῡιιιθ
1063 4818 1239 4854 amem
1264 4818 1330 4851 ευ
1355 4818 1518 4867 super
1546 4818 1782 4852 montem

200 4818 401 4924 aliveti
425 4911 440 4934 ,
474 4882 823 4925 accesserunt
874 4872 937 4925 ad
983 4887 1102 4925 eum
1144 4868 1387 4935 discipuli
1436 4877 1678 4931 secreto,
1706 4864 1789 4921 di-

203 4949 393 4994 centes
419 4956 438 5011 :_
470 4940 561 4993 Dic
598 4943 779 5006 nobis,
810 4942 1024 5011 quando
1056 4942 1187 4992 haec
1214 4937 1404 5011 erunt?
1429 4946 1484 4991 et
1511 4938 1787 5011 quodsi;-

205 5026 334 5064 num
375 5008 635 5063 adventus
681 5012 788 5077 tui,
828 5006 889 5065 'et
927 5008 1402 5077 consummationis
1437 5006 1683 5060 saeculi?
1719 5007 1787 5061 Et

206 5079 546 5146 i-csiiondens
593 5080 750 5134 Jesus
776 5121 790 5142 ,
832 5082 985 5133 dixit-
1017 5082 1097 5134 eis
1135 5097 1148 5132 :
1188 5076 1378 5131 Videte
1423 5092 1489 5131 ne
1525 5078 1646 5147 quis
1691 5090 1785 5131 vos

207 5149 453 5204 seducat.
485 5148 627 5201 Multi
656 5151 799 5203 enim
831 5152 1045 5206 venient
1075 5150 1129 5202 in
1166 5148 1381 5199 nomine
1408 5161 1529 5201 meo
1552 5188 1566 5211 ,
1606 5148 1790 5201 dicen—

210 5232 334 5274 tes:
371 5217 485 5287 Ego
528 5232 646 5270 sum
685 5218 932 5273 Christus
961 5238 973 5273 :
1004 5229 1059 5273 et
1087 5218 1283 5287 multos
1318 5217 1594 5271 seduceut.
1624 5215 1790 5271 Audi-

213 5290 318 5344 turi
345 5288 368 5317 ⁸
396 5286 578 5342 autem
619 5290 748 5341 estis
774 5290 976 5358 proelia
996 5330 1013 5355 ,
1052 5296 1107 5343 et
1133 5286 1415 5357 opiniones
1442 5288 1785 5355 proeliorum.

212 5361 408 5415 Videte
434 5373 503 5413 ne
546 5359 802 5412 turbemi-

1868 570 2145 627 occidistis
2174 573 2315 629 inter

1868 643 2130 711 templum
2152 651 2208 699 et

1869 711 2057 767 altare.

1870 781 1959 837 36.
2003 785 2169 837 Amen
2197 783 2319 841 dico

1871 852 2022 907 vobis
2039 894 2053 918 ,
2085 853 2302 910 venient

1872 922 2006 977 haec
2028 925 2205 979 omnia
2231 974 2237 981 .

1872 1007 2035 1062 super
2056 1009 2277 1063 genera-

1873 1063 2072 1118 tionem
2100 1065 2275 1121 istam.

1873 1134 1971 1205 $77.
2005 1133 2336 1193 Hierusalem
2361 1178 2376 1205 ,

1874 1203 2207 1259 Hierusalem
2230 1247 2248 1272 ,

1873 1288 2021 1344 quae,
2038 1276 2237 1331 occidis

1872 1343 2164 1469 prophetas
2177 1386 2193 1411 ,
2225 1354 2280 1403 et

1897 1415 2079 1469 auidas
2106 1430 2200 1469 eos

1897 1415 2079 1484 apidas
2106 1430 2200 1470 eos

1873 1487 1962 1553 qui
1992 1485 2057 1540 ad
2088 1494 2140 1540 te
2168 1486 2317 1542 missi
2386 1490 2389 1495 “

1872 1565 1999 1608 sunt
2024 1596 2038 1621 ,
2076 1558 2325 1624 quotiens

1873 1625 2020 1679 volui
2049 1640 2305 1697 congrae-

1874 1708 2000 1764 gare
2027 1696 2164 1751 lilios

1873 1773 1994 1835 tuos
2014 1806 2029 1832 ,
2058 1781 2244 1835 quem-

1873 1834 2160 1891 admodum

1872 1905 2070 1975 galliua
2096 1922 2226 1962 con-

1872 1987 2060 2045 gregat
2094 1978 2269 2047 pullos

1873 2060 2003 2101 suos
2032 2049 2133 2103 sub

1876 2115 1991 2169 alas
2011 2132 2136 2185 suas
2152 2158 2168 2181 ,

1875 2194 1930 2239 et
1955 2187 2236 2242 noluistis?

1873 2254 1964 2310 38.
1999 2255 2148 2332 _Ecce
2162 2257 2258 2332 _(a)
2286 2260 2543 2332 relinqui-

1875 2333 1965 2380 tur
1984 2324 2026 2396 1‘
2055 2324 2205 2383 vobis
2229 2324 2418 2386 domus

1874 2405 2054 2451 vestra
2082 2398 2313 2453 deserta.

1871 2466 1961 2522 39.
2004 2466 2133 2522 Dico
2160 2480 2341 2527 autem
2366 2486 2460 2528 vo-

1872 2536 1978 2601 bis,
2013 2535 2090 2607 (b)
2120 2540 2242 2610 quia
2268 2540 2310 2610 -ι-

1871 2620 1979 2660 nou
2010 2622 2097 2661 me
2120 2609 2272 2664 vide-

1870 2675 2000 2729 bitis
2029 2677 2246 2743 amodo,

1871 2743 2043 2799 donec
2070 2746 2259 2802 dicatis
2286 2766 2301 2803 :

1870 2812 2196 2886 Benedictus
2218 2858 2234 2886 ,

1870 2885 1966 2965 qui
1986 2884 2135 2965 benit

1872 2970 1926 3009 111
1956 2970 2173 3015 nomine

1874 3024 2107 3084 Domini.

2026 3219 2254 3277 CAPUT
2282 3219 2471 3297 xxiv.

1880 3386 1930 3437 1.
1972 3383 2039 3437 Et
2066 3398 2317 3454 egressus

1875 3454 2031 3509 Jesus
2059 3453 2126 3507 de
2154 3464 2289 3507 tem-

1876 3524 1987 3594 plo,
2012 3522 2243 3589 ibat.,Et

1876 3602 2220 3647 accesserunt

1878 3662 2125 3733 discipuli
2155 3664 2292 3733 ejus,

2687 584 2758 630 ἰιι
2782 576 3136 638 ostenderent

2698 648 2747 701 ei
2777 656 3077 701 structuras

2697 716 2751 770 2.
2793 718 3000 786 templi.
3029 717 3148 787 Ipse

2687 797 2875 852 autem
2907 802 3135 855 respon—

2696 856 2831 911 dens
2856 856 2991 911 dixit
3016 857 3121 913 illis
3150 873 3166 922 ;

2699 926 2906 982 Videtis
2928 926 3060 981 haec

2699 997 2919 1053 omnia?
2947 999 3115 1052 Amen

2701 1068 2825 1123 dico
2852 1067 3025 1133 vobis,

2701 1153 2808 1193 non
2840 1137 3109 1206 relinque-

2700 1218 2787 1263 tur
2812 1208 2899 1262 ltic
2924 1208 3059 1275 lapis

2701 1293 2867 1349 super
2895 1277 3128 1349 lapidem
3146 1316 3163 1343 ,

2704 1348 2795 1419 qui
2820 1364 2927 1404 non
2948 1348 3064 1404 de—'

2702 1428 2962 1477 struatur.

2704 1491 2759 1546 3.
2799 1488 3031 1545 Sedeute
3057 1495 3236 1544 autem

2703 1560 2824 1629 ipso
2852 1574 3013 1629 super

2701 1638 2939 1685 montem
2969 1630 3086 1685 Oli-

2702 1700 2833 1766 veti,
2862 1715 3048 1756 acces~
3124 1718 3131 1727 ί

2703 1779 2893 1826 serunt
2918 1770 2985 1823 ad

2703 1856 2825 1897 eum
2849 1840 3101 1905 discipuli

2703 1920 2933 1976 secreto,
2963 1910 3046 1965 di-

2703 1990 2924 2037 centes:
2954 1981 3048 2036 Dic

2702 2051 2880 2113 nobis.
2905 2066 3078 2121 quan-
3132 2082 3133 2085 η

2701 2123 2773 2178 do
2802 2120 2933 2175 haec
2956 2120 3154 2175 erunt?

2703 2192 2926 2261 etquod
2956 2192 3167 2260 signum

2702 2262 2965 2318 adventus
2994 2262 3092 2327 tui,

2702 2344 2758 2389 et
2794 2346 3138 2389 consumma-

2701 2404 2865 2458 tionis
2894 2401 3135 2457 saeculi?

2700 2473 2757 2527 4.
2800 2473 2866 2528 Et
2888 2470 3223 2542 reSpondens

2702 2542 2880 2609 Jesus,
2914 2543 3053 2596 dixit
3084 2560 3098 2595 :

2702 2612 2897 2667 Videte
2919 2626 2989 2666 ne

2740 2684 2825 2737 uis
2852 2695 2949 2736 vos
2973 2696 3061 2736 se-

2743 2761 2864 2807 ucat
2893 2752 3003 2806 ullo

2701 2822 2756 2877 ὅ.
2796 2822 2981 2878 modo.
3006 2819 3157 2876 Multi

2702 2896 2844 2949 enim
2872 2892 3096 2948 venient

2703 2964 2759 3019 in
2793 2964 3006 3018 nomine

2703 3048 2850 3100 meo,
2878 3034 3122 3089 dicentes
3154 3048 3168 3085 :

2704 3104 2821 3173 Ego
2849 3118 2967 3159 sum

2703 3175 2954 3231 Christus
2980 3190 2994 3226 :
3025 3180 3082 3228 et

2704 3246 2904 3300 multos
2928 3259 3013 3299 se-

2704 3315 2920 3370 ducent.

2706 3386 2761 3441 6.
2802 3384 3095 3441 Audientes

2586 3498 2592 3504 .
2628 3514 2629 3517 η
2705 3466 2884 3511 autem
2915 3454 3131 3523 praelia,

2706 3534 2765 3581 et
2792 3525 3074 3595 opiniones

2707 3590 2991 3650 bellorum.
3022 3590 3231 3655 Videte,

2662 3686 2667 3691 ·
2709 3680 2779 3721 ne
2802 3662 3112 3720 turbemini.

2330 3803 2558 3861 CODEX
2597 3804 2987 3862 BRIXIANUS.

1875 3895 2149 3968 occidistis
2205 3896 2345 3951 inter
2406 3899 2661 3968 templum
2710 3908 2762 3952 et
2838 3896 3025 3968 altare.
3083 3894 3251 3946 Amen
3322 3889 3445 3943 dico

1875 3966 2044 4020 vobis.
2103 3968 2228 4034 quia
2286 3966 2674 4022 venieut‘baec
2738 3967 2936 4020 omnia.
3005 3977 3164 4027 super
3222 3975 3447 4034 genera-

1876 4037 2075 4090 tionem
2121 4030 2305 4089 istam.
2366 4038 2714 4090 Hierusalem.
2774 4034 3104 4088 Hierusalem
3144 4047 3280 4098 quae
3307 4030 3450 4084 occi-

1877 4104 1960 4157 dis
2012 4104 2300 4171 prophetas
2346 4115 2400 4159 et
2447 4107 2648 4171 lapidas
2715 4119 2808 4158 eos
2850 4104 2937 4172 qui
2996 4103 3143 4156 missi
3209 4112 3334 4154 sunt
3382 4100 3446 4172 ad

1879 4183 1951 4224 te.
1986 4170 2244 4244 quotiens
2302 4175 2441 4227 volui
2487 4170 2811 4244 cOngregare
2850 4170 2986 4226 [ilius
3024 4170 3449 4244 tuos.»quemad—

1876 4241 2093 4313 modum
2119 4243 2311 4313 gallina
2339 4241 2626 4313 congregat
2653 4241 2823 4312 pullos
2847 4257 2973 4297 suos
3021 4244 3122 4295 sub
3141 4242 3241 4313 alis
3263 4245 3371 4298 suis
3397 4248 3452 4292 et

1878 4310 2115 4381 noluisti.
2134 4310 2616 4381 Eccerelinq'uet'ur
2639 4310 2791 4367 vobis
2804 4314 2994 4367 domus
3010 4322 3187 4367 vestra
3215 4312 3445 4381 deserta.

1881 4380 2013 4454 Dico
2047 4382 2192 4454 enim
2218 4384 2366 4454 vobis
2394 4380 2467 4453 (ὁ)
2494 4388 2618 4452 quia
2648 4386 2687 4454 -ί-
2719 4400 2823 4438 non
2850 4400 2934 4438 me
2980 4383 3235 4454 videbitis
3256 4380 3449 4454 amodo

1882 4450 2277 4523 douecdicatis.
2295 4450 2613 4519 Benedictus
2634 4450 2724 4523 qui
2742 4457 2887 4509 venit
2903 4456 2953 4508 iu
2988 4454 3201 4507 nomine
3218 4450 3447 4523 Domini.

1884 4521 1949 4574 Et
1979 4537 2229 4589 egressus
2254 4523 2411 4578 Jesus
2436 4526 2503 4578 dc
2544 4518 2744 4592 templo
2767 4526 2896 4578 ibat.
2931 4524 2995 4578 Et
3018 4518 3450 4592 accesseruutad

1888 4587 2270 4660 eumdiscipuli
2285 4595 2397 4662 ejus
2414 4587 3134 4650 utostenderenteiacdiﬁcia
3148 4590 3346 4662 templi.
3363 4587 3451 4640 Je-

1889 4677 1982 4715 sus
1995 4659 2171 4717 autem
2190 4659 2325 4717 dixit
2341 4665 2439 4718 eis.
2454 4664 2653 4719 Videtis
2678 4667 2805 4718 liacc
2826 4663 3023 4719 omnia.
3040 4663 3208 4714 Amen
3223 4659 3343 4712 diro
3360 4673 3453 4710 vo-

1890 4732 1994 4786 bis.
2034 4748 2137 4786 non
2174 4734 2305 4787 relin
2352 4745 2503 4787 uetur
2534 4735 2619 4787 hic
2648 4735 2778 4803 lapis
2802 4748 2963 4800 super
2986 4730 3212 4796 lapidem
3235 4730 3321 4786 uni
3346 4743 3451 4781 non

1890 4804 2215 4856 destruatur.
2238 4750 2467 4856 Segente
2502 4814 2677 4856 autem
2710 4818 2773 4856 eo
2803 4817 2962 4856 suncr
2990 4810 3222 4853 montem
3239 4796 3451 4853 Oliveti.

1890 4804 2215 4857 destruatur.
2238 4803 2304 4857 Sc

3344 366 3448 424 306

2347 4813 2467 4856 ente
2502 4814 2677 4856 autem
2701 4796 2773 4856 'eo
2803 4796 2962 4871 super
2990 4810 3222 4871 montem
3239 4796 3452 4871 Oliveti.

1891 4880 2239 4927 accesserunt
2280 4873 2345 4924 ad
2386 4886 2506 4925 eum
2550 4872 2797 4941 discipuli
2826 4868 3033 4926 secreto
3060 4870 3324 4941 dicentes.
3360 4868 3454 4922 Dic

1893 4944 2066 4996 nobis.
2100 4942 2310 5011 quando
2352 4941 2482 4995 haec
2510 4940 2772 5012 reruut’et
2794 4943 2936 5012 quod
2965 4942 3170 5012 signum
3195 4940 3455 5012 adventus

1896 5014 1989 5065 tui.
2037 5023 2092 5064 et
2120 5008 2550 5066 'consumationis
2580 5008 2898 5067 saeculiCEt
2921 5008 3249 5080 respondens
3277 5008 3453 5063 Jesus.

1894 5082 2025 5135 dixit
2057 5083 2156 5135 eis.
2184 5081 2393 5137 Videte.
2428 5098 2494 5137 ne
2515 5085 2633 5153 quis
2656 5099 2752 5139 vos
2771 5083 3007 5139 seducat.
3036 5080 3183 5137 Multi
3203 5080 3345 5153 enini
3368 5094 3460 5153 ve-

1895 5154 2043 5207 nient
2072 5153 2123 5205 in
2156 5153 2373 5207 nomine
2402 5146 2549 5208 meo:
2572 5155 2814 5209 dicentes
2842 5154 2974 5219 Quia
3007 5166 3104 5221 ego
3136 5165 3251 5204 smn
3279 5146 3461 5221 Chris-

1897 5231 1999 5276 tus.
2025 5231 2078 5276 ct
2100 5223 2295 5277 multos
2315 5223 2589 5279 seducent.
2614 5218 3064 5279 Audituri’auteni
3087 5221 3214 5275 estis
3236 5218 3454 5287 proelia.

1898 5302 1953 5349 et
1978 5294 2258 5364 opiniones
2285 5293 2609 5363 proeliorum
2636 5294 2824 5349 Videte
2848 5308 2917 5349 ne
2943 5292 3268 5348 terreamini.

885 5451 1275 5508 VARIANTES
1313 5442 1700 5510 LECTIONES
1729 5452 1988 5510 CODICIS
2023 5450 2134 5507 MS.
2176 5450 2235 5506 S.
2274 5449 2776 5509 GERMANENSIS.

278 5552 294 5581 ¹
335 5547 568 5599 interficis

276 5614 297 5644 ²
329 5624 463 5671 suas,

1958 5545 1979 5577 ⁸
2010 5541 2329 5593 ostenderent
2351 5545 2399 5595 ei

1954 5611 1978 5637 δ
2010 5607 2139 5654 enim

1251 5740 1257 5747 .
1534 5686 1899 5744 BLANCHINI
1934 5683 2165 5745 NOTAE.

291 5787 371 5857 (η)
404 5786 482 5842 Ita
508 5794 566 5841 et
596 5794 703 5840 ter.
731 5783 825 5839 Gr.
852 5784 1069 5854 ἀφίεται.
1107 5810 1176 5823 --
1214 5781 1289 5848 (ὁ)
1320 5783 1481 5839 Addit
1503 5784 1641 5853 quia,
1672 5783 1775 5837 etis

1888 5771 1976 5834 οδ.
2009 5776 2165 5833 Cant.
2194 5777 2295 5835 ὅτι.
