3900 6394
183 409 290 465 509

576 526 805 587 consx
846 527 1375 605 VERCELLENSIS.

1012 624 1065 678 in
1091 623 1456 679 occidentem:

1010 693 1083 746 ita
1112 693 1216 747 erit
1236 692 1434 747 adven-

1011 771 1095 816 tus
1127 763 1221 817 filii
1250 764 1423 817 homi-

1009 831 1099 886 28.
1128 833 1227 886 nis.
1256 831 1427 888 Ubic.
1460 872 1473 886 .
1500 870 1514 886 .
1542 874 1554 887 .
1584 874 1597 888 .

1010 916 1114 971 que
1141 901 1295 956 fuerit

1010 985 1227 1039 corpus,
1260 972 1367 1027 illic
1394 986 1526 1027 con-

184 624 311 673 tunc
335 619 557 675 tribula-

187 688 262 761 tio
282 703 495 761 magna.
525 704 655 761 qua-

186 756 253 811 lis
281 756 393 812 non
414 758 512 814 fuit

187 827 257 878 ab
288 828 443 882 initio
468 844 587 885 sae-

186 896 293 969 culi
322 913 493 965 usque
522 914 637 954 mo-
692 966 693 969 η

185 966 280 1037 do,
312 982 486 1037 neque
510 970 620 1023 ﬁet.

184 1035 277 1110 22.
309 1036 379 1091 Et
400 1035 515 1110 nisi
536 1040 748 1096 brevia-
1011 1035 1368 1110 laetabuntur

189 1056 277 1089 zz.
309 1056 379 1091 ιι
406 1056 507 1092 ηιει
536 1056 748 1096 nrevna-
1046 1056 1368 1110 reganmitur

189 1106 227 1186 ti
257 1115 441 1186 essent
464 1107 582 1164 dies
1011 1056 1094 1232 Eb)
1126 1112 1333 1178 aquilae
1360 1110 1416 1179 1-.

189 1174 293 1232 illi.
321 1192 428 1231 non
449 1188 594 1232 esset
761 1186 766 1191 ’
1052 1179 1100 1232 9.
1135 1180 1225 1232 Sta
1267 1218 1283 1232 .
1326 1219 1341 1232 .
1387 1221 1398 1232 .

188 1174 293 1239 illi,
321 1192 428 1231 non
449 1188 594 1233 esset
761 1186 766 1191 ’
1014 1174 1100 1233 29.
1135 1174 1225 1234 Sta
1267 1218 1283 1233 .
1326 1219 1341 1234 .
1374 1174 1398 1232 ⁷.
1444 1219 1458 1232 .
1504 1220 1517 1234 .
1561 1219 1576 1234 .
1622 1219 1635 1234 .
1680 1218 1695 1234 .

185 1248 336 1299 salva
367 1248 542 1302 omnis
1014 1258 1135 1317 post
1178 1289 1190 1301 .
1236 1288 1247 1300 .
1298 1290 1310 1302 .
1358 1290 1369 1302 .
1407 1249 1564 1304 bula-

186 1328 317 1369 caro
334 1334 354 1388 ξε
384 1318 477 1371 sed
513 1332 673 1388 prop-
1013 1320 1212 1374 tionem
1244 1318 1355 1373 die-

188 1393 272 1439 ter
296 1386 497 1441 electos
614 1386 627 1388 ⁷
1013 1403 1130 1441 rum
1160 1388 1391 1454 illorum,

186 1454 547 1510 braeviabun-
1017 1458 1099 1511 sol
1131 1458 1386 1511 obscura-

188 1532 277 1577 tur
308 1524 424 1579 dies
453 1525 548 1578 illi.

184 1592 278 1647 25.
311 1594 461 1648 Tunc
488 1596 532 1648 si
563 1595 683 1661 quis
707 1610 802 1652 v0-

186 1663 271 1717 bis
302 1665 531 1717 dixerit:
563 1664 661 1719 Ec—
776 1670 779 1673 '

184 1747 249 1786 ce
279 1733 469 1807 lucta)
498 1734 745 1791 Christus
766 1736 828 1807 1-,
853 1746 945 1793 aut

184 1817 317 1859 ecce
345 1802 480 1856 illic:
520 1819 621 1858 no-

189 1872 284 1925 lite
310 1874 552 1929 credere.

185 1942 279 2013 24.
314 1941 591 2013 Exurgent

187 2012 332 2066 enim
366 2012 594 2080 pseudo-

187 2081 399 2146 christi,
424 2092 475 2137 et
509 2083 737 2151 pseudo-

189 2152 431 2274 Brofetae
453 2171 467 2206 :
490 2163 542 2208 et
570 2154 669 2208 da-

228 2228 327 2273 unt
347 2236 494 2274 siuna

228 2228 327 2273 unt
347 2228 494 2291 signa

190 2304 350 2361 magn
375 2329 390 2343 .
407 2327 421 2342 .
446 2331 462 2355 ,
487 2302 540 2346 et
566 2308 665 2361 pro

190 2357 574 2414 d........ut

196 2427 429 2482 in.....
464 2428 597 2482 ndu-

198 2498 578 2564 ..:’.j..etiam

192 2568 287 2622 25.
539 2568 678 2624 Ecce

197 2636 439 2705 praedixi
465 2652 549 2692 vo-

193 2707 287 2760 26.
320 2706 422 2760 bis.
454 2708 509 2764 Si
536 2719 715 2765 autem

194 2776 449 2839 dixerint,
480 2780 576 2833 Ec-

192 2858 258 2897 ce
290 2847 340 2898 in
363 2845 578 2902 deserto

193 2923 298 2978 est,
327 2916 416 2969 nol
441 2954 455 2967 .
486 2954 499 2968 .
528 2954 541 2970 .
570 2918 683 2972 exi—

193 2998 288 3046 re;
322 2998 448 3056 ecce
470 2986 639 3056 iupe-

194 3053 513 3121 netralibus,

196 3124 366 3178 nolite
387 3125 576 3181 crede—

192 3192 286 3247 27.
315 3207 393 3247 re.
423 3196 571 3251 Sicut
599 3198 741 3253 enim

198 3263 374 3332 lulgur
398 3266 509 3319 exit

194 3334 265 3384 ab
292 3335 524 3403 oriente,

196 3412 251 3455 et
276 3414 428 3472 paret
455 3419 623 3477 usque

1016 1525 1179 1588 bitur.
1209 1536 1263 1581 et
1292 1528 1417 1582 luna

936 1603 945 1607 ”
1016 1611 1121 1651 non
1150 1596 1294 1651 dabit
1323 1598 1400 1653 lu-

1014 1681 1136 1721 men
1163 1682 1339 1732 suum,

1014 1744 1069 1790 et
1096 1738 1215 1789 stell
1244 1777 1255 1789 .
1286 1778 1298 1791 .
1328 1752 1409 1793 ca-

1015 1805 1143 1860 dent
1170 1806 1236 1860 de
1274 1822 1397 1863 cae-

1017 1876 1091 1943 lo,
1117 1886 1169 1930 et
1188 1876 1359 1930 virtu-

1015 2156 1105 2226 30.
1138 2165 1262 2210 tunc
1288 2171 1446 2226 pare-

1019 2225 1099 2280 bit
1140 2267 1153 2280 .
1196 2262 1211 2278 .
1256 2225 1469 2291 {gnum

1022 2294 1117 2349 filii
1152 2296 1383 2350 hominis
1410 2322 1413 2325 λ

1026 2365 1077 2419 in
1101 2364 1251 2420 caelo
1276 2384 1287 2417 :
1323 2373 1377 2419 et
1406 2366 1513 2435 pla-

1089 2473 1101 2485 .
1149 2474 1179 2491 κ
1204 2445 1261 2487 nl
1288 2449 1347 2487 se
1374 2444 1501 2493 tunc

1147 2540 1159 2553 .
1202 2518 1295 2557 nes
1325 2506 1420 2558 tri-

1023 2572 1122 2624 bus
1154 2581 1329 2625 terrae
1354 2589 1369 2625 :
1401 2584 1457 2628 et

1020 2640 1274 2694 videbunt
1302 2640 1362 2692 li-

1020 2710 1149 2763 lium
1173 2708 1344 2763 homi-

1020 2796 1052 2834 n
1098 2820 1110 2831 .
1154 2819 1167 2832 .
1217 2819 1227 2830 .
1276 2819 1288 2832 .
1334 2820 1346 2833 .
1387 2780 1577 2834 dveni-

1021 2859 1199 2905 entem
1222 2848 1272 2903 in
1300 2865 1394 2905 nu-

1021 2921 1177 2975 bibus
1207 2919 1341 2973 caeli

1023 3004 1142 3044 cum
1174 2990 1370 3044 virtute

1024 3061 1207 3121 multa,
1240 3071 1291 3112 et
1322 3074 1434 3113 ma-

1022 3130 1111 3184 51.
1134 3129 1351 3198 jestate.
1386 3131 1449 3185 Et
1477 3130 1601 3185 mit—

1025 3201 1343 3267 tetangelos
1444 3242 1448 3246 Α
1518 3226 1529 3237 σ

1019 3284 1145 3322 suos
1172 3284 1292 3326 cum
1325 3278 1406 3324 tu-
1499 3331 1503 3336 ,

1019 3338 1105 3401 ba,
1134 3347 1189 3391 et
1216 3354 1345 3394 voce

1020 3422 1238 3477 magna:
1266 3418 1320 3462 et
1350 3422 1475 3463 con—

539 3531 541 3534 ‘
611 3544 839 3603 coosx
879 3545 1340 3602 CORBEIENSIS.

194 3644 324 3706 tunc
355 3634 627 3688 tribulatio
654 3652 864 3706 magna,
885 3636 1054 3703 qualis
1083 3651 1185 3689 non
1217 3636 1311 3689 fuit
1339 3636 1406 3688 ab
1430 3636 1583 3689 initio
1606 3638 1619 3667 ¹
1646 3650 1765 3690 sae-

193 3704 301 3757 culi
336 3709 688 3772 usque'nune.
727 3704 790 3759 Et
818 3707 916 3760 nisi
951 3708 1167 3760 breviati
1199 3709 1217 3738 '
1253 3709 1447 3760 l'neriut
1488 3708 1600 3759 dies
1648 3707 1760 3771 illi,

195 3788 302 3825 non
332 3776 644 3845 essetsalva
668 3779 841 3828 omnis
873 3791 1037 3829 earo:
1088 3779 1180 3830 secl
1230 3790 1448 3845 propter
1496 3779 1515 3807 ⁸
1561 3778 1763 3829 electos

196 3856 347 3895 meos
375 3842 759 3897 breviabnntur
783 3845 899 3897 dies
927 3846 1019 3899 illi.
1062 3847 1210 3899 'l‘unc
1230 3842 1297 3901 ἐἰ
1337 3850 1455 3909 quis
1504 3849 1655 3899 vobis
1684 3848 1759 3899 di~

194 3911 370 3965 xerit:
406 3913 544 3967 Ecce
573 3912 657 3967 hic
680 3926 761 3967 est
789 3912 1031 3968 Christus
1054 3956 1067 3975 .
1101 3924 1192 3968 aut
1216 3916 1234 3945 ’*
1267 3918 1406 3969 illic:
1449 3920 1613 3970 nolite
1643 3934 1757 3969 eri:-

184 3983 347 4055 dere.
374 3982 395 4013 ⁸
424 3982 726 4054 Ειςιινεθιιι
749 3986 890 4038 enim
923 3985 1338 4053 pseudocliristi,
1357 3998 1409 4041 et
1437 3987 1766 4055 pseudopro-

181 4053 392 4126 ‘plietae
420 4070 433 4106 :
466 4061 521 4107 et
547 4053 749 4126 dabunt
774 4056 921 4122 signa
955 4070 1143 4125 magna
1164 4096 1176 4119 ,
1223 4067 1273 4110 et
1305 4053 1538 4126 prodigia
1568 4096 1580 4118 ,
1612 4053 1679 4108 ita
1712 4064 1765 4107 ut

196 4125 249 4177 in
277 4138 517 4178 errorem
550 4125 570 4155 ⁸
601 4127 814 4179 mittant
855 4126 1013 4179 etiam
1050 4128 1133 4192 (si
1182 4126 1293 4180 fieri
1326 4125 1534 4194 potest)
1567 4128 1767 4178 elei-tus

196 4208 369 4247 meos.
418 4194 556 4249 Ecce
582 4196 814 4263 praedixi
844 4195 1011 4248 vobis.
1066 4196 1118 4249 Si
1150 4210 1278 4260 ergo
1306 4196 1540 4247 dixerint
1576 4195 1723 4245 vobis
1748 4232 1763 4255 ,

201 4264 339 4317 Ecce
371 4265 422 4317 in
452 4264 668 4317 deserto
697 4266 833 4321 est.7
864 4265 1022 4317 nolite
1051 4264 1305 4324 credere;
1336 4266 1415 4315 vel
1442 4276 1568 4316 ecce
1596 4264 1646 4312 in
1672 4263 1761 4311 lin.

199 4334 385 4401 snitin,
419 4335 583 4387 nolite
609 4334 773 4385 exire.
806 4332 959 4385 Sicut
986 4334 1125 4384 enim
1156 4331 1330 4397 fulgur
1356 4332 1466 4383 exit
1494 4333 1560 4381 ab
1586 4332 1763 4401 orien—

201 4413 251 4455 te
276 4445 291 4469 ,
339 4414 391 4458 et
417 4412 565 4471 paret
594 4416 759 4469 usque
788 4402 851 4453 atl
879 4402 1215 4471 occidentem
1246 4416 1257 4450 :
1288 4402 1309 4430 ⁸
1339 4401 1418 4453 sie,
1440 4400 1763 4471 eritatlren-

202 4482 285 4526 tus
307 4472 399 4526 filii
421 4469 669 4526 hominis.
702 4471 1067 4534 Ubiqunmque
1087 4469 1243 4523 fuerit
1265 4485 1478 4537 corpus,
1511 4470 1615 4521 illic
1639 4484 1767 4521 con-

198 4541 827 4610 gregabnnturaquilae.’
844 4539 1132 4595 Confestim
1149 4551 1264 4611 post
1284 4541 1402 4594 illius
1424 4542 1534 4591 dies
1553 4540 1769 4591 ll‘ilmln-

202 4614 885 4675 tionum,solt-onverletnr
911 4613 960 4664 in
987 4612 1322 4670 tenebras.et
1352 4612 1474 4665 luna
1505 4627 1605 4664 non
1624 4610 1769 4663 dabit

206 4681 386 4733 lumen
413 4696 564 4734 suum
594 4724 607 4744 ,
638 4691 690 4735 et
718 4683 902 4739 stellae
933 4682 1116 4736 eadem
1148 4683 1214 4735 de
1239 4682 1390 4735 Coele
1420 4723 1431 4744 ,
1463 4692 1515 4734 et
1547 4683 1771 4733 virtutes

199 4748 997 4820 coelorumcommovebuntur:
1018 4763 1070 4805 et
1086 4764 1208 4804 tunc
1232 4754 1435 4818 parebit
1459 4754 1664 4820 signum
1683 4752 1773 4803 lilii

203 4818 434 4870 hominis
464 4820 733 4892 inqcoelo:
764 4830 817 4875 et
843 4831 966 4876 tunc
992 4824 1238 4892 plangent
1271 4838 1456 4875 omnes
1481 4818 1647 4875 tribus
1671 4830 1775 4873 ter-

202 4903 294 4939 rae
321 4904 334 4939 :
368 4896 422 4951 et
450 4890 706 4943 vitlebunt
738 4892 900 4945 lilium
942 4890 1174 4945 hominis
1206 4892 1507 4945 venientem
1540 4894 1587 4943 in
1622 4892 1773 4944 nubi-

200 4959 305 5029 bus
334 4958 469 5012 coeli
512 4974 629 5029 cum
662 4963 853 5015 virtute
882 4963 1040 5015 multa
1067 5002 1081 5029 ,
1128 4971 1177 5013 et
1222 4964 1500 5028 majestate
1544 4976 1659 5013 sua.
1712 4962 1774 5012 l'lt

202 5027 615 5097 mittetangelos
632 5044 757 5084 suos
775 5047 894 5085 cum
920 5027 1073 5097 tuba,»
1090 5040 1143 5086 et
1168 5048 1297 5085 voce
1324 5046 1511 5099 magna
1538 5049 1550 5084 :
1574 5038 1627 5084 et
1646 5045 1771 5083 cono

1132 408 1579 466 EVANGEIJUM
1619 409 1989 467 SECUNDUM
2029 412 2454 469 MATTHIEUM.

1778 710 1783 716 '
1861 707 1984 761 gna,
2015 694 2186 761 qualis

1800 1038 1803 1041 ’
1867 1038 1966 1093 ἓξὲξ
1995 1042 2060 1094 Et
2088 1043 2184 1093 nisi
2214 1043 2331 1096 bre-

3334 412 3439 465 ΜΟ

2292 534 2518 590 CODEX
2559 534 3009 591 VERONENSIS.

2687 640 2855 693 usque
2876 627 3020 680 occi-

2685 695 2898 749 dentem
2932 716 2945 750 :
2976 698 3046 750 ita
3089 735 3109 753 .

2683 767 2786 819 erit
2807 776 2859 819 et
2885 765 3088 819 adven-

2685 844 2767 888 tus
2796 834 2871 887 f‘ili
2895 835 3148 890 hominis.

2684 905 2754 958 28
2804 903 3137 972 Ubicumque

2687 988 2731 1028 ei
2749 974 2787 1027 it
2811 988 3027 1040 corpus,
3056 974 3165 1028 illic

2689 1044 3155 1109 congregahuntur

2696 1113 2769 1181 (ιι)
2800 1114 2974 1175 aquile

2695 1178 2784 1235 29.
2830 1178 3020 1237 Statim

2702 1262 2882 1306 autem

2704 1331 2825 1390 post
2857 1320 3159 1377 tribulatio-

2704 1407 2824 1445 nem
2857 1392 3064 1444 dierum

2702 1462 2914 1514 illormu
2935 1499 2948 1517 .
2982 1462 3061 1512 sol

2700 1529 3078 1583 obscurabitur
3097 1571 3113 1598 ,

2698 1609 2752 1653 et
2781 1600 2902 1651 luna
2947 1613 3051 1651 nou

2698 1668 2845 1722 dabit
2884 1666 3061 1721 lumen

2698 1752 2881 1798 Suum.
2913 1748 2968 1790 et
2996 1737 3187 1793 stellae

2699 1807 2885 1861 cadent
2923 1808 2992 1859 de
3016 1808 3166 1862 caelo
3192 1847 3208 1873 ,

2700 1889 2753 1931 et
2784 1876 3006 1929 \lt‘lules
3034 1891 3160 1931 cae-

2700 1946 2872 2000 lorum
2906 1960 3144 2001 commo-

2670 2084 2671 2087 η
2698 2016 2785 2071 50.
2830 2018 3096 2087 vebnntur
3126 2033 3140 2068 :

2698 2096 2750 2139 et
2781 2096 2903 2139 tunc
2933 2086 3146 2153 parebit

2696 2154 2911 2222 signum
2952 2156 3021 2207 fili

2698 2224 2929 2278 hominis

2701 2294 2751 2347 in
2781 2294 2931 2348 caelo
2966 2312 2978 2347 :
3010 2304 3063 2348 et

2702 2372 2829 2417 tune
2859 2365 3041 2418 conci-

2703 2434 2826 2488 dent
2862 2449 2920 2489 se

2701 2518 2887 2557 omnes
2927 2504 3096 2559 tribus

2702 2581 2877 2626 terrae
2923 2591 2935 2624 :

2700 2651 2751 2693 et
2788 2656 2808 2689 κ
2824 2640 3047 2694 ἰιιειιυηι

2702 2709 2865 2761 filium
2896 2709 3128 2764 hominis

2700 2781 2998 2834 venientem
3033 2780 3085 2833 in

2702 2850 2927 2902 nubibus
2957 2850 3089 2903 eaeli

2699 2934 2819 2972 cum
2859 2922 3052 2973 vit-tute

2699 2992 2892 3049 multa,
2924 2999 2976 3043 et
3015 3004 3127 3041 ma-

2697 3058 2757 3111 5l
2775 3099 2785 3109 .
2823 3059 3038 3123 jestule.
3074 3059 3139 3113 Ει

2698 3129 2871 3181 millet
2911 3129 3133 3198 angelos

2698 3212 2823 3251 ευος
2851 3214 2970 3252 Clllll

2699 3270 2818 3321 tuba
2852 3278 2903 3323 et
2934 3282 3064 3323 voce

1863 623 2134 677 tribulatio
2166 639 2278 679 ma-

1865 777 1968 815 non
1997 763 2094 815 fuit
2117 763 2184 816 ab

1866 832 2017 885 initio
2041 834 2233 886 saeculi

1868 917 2035 969 usque
2062 902 2238 968 modo,

1867 986 2039 1040 neque
2076 972 2184 1025 fiet.

1869 1108 1994 1163 biati
2024 1110 2247 1164 fuissent
2272 1112 2386 1167 dies

1870 1179 1969 1245 illi,
1988 1192 2102 1233 non
2135 1182 2287 1236 fieret

1871 1252 2019 1302 salva
2044 1251 2221 1304 Omnis

1871 1332 1995 1371 caro
2031 1339 2043 1371 :
2074 1321 2164 1372 sed
2198 1335 2322 1387 pro—
2364 1326 2367 1329 ’

1912 1398 1989 1440 ter
2010 1389 2209 1441 electos
2230 1390 2349 1442 bre-

1872 1458 2155 1578 lJlililblIllllll‘
2182 1458 2298 1512 dies

1872 1542 1885 1578 ι
1940 1544 1972 1578 ι.

1870 1595 1957 1647 25.
1992 1595 2143 1648 'l‘unc
2172 1596 2215 1648 si
2246 1596 2366 1665 quis

1871 1665 2023 1717 vobis
2061 1666 2209 1719 tlixe-

1876 1736 1942 1786 iit
1974 1752 1986 1788 :
2022 1734 2158 1787 Ecce
2189 1736 2273 1788 hic

1874 1802 1949 1873 (a)
1982 1803 2075 1856 (Ilii
2096 1806 2225 1860 istos
2252 1804 2318 1874 'l‘,

1874 1888 2000 1927 erce
2032 1874 2137 1926 illic
2162 1891 2174 1924 :

1875 1944 2037 1995 nolite
2067 1943 2306 1998 credere.

1873 2011 1966 2067 24.
2001 2014 2233 2081 Sui-gent
2252 2015 2397 2069 enim

1878 2084 2289 2150 pseudocbristi,
2324 2096 2379 2139 et

1876 2151 2372 2220 pseudoiironlielae
2395 2170 2409 2208 :

1873 2232 1927 2273 ct
1957 2222 2161 2274 tlabunt
2190 2223 2338 2290 signa

1874 2305 2085 2371 magna,
2118 2301 2171 2344 et
2204 2306 2324 2360 pro-

1873 2360 2037 2430 digia,
2069 2362 2139 2415 ita
2168 2372 2226 2416 ut

1875 2446 1926 2483 Ill
1956 2446 2191 2484 errorem

1875 2500 2210 2564 inducantur,

1875 2572 1918 2623 si
1952 2570 2065 2623 fieri
2095 2580 2291 2637 potest,

1876 2642 2035 2691 etiam
2064 2642 2239 2692 electi.

1873 2707 1964 2761 25.
1999 2707 2138 2761 Ecce
2170 2721 2324 2775 prae-

1873 2776 1980 2829 dixi
2012 2778 2179 2829 vobis.

1873 2845 1963 2897 26.
1996 2844 2050 2899 Si
2081 2854 2256 2897 autem
2285 2844 2430 2901 dixe-

1875 2916 1983 2967 rint
2012 2916 2186 2975 vobis,
2225 2917 2358 2969 [dccc

1876 2985 1925 3037 in
1956 2986 2170 3038 tlesetto
2196 2995 2297 3045 est.

1874 3054 1956 3107 vel
1986 3070 2111 3108 ecce
2141 3055 2191 3107 in
2223 3071 2384 3120 pene-

1876 3126 2116 3188 tralibus,
2141 3126 2303 3180 nolite

1875 3196 2115 3248 credere.
2234 3232 2237 3233 ν

1874 3264 1963 3335 27.
1998 3264 2148 3317 Sicut
2172 3266 2314 3320 enim
2346 3265 2519 3335 lulgur

1874 3334 1981 3388 exit
2014 3336 2079 3387 ab
2104 3337 2278 3389 orieu«

1876 3414 1948 3469 te,
1981 3413 2033 3458 et
2064 3416 2214 3472 paret

2698 3352 2884 3405 magna
2929 3355 2939 3388 :

2625 3436 2629 3438 ν
2698 3416 2751 3459 et
2780 3422 3005 3477 00nng-

2329 3541 2551 3596 COllEX
2592 3542 2979 3598 BRIXIANUS.

1868 3636 2009 3687 enim
2041 3642 2167 3687 tunc
2197 3633 2473 3687 tribulatio
2499 3649 2709 3703 magna.
2737 3636 2909 3701 qualis
2940 3649 3047 3687 non
3082 3632 3183 3686 fuit
3205 3631 3271 3685 ab
3291 3631 3443 3703 initio

1870 3706 2049 3757 nirmli
2083 3721 2249 3772 usque
2278 3705 2456 3757 modo.
2494 3699 2663 3771 ιιρίιῖιο
2694 3699 2799 3757 fiet.
2842 3706 2896 3756 lit
2931 3704 3030 3756 nisi
3062 3703 3281 3772 breviaii
3313 3699 3439 3753 fuis-

1868 3787 1987 3828 sent
2014 3775 2129 3827 dies
2162 3770 2254 3827 illi.
2288 3792 2390 3829 nun
2419 3770 2733 3846 lieretsalva
2756 3776 2945 3846 omnis
2962 3788 3121 3846 caro.
3161 3770 3251 3846 sed
3281 3784 3439 3846 proli-

1870 3856 1948 3897 ter
1976 3848 2196 3897 eli-rtus.
2235 3846 2615 3899 breviabnutnr
2642 3845 2755 3897 tlies
2789 3843 2883 3897 illi.
2907 3844 3058 3897 Tunc
3084 3845 3125 3892 si
3152 3839 3270 3906 quis
3290 3838 3438 3889 Vobis

1870 3916 2083 3968 tlixeiit.
2118 3916 2253 3967 lieee
2284 3919 2367 3965 hic
2398 3925 2477 3967 est
2507 3913 2748 3967 (Sinistus
2773 3925 2861 3965 aut
2890 3914 3012 3965 illic.
3064 3909 3226 3962 nolite
3256 3907 3443 3958 crede-

1873 4004 1949 4039 re.
2000 3988 2262 4052 lixnigi-nt
2299 3987 2440 4037 enini
2474 3984 2863 4051 pseutlocbrisli
2904 3976 3438 4055 etipsendotur‘opbe-

1873 4066 1975 4107 lae.
2007 4066 2053 4105 et
2087 4048 2283 4106 dabunt
2314 4048 2677 4119 signa’inagna
2706 4064 2752 4102 et
2790 4050 3044 4115 prodigia.
3086 4048 3157 4119 ita
3188 4056 3243 4099 ut
3271 4048 3318 4119 in
3351 4061 3437 4098 er-

1872 4140 2047 4176 rorem
2079 4116 2435 4194 induennlffi
2469 4116 2591 4173 lieri‘
2616 4130 2807 4194 potest.
2859 4129 3017 4194 etaim
3048 4116 3266 4194 electos.
3308 4117 3442 4194 licet:

1874 4193 2107 4256 praedixi
2155 4193 2323 4242 vobis.
2375 4190 2429 4242 Si
2477 4202 2657 4242 autent
2705 4190 2939 4240 (Ιὶχιονίιιι
2986 4189 3153 4239 vobis.
3209 4187 3441 4256 licee‘in

1870 4254 2085 4311 tleserto
2110 4269 2208 4319 est,
2236 4260 2399 4311 nolite
2424 4262 2591 4311 exire.
2612 4274 2737 4312 ecce
2761 4260 2809 4308 in
2836 4256 3252 4323 penetrabilibus
3280 4254 3441 4309 nolite

1872 4330 2109 4381 credere.
2131 4330 2277 4381 Sient
2307 4331 2445 4379 enim
2477 4329 2669 4391 lttlelll'.
2700 4328 2807 4381 exit
2836 4330 2900 4380 ab
2928 4326 3165 4389 oriente,
3196 4338 3247 4379 et
3297 4334 3443 4393 patet

1875 4414 2040 4467 inque
2070 4399 2132 4451 atl
2161 4398 2457 4451 ot-ritleI-te.
2489 4399 2556 4451 ita
2586 4398 2689 4452 erit
2718 4410 2765 4449 et
2791 4400 3047 4451 adventus
3079 4400 3167 4449 lilii
3191 4395 3439 4447 hominis.

1876 4468 2189 4537 Ubicunque
2239 4469 2390 4523 fuerit
2421 4484 2616 4537 Corpus
2649 4468 2755 4522 illic
2795 4468 3275 4537 congregabuntnr.

1950 4540 2022 4607 (ὓ)
2064 4534 2289 4605 minium.
2343 4540 2381 4609 ’ξ’
2425 4534 2611 4595 Statim
2643 4552 2819 4609 autem
2886 4534 3441 4609 liost:Iribttlnlioyltglll

1879 4600 2086 4662 tliertun
2117 4600 2463 4664 ἰιΙοιΓιιιιι,ἐ‹ιι
2498 4600 2897 4661 «ιιιεοιιιτειίωιινξ
2924 4615 2975 4659 et
3020 4606 3138 4656 luna
3171 4618 3270 4677 non
3301 4600 3449 4650 dabit

1883 4683 2058 4733 lumen
2087 4696 2254 4732 suum.
2301 4690 2349 4731 el
2383 4680 2567 4732 Stellae
2611 4678 2797 4730 eadem
2828 4678 2893 4727 de
2928 4677 3093 4725 t-aelo.
3137 4680 3188 4749 et
3225 4679 3447 4747 \‘irlelvs

1880 4752 2149 4803 caelorum
2182 4749 2675 4801 commovebuntur.
2709 4758 2757 4797 et
2784 4758 2909 4796 tunc
2934 4740 3206 4807 apparebit
3238 4742 3443 4817 sign-uin

1882 4822 1951 4872 lili
1986 4820 2214 4873 hominis
2249 4819 2297 4868 in
2328 4819 2494 4867 caelo.
2530 4828 2579 4866 et
2615 4828 2735 4867 tunc
2772 4817 3019 4881 plangenl
3061 4824 3245 4881 titnttc~
3280 4810 3447 4881 tribus

1882 4902 2071 4941 terrae.
2133 4899 2184 4940 et
2227 4887 2473 4938 \'lthlllllll
2524 4885 2689 4934 lilium
2744 4879 2989 4933 hominis.
3044 4879 3342 4931 venientem
3396 4880 3450 4930 in

1882 4958 2215 5011 nubibeaeb.
2250 4970 2367 5007 Cum
2398 4956 2589 5004 \‘it‘ttilc
2620 4963 2671 5005 et
2711 4954 2873 5020 gloria
2913 4950 3098 5005 multa.
3158 4950 3219 5001 lit
3274 4950 3447 5000 mittet

1878 5029 2093 5095 angelos
2148 5038 2273 5077 suos
2326 5039 2443 5076 enni
2479 5023 2599 5075 tuba
2638 5032 2701 5077 et
2733 5039 2861 5077 Voce
2900 5038 3114 5091 magna.
3148 5030 3199 5075 et
3227 5034 3448 5087 congre-

815 5198 852 5275 ξ
882 5210 1270 5266 VARIANTES
1310 5208 1681 5266 LEC’IIONES
1717 5205 1978 5264 CODlClS
2016 5204 2126 5261 MS.
2168 5205 2225 5258 S.
2268 5204 2769 5261 GERilANENSlS.

268 5329 285 5357 ι
322 5321 486 5372 mundi
511 5328 666 5386 usque
691 5320 851 5382 modo,
867 5337 1031 5386 neque
1054 5323 1136 5374 flet

267 5390 288 5419 ¹
324 5382 599 5434 fuissent...
616 5382 757 5430 ﬁeret

268 5452 290 5482 ³
325 5448 509 5499 electos
531 5444 876 5493 breviabuntur

271 5512 294 5542 ⁸
331 5521 450 5561 ecce
475 5507 571 5556 illic

267 5576 289 5605 ⁸
327 5574 548 5634 Surgeut

1945 5320 1965 5348 ⁸
1998 5318 2311 5368 ducantur....
2337 5321 2481 5368 etiam
2508 5320 2654 5368 electi

1944 5382 1961 5411 ⁷
2004 5381 2063 5428 Ut
2099 5379 2240 5443 Vulg.

1943 5444 1965 5471 ⁸
1998 5443 2061 5489 ita
2087 5449 2180 5489 erit
2206 5450 2254 5491 et

1943 5505 1962 5535 '
2004 5503 2065 5551 Ut
2093 5502 2237 5564 Vulg.
2264 5516 2426 5566 usque,
2456 5504 2530 5553 De
2547 5504 2627 5554 die
2653 5512 2811 5553 autem

1507 5672 1864 5729 BLANCHINI
1904 5669 2129 5727 ΝΟΤᾸΞ.

280 5812 360 5891 (α)
384 5813 531 5873 Ante
557 5809 789 5867 Christus
819 5807 971 5865 deest
997 5815 1089 5869 est,
1125 5804 1285 5858 etiam
1315 5802 1366 5856 in
1418 5812 1523 5859 tex.
1553 5800 1647 5857 Gr.
1678 5803 1824 5875 -—(b)
1862 5806 1999 5859 Ante
2040 5802 2241 5873 aquilae
2258 5844 2282 5889 ,_
2328 5804 2478 5860 deest
2520 5814 2566 5859 et
2593 5801 2750 5858 etiam
2786 5797 2835 5852 in
2868 5805 2976 5852 tex.
3018 5793 3112 5848 Gr.
