2610 3267
75 188 126 219 513
372 173 375 176 4
559 195 782 226 EVANGELIUM
801 198 985 228 SECUNDUM
1004 201 1221 232 ΜΑΤΤΗᾹΞΗΜ.

265 249 381 279 CODEX
399 252 666 284 VERCELLENSIS.

48 296 315 332 ....iattcscitis
486 321 494 329 .
533 320 540 328 .
581 321 588 329 .
627 322 634 329 .
675 322 682 330 .
723 323 731 332 .

76 349 83 356 .
104 349 112 357 .
134 352 141 358 .
164 331 228 359 liora
243 331 370 361 Dominus

75 370 165 394 νεεῑοτ
178 374 244 395 ven-

73 405 151 439 turus
161 407 215 439 est.
407 434 411 439 ,
483 407 520 435 cit
530 407 655 436 dominus

72 436 118 464 45.
138 437 204 465 Illud
215 442 302 466 autem

71 472 167 500 scitote
174 495 182 506 ,
204 481 269 508 quo—

70 507 141 535 niam
155 509 178 536 si
191 507 244 536 sei—

70 548 109 570 ret
125 548 203 577 pater
220 544 258 572 fa-
481 544 628 578 conservos

71 578 225 618 _milias_qua
321 616 325 618 _
344 617 347 618 ν
481 591 545 612 suos
553 605 561 618 ,
577 586 685 614 mandu-

60 613 134 653 liora
152 613 206 653 _l'.’_.
257 635 264 643 .
288 636 295 643 .
315 616 353 653 (α)
378 626 408 646 e-
480 627 544 648 care
553 613 645 649 'autem

70 649 110 690 nit
122 670 129 683 ,
145 650 166 685 -ι-
178 650 300 685 vigilaret

68 689 160 719 utique
167 706 174 718 ,
192 690 221 713 et.
235 693 287 714 non

67 719 168 755 sineret
186 728 247 755 per-

67 754 145 783 fodiri
159 754 268 784 domum

66 789 112 818 44.
133 797 218 822 suam.
233 791 296 822 Ideo

67 829 94 853 et
105 833 154 853 vos
167 831 239 854 esto-

67 864 93 888 te
105 861 191 902 parati
203 865 215 888 ξ
230 863 290 898 quia

65 897 245 933 nescitjsrqua’
480 926 486 931 .
527 924 535 932 .
572 925 580 932 .
622 926 628 933 .
669 926 675 933 .
715 926 722 932 .
762 897 769 933 ξ
810 926 815 933 .

66 931 217 969 lioralilius
345 961 349 967 χ
478 960 485 966 .
526 931 533 967 ζ
573 931 579 967 ξ
620 931 628 969 ξ
668 931 675 968 ξ
714 931 721 969 ξ
760 931 768 968 ξ
809 931 815 969 ξ

66 966 257 998 hominisven-~
479 996 484 1002 .
525 966 532 1003 .
573 966 580 1003 ζ
620 966 627 1004 ξ
667 966 674 1004 ξ
713 966 721 1004 ξ
760 966 769 1005 ξ
809 966 816 1005 ξ

67 1007 208 1040 tut-usest.
479 1030 485 1038 .
527 1031 532 1038 .
572 1032 579 1039 .
620 1033 627 1040 .
668 1033 674 1040 .
713 1032 721 1039 .
761 1034 768 1040 .
809 1033 815 1039 .

65 1037 109 1064 t5.
131 1038 196 1072 Quis
210 1047 272 1068 nam
288 1045 330 1069 est

66 1072 154 1100 fidelis
167 1081 224 1102 ser-
292 1087 301 1091 »

64 1115 131 1145 vus,
145 1114 174 1137 et
185 1117 250 1145 pru-

64 1142 132 1171 dens
140 1165 147 1177 ,
160 1142 239 1179 quem

64 1180 204 1207 constituit

63 1213 189 1252 dominus
201 1224 283 1252 super

64 1248 192 1277 familiam

63 1291 157 1318 suam,
172 1289 200 1313 ut
212 1286 259 1315 det

63 1320 115 1360 illis
127 1320 163 1348 ei.
175 1341 183 1349 .
198 1329 225 1349 m

484 498 491 505 ι
531 497 539 505 I
579 499 585 506 ι
627 500 633 507 ι
673 489 699 508 0V,
720 501 727 508 ι
767 501 773 508 ι

478 1066 486 1073 ι
525 1066 534 1075 ι
574 1067 580 1074 ι
621 1069 628 1076 .
667 1068 675 1076 ι
715 1067 722 1075 υ
762 1070 768 1076 .
808 1068 815 1076 ο

478 1174 484 1181 ι
524 1173 531 1181 ο
571 1174 578 1181 ο
619 1175 626 1182 ι
665 1174 674 1182 ο
713 1176 720 1182 .
760 1176 767 1183 ο
807 1175 813 1182 ι

476 1243 484 1251 ι
523 1243 531 1250 ι
571 1245 577 1251 ι
618 1245 625 1251 .
665 1245 671 1252 -
712 1246 718 1252 ο
759 1247 765 1254 .
806 1246 813 1254 α

475 1278 484 1285 ι
524 1280 531 1287 ι
572 1280 578 1287 ι
619 1281 625 1288 .
666 1282 672 1288 υ
711 1280 719 1287 α
759 1283 765 1290 ι
806 1282 813 1290 ο

473 1383 480 1392 ο
522 1385 529 1392 ι
568 1386 574 1392 ι
615 1386 622 1392 .
663 1386 670 1393 ο
709 1386 717 1393 σ
755 1387 762 1394 ς
803 1387 810 1395 ο

550 1454 664 1484 CAPUT
684 1456 765 1485 XXV.

63 1481 70 1488 ο
109 1481 116 1489 ι
156 1483 164 1491 ο
206 1484 214 1492 α
251 1483 260 1492 ο

63 1518 86 1538 ..
109 1517 116 1525 .
205 1519 222 1538 ._
251 1518 259 1538 ._
279 1501 318 1538 (ὁ)
473 1502 498 1529 1.
520 1507 598 1529 erunt
613 1502 718 1530 obviam

61 1533 116 1574 uiet
130 1534 149 1570 -ί-
156 1534 196 1563 sic
209 1533 288 1563 faei-'
307 1533 313 1537 ’
471 1544 571 1572 sponso
581 1559 588 1571 ,
606 1542 633 1566 et
645 1546 727 1574 spon—

60 1573 160 1598 cutem.
470 1579 732 1602 sae........

59 1603 103 1632 47.
124 1607 208 1635 Amen
222 1607 283 1636 dico
297 1615 345 1636 voc

60 1639 98 1667 bis
109 1662 116 1674 ,
131 1642 257 1676 quoniam

58 1683 139 1711 super
152 1678 241 1705 omnia

60 1712 125 1738 bona
139 1719 187 1740 sua
201 1720 281 1741 cons-

59 1746 134 1774 tituet
149 1756 221 1776 eum.
277 1758 279 1767 η

58 1782 101 1808 48.
124 1804 131 1809 .
154 1802 161 1810 .
184 1804 191 1811 .
213 1804 220 1810 .
236 1783 311 1811 dixe-

57 1817 90 1844 rit
102 1818 166 1846 mal.
189 1838 196 1846 .
219 1840 225 1847 .
248 1839 254 1846 .
276 1820 321 1846 ille

261 1865 377 1893 CODEX
397 1865 630 1895 CORBEIENSIS.

55 1911 113 1945 quia
130 1912 239 1939 nescitis
255 1920 305 1946 qua
321 1912 384 1939 ltora
398 1913 530 1940 Dotuinus‘
544 1919 633 1941 vester
647 1920 774 1944 venturus
792 1922 842 1944 est.

55 1946 118 1973 lllud
134 1952 224 1984 autem
238 1948 359 1984 scitote,
376 1948 500 1982 quoniam
514 1949 535 1975 si
549 1950 628 1976 sciret
656 1953 845 1984 paterfamilias

55 1990 103 2015 qua
136 1983 201 2022 liora
235 1981 276 2009 fur
303 1981 430 2022 venturus
466 1989 553 2022 esset,
591 1981 710 2019 vigilaret
738 1988 841 2022 illique,

56 2022 80 2042 et
108 2024 159 2044 non
180 2018 280 2045 sineret
304 2019 311 2033 ¹
341 2017 481 2052 νοτίοάετε
496 2020 603 2047 domtnn
618 2017 709 2047 suam.
738 2017 799 2049 Ideo
818 2017 844 2050 et

55 2058 100 2090 vos
120 2057 210 2090 estote
232 2054 314 2088 parati
340 2062 345 2080 :
368 2055 377 2069 ‘
392 2054 452 2090 quia
471 2055 580 2082 nescitis
604 2064 654 2090 qua
683 2056 747 2083 hora
777 2058 844 2085 lilius

57 2086 169 2114 hominis
185 2086 312 2116 venturus
335 2093 384 2116 est.
403 2089 412 2104 ³
430 2089 556 2123 Quisnam
576 2086 618 2117 est
633 2091 718 2118 fidelis
741 2100 844 2122 εει-γης.

56 2128 80 2159 et
105 2124 238 2156 prudens,
269 2132 346 2157 quem
363 2126 510 2159 constituit
534 2125 657 2152 dominus
681 2134 743 2152 suus
764 2134 845 2159 super

55 2158 181 2194 familiam
202 2166 287 2189 suam.
310 2164 339 2186 ut
361 2158 407 2186 det
433 2159 485 2185 illis
505 2160 633 2186 cibarium
660 2162 684 2186 in
712 2165 840 2194 tempore.

56 2192 149 2220 llealus
160 2198 203 2221 est
215 2201 309 2229 servus
324 2195 368 2220 ille
381 2215 388 2226 ,
404 2201 483 2227 quem
500 2195 608 2229 veniens
623 2195 748 2221 donninus
761 2192 818 2229 ejus
833 2216 839 2226 .

55 2227 185 2256 invenerit
199 2229 233 2255 ita
248 2228 399 2255 iacientem.
418 2230 500 2254 Amen
513 2249 520 2259 ,
535 2227 596 2255 dico
612 2229 696 2259 vobis,
714 2227 839 2263 quoniam

53 2270 130 2296 super
155 2270 262 2290 Omnem
297 2264 474 2290 substantiam
500 2270 575 2289 suam
597 2265 742 2291 constituet
767 2274 838 2292 eum.

53 2297 78 2323 Si
91 2305 180 2325 autem
202 2298 300 2326 dixerit
321 2305 415 2325 servus
437 2298 480 2324 ille
503 2299 529 2325 in
552 2298 633 2326 corde
657 2308 724 2326 suo:
742 2300 841 2328 Tardat

53 2332 186 2360 dominus:
202 2340 278 2360 meus
297 2334 407 2369 venire;
439 2338 464 2360 et
490 2334 599 2368 incipiet
618 2339 760 2369 percutere
776 2344 840 2363 cott-

52 2373 142 2393 servos
161 2375 243 2398 suos.
258 2368 398 2395 manducet
418 2373 506 2396 autent
529 2375 554 2396 et
571 2368 643 2396 bibat
663 2378 723 2397 cum
735 2372 816 2398 ebriis
832 2382 838 2399 :

54 2402 122 2427 venit
142 2401 268 2430 dominus
281 2405 351 2430 servi
376 2403 466 2436 illius,
488 2404 531 2431 die
555 2412 605 2438 qua
622 2406 716 2435 nescit.
733 2412 760 2433 et
773 2407 838 2434 liora

53 2443 99 2469 qua
110 2443 162 2463 non
178 2443 287 2475 sperat,
307 2443 338 2475 _ct
352 2438 435 2475 findet
449 2446 508 2475 cum
522 2459 529 2471 ,
549 2444 703 2474 partemque
717 2442 774 2474 ejus
790 2450 837 2475 po-

53 2475 164 2497 nctcum
179 2472 338 2505 publicanis,
354 2473 408 2500 illic
428 2475 480 2500 erit
494 2472 571 2501 fletus
585 2495 591 2505 ,
615 2481 640 2500 et
656 2472 755 2502 stridor
769 2472 834 2503 don-

53 2510 123 2544 tium.
141 2507 221 2544 'l‘une
240 2508 328 2544 simile
342 2507 351 2521 ‘
367 2508 555 2535 aestimabitur
565 2517 675 2544 regnum
696 2512 832 2538 eoelorutn

52 2540 138 2579 decem
154 2542 323 2579 virginibus:
339 2550 406 2576 quae
419 2543 430 2558 ⁵
443 2544 559 2578 acceptis
571 2540 738 2579 lat'npadibus
760 2547 831 2579 suis,

53 2577 169 2603 exierunt
197 2578 232 2616 in_
247 2578 351 2616 obviam
367 2585 482 2611 sponso,
507 2577 534 2616 et
559 2577 684 2613 sponsae.
710 2577 834 2616 Quinque

56 2615 138 2649 autem
161 2619 193 2638 ex
210 2612 250 2638 eis
272 2612 283 2626 °
305 2612 401 2649 fatuae,
420 2617 454 2649 _et
481 2612 598 2648 quinque
613 2612 770 2649 prudentes
792 2612 800 2644 Ξ
824 2618 833 2632 ⁷

52 2646 143 2674 stultae
153 2650 257 2679 autem,
281 2648 398 2682 acceptis
419 2646 585 2683 lampadibus
601 2670 607 2682 ,
624 2646 677 2677 non

470 1662 476 1669 ι
516 1663 524 1671 ο
565 1664 571 1671 ι
611 1665 618 1672 ι
660 1666 665 1672 .
707 1665 713 1672 ι
755 1666 761 1672 -
801 1665 808 1675 ο

1653 212 1704 252 sit

1132 263 1245 293 consx
1267 254 1489 297 vanounns'ts.

914 314 994 348 ergo,
1002 308 1071 348 ‘quia

913 348 1023 379 nescitis
1036 351 1088 379 qua

913 376 979 404 liora
994 376 1122 408 Dominus

912 418 1002 440 vester
1017 421 1081 441 vcn-

912 451 988 475 llll‘llS
1000 454 1051 476 851..

911 482 957 511 45.
977 484 1040 512 lllut
1053 489 1141 514 autem

911 518 1022 561 scitote,
1036 528 1101 562 quo—

911 561 982 581 niam
997 562 1019 582 Si
1035 563 1090 583 SCI-

910 593 952 616 ret
967 590 1082 624 paterfa—

909 624 998 662 ruilias
1007 646 1015 659 ,
1031 634 1082 662 qua

909 658 975 697 liora
991 661 1032 687 fur
1039 658 1087 697 ’(α)
1100 670 1144 691 ve—

908 695 948 731 nit
960 695 979 729 -§~
989 715 997 727 ,
1010 695 1132 731 vigilaret

907 730 999 770 utique
1010 752 1018 763 ,
1034 730 1061 759 et
1075 740 1127 761 non

907 771 1010 801 sineret
1025 774 1086 801 per-

906 800 984 828 fodiri
999 800 1107 830 domum

905 834 950 862 44.
963 844 1048 864 suam.
1064 838 1125 865 Ideo

905 876 931 898 et
945 879 992 900 vos
1006 873 1114 900 nescitis

908 914 959 938 qua
971 907 1034 935 liora

907 941 977 969 filius
992 942 1107 971 hominis

904 982 1033 1006 venturus
1044 984 1095 1006 est.

904 1012 949 1039 45.
962 1013 1089 1047 Quisnam
1101 1020 1142 1043 est

906 1048 991 1076 fidelis
1003 1057 1059 1076 scr-
1098 1050 1100 1052 ’

904 1090 964 1120 rus.
978 1089 1004 1112 ct
1019 1093 1082 1120 pru-

904 1118 982 1151 deus,
999 1118 1078 1155 quem

903 1155 1044 1182 Constituit

903 1188 1099 1227 dominusejus

903 1231 983 1260 supra

902 1259 1032 1289 familiam

901 1301 987 1329 suam,

901 1334 931 1360 ut
945 1331 990 1358 det

900 1365 953 1392 illis
965 1367 1054 1394 cibum

900 1401 931 1436 in
943 1404 1074 1436 tempore.

899 1434 945 1464 46,
960 1434 1057 1464 Beatus
1066 1438 1111 1466 ille

898 1478 1004 1505 servus,
1020 1481 1100 1508 quem

898 1507 1009 1535 veniens
1024 1509 1072 1535 do-

898 1543 986 1581 minus
996 1544 1064 1581 ejus,
1081 1545 1119 1581 (b)

1323 315 1359 342 rit
1372 315 1459 343 malus
1471 316 1515 344 ille

1323 358 1416 379 servus
1428 352 1454 378 in

1324 386 1406 413 corde
1418 394 1468 414 suo
1480 397 1487 414 :

1324 422 1426 449 Moram
1438 421 1477 449 fa-

1324 457 1360 484 cit
1368 457 1494 485 dominus

1323 499 1399 520 meus
1407 493 1515 525 venire;

1323 526 1368 554 49.
1388 531 1416 554 et.
1431 528 1540 562 incipiet.

1324 567 1463 596 percutere
1473 570 1537 591 con-

1322 604 1418 625 servos
1432 606 1506 632 suos,

1321 634 1466 661 manducet
1477 637 1565 661 autem

1320 673 1347 696 et.
1361 669 1432 696 bibat

1320 711 1380 731 cum
1392 704 1491 732 ebriis:

1320 738 1364 766 50.
1387 740 1477 767 veniet
1489 739 1613 768 dominus

1319 775 1390 802 servi
1404 775 1475 802 illius

1318 810 1346 836 in
1359 810 1413 842 die,

1318 845 1375 880 qua‘
1382 852 1434 872 non

1318 884 1419 914 sperat,
1434 885 1461 908 et
1475 880 1554 913 liora,

1319 923 1373 951 qua
1381 916 1503 951 ignaram

1318 955 1347 978 et
1360 950 1460 978 dividet
1474 959 1547 984 eum,

1319 986 1364 1013 51.
1375 991 1543 1022 partemque
1553 986 1611 1021 ejus

1317 1021 1394 1055 ponit
1404 1029 1464 1049 cum

1317 1057 1477 1091 liypoeritis,

1318 1092 1373 1119 illic
1382 1092 1433 1119 erit

1317 1128 1403 1159 fletus,
1416 1133 1444 1154 et

1316 1162 1415 1190 stridor
1428 1163 1559 1190 dentium.

1397 1220 1510 1248 CAPUT
1529 1219 1612 1248 XXV.

1316 1267 1342 1293 4.
1358 1266 1434 1293 Tunc
1447 1266 1536 1293 simile

1314 1301 1500 1329 acstimaltitur
1511 1308 1553 1328 re-

1314 1344 1394 1370 gnum
1408 1337 1543 1363 caelorum

1313 1372 1406 1399 decem
1416 1372 1498 1406 virgi—

1313 1408 1391 1434 nibus
1407 1415 1414 1432 ε
1430 1414 1499 1441 quae

1312 1446 1477 1476 acceperunt.
1489 1442 1556 1469 lam-

1313 1477 1394 1511 pades
1410 1484 1484 1511 suas,

1312 1518 1339 1539 Cl.
1353 1517 1484 1540 venerunt

1312 1547 1417 1575 olMam
1433 1555 1515 1582 spon-

897 1577 1017 1615 i_n\-eniet
1028 1579 1048 1615 -ι-
1064 1577 1103 1608 sic

897 1611 1050 1642 facientem.

897 1647 941 1674 47.
961 1649 1046 1677 Amen
1060 1650 1121 1679 dico
1134 1658 1180 1679 vo-

896 1683 949 1717 bis,
965 1686 1090 1718 quoniam
1311 1683 1387 1716 erant
1403 1689 1504 1721 fatuae,

895 1725 978 1759 super
989 1722 1080 1748 omnia
1310 1729 1334 1751 et
1348 1725 1464 1759 quinque
1480 1723 1623 1758 prudentes
1637 1731 1643 1748 ε

895 1755 1038 1782 Constituet
1310 1760 1336 1786 5.
1358 1755 1406 1786 sed
1417 1755 1533 1794 quinque

895 1796 986 1826 (ἔψη-η
1310 1795 1408 1826 fatuae,
1421 1795 1536 1825 acceptis
1548 1794 1615 1820 lam—

894 1823 938 1850 .48.
959 1825 1085 1853 Siautem
1099 1826 1175 1855 dixe-
1310 1823 1421 1863 padibus
1437 1830 1474 1865 (rt)
1486 1823 1542 1856 suis
1561 1829 1592 1864 1',

1124 1875 1239 1903 CODEX
1258 1877 1451 1905 BllIXMNUS.

896 1921 957 1957 quia
973 1922 1093 1949 nescitis.
1110 1930 1160 1957 qua
1175 1923 1218 1950 die
1233 1923 1362 1951 Dominus
1377 1930 1466 1951 vester
1481 1928 1608 1950 venturus
1631 1925 1682 1948 cst.

896 1956 961 1996 illud
976 1962 1065 1996 autent
1086 1959 1187 1996 scitote
1201 1960 1267 1996 quia
1280 1960 1301 1985 si
1316 1960 1397 1996 sciret.
1419 1964 1492 1993 pater
1507 1959 1618 1996 fat-tilias
1632 1964 1682 1990 qua

897 1990 961 2030 liora
974 1992 1068 2030 ἠπίῳ)
1090 1994 1162 2020 venit
1175 1994 1193 2028 -ί-
1208 1990 1325 2030 vigilaret
1345 1990 1435 2027 utique
1450 1999 1476 2020 et
1497 2001 1547 2019 non
1571 1992 1681 2030 sineret.

899 2026 1023 2066 perfodiri
1039 2028 1146 2054 domum
1159 2026 1376 2066 stiaiuiinldcoque
1390 2026 1417 2055 et
1430 2036 1475 2054 res
1488 2032 1573 2054 estote
1586 2026 1681 2066 parati.

897 2062 958 2095 quia
969 2062 1091 2102 huraqua
1100 2064 1217 2090 nescitis.
1228 2064 1296 2089 lilins
1306 2061 1421 2102 liominis
1430 2068 1517 2089 reutnt
1525 2061 1683 2102 usest.Qt_tis

897 2104 956 2135 nam
966 2104 1004 2123 est
1016 2098 1100 2123 fidelis
1112 2105 1205 2124 servus
1217 2104 1242 2137 et
1253 2098 1466 2137 prttdcns.qnc_m
1481 2098 1619 2137 constituit
1635 2097 1680 2137 dt)-

896 2131 984 2156 niinus
996 2132 1139 2165 ejussnpra
1157 2133 1282 2158 familiam
1296 2141 1371 2159 suam
1385 2131 1411 2159 nt
1426 2134 1468 2159 det
1485 2133 1536 2159 illis
1552 2133 1641 2159 cibum
1655 2133 1681 2158 iu

896 2170 1025 2199 tempore.
1035 2166 1131 2202 Ili-artus
1141 2168 1183 2193 ille
1192 2175 1295 2193 servus.
1303 2177 1381 2202 quem
1389 2176 1439 2194 ma
1449 2177 1457 2193 \
1465 2169 1550 2195 exerit
1557 2168 1682 2194 dominus

894 2200 953 2230 ejus
974 2201 1105 2227 itn'cuctit
1120 2203 1261 2229 Iacienletn
1274 2200 1321 2229 sic.
1339 2205 1423 2230 Amen
1449 2204 1508 2230 diei»
1523 2204 1608 2230 \oliis.
1620 2203 1681 2237 quia

894 2241 974 2268 super
999 2237 1086 2262 omnia
1109 2237 1175 2263 bona
1204 2246 1250 2263 sua
1274 2239 1420 2266 constituet
1442 2247 1513 2265 cum.
1538 2239 1564 2266 Si
1593 2243 1680 2265 autem

894 2269 995 2297 dixerit
1012 2272 1095 2298 malus
1108 2280 1202 2299 servus
1225 2273 1268 2299 ille
1285 2274 1309 2300 in
1330 2275 1411 2301 corde
1428 2283 1485 2300 suo.
1502 2273 1600 2301 Moram
1618 2274 1679 2299 facit

893 2305 1017 2332 dominus
1031 2314 1104 2333 lIICUS
1122 2308 1223 2335 venire.
1240 2313 1266 2335 et
1283 2309 1390 2343 incipiet
1408 2315 1547 2343 percutere
1570 2315 1678 2335 conser-

892 2347 939 2377 vus
955 2349 1027 2377 suos.
1044 2343 1185 2377 tnandyccl
1197 2349 1283 2370 autem
1299 2349 1326 2370 et
1342 2346 1482 2371 liilmtcutn
1496 2344 1619 2370 cbriosis.
1635 2350 1677 2369 vc-

893 2375 947 2413 tticl
960 2376 1084 2403 dominus
1099 2375 1168 2404 servi
1194 2378 1265 2406 illius
1280 2382 1305 2405 in
1326 2379 1369 2405 die
1383 2388 1432 2413 qua
1450 2387 1502 2405 non
1525 2382 1625 2412 sperat.
1651 2383 1677 2403 ct

892 2411 955 2437 liora
972 2420 1022 2445 qua
1037 2412 1141 2445 ignorat
1154 2419 1180 2439 ct
1195 2414 1293 2440 dividet
1308 2422 1369 2440 eunt
1384 2411 1526 2448 partesque
1540 2411 1607 2446 ejus.
1631 2419 1677 2446 pu-

891 2450 1005 2473 Itetcum
1021 2448 1175 2482 ltypocritis.
1200 2448 1252 2474 illic
1273 2450 1324 2475 erit.
1348 2447 1424 2475 fletus
1449 2453 1474 2474 et
1496 2449 1596 2474 stridor
1611 2447 1676 2474 den—

887 2481 964 2517 tium.
979 2482 1053 2509 Tunc
1073 2483 1160 2508 simile
1175 2483 1226 2509 erit
1239 2490 1347 2517 regnum
1364 2483 1500 2510 caelorum
1520 2484 1612 2510 decem
1623 2483 1674 2509 vir-

887 2516 993 2549 ginibus
1026 2524 1094 2550 quae
1114 2516 1278 2550 accipientes
1305 2518 1442 2552 lampadas
1465 2526 1527 2545 suas
1552 2520 1674 2545 exierunt

886 2552 992 2577 obviam
1007 2558 1115 2588 sponso.
1132 2557 1158 2578 et
1186 2560 1310 2585 sponsae.
1338 2554 1463 2588 Quinque
1475 2559 1562 2580 autem
1578 2562 1609 2580 ex
1634 2554 1672 2578 cis

886 2590 962 2623 erant
992 2586 1145 2623 prudentes.
1173 2593 1198 2613 et
1222 2589 1339 2623 quinque
1362 2586 1460 2616 fatuae.
1483 2589 1530 2616 sed
1555 2590 1671 2623 quinque

886 2619 982 2647 fatuae.
1003 2622 1118 2655 acceptis
1136 2619 1302 2656 lampadibus
1319 2624 1357 2659 (ιι)
1370 2625 1424 2651 suis
1438 2624 1466 2658 -ίκ

1311 1590 1353 1616 so,
1366 1587 1394 1610 et
1407 1590 1488 1618 spon-

1311 1618 1337 1645 2.
1360 1626 1415 1646 sae.
1427 1618 1551 1659 Quinque

1310 1658 1398 1690 autem
1406 1662 1447 1690 fex
1461 1658 1500 1681 cis

379 2695 573 2725 VARIANTES
592 2697 779 2727 LECTIONES
793 2698 923 2727 CODIClS
943 2699 997 2727 MS.
1017 2700 1046 2727 S.
1067 2701 1315 2731 GERMANENSIS.

79 2742 87 2755 ι
104 2740 196 2770 perfodi

79 2771 88 2805 ξ
103 2772 158 2805 quia
170 2777 218 2803 qua
231 2770 289 2795 hora
300 2771 398 2805 nescitis

77 2801 88 2846 ἰ
101 2802 160 2857 gsqis
170 2801 249 2833 p'utat,
262 2805 321 2833 ctc.,
333 2805 356 2827 tu
368 2801 392 2826 in
404 2801 476 2835 Vulg.
488 2809 570 2835 usque,
582 2805 670 2830 stridor
681 2804 789 2830 dentium

910 2745 920 2759 ⁵
941 2746 970 2769 Ut
983 2744 1007 2769 in
1023 2744 1124 2776 Vulgum

912 2775 922 2790 θ
940 2779 1010 2800 erant

910 2806 920 2821 ⁷
941 2808 971 2831 Ut
987 2807 1055 2838 Vulg.

710 2877 889 2907 BLANClllNl
907 2880 1020 2909 NOT/E.

79 2916 159 2957 ln)lta
173 2927 202 2951 et
213 2923 269 2952 t‘ex.
284 2923 328 2951 Gr.
344 2923 462 2960 ἔρχεται.
476 2939 510 2945 -
524 2923 608 2960 lb)lta
623 2931 650 2953 et
664 2930 719 2955 tes.
732 2927 777 2954 Gr.
795 2928 907 2962 εὑρήσει.

1898 2994 1935 3015 ,μ
