1950 3206
233 175 288 205 319

428 232 543 262 CODEX
562 232 827 262 VERGELLENSIS.

236 280 404 315 recepissem
647 284 770 315 segregat
787 297 797 306 .
817 298 825 306 .
845 286 891 306 ves
921 281 923 283 '

238 314 327 343 usuris
338 314 409 350 quod
645 314 689 342 ab.
770 334 780 350 ,ν
799 334 807 340 .
829 334 836 342 ,
857 327 893 350 .-.
915 333 922 340 .

237 358 327 378 meum
342 349 394 378 est.
645 350 691 378 55.
710 354 738 378 et
750 349 786 385 (ε)
805 356 869 378 oves
882 349 901 384 1-
921 367 929 375 .
951 367 957 375 .
980 368 986 374 .
1010 367 1017 376 .

237 386 283 421 28.
305 385 401 421 Tollite
417 385 506 421 itaque
647 403 654 412 .
692 404 700 413 .
724 403 748 412 ..
787 403 794 411 .
835 405 841 411 .
881 403 887 411 .
927 403 934 412 .
974 403 981 410 .

238 420 416 448 abeotalan-
464 420 467 421 ⁷
648 423 875 447 ......tem

645 455 885 482 adsin.....

645 489 690 517 34.
710 489 785 517 Tunc
797 489 867 517 dicet
877 496 926 517 rex

646 524 705 557 his,
722 525 767 559 qui
781 532 796 551 a
809 524 874 551 dex-

646 560 694 586 tris
706 559 764 594 ejus
777 563 841 586 sunt
856 567 863 585 :

647 593 741 622 Venite
754 594 837 622 bene-

238 459 305 488 tnm,
318 459 345 482 et
356 455 417 482 date

237 490 263 517 ei
276 490 320 524 qui
335 490 415 517 habet

226 524 328 552 decem
344 524 427 552 talen-

236 559 280 587 29.
301 564 336 587 ta.
351 559 429 587 Omni
443 558 514 587 enim

235 594 344 622 habenti
360 595 406 622 da-

234 629 324 656 bitur:
339 629 365 657 ei
380 634 468 657 autem
589 633 591 635 '
637 628 757 657 'dictiPa
777 648 785 656 .
807 648 814 656 .
835 648 843 656 .
865 648 873 655 .
893 646 902 655 .

234 665 279 699 qui
296 672 349 691 non
364 664 453 694 habet.
644 664 713 697 mei,
728 671 791 699 pose
810 681 820 693 .
841 683 847 691 .
870 682 877 691 .
899 683 905 690 .
927 682 934 690 .
957 683 964 690 .

233 698 261 727 et
274 699 345 735 quod
360 699 398 735 (a)
414 698 535 734 habet-j,
645 703 671 726 te
686 707 703 734 p
722 698 735 725 .“
751 718 759 725 .
780 720 788 726 .
809 718 817 726 .
838 718 846 726 .

232 734 367 762 auferetur
388 734 392 735 ⁷
644 738 700 761 tum
719 753 727 761 .
750 754 757 761 .
778 754 786 760 .
808 754 815 760 .
836 753 843 760 .
867 752 874 760 .

233 768 279 795 50.
299 769 332 796 ab
344 776 386 805 eo.
399 769 434 797 Et
444 776 559 805 nequam
643 775 690 804 reg
710 788 717 795 .
740 788 747 795 .
769 787 777 796 .
798 788 806 796 .
830 788 837 796 .
858 788 865 795 .

232 811 339 841 servum
351 804 389 841 (ιι)
403 804 492 841 [ποί-⁷
642 810 674 831 co
695 823 702 830 .
724 823 731 830 .
754 824 761 830 .
782 822 790 830 .
812 824 818 830 .
840 823 848 831 .

230 838 433 874 citetora'si-in
641 845 775 866 n....
797 858 805 866 .
828 858 834 865 .
857 858 864 864 .

230 874 416 902 tenebrasex-
642 890 651 899 .
689 892 697 899 .
735 891 743 899 .
781 891 790 900 .
829 894 837 902 .
877 892 884 899 .
924 892 931 900 .
969 892 976 898 .

231 907 437 936 teriOreszillic
641 925 650 933 ο
689 927 696 933 .
734 926 742 933 .
782 926 790 935 ,
829 928 835 935 .
876 927 883 934 .
923 927 930 934 .
969 926 1005 934 ..

230 942 393 976 eritﬁetus,
643 960 650 968 .
690 960 697 968 .
737 961 743 968 .
783 961 791 968 .
831 962 838 968 .
877 961 884 968 .
923 961 931 968 .
969 961 977 970 .

230 977 447 1005 etstridorden-
642 995 650 1002 .
689 995 697 1003 .
736 995 744 1003 .
783 995 791 1003 .
831 995 839 1003 .
877 997 884 1003 .
921 995 930 1004 .
968 996 976 1004 .

231 1012 309 1039 tium.
642 1010 687 1038 35.
708 1010 819 1038 dedistis
832 1012 881 1038 mi-

231 1047 278 1075 31.
298 1046 362 1074 Cum
377 1050 465 1074 autem
642 1046 670 1072 hi
683 1045 775 1073 bibere
790 1054 796 1073 :
812 1045 875 1073 hos-

230 1082 335 1109 vencrit
347 1081 399 1108 ﬁli-
642 1087 691 1115 pes
710 1100 717 1107 .
739 1099 747 1108 .
769 1101 776 1108 .
796 1089 840 1113 m,
855 1088 870 1108 ο
891 1101 897 1108 .
919 1099 927 1107 .

231 1124 265 1143 ns
275 1116 391 1144 hominis
641 1122 659 1143 c
678 1136 686 1143 .
708 1135 716 1142 .
736 1135 746 1144 .
767 1135 774 1143 .
790 1116 848 1143 istis
859 1122 903 1143 me
918 1124 940 1142 :.

233 1151 260 1179 in
272 1151 397 1185 majesta-
641 1150 688 1178 36.
710 1170 717 1177 .
738 1169 746 1177 .
768 1170 776 1178 .
797 1171 804 1178 .
825 1170 833 1178 .
855 1170 863 1178 .
877 1155 904 1178 et
916 1157 996 1186 oper-

233 1190 447 1218 tesua,etom-
643 1192 919 1214 .....me...

233 1229 283 1249 nes
294 1221 381 1256 angeli
460 1221 462 1226 '
641 1219 681 1258 ﬁr'~
694 1240 702 1248 .
723 1238 731 1247 .
753 1241 760 1249 .
778 1240 785 1247 .
807 1239 815 1247 .
836 1239 843 1248 .

231 1263 293 1283 cum
308 1264 359 1287 eo.
374 1261 436 1283 tunc
641 1256 700 1283 sit.
721 1275 728 1282 .
751 1275 760 1283 .
779 1274 787 1283 .
809 1274 815 1282 .
832 1275 839 1282 .

233 1290 337 1318 sedebit
351 1297 432 1325 super
641 1297 673 1318 ca
693 1310 701 1317 .
721 1309 729 1317 .
750 1311 759 1319 .
780 1310 787 1317 .
809 1310 818 1318 .
839 1310 847 1318 .
862 1297 954 1324 eram,

233 1325 325 1353 sedem
338 1333 396 1352 ma-
640 1330 669 1353 et
682 1326 793 1353 venistis

231 1359 337 1394 jestatis
348 1367 413 1388 suae
427 1368 434 1386 :
641 1359 675 1387 ad
689 1368 741 1388 me.

232 1395 278 1432 βε.
298 1400 325 1421 et
337 1401 482 1430 congrega-
642 1395 687 1432 737.
707 1395 783 1424 Tunc
798 1403 909 1432 respon-

234 1430 333 1457 buntur
343 1435 406 1457 ante
643 1430 744 1458 debunt
756 1432 781 1459 ei

235 1472 296 1492 eum
306 1471 364 1491 om-
647 1485 653 1491 .
676 1485 684 1493 .
706 1485 713 1492 .
735 1486 742 1492 .
764 1486 771 1493 .
791 1467 884 1494 dicen-

235 1506 284 1527 nes
294 1505 400 1536 gentes,
415 1504 444 1527 et
645 1519 654 1527 .
676 1519 683 1527 .
705 1519 713 1527 .
735 1520 741 1527 .
763 1520 771 1529 .
794 1502 916 1535 Domine,
934 1508 1017 1536 quan-

237 1535 372 1569 separavit
383 1542 429 1562 eos
646 1554 654 1561 .
676 1555 684 1562 .
706 1556 714 1564 .
735 1556 742 1564 .
765 1556 772 1563 .
791 1536 879 1564 dimns

237 1570 271 1596 ab
282 1569 415 1602 invicem,
647 1590 654 1597 .
676 1588 683 1597 .
705 1590 712 1597 .
732 1589 741 1598 .
763 1590 770 1597 .
791 1575 861 1605 tem,

238 1623 572 1632 ........
647 1613 851 1634 .....mus

450 1661 564 1690 CODEX
582 1661 813 1692 CORBEIENSIS.

239 1708 534 1742 exegisscmillamcum
549 1710 805 1737 usuris.Tollite‘ab
820 1711 865 1738 illo
881 1712 1020 1742 talentum.

240 1743 334 1769 etdate
344 1744 368 1770 ei
382 1744 425 1777 qui
438 1743 518 1771 habet
527 1744 619 1771 decem
628 1745 735 1772 talenta.
747 1745 826 1773 Omni
837 1746 907 1773 enim
915 1747 1020 1773 habenti

239 1778 347 1815 dabitur
357 1779 378 1804 ’ς
387 1779 411 1815 ei
425 1780 571 1815 autequui
585 1787 637 1807 non
649 1780 739 1814 habet,
751 1785 780 1808 et
789 1781 859 1815 quod
876 1781 887 1797 ³
903 1786 917 1800 ⁸
930 1782 1019 1812 habet,

240 1812 376 1850 auferetur
386 1814 418 1840 ab
425 1821 467 1850 eo.
477 1812 637 1850 Et‘servum
646 1812 861 1850 nequa'proj'icite
872 1815 942 1843 foras
949 1816 974 1842 in
984 1820 1022 1843 te.

242 1847 338 1875 nebras
347 1849 493 1875 exteriores
505 1853 517 1866 ι·
530 1858 536 1875 :
547 1849 582 1876 ibi
590 1851 639 1876 erit
651 1847 774 1882 ﬂetus,'et
783 1847 882 1877 stridor
891 1850 1020 1877 deutiunt.

242 1884 327 1915 Quum
341 1888 429 1910 autem
442 1884 543 1910 venerit
556 1884 626 1911 iilitts
640 1884 756 1911 hominis
767 1885 793 1911 in
808 1885 947 1918 majestate
961 1892 1020 1916 sua,

242 1923 269 1944 et
282 1925 376 1945 omnes
390 1919 477 1952 angeli
490 1926 550 1945 cmn
570 1926 602 1945 eo
613 1939 621 1950 ,
637 1925 700 1946 tunc
713 1920 817 1947 sedebit
835 1927 915 1953 super
929 1920 1019 1946 sedem

243 1953 389 1986 tuajestatis
403 1961 466 1980 suae
480 1962 486 1979 ι
501 1957 529 1980 et
539 1956 771 1990 congregabantur
781 1959 842 1981 ante
856 1962 917 1981 eum
929 1962 1022 1990 omnes

242 1993 335 2020 gentes
344 2008 352 2020 ,
366 1993 393 2015 et
408 1989 541 2021 separabit
552 1995 598 2015 eos
608 1989 642 2015 ab
656 1990 768 2016 ίιινὶιεηι
779 2009 786 2021 ,
799 1990 869 2018 sicut
879 1994 969 2023 pastor
980 1997 1023 2017 se-

243 2026 334 2055 gregat
345 2030 408 2049 oves
421 2023 454 2050 ab
466 2023 559 2050 hoedis
574 2032 580 2049 :
596 2028 623 2051 et
635 2030 734 2051 statuet
745 2032 808 2051 Oves
817 2025 827 2039 ⁵
839 2025 870 2051 ad
882 2025 1021 2051 dexteram

244 2063 336 2092 suam,
351 2056 451 2084 hoedos
466 2066 552 2085 amem
564 2059 596 2085 ad
610 2060 756 2087 sinistram.
773 2059 847 2086 Tunc
862 2060 932 2086 dicet
947 2060 956 2074 ο
972 2060 1021 2092 eis,

245 2090 334 2127 quiad
349 2091 484 2121 dexteram
499 2095 556 2127 ejus
569 2100 631 2121 sunt
649 2104 655 2120 :
675 2094 768 2121 Venite
786 2095 917 2122 benedicti
939 2090 1023 2121 Patris

245 2124 307 2156 tnei,
321 2126 464 2164 possidete
473 2124 591 2164 paratum
607 2130 682 2156 vobis
695 2137 805 2164 regnum
819 2129 833 2149 ι’
855 2131 889 2156 ab
902 2130 910 2144 ⁷
922 2130 1023 2164 origine

246 2159 348 2187 mundi.
363 2159 550 2188 Esurivi'euim
563 2183 569 2193 ,
586 2169 612 2189 et
629 2159 740 2191 dedistis
759 2165 823 2191 mihi
839 2159 999 2191 manducare
1015 2174 1021 2191 :

246 2194 331 2232 sitivi2
345 2200 371 2221 et
385 2194 574 2232 dedistis_tnihi
590 2198 680 2224 bibere
697 2208 703 2223 :
720 2199 816 2232 hospes
830 2200 840 2215 ⁸
861 2199 913 2231 lui,
927 2203 954 2225 et
966 2199 1023 2225 col-

246 2229 347 2263 legistis
362 2237 404 2265 me
426 2238 432 2255 :
457 2229 557 2261 nudus,
574 2236 600 2256 ct
617 2232 719 2258 texistis
737 2229 780 2259 tné
802 2241 809 2258 :
828 2229 948 2259 inﬁrmus
969 2233 1021 2265 iui.

244 2269 271 2290 ct
287 2264 413 2291 visitaslis
428 2272 470 2291 tne
489 2274 495 2290 ε
511 2265 536 2291 in
550 2273 656 2292 carcere
669 2268 678 2282 '-‘
697 2266 731 2292 iui
743 2286 749 2295 .
762 2270 789 2293 et
799 2268 908 2293 venistis
921 2267 954 2293 ad
970 2275 1020 2293 me.

245 2298 319 2326 Tunc
344 2299 541 2334 respondebunt
563 2301 586 2326 ei
607 2301 688 2333 justi,
716 2301 835 2328 dicentes
860 2311 865 2327 :
894 2301 1021 2333 Domine,

245 2334 351 2368 quando
367 2339 392 2362 te
406 2335 519 2363 vidimus
535 2336 709 2369 esurientem,
721 2341 749 2363 et
764 2336 900 2371 pavimus;

498 175 632 206 EUSEBII
652 174 819 204 VERCELL.
839 173 1058 203 EVANGELIUM
1076 173 1146 203 CUM
1164 173 1281 203 VARIIS
1297 174 1374 203 COD.
1393 174 1588 204 COLLA’I‘UM.

1045 514 1049 521 η
1071 487 1179 514 talenta.

1803 175 1856 204 5Ξο

1281 230 1395 261 CODEX
1413 231 1633 261 VERONENSIS.

1071 277 1158 305 usuris
1177 277 1337 313 recepissem
1479 278 1517 341 3c)
1529 286 1593 306 oves
1607 278 1628 314 -ξ-
1639 278 1672 306 ad

1071 312 1141 341 ouod
1155 320 1243 341 meum
1255 315 1307 340 est.
1497 313 1581 341 extris
1594 314 1650 340 suis
1662 334 1670 341 .

1089 312 1141 340 uod
1155 312 1245 343 meum
1255 315 1307 340 est.
1479 312 1581 341 dextris
1594 312 1650 340 suis
1662 334 1670 347 ,

1089 348 1115 375 8.
1137 347 1235 375 Tollite
1479 349 1560 375 aedos
1569 352 1657 376 autem

1479 383 1511 410 ad
1524 383 1649 410 sinistris.
1661 393 1664 396 ⁴
1736 412 1738 415 ,

1479 418 1523 445 54.
1545 418 1620 445 Tunc
1628 418 1700 446 dicet

1476 461 1524 481 rex
1539 452 1581 488 bis
1588 474 1595 486 ,
1611 453 1656 488 qui

1476 488 1509 515 ad
1533 487 1634 515 dextris

1476 523 1533 557 ejus
1548 527 1611 549 sunt
1623 532 1631 550 :
1703 547 1705 549 .

1476 557 1571 586 Benite
1582 557 1715 585 benedicti

1476 592 1564 620 Patris
1577 593 1648 626 mei,

1476 627 1616 663 possidete
1625 635 1670 661 pa-

1477 662 1563 690 ratum
1577 662 1652 689 vobis

1477 705 1587 731 regnum
1599 705 1613 723 a
1627 705 1691 724 con-

1477 733 1612 759 stitulione
1625 732 1725 758 mundi.

1478 767 1521 794 55.
1542 767 1627 793 Esurii
1641 768 1712 794 enim

1477 807 1503 829 ct
1513 802 1624 829 dedistis

1478 838 1542 863 milii
1553 837 1665 864 mandu-

1478 879 1556 898 care:
1574 872 1643 899 sitivi
1657 893 1663 905 ,

1478 912 1504 933 et
1519 907 1628 933 dedistis

1477 942 1539 967 mihi
1555 946 1667 975 potum:

1476 977 1519 1003 56.
1533 984 1611 1010 ospes
1625 984 1696 1003 cram
1712 997 1718 1009 ,

1476 1016 1503 1038 et
1515 1012 1660 1039 eollexistis

1475 1052 1518 1073 me
1532 1056 1537 1073 :
1553 1047 1638 1073 nudus
1649 1068 1656 1078 ,

1476 1087 1501 1108 et
1516 1082 1657 1115 operuistis
1703 1109 1708 1117 ,

1476 1124 1534 1143 me:
1552 1117 1673 1144 inﬁrmus
1683 1138 1689 1150 ,

1475 1157 1503 1178 et
1518 1152 1644 1179 visitastis

1476 1195 1519 1213 me
1533 1196 1538 1213 :
1556 1188 1581 1213 in
1597 1195 1655 1214 car-

1070 382 1160 417 itaque
1174 383 1207 410 ab
1219 389 1253 410 eo

1069 416 1198 444 talentum
1207 437 1216 451 ,
1231 421 1260 445 et
1273 416 1334 445 date
1347 417 1373 444 ei

1069 452 1115 487 qui
1127 451 1207 479 habet
1220 460 1250 479 ι.

1068 521 1114 549 29.
1134 521 1213 549 Omni
1227 522 1300 549 enim

1069 556 1176 584 habenti

1069 591 1191 625 dabitur.
1206 597 1233 620 et
1247 592 1334 620 abun-

1068 626 1141 654 dabit
1155 636 1162 653 :
1176 627 1201 654 ei
1211 633 1300 654 autem

1068 663 1113 697 qui
1129 669 1181 689 non
1195 662 1289 697 habet,

1069 696 1176 731 etquod
1188 696 1226 732 (a)
1241 698 1290 724 hs-

1069 732 1114 759 bet
1123 732 1142 767 -ί-
1152 752 1159 765 ,
1171 732 1308 760 auferetur

1070 767 1103 794 ab
1118 774 1161 797 eo.

1069 802 1112 830 30.
1134 802 1169 829 Et
1184 809 1295 837 nequam
1310 810 1365 831 ser-

1069 844 1130 872 vum
1146 837 1185 871 (b)
1197 837 1308 872 proicite

1068 871 1140 907 foras
1153 872 1172 907 ἰ’
1188 871 1215 899 in
1226 876 1302 900 tene-

1066 906 1129 934 bras
1144 907 1290 935 exteriores
1303 916 1309 934 :

1067 941 1104 968 ibi
1119 941 1171 968 erit
1183 941 1261 969 ﬂetus
1272 962 1280 974 ,

1064 981 1093 1004 et
1103 976 1202 1003 stridor
1215 976 1283 1004 den-

1065 1011 1143 1038 tium.

1064 1046 1110 1073 2i.
1132 1045 1197 1073 Cum
1212 1051 1301 1074 autem

1065 1082 1170 1108 venerit
1183 1081 1255 1109 ﬁlius

1065 1116 1183 1143 hominis
1192 1117 1217 1143 in

1065 1152 1205 1185 majestate
1217 1159 1264 1179 sua
1278 1173 1286 1184 ,

1066 1190 1093 1213 et
1103 1193 1196 1214 omnes
1210 1187 1298 1222 angeli

1064 1228 1127 1248 cum
1140 1228 1174 1249 eo
1183 1242 1191 1255 ,
1205 1225 1269 1249 tunc
1475 1229 1564 1249 eercm
1578 1229 1650 1249 eram
1663 1243 1672 1256 ,

1066 1255 1170 1284 sedebit
1181 1264 1262 1291 super
1476 1261 1503 1284 et
1515 1257 1627 1284 venistis

1066 1291 1156 1318 sedem
1172 1299 1228 1319 ma—
1476 1292 1509 1319 ad
1523 1299 1575 1319 me.

1065 1326 1170 1360 jestatis
1182 1334 1248 1355 suae
1260 1336 1267 1354 :
1475 1327 1520 1355 37.
1539 1327 1615 1354 Tunc
1629 1334 1675 1355 re-

1066 1361 1111 1397 52.
1132 1366 1160 1389 et
1171 1369 1278 1397 congre-
1475 1362 1647 1397 spondebunt
1671 1362 1673 1364 ’

1066 1396 1198 1431 gabuntur
1211 1396 1272 1424 ante
1285 1404 1345 1425 eum

1068 1439 1162 1459 omnes
1173 1437 1266 1467 gentes
1275 1452 1282 1465 ,
1306 1460 1307 1463 η

1066 1471 1096 1493 et
1108 1466 1243 1501 separabit

1068 1508 1116 1528 eos
1128 1503 1163 1528 ab
1173 1502 1285 1529 invicem
1297 1520 1303 1527 .

1069 1536 1114 1563 53.
1135 1536 1204 1563 sicut
1214 1542 1303 1570 pastor
1316 1543 1359 1564 se-

1069 1576 1162 1606 gregat
1174 1578 1241 1598 oves
1255 1571 1290 1598 ab
1478 1577 1531 1599 tem
1540 1592 1547 1604 ,
1561 1576 1589 1598 et

1072 1606 1149 1634 aedis
1164 1610 1191 1634 et
1205 1610 1305 1634 statuet
1477 1606 1598 1642 pavimus

1299 1662 1413 1692 CODEX
1432 1663 1624 1691 BRleANUS.

1074 1709 1162 1736 usuris
1172 1708 1263 1744 utique
1274 1710 1435 1744 recepissem
1446 1709 1517 1744 quod
1528 1717 1617 1737 meum
1632 1713 1683 1736 est.
1699 1708 1798 1737 Tollite
1809 1709 1857 1736 ita-

1074 1752 1126 1779 que
1140 1745 1173 1771 ab
1195 1743 1227 1771 eo
1242 1743 1369 1771 talentum
1383 1749 1410 1772 et
1422 1743 1484 1772 date
1505 1745 1529 1771 ei
1542 1745 1588 1778 qui
1606 1744 1687 1771 habet
1703 1743 1797 1771 decem
1819 1751 1857 1771 ta-

1074 1780 1155 1806 lenta.
1172 1780 1249 1806 Omni
1271 1780 1341 1808 enim
1364 1780 1470 1807 habenti
1490 1780 1596 1807 dabitur
1617 1784 1646 1807 et
1667 1780 1814 1806 abundabit
1830 1781 1854 1807 ei

1073 1819 1161 1841 autent
1177 1815 1222 1849 qui
1236 1822 1288 1841 non
1304 1815 1383 1842 habet
1396 1819 1423 1841 et
1437 1814 1507 1849 quod
1519 1815 1624 1841 videtur
1638 1814 1737 1841 ltahere
1751 1816 1858 1844 aufere-

1075 1853 1118 1876 tur
1135 1849 1169 1875 ab
1182 1857 1225 1876 eo.
1241 1849 1274 1876 Et
1285 1849 1403 1876 inutilem
1414 1857 1519 1877 servum
1532 1850 1622 1883 proice
1636 1850 1662 1876 in
1678 1850 1803 1877 tenebras
1813 1857 1858 1877 ex-

1076 1884 1198 1911 teriores.
1213 1884 1266 1910 illic
1278 1885 1329 1911 erit
1349 1884 1426 1911 ﬂetus
1440 1888 1467 1911 ct
1479 1885 1582 1912 stridor.
1591 1884 1711 1912 dentium
1728 1904 1734 1911 .
1749 1904 1755 1911 .
1770 1904 1777 1911 .
1791 1884 1858 1911 Cum

1073 1924 1160 1945 autem
1188 1919 1289 1945 venerit
1315 1919 1385 1946 ﬁlius
1403 1919 1517 1946 hominis
1538 1920 1564 1946 in
1581 1920 1720 1953 majestate
1745 1927 1804 1947 sua.
1830 1925 1858 1946 et

1073 1960 1167 1980 omnes
1181 1954 1264 1980 διηποιὶ
1276 1955 1362 1987 angeli
1377 1961 1436 1981 cum
1457 1961 1499 1980 eo.
1514 1959 1577 1981 tunc
1591 1954 1695 1980 sedebit
1708 1962 1789 1988 super
1815 1962 1858 1981 se-

1074 1988 1134 2015 dem
1149 1989 1294 2022 majestatis
1320 1996 1385 2015 sum.
1401 1994 1427 2014 et
1451 1993 1462 2007 ε
1488 1989 1686 2022 congrabnntur
1708 1994 1771 2014 ante
1796 1996 1857 2016 eum

1074 2031 1167 2050 omnes
1179 2028 1282 2056 gentes.
1297 2028 1322 2048 et
1336 2022 1469 2056 seperahit
1483 2030 1529 2049 eos
1553 2023 1586 2048 ab
1597 2023 1709 2049 invicem
1721 2023 1791 2049 sicut
1805 2031 1860 2057 pas-

1076 2063 1118 2084 tor
1131 2063 1254 2091 segregat
1268 2065 1331 2084 oves
1346 2059 1378 2084 ab
1391 2058 1491 2083 haedis.
1509 2062 1534 2083 et
1550 2061 1657 2083 statuet.
1674 2057 1711 2091 (c)
1726 2064 1791 2084 oves
1804 2059 1824 2092 ’ξ-
1845 2066 1859 2084 a

1074 2093 1174 2120 dextris
1186 2093 1243 2119 suis
1257 2093 1355 2119 haedos
1372 2097 1459 2119 antetn
1473 2100 1486 2118 a
1499 2092 1625 2118 sinistris.
1643 2091 1717 2118 Tunc
1729 2092 1802 2118 dicet
1816 2100 1860 2119 rex

1075 2128 1116 2159 his
1130 2129 1199 2163 quia
1215 2129 1315 2155 dextris
1328 2128 1385 2161 ejus
1399 2133 1478 2154 erunt
1502 2126 1593 2154 Venite
1619 2126 1753 2163 benedicti
1777 2127 1862 2153 Patris

1075 2165 1137 2190 mei.
1155 2164 1287 2197 possidete
1314 2170 1423 2196 regnum
1446 2167 1566 2197 paratum
1594 2162 1703 2197 vobisra
1730 2162 1862 2188 constitu~

1077 2198 1148 2225 tione
1159 2198 1260 2224 mundi.
1277 2198 1381 2224 Esurivi
1395 2196 1464 2225 enim
1477 2202 1503 2224 et
1512 2197 1623 2224 dedistis
1638 2196 1703 2222 ntibi
1716 2197 1861 2223 manduca-

1075 2240 1115 2259 re.
1131 2233 1212 2259 sitivi.
1228 2237 1255 2258 el
1270 2233 1379 2266 putastis
1393 2240 1444 2258 me.
1462 2232 1558 2266 hospes
1571 2239 1655 2258 eratn.
1678 2234 1705 2257 et
1718 2231 1864 2264 collegistis

1075 2274 1127 2294 me.
1143 2267 1237 2293 nudus.
1248 2272 1275 2293 et
1285 2266 1458 2299 cooperuistis
1466 2275 1517 2299 tne.
1526 2266 1644 2293 inﬁrmus
1655 2266 1730 2292 i’ni.et
1738 2266 1865 2293 visitastis

1076 2310 1128 2327 nte.
1141 2302 1166 2327 in
1178 2308 1313 2328 carcerem
1336 2301 1373 2327 fui
1388 2305 1415 2327 et
1426 2302 1534 2328 venistis
1549 2301 1581 2327 ad
1598 2308 1651 2327 tne.
1663 2299 1739 2327 Tunc
1751 2308 1863 2334 respon-

1075 2336 1173 2362 debunt
1187 2336 1281 2370 eijusli
1306 2336 1427 2366 dicentes,
1447 2336 1567 2363 Domine.
1581 2334 1685 2370 quando
1714 2341 1739 2363 te
1751 2336 1865 2363 vidimus

1074 2371 1235 2398 esurientem
1259 2375 1285 2397 et
1299 2371 1418 2405 pa'vimus

1474 1398 1498 1424 ei
1511 1397 1575 1431 justi
1587 1417 1594 1429 ,
1609 1397 1651 1424 di-

1473 1437 1566 1459 centes
1578 1440 1584 1458 :
1601 1432 1654 1459 Do-

1475 1466 1556 1498 mine.
1572 1475 1657 1500 quan-

1476 1502 1511 1529 do
1526 1506 1553 1530 te
1565 1501 1633 1529 vidi-

1477 1544 1536 1564 mus
1546 1538 1669 1565 esurien-
1694 1536 1696 1539 ⁷

580 2426 773 2455 VARIANTES
791 2427 981 2456 LECTIONES
998 2426 1129 2455 CODlClS
1148 2426 1202 2453 MS.
1223 2426 1252 2454 S.
1272 2426 1521 2454 GERMANENSIS.

279 2473 286 2487 ¹
307 2472 388 2502 itaque

279 2503 288 2517 ⁵
307 2505 332 2526 et
344 2502 473 2526 abundabit

278 2534 290 2571 ᾖ
306 2533 402 2586 Ἢςὶριυι-
414 2533 534 2558 habere...
548 2533 659 2559 inutilem
669 2541 766 2560 servum
778 2535 871 2567 injicitc

277 2569 287 2577 ⁴
306 2571 311 2587 I
333 2570 354 2587 lC

278 2595 287 2609 α
306 2571 403 2625 ἓκῶριη
415 2600 428 2619 a
438 2594 532 2619 dextris
544 2595 622 2621 suis...
635 2600 648 2618 a
658 2596 760 2621 sinistris

1116 2473 1126 2505 ἐ
1142 2480 1197 2501 rex,
1211 2476 1258 2503 etc,
1282 2476 1307 2497 ut
1322 2471 1393 2505 Vulg.

1114 2504 1124 2519 "
1143 2511 1156 2527 a
1166 2504 1338 2528 constitutione

1113 2534 1125 2579 ς
1141 2540 1219 2589 33$,
1233 2538 1259 2559 et
1267 2534 1429 2560 collcxistis...
1442 2535 1574 2565 operuistis

911 2637 1089 2665 BLANCHINI
1109 2637 1221 2665 NOTAE.

286 2685 298 2698 τι
314 2681 411 2719 graeca
430 2680 535 2719 habent
552 2681 622 2719 quod
642 2682 684 2709 hic
699 2683 749 2710 loci
763 2684 876 2719 legimus
888 2685 914 2711 iu
925 2684 1027 2711 codice.

253 2723 302 2742 ms.
317 2715 612 2753 Corbeiensi._l_li|arius
630 2725 735 2752 quoque
746 2715 817 2753 legit,
827 2719 858 2746 Et
868 2719 935 2753 quod
945 2719 1028 2750 liabet,

254 2753 390 2787 qttferetur,
401 2786 405 2787 ν
415 2750 510 2787 etc._ld
522 2758 587 2777 vero
601 2750 670 2786 quod
686 2750 815 2787 sequitur
828 2755 854 2781 in
870 2750 965 2781 eodem
979 2761 1028 2780 ms.

255 2783 406 2812 Corbeiensi
421 2794 442 2824 :_
456 2785 495 2824 Et
498 2794 597 2812 servum
611 2783 699 2821 'nequu
724 2783 839 2823 jn‘ojicile
854 2791 922 2824 foras
933 2809 940 2821 ,
964 2793 1028 2820 εις..

258 2821 458 2853 reprtesentavit
477 2820 585 2849 Grtucus
609 2820 748 2850 contextus
766 2820 926 2859 exemplaris
936 2824 1032 2851 Canta-

1082 2684 1227 2718 brig.,ubi
1239 2684 1340 2725 legunt,
1353 2685 1441 2725 βάλετε
1456 2685 1515 2718 ἔξω.
1572 2721 1578 2727 ,
1727 2720 1732 2728 1
1833 2721 1839 2726 .

1119 2718 1132 2738 δ
1165 2718 1329 2754 Cyprianus,
1359 2721 1462 2747 Luetler
1493 2721 1676 2751 Calarttanus.
1711 2721 1868 2747 Gaudentius

1084 2754 1235 2795 episcopus.
1248 2755 1407 2795 Bri-xi'ensis,
1422 2761 1455 2795 et
1471 2757 1635 2791 Augustinus
1646 2776 1653 2788 ,
1672 2755 1766 2783 eodem
1787 2756 1866 2783 modo

1086 2788 1197 2825 legunt,
1210 2790 1241 2816 ab
1256 2791 1354 2825 origine
1366 2791 1464 2818 mundi.

1122 2829 1133 2843 ε
1156 2824 1235 2853 Deest
1246 2825 1272 2852 in
1285 2824 1345 2853 eod.
1365 2826 1543 2862 partic.grein
1553 2825 1867 2861 verbocongregabuntur.

293 2876 330 2908 In)
344 2875 381 2901 ita
395 2881 422 2904 ct
435 2881 488 2904 tex.
503 2877 551 2904 Gr.
570 2876 721 2913 ἕχει.--(ὁ)
740 2879 777 2907 ita
793 2879 1015 2916 etcod.Cant.ﬁo'c

1078 2878 1159 2912 ἲξω-
1171 2882 1207 2915 (r)
1226 2881 1289 2909 Post
1303 2890 1359 2909 ovet
1373 2882 1447 2910 deest
1460 2881 1571 2910 qvidem.
1584 2880 1620 2909 ita
1635 2885 1662 2909 et
1675 2880 1701 2908 in
1714 2880 1774 2909 cod.
1789 2880 1865 2908 Cant.
