2610 3291
42 1488 47 1490 .
87 1465 157 1492 ravit
169 1465 247 1492 Pater

94 200 141 229 52!
260 195 266 200 ’
565 198 787 228 EVANGELIUM
805 198 989 229 SECUNDUM
1008 199 1220 229 MATTHIEUM.
1664 202 1717 230 322

288 252 403 282 CODEX
421 252 685 283 VERCELLENSIS.
725 273 728 277 ~

502 304 530 329 et
544 309 596 328 non
609 301 700 329 dedis-

502 338 538 364 tis
548 337 613 364 mihi
628 342 739 371 potum:

503 371 547 399 43.
565 372 665 407 hospes
674 380 749 400 eram
760 393 768 406 ,

503 411 530 435 et
543 415 597 435 non
610 407 692 435 colle-

521 442 577 470 istis
588 449 631 470 me
643 451 651 469 :
673 451 722 470 nu-

522 484 552 504 us
560 498 568 509 ,
584 482 610 505 οι
621 485 676 506 non

501 513 646 547 operuistis

502 555 565 579 me;
579 547 700 575 inﬁrmus
709 567 717 581 ,

501 586 529 611 et
543 583 570 610 in
583 591 677 610 carce-
737 612 740 614 ,

503 626 559 646 rem
570 638 578 651 ,
591 622 619 646 et
632 625 686 645 non

503 653 630 681 visitastis
642 660 695 680 me.

502 688 546 715 Η.
567 688 642 715 Tunc
657 694 768 723 respon-

502 723 603 750 debunt
616 723 652 758 (ε)
666 728 694 751 et
708 724 748 758 ip-

502 758 525 794 si
536 758 556 794 -ι-
568 779 575 791 ,
592 758 713 786 dicentes
725 767 731 785 ε

503 793 615 821 Domine
628 814 634 826 ,
649 801 734 828 quan-

500 828 536 856 do
546 832 573 856 te
583 829 698 856 vidimus

499 865 662 891 esurientem
674 884 682 896 ,

500 903 545 926 aut
551 899 695 933 sitientem,

499 939 545 962 aut
554 934 654 962 nudum
665 955 673 968 ,
687 938 733 962 aut

500 971 614 1004 ospitem
627 990 635 1003 ,
650 974 697 997 aut

500 1005 633 1032 infirmum
647 1026 654 1037 ,

500 1045 546 1067 aut
556 1041 582 1067 in
595 1047 690 1068 carce-

93 514 135 542 58.
156 513 289 555 hospitem
301 533 309 547 ,
325 519 353 541 et

94 550 254 584 suscipimus
326 557 335 561 '

93 590 135 612 te:
149 589 196 612 aut
208 584 306 612 nudum

92 625 118 648 et
127 620 282 648 vestivimus
295 628 302 647 :

92 655 136 683 59.
147 660 202 692 Vaut
212 655 318 690 quando

93 695 119 719 te
128 691 243 718 vidimus

92 726 236 759 inﬁrmum,

91 762 177 789 autin
189 767 281 789 carce-

92 804 148 824 rem
161 817 169 829 ,
182 801 211 824 et
222 795 295 824 veni-

91 840 152 860 mus
164 832 198 859 ad
208 831 255 858 te?

91 868 137 895 40.
157 867 191 894 Et
203 866 368 901 respondens

91 903 156 930 dicit
170 902 224 929 illis
236 909 243 928 :

90 939 177 965 Amen
192 936 252 964 dico

91 973 168 1000 vobis
180 993 187 1005 ,
200 980 285 1007 quan-

91 1008 147 1035 diiu
161 1008 236 1035 fecis.
254 1028 260 1034 .
276 1014 289 1034 s

91 1044 137 1070 uni
151 1042 189 1078 (α)
205 1044 300 1078 horum

90 1077 218 1106 fratruum
228 1077 249 1112 1-
501 1083 576 1112 rem,
590 1080 617 1103 et
630 1083 682 1112 non

90 1121 211 1141 meorum
225 1111 275 1140 mi-
500 1111 669 1138 ministravi-

89 1149 222 1176 nimorum
235 1145 244 1178 ζ
304 1146 312 1155 ⁶
499 1153 558 1172 mus
572 1146 639 1172 tibi?

89 1183 153 1210 mihi
174 1183 285 1211 fecistis.
498 1180 541 1207 ΔΞ.
564 1180 639 1207 Tunc
652 1187 762 1215 respon-

88 1219 133 1245 Η.
154 1218 228 1246 Tunc
242 1217 306 1244 dicit
319 1216 370 1249 his,
498 1215 572 1242 debit
583 1215 637 1242 illis
649 1215 690 1242 di-

499 1257 561 1277 cens
579 1257 586 1276 :
603 1251 688 1277 Amen

498 1285 574 1311 vobis
587 1285 648 1312 dico
663 1294 671 1312 :

497 1320 618 1353 Quandiu
633 1327 686 1348 non

463 1368 467 1376 ν
499 1355 599 1383 fecistis
614 1355 660 1382 uni

497 1391 531 1418 de
543 1390 660 1417 minimis

87 1254 132 1288 qui
143 1254 176 1280 ad
191 1253 270 1288 sinis-

88 1287 138 1316 tris
152 1293 213 1316 sunt
225 1297 230 1314 :
248 1287 303 1314 Dis-

88 1324 175 1351 cedite
187 1331 203 1350 a
211 1330 254 1351 me

87 1359 222 1387 maledicti
237 1359 265 1385 in

88 1395 176 1430 ignem
189 1398 283 1430 aeter-_
497 1395 531 1430 de
543 1397 666 1430 minimis

88 1425 152 1457 nvum
167 1430 204 1465 (b)
215 1427 285 1464 quod
297 1433 345 1462 pa-
498 1425 550 1465 his,
564 1428 617 1465 nec
631 1425 697 1465 mihi

497 1461 543 1489 46.
563 1460 671 1488 fecistis.
688 1460 721 1487 Et

499 1497 574 1524 ibunt
585 1496 611 1523 hi
625 1496 651 1523 in

498 1532 585 1567 ignem
603 1539 648 1559 ac-

498 1566 614 1608 ternum.
625 1566 682 1608 jus-

499 1603 517 1629 ti
526 1606 613 1629 autem
627 1603 654 1629 in

86 1507 165 1528 mens
180 1500 200 1535 1-
211 1497 318 1535 diabolo
329 1516 337 1530 ,

85 1540 114 1561 et
129 1534 231 1570 angelis
245 1534 313 1568 ejus.

86 1569 133 1597 42.
148 1569 234 1598 Esurii
249 1570 319 1597 enim
332 1586 341 1600 ,

85 1611 113 1643 et
127 1613 180 1643 non
191 1605 281 1643 dedis-
499 1605 521 1643 ti.

86 1641 121 1668 tis
133 1641 197 1668 mihi
212 1647 287 1668 man—
497 1641 578 1665 vitam
592 1642 680 1665 aeter-

86 1675 188 1704 ducare
201 1685 208 1704 :
228 1676 283 1704 sitii
295 1696 303 1708 ,
498 1680 570 1700 nam.

297 1729 413 1760 CODEX
432 1727 666 1757 CORBEIENSIS.

84 1778 221 1806 sitientem
232 1799 240 1811 ,
260 1782 288 1805 et
301 1782 393 1813 potum
407 1776 453 1804 tibi
466 1774 611 1813 dedimus?
625 1774 732 1809 quando
747 1777 834 1801 autent
850 1777 876 1813 te

86 1814 204 1841 vidimus
221 1809 237 1829 ί
250 1809 435 1849 perégrinum,
451 1810 655 1849 et‘colleximus
669 1817 676 1849 ί
699 1813 746 1836 aut
769 1809 875 1849 quando

86 1852 113 1875 te
126 1843 364 1877 vidimus‘nudiim
377 1868 384 1880 ,
400 1843 432 1874 et
443 1845 572 1873 teximus:
590 1843 695 1880 quando
711 1843 874 1880 teividimus

85 1883 220 1910 infirmum
233 1904 241 1916 ,
256 1888 282 1910 et
295 1884 321 1909 in
335 1878 501 1911 carcere..et
514 1880 635 1916 venimus
652 1879 685 1905 ad
709 1879 755 1916 te?
784 1879 794 1893 ¹
822 1878 874 1906 Re-

84 1918 223 1951 spondens
233 1914 322 1944 autem
335 1917 402 1944 dixit
416 1915 469 1951 illis
481 1924 490 1951 :7
504 1915 589 1951 Amen
604 1914 665 1951 dico
680 1914 771 1951 vobis,
780 1922 873 1951 quam-

84 1948 131 1979 diu
145 1952 245 1979 fecistis
270 1952 316 1978 uni
339 1958 372 1978 ex
395 1955 408 1969 ἰ
429 1950 544 1977 minimis
572 1949 649 1981 istis,
665 1949 730 1976 milii
759 1948 870 1977 fecistis.

83 1987 161 2014 Tunc
172 1987 243 2013 dicet
255 1992 281 2013 ct
294 1987 332 2013 cis
343 2008 349 2018 ,
364 1987 408 2020 qui
421 1986 452 2011 ad
468 1986 599 2011 sinistram
616 1991 676 2011 sunt
690 1993 695 2010 :
714 1985 844 2011 Discedite
858 1993 872 2011 a

83 2029 129 2049 mc
143 2022 274 2049 maledicti
287 2022 311 2048 in
324 2023 409 2055 ignem
425 2026 561 2047 aeternum
576 2041 581 2051 ,
598 2028 676 2054 quem
694 2020 798 2053 paravit
822 2020 871 2046 Pa-

85 2062 126 2084 ter
140 2065 214 2085 meus
240 2057 345 2084 diabolo
357 2078 363 2088 ,
378 2062 404 2084 et
421 2056 520 2090 angelis
535 2057 602 2089 ejus.
619 2055 724 2082 Esurivi
740 2054 810 2082 enini
822 2076 828 2087 ,
845 2060 871 2082 et.

83 2101 138 2120 non
153 2093 263 2120 dedistis
278 2092 343 2119 milii
359 2092 533 2124 manducare;
550 2092 618 2118 sitivi
633 2113 638 2124 ,
657 2096 682 2117 et
695 2099 746 2117 non
761 2090 871 2117 dedistis

83 2128 151 2155 mihi
166 2128 273 2156 bibere:
300 2128 310 2143 ³
325 2128 479 2162 peregrinus
506 2134 579 2154 erum
594 2147 600 2157 ,
626 2132 651 2152 ct
677 2135 735 2162 non
759 2125 766 2139 “
790 2126 870 2151 colic-

82 2164 161 2198 gistis
175 2161 352 2195 inmundusI
377 2161 403 2190 ei.
426 2170 482 2198 non
505 2162 518 2198 °>
537 2162 679 2198 vestistis;~
692 2161 830 2190 inﬁrmus,
845 2164 871 2185 ct

83 2195 112 2225 in
128 2206 235 2226 carcere
247 2219 253 2230 ,
281 2203 308 2225 et
330 2206 382 2225 non
401 2197 411 2211 ⁸
426 2196 534 2223 venistis
546 2196 578 2221 ad
595 2203 646 2220 me.
660 2195 732 2230 "fune
759 2200 870 2230 respon-

82 2234 218 2262 debunlet
231 2227 290 2268 ipsi,
302 2232 436 2260 dicentes:
453 2232 570 2268 l)_omine,
588 2228 692 2268 quando
709 2234 732 2254 le
744 2227 867 2266 Vidimus,

84 2265 250 2296 esurientem
263 2274 290 2295 et
304 2268 448 2296 sitientem.
466 2266 474 2279 ⁷
489 2269 533 2290 aut
546 2265 655 2296 nuduui,
682 2268 737 2302 aut.
754 2270 868 2302 peregri-

84 2310 209 2337 num,aut
219 2304 364 2335 inﬁrmum,
377 2307 422 2328 aut
433 2302 457 2337 iu
471 2307 587 2337 carcere,
598 2304 626 2337 et
641 2306 691 2337 non
705 2299 866 2337 ministravi-

83 2347 146 2366 mus
155 2334 230 2367 tibi?
253 2339 328 2366 Tunc
341 2334 513 2371 respondebit
529 2334 581 2362 illis
596 2335 606 2350 ⁸
620 2343 626 2360 :
643 2334 737 2371 Amen
749 2334 808 2371 dico
823 2341 870 2360 vo-

83 2374 144 2401 bis:
160 2374 290 2407 Quamdiu
300 2375 310 2390 ³
322 2373 366 2400 uni
379 2369 413 2400 ex
426 2371 540 2407 minimis
548 2371 609 2407 istis
622 2378 674 2397 non
689 2369 789 2396 fecistis
798 2376 870 2407 ,_nec

83 2408 150 2435 mihi
166 2404 276 2436 fecistis.
294 2408 326 2435 Et
339 2408 415 2435 ibunt
426 2406 463 2433 illi
475 2405 504 2437 in
515 2406 790 2441 l"ignemaeternum,
803 2404 868 2440 justi

83 2446 175 2470 autem
187 2443 213 2470 in
227 2443 307 2470 vitam
321 2448 467 2471 aeternam.

1148 256 1263 285 CODEX
1283 256 1503 287 VERONENSIS.

1341 304 1407 331 mihi
1421 309 1513 339 potum
1525 313 1532 331 :

1340 340 1385 367 45.
1407 339 1505 374 hospes
1519 347 1602 375 cram,

931 306 975 330 te:
990 302 1142 336 sitientem,

930 341 958 364 et
968 337 1091 365 dedimus

931 372 978 399 tibi
992 376 1083 407 potum
1092 373 1116 399 ?‘
1341 378 1369 402 et
1378 382 1432 403 non
1443 372 1499 402 col-

930 407 972 435 58.
992 408 1100 443 quando
1114 411 1205 437 autem
1271 435 1274 437 λ
1341 410 1445 437 lexistis
1457 418 1501 439 me
1517 418 1525 437 :

928 446 957 470 te
971 443 1088 471 vidimus
1341 445 1438 477 nudus,
1452 450 1480 473 et

928 477 1077 512 hospitem,
1092 482 1119 506 et

928 513 1084 549 collegimus
1100 518 1125 542 te
1140 521 1150 541 :

928 553 974 576 aut
993 549 1093 576 nudum
1102 569 1109 582 ,

929 587 956 619 et
972 583 1114 619 cooperui-

928 618 973 646 59.
987 618 1047 646 mus
1059 624 1084 647 te
1096 628 1103 645 :
1116 624 1163 647 aut

927 654 1035 688 quando
1051 655 1093 682 iit-

930 690 1046 721 iirmum,
1060 693 1106 717 aut

929 723 954 750 in
970 731 1116 757 carcerem,
1127 729 1155 751 et
1200 738 1203 745 =

927 759 1050 786 venimus
1062 759 1095 786 ad
1108 759 1157 786 te?

1342 487 1394 508 non
1413 479 1576 515 operuistis;

1341 515 1473 548 inﬁrmus.
1485 519 1513 544 et

1342 551 1368 578 in
1380 558 1527 583 carcerem,

1342 591 1370 614 et
1382 593 1435 613 non
1449 585 1540 614 visita-

1341 622 1390 649 stis
1400 629 1453 649 me.

1339 657 1386 684 44.
1408 656 1482 684 Tunc
1496 664 1607 692 respon-

1340 692 1440 719 debunt
1452 692 1488 725 (ε)
1501 697 1527 719 et

1340 726 1391 761 ipsi
1401 727 1431 761 ές,
1446 726 1538 754 dicen-

1341 766 1381 789 tes
1394 771 1400 789 :
1413 762 1539 796 Domine,

927 793 973 832 έο-
994 794 1028 821 Et
1043 801 1155 832 res_po_n-
1340 797 1446 832 quando
1461 801 1487 825 le

928 829 995 857 dens
1005 837 1051 857 rex
1074 829 1139 857 dicit
1339 829 1455 860 vidimus
1467 839 1530 860 esu-

928 864 980 900 illis
992 873 999 891 :
1013 866 1098 891 Amen
1341 868 1466 900 rientem,

929 899 988 926 dico
999 899 1091 940 vobis,
1341 906 1387 929 aut
1399 902 1554 940 sitientem‘,

927 934 1057 973 quamdiu
1067 935 1109 973 fe-_
1282 948 1292 963 ι
1341 942 1386 965 aut
1400 938 1542 973 hospitem,

928 970 1002 1005 cistis
1015 971 1059 997 uni
1076 970 1113 1005 ((ι)

929 1004 1022 1032 horum
1035 1004 1088 1032 fraé

929 1044 1016 1081 tritum
1030 1040 1051 1076 -ι-
1061 1048 1150 1068 meum
1181 1048 1185 1052 ’

926 1082 1098 1103 nummorum
1110 1096 1117 1108 ,

926 1110 992 1136 mihi
1005 1110 1115 1138 fecistis.

925 1144 971 1171 Al.
993 1145 1066 1173 Tunc
1085 1145 1149 1173 dicit

927 1180 961 1212 is,
976 1180 1022 1214 qui
1037 1180 1071 1207 ad

925 1215 1043 1243 sinistris
1058 1216 1117 1251 ejus

925 1256 988 1278 sunt
1002 1260 1008 1277 :
1026 1251 1117 1278 Disce-

925 1285 980 1313 dite
995 1293 1010 1312 a
1025 1293 1068 1313 me
1083 1294 1141 1313 ma-

1342 977 1389 1014 nut
1399 974 1509 1006 nudum,
1522 973 1564 1001 vel

1343 1016 1368 1035 In
1382 1016 1528 1041 carcerem,

1339 1049 1386 1070 aut
1399 1044 1548 1077 infirmum,

1338 1083 1365 1105 et
1380 1086 1432 1106 non
1448 1079 1614 1106 ministrabi-

1340 1121 1400 1141 mus
1412 1114 1459 1141 tibi
1472 1114 1483 1141 ?

1339 1148 1384 1175 45.
1405 1149 1480 1177 Tunc
1491 1156 1602 1184 respon-

1340 1183 1413 1211 debit
1425 1184 1477 1211 illis

1340 1219 1433 1247 dicens
1450 1228 1456 1246 :
1468 1220 1554 1248 Amen

1340 1254 1401 1281 dico
1413 1255 1489 1282 vobis
1504 1263 1511 1280 :

1339 1289 1463 1322 Quandiu
1475 1297 1526 1317 non

1340 1325 1442 1351 fecistis
1453 1325 1500 1351 uni

1327 1359 1374 1386 ‘de
1391 1358 1540 1385 minoribus

1340 1393 1392 1426 his,
1407 1401 1456 1421 nec
1473 1393 1522 1420 mi-

1340 1428 1366 1455 hi
1383 1429 1492 1456 fecistis.

1340 1463 1374 1491 Ει
1387 1464 1464 1491 ibunt
1474 1464 1502 1491 hi

1339 1499 1366 1526 iu
1378 1500 1465 1534 ignem

1338 1539 1489 1566 aeternum,

1336 1569 1400 1603 justi
1416 1574 1504 1597 autem

941 1605 1106 1643 ualiducare:
1339 1605 1365 1631 in
1381 1605 1461 1633 vitam
1471 1609 1557 1633 aeter-

925 1642 998 1664 sitivi
1006 1657 1013 1670 ,
1029 1642 1057 1665 et
1340 1647 1411 1667 nam.

925 1320 1016 1348 ledicli
1031 1321 1057 1348 in
1073 1322 1160 1356 ignem

925 1360 1074 1389 aeternum,
1086 1355 1144 1396 (ὁ),

925 1398 1004 1425 quem
1018 1395 1126 1425 paratit’

925 1425 1004 1453 Pater
1020 1433 1094 1453 meus
1107 1427 1127 1461 ἰ-

925 1460 1034 1488 diabulo
1044 1481 1051 1493 ,
1063 1465 1090 1488 et

925 1496 1028 1531 angelis
1043 1496 1112 1531 ejus.

924 1530 971 1558 42.
992 1530 1078 1559 Esurii
1094 1532 1177 1565 enim,

926 1571 953 1594 et
966 1574 1019 1594 non
1032 1567 1142 1595 dedistis
1153 1567 1218 1595 mihi

926 1602 1089 1631 manducare
1100 1611 1106 1630 :

878 1679 883 1686 θ
926 1680 978 1700 non
992 1673 1105 1701 dedistis

1156 1728 1271 1757 CODEX
1289 1729 1483 1759 BRIXIANUS.

928 1777 974 1815 aut
986 1775 1120 1815 sitientem
1133 1776 1330 1815 etputavimus.
1344 1777 1451 1815 quando
1461 1781 1549 1806 autem
1559 1781 1586 1806 te
1598 1778 1713 1815 vidimus

927 1809 1070 1848 hospitem:
1088 1815 1115 1837 et
1128 1809 1288 1848 colleximus
1303 1809 1460 1848 aut-nudum
1473 1818 1499 1841 et
1512 1814 1710 1848 cooperuimus.

925 1849 971 1871 aut
982 1844 1087 1879 quando
1101 1849 1126 1873 te
1143 1846 1257 1873 vidimus
1272 1847 1418 1874 inﬁrmum.
1432 1853 1477 1875 aut
1501 1848 1527 1875 in
1548 1844 1668 1876 carcere.
1684 1853 1712 1877 et

925 1880 1046 1907 venimus
1060 1880 1092 1907 ad
1105 1885 1136 1908 te
1163 1881 1197 1908 Et
1209 1882 1377 1915 respondens
1399 1890 1443 1910 rex
1459 1882 1530 1910 dicet
1544 1883 1607 1910 illis.
1622 1884 1709 1910 Amen

924 1915 985 1942 dico
998 1916 1072 1944 Vobis
1084 1916 1211 1951 quamdiu
1226 1917 1325 1944 fecistis
1341 1917 1386 1945 uni
1399 1918 1432 1945 de
1444 1919 1486 1945 liis
1504 1918 1628 1945 fratribus
1642 1918 1709 1945 meis

924 1951 1051 1978 minimis.
1066 1951 1129 1978 mihi
1141 1952 1251 1979 fecistis.
1267 1952 1343 1980 Tunc
1356 1953 1435 1980 dicet.
1447 1952 1476 1981 et
1490 1953 1531 1980 his
1544 1953 1614 1987 quia
1627 1953 1707 1979 sinis-

925 1986 972 2012 tris
987 1991 1076 2014 erunt.
1095 1987 1228 2015 Discedite
1247 1995 1262 2014 τι
1277 1996 1319 2015 me
1333 1988 1465 2016 maledicti
1477 1988 1502 2014 in
1519 1986 1605 2022 ignem
1620 1993 1708 2014 aeter-

924 2029 997 2049 num.
1010 2022 1056 2056 qui
1069 2028 1178 2056 paratus
1191 2028 1232 2050 est
1245 2023 1353 2050 diabolo
1365 2027 1393 2049 et
1404 2023 1504 2057 angelis
1517 2023 1585 2057 ejus.
1599 2022 1704 2049 Esurivi

922 2058 993 2083 enim
1008 2061 1100 2084 etnon
1114 2057 1224 2085 dedistis
1237 2058 1302 2084 milii
1325 2056 1493 2084 manducare.
1509 2056 1591 2083 sitivi.
1607 2061 1634 2084 et
1654 2064 1706 2084 non

922 2092 1033 2119 dedistis
1046 2090 1111 2118 mihi
1127 2095 1229 2125 potum.
1251 2092 1348 2126 hospes
1374 2092 1412 2118 fui
1432 2097 1457 2118 ct
1477 2098 1530 2118 non
1552 2093 1708 2126 suscepistis

922 2133 975 2152 me.
1002 2126 1088 2152 nudus
1112 2130 1141 2152 et
1169 2134 1222 2153 non
1236 2127 1413 2160 cooperuistis
1436 2133 1487 2153 me.
1504 2126 1624 2154 inﬁrmus
1638 2133 1666 2155 et
1681 2129 1706 2155 in

922 2167 1057 2197 carcerem
1070 2165 1097 2197 et
1111 2168 1164 2197 non
1192 2161 1319 2197 visitasiis
1337 2168 1389 2197 me.
1408 2161 1483 2188 Tunc
1508 2162 1709 2197 respondebunt

921 2194 945 2221 ei
970 2198 997 2231 et
1028 2194 1078 2228 ipsi
1110 2194 1239 2223 dicentes.
1281 2195 1392 2223 Domine
1417 2196 1522 2231 quando
1546 2194 1572 2225 te
1595 2198 1708 2225 vidimus

921 2230 1083 2267 esurientem
1102 2237 1136 2257 au
1159 2231 1303 2258 sitientem.
1324 2239 1357 2258 an
1378 2230 1521 2267 hospitem.
1548 2241 1581 2260 au
1597 2233 1706 2261 nudtnu.

921 2271 954 2291 au
979 2265 1123 2293 inﬁrmum.
1153 2273 1187 2293 au
1212 2267 1239 2293 in
1264 2274 1400 2295 carcerem
1426 2265 1453 2295 et
1475 2275 1527 2295 non
1547 2268 1707 2295 ministravi-

923 2307 982 2337 mns
997 2301 1053 2337 tibi.
1078 2300 1154 2337 Tunc
1171 2302 1345 2337 respondebit
1368 2302 1420 2330 illis
1432 2303 1533 2331 dicens.
1551 2304 1635 2330 Alllen
1647 2303 1708 2329 dico

923 2335 998 2363 vobis
1017 2336 1146 2370 Quamdiu
1161 2335 1330 2365 non’fecistis
1340 2338 1384 2365 uni
1397 2338 1430 2365 de
1443 2338 1590 2365 minoribus
1603 2338 1644 2364 his
1659 2344 1708 2363 nec

922 2372 987 2398 mihi
1004 2372 1113 2400 fecistis.
1130 2377 1158 2400 et
1181 2372 1277 2400 bibunt
1292 2373 1340 2400 bii.
1360 2373 1388 2400 in
1402 2373 1541 2407 suplicium
1556 2376 1705 2399 aeternum.

920 2407 985 2441 justi
1004 2411 1092 2435 autem
1115 2408 1142 2435 in
1157 2408 1237 2435 vitam
1250 2412 1401 2436 aeternam.

428 2498 622 2529 VARIANTES
640 2496 828 2526 LECTIONES
846 2495 978 2525 CODICIS
996 2495 1053 2523 MS.
1074 2495 1104 2523 S.
1124 2492 1374 2522 GERMANENSIS.

117 2548 125 2563 ί
143 2548 293 2579 hospitem...
304 2551 345 2572 aut
357 2547 455 2576 nudum,
469 2544 653 2579 etc.,_ut}’u_lg.

117 2579 127 2594 '
144 2578 175 2603 Et
187 2575 335 2609 respondens
346 2584 405 2611 rex,
423 2575 552 2608 et’c.,ut’t'n
571 2575 674 2609 Yutg'ata
688 2582 776 2607 usque,
788 2575 871 2607 ignem

117 2671 128 2686 ‘
144 2670 278 2696 oollexistis

115 2703 127 2719 ε
143 2701 272 2734 operuistis
281 2707 322 2726 me

121 2796 134 2811 α
149 2792 216 2820 Huic
238 2790 346 2819 lectioni
368 2788 538 2818 Corbeiensis
559 2789 638 2820 codic
742 2791 776 2814 nt
799 2793 867 2813 non-

82 2828 156 2856 nulla
169 2826 331 2856 exemiaria
346 2825 514 2859 Gri-eorum,
530 2829 559 2852 ut
569 2824 640 2853 videi
670 2831 714 2852 ess
731 2824 801 2850 inter
819 2828 867 2849 va-

957 2543 967 2558 θ
990 2541 1102 2567 visitastis

957 2574 967 2589 ⁷
984 2576 1026 2596 aut
1037 2571 1166 2601 hospitem,
1178 2574 1220 2596 aut
1229 2570 1320 2596 nudum

954 2603 966 2619 ⁸
981 2602 1066 2626 dicens

955 2634 965 2649 ν
985 2633 1016 2657 Ut
1028 2630 1098 2663 Vulg.

956 2664 978 2679 ιο
995 2669 1097 2695 poenam
1108 2665 1234 2689 aeternam

739 2736 1055 2774 BLANCHINI‘NOTE.
1079 2727 1083 2729 ’

918 2785 1018 2825 [iantes
1032 2783 1165 2825 lectiones
1187 2782 1296 2812 Grtecas
1319 2782 1387 2813 Novi
1401 2783 1564 2825 testamenti
1579 2789 1644 2813 tom.
1673 2784 1706 2813 Vl

918 2820 1050 2856 Polyglot.
1066 2819 1179 2847 Londin.

119 2884 157 2920 (α)
172 2884 211 2911 ita
225 2888 253 2912 et
266 2888 321 2920 tex.
331 2883 548 2920 Ceraunia-an
562 2881 681 2919 ἀδελφῶν.
696 2878 775 2916 -(ό)
798 2877 836 2905 Ita
862 2881 890 2906 et
908 2877 968 2906 cod.
992 2877 1069 2905 Cant.
1086 2874 1149 2906 ﬁeri

632 2885 681 2909 νῶν.
696 2878 775 2916 --(ό)
798 2877 836 2905 Ita
862 2881 890 2906 cz
908 2877 968 2906 cod.
992 2877 1069 2905 Cant.
1086 2874 1269 2913 ﬁv'iicoiimnv
1282 2876 1296 2905 ὃ
1309 2879 1395 2915 πατήρ
1416 2887 1476 2913 μου.
1487 2891 1522 2897 -
1536 2875 1574 2914 (ι)

83 2916 152 2957 ipsi,
162 2919 243 2947 deest
250 2919 275 2947 ei
287 2919 367 2947 etiam
384 2919 410 2959 in
424 2917 484 2946 cod;
499 2916 578 2945 (hut.

1904 2980 1945 3001 δι

2049 32 2197 41 __,.,_...—
2228 32 2436 48 _¢—:.-
