3900 6392
162 301 263 355 325

166 478 239 531 cit
262 479 313 531 in
344 491 547 533 memo—

164 548 296 601 riam
325 548 426 600 sui.
746 586 749 589 η

167 614 254 669 14.
297 614 444 670 Tune
470 616 600 671 abiit
621 630 757 672 unus

167 685 235 739 de
260 685 539 739 duodecim

167 754 461 822 discipulis.
489 754 580 822 qui

167 824 291 876 dici.
338 862 350 875 .
396 861 408 872 .
444 822 609 877 ludas

166 892 410 948 Scarioth
428 931 444 956 ,
468 892 533 945 ad

169 978 279 1083 pg.
323 1000 337 1013 .
381 998 395 1012 .
437 973 640 1029 pessa-

243 1068 257 1082 .
298 1036 713 1110 cam-ututi},
744 1038 800 1084 et

168 1114 219 1151 a.
266 1136 281 1151 .
324 1098 475 1153 tillis
501 1138 513 1152 .
540 1096 677 1167 Quid

166 1168 331 1222 vultis
360 1168 489 1221 mihi

167 1238 301 1293 dare
316 1279 331 1299 .
354 1246 408 1291 et
435 1252 536 1305 ego

168 1308 325 1362 vobis
352 1308 503 1361 illum

171 1377 423 1431 tradam?
451 1376 531 1432 Ad
558 1376 620 1429 il-

170 1447 209 1501 li
239 1454 540 1501 statuerunt

168 1517 248 1571 illi
297 1532 425 1571 ιιι.
464 1514 539 1585 (a)
572 1522 681 1585 sta-

170 1585 260 1641 16.
303 1598 443 1639 teres
568 1583 637 1639 Et
673 1584 821 1639 exin-

170 1657 239 1711 de
265 1655 555 1725 quaerebat

173 1725 494 1793 opportuni-

177 1804 340 1849 tatem
370 1802 428 1848 ut
452 1808 575 1848 eum

173 1864 430 1917 traderet.

177 1934 263 1987 17.
307 1932 483 1986 Prima
514 1940 687 1987 autem

174 2004 263 2057 die
293 2017 508 2072 azymo-

172 2088 293 2125 rum
322 2086 503 2125 acces—

172 2153 364 2195 serunt
401 2141 511 2194 dis-

172 2211 337 2279 cipuli
367 2210 433 2264 ad
461 2210 644 2266 Jesum
669 2249 684 2274 ,

173 2281 419 2334 dicentes
450 2299 461 2329 :

177 2350 281 2405 Ubi
312 2348 392 2403 vis
424 2362 580 2416 prae-

216 2434 326 2473 are.
363 2457 376 2470 .
422 2432 483 2470 us
503 2420 567 2469 ti-

216 2435 376 2473 are..
422 2435 559 2470 υδιμ

175 2435 230 2545 Εἰ
265 2488 559 2541 manduca-

176 2574 238 2614 re
267 2556 475 2612 Pascha
502 2557 524 2609 ’ἒ

180 2628 273 2683 18.
315 2626 472 2683 Jesus
493 2634 669 2679 autem
697 2622 829 2678 dixit

176 2700 261 2753 eis
294 2715 306 2749 :
332 2697 409 2751 lte
438 2698 488 2749 iu
518 2696 590 2749 ci-

178 2768 351 2821 vitate
374 2806 386 2829 ,
410 2768 475 2818 ad
504 2777 691 2833 quem-

176 2837 303 2891 dam
318 2878 333 2900 ,
364 2844 417 2889 et
447 2836 573 2889 dici-

180 2916 232 2961 te
263 2908 310 2961 ei
344 2904 569 2974 :Magis—

179 2989 268 3030 ter
287 2976 417 3029 dicit
454 2994 466 3027 :
496 2975 655 3033 Temr

176 3061 279 3116 pus
306 3060 481 3099 meum

176 3131 347 3183 prope
372 3125 474 3177 est,
502 3125 633 3185 aput

178 3196 235 3240 te
262 3185 401 3239 facio
435 3185 634 3241 Pascha

181 3270 307 3311 cum
332 3253 496 3309 disci-

180 3325 271 3379 19.
317 3324 452 3392 pulis
479 3325 632 3381 meis.
666 3324 732 3379 Et

179 3396 431 3448 fecerunt

176 3465 433 3533 discipuli
458 3464 531 3518 si-

178 3544 271 3590 cut
293 3548 445 3604 prae.
491 3571 506 3586 .
550 3573 564 3586 .

1109 296 1555 361 EVANGELIUM
1589 293 1952 354 SECUNDUM
1988 292 2415 349 MATTﬂ/EUM.

553 387 782 444 CODEX
816 385 1350 445 VERCELLENSIS.

989 487 1139 547 perat
1164 480 1234 533 ei.
1282 518 1295 531 .
1340 520 1355 534 .
1402 518 1416 533 .

990 558 1044 601 et
1069 562 1295 614 parave-

990 625 1113 670 runt
1139 615 1365 669 Pascha.
1478 654 1479 657 η

989 685 1080 738 20.
1119 684 1363 753 Cumque
1390 700 1501 740 ser.

993 765 1136 807 esset
1168 752 1365 808 factum
1390 793 1405 820 .

992 821 1265 877 discubuit

993 904 1115 944 cum
1146 891 1350 947 duode-

994 960 1097 1013 cim
1120 958 1281 1014 disci—

995 1028 1086 1083 2i.
1127 1031 1264 1095 pulis
1293 1029 1423 1085 suis.
1465 1029 1531 1083 Et

996 1099 1323 1153 manducan-

997 1168 1138 1222 libtls
1163 1168 1269 1231 eis,
1298 1167 1384 1221 di-

995 1238 1074 1291 xit
1103 1252 1121 1290 :
1150 1236 1317 1292 Amen
1349 1237 1433 1291 di-

994 1321 1059 1360 co
1086 1307 1236 1361 vobis
1258 1346 1275 1373 ,
1299 1307 1425 1375 quia

995 1392 1133 1431 unus
1162 1392 1226 1430 ex
1250 1394 1341 1429 VU-

996 1447 1079 1501 bis
1101 1445 1276 1499 tradet
1306 1460 1408 1499 me.

995 1515 1085 1569 22.
1129 1515 1196 1569 Et
1215 1514 1501 1571 vehetnenc

997 1595 1080 1640 ter
1102 1586 1333 1639 contris-

999 1655 1127 1708 tatis
1144 1694 1159 1719 ,
1184 1667 1378 1724 coepe-

1000 1730 1126 1778 runt
1154 1723 1337 1777 dicere

954 1793 1197 1861 \singuli
1229 1811 1242 1845 :
1269 1793 1433 1845 Num-

1001 1863 1128 1932 quid
1158 1877 1258 1932 ego
1280 1877 1396 1916 sum

998 1931 1091 1987 23.
1134 1931 1397 1987 Domine?
1418 1931 1620 1998 Quibus

1000 2002 1333 2069 restiondens

1001 2072 1158 2128 Jesus
1186 2112 1199 2133 ,
1238 2072 1409 2137 dixit,
1442 2070 1543 2136 Qui

1002 2142 1217 2208 intingit
1241 2156 1353 2193 me-

1001 2227 1120 2265 cum
1153 2225 1364 2262 manum
1396 2210 1447 2263 in
1480 2210 1611 2263 cati-

1004 2294 1130 2335 num
1150 2320 1163 2344 ,
1196 2278 1282 2332 hic
1312 2293 1397 2330 me

1002 2350 1093 2403 2s.
1137 2348 1327 2401 tradet.
1358 2348 1527 2402 Filius

1005 2418 1221 2487 quidem
1258 2418 1351 2469 ho-

1006 2488 1165 2542 minis
1206 2487 1350 2540 vadit
1384 2529 1397 2552 ,

1002 2558 1143 2611 sicut
1170 2559 1421 2624 scriptum

1003 2637 1087 2682 est
1113 2626 1179 2679 de
1208 2641 1292 2680 eo.

1004 2712 1101 2751 vae
1124 2706 1299 2749 autem
1329 2695 1427 2749 h0-

1006 2766 1135 2821 mini
1165 2766 1274 2833 illi,
1302 2781 1395 2835 per

1005 2851 1184 2907 quem.
1232 2876 1246 2890 .
1289 2875 1301 2887 .
1349 2877 1359 2887 .
1406 2852 1465 2889 us

1005 3132 1390 3171 uum.....

1008 3189 1053 3239 si
1087 3202 1212 3240 uou.
1258 3224 1272 3239 .
1319 3224 1333 3240 .
1378 3224 1393 3240 .
1442 3226 1454 3239 .

1008 3267 1089 3310 set
1124 3267 1233 3309 nat.
1280 3296 1293 3309 .
1339 3294 1354 3310 .
1401 3295 1415 3310 .
1460 3294 1475 3309 .

1008 3342 1097 3378 mo
1130 3326 1242 3381 ille.
1290 3364 1304 3377 .
1348 3363 1362 3377 .
1406 3362 1423 3377 .

1005 3394 1095 3449 25.
1142 3394 1511 3462 Respondeas.

1007 3463 1172 3534 Jgudas
1191 3500 1207 3526 ,
1237 3463 1319 3534 (ά)
1348 3464 1438 3534 qui
1462 3472 1569 3517 tra-

1009 3532 1217 3586 diturus
1240 3532 1361 3587 erat
1393 3532 1433 3603 ἧι

2266 378 2495 436 CODEX
2537 375 2983 434 VERONENSIS.

1842 477 1967 545 fecit
1992 476 2041 528 in
2066 488 2269 528 memo-
2320 534 2329 545 ο

1841 545 1917 625 ria
1951 544 2140 625 ipsius.
2184 612 2196 625 _
2222 612 2253 625 η

1843 616 1930 669 14.
1973 613 2120 667 Tunc
2147 612 2281 675 abiit

1840 697 1982 762 unus
2004 682 2301 762 dednode-

1842 748 2352 899 sarissas,

1845 888 1910 942 ad
1944 888 2215 956 principes

1846 957 2185 1012 sacerdotum
2206 997 2222 1023 ,

1804 1055 1811 1061 -
1847 1036 1901 1080 et
1925 1031 1999 1079 ait
2032 1027 2137 1081 illis
2164 1043 2180 1080 :

1848 1096 1936 1149 15.
1967 1094 2105 1162 Quid
2133 1096 2293 1153 vultis
2312 1096 2412 1153 ml-

1852 1167 1903 1217 lti
1927 1164 2056 1219 dare
2076 1205 2091 1229 ,
2117 1174 2174 1219 et

1850 1248 1961 1303 ego
1982 1234 2137 1289 vobis
2153 1249 2277 1291 eum

1852 1302 2057 1357 tradam
2082 1304 2106 1353 ‘.'

1854 1371 1941 1426 16.
1984 1373 2062 1425 Ad
2091 1373 2165 1427 illi
2190 1388 2315 1429 con-

1853 1446 2146 1496 stituerunt
2167 1444 2217 1497 ei

1854 1527 1981 1566 xxx.
2009 1512 2085 1582 (a)
2111 1520 2277 1567 state-

1854 1596 1943 1635 res
1962 1582 2017 1651 1-.
2055 1584 2119 1634 lit
2144 1586 2296 1638 exin-

1856 1652 1924 1705 de
1955 1654 2245 1718 quaerebat

1852 1724 2310 1788 opportunitatem

1854 1801 1912 1843 ut
1935 1806 2054 1843 eum
2079 1792 2254 1847 trade-

1855 1871 1943 1931 ret
1969 1858 2043 1929 (b)
2067 1862 2145 1915 eis
2165 1863 2223 1931 ἦ.

1854 1930 1944 1984 17.
1987 1931 2161 1985 Prima
2187 1943 2362 1987 autem
2394 1932 2481 1988 die

1852 2015 2163 2067 azymorum
2196 2018 2375 2057 acces-

1854 2080 2040 2123 serunt
2070 2070 2228 2123 disci-

1853 2139 1965 2206 puli
1996 2138 2061 2189 ad
2095 2138 2275 2193 Jesum
2303 2181 2317 2208 ,

1842 2208 2097 2261 dicentes
2124 2224 2134 2260 :
2173 2208 2269 2264 Ubi

1854 2276 1938 2329 liis
1963 2291 2210 2343 paremus

1858 2347 1951 2398 tibi
1984 2347 2184 2401 Pascha

1857 2416 2224 2472 manducare?

1860 2488 1964 2559 is,
1991 2486 2063 2555 (ε)
2090 2489 2167 2541 Διί
2192 2488 2282 2543 ille
2308 2490 2343 2559 4.-

1856 2556 1991 2609 dixit
2028 2561 2146 2609 eis:

1863 2625 1937 2678 Ile
1966 2625 2017 2678 in
2048 2629 2177 2679 civi-

1862 2704 1969 2747 tate
1990 2735 2003 2757 ,
2029 2696 2093 2748 ad
2123 2712 2307 2760 quem-

1860 2766 1979 2817 dant
2007 2804 2021 2827 ,
2051 2775 2103 2818 et
2131 2766 2293 2822 dicite

1861 2834 1910 2886 ei
1940 2850 1952 2885 :
1986 2834 2238 2903 Magister

1861 2903 1989 2957 dicit
2016 2922 2028 2956 :
2055 2906 2287 2975 Tempus

1864 2990 2039 3027 meum
2072 2991 2239 3046 prope

1862 3053 1980 3104 est.
2010 3055 2139 3108 aput
2168 3058 2221 3100 te

1864 3113 2002 3187 facio
2030 3115 2235 3187 Pascha

1862 3184 1983 3255 cum
2010 3184 2251 3255 discipu-

1863 3253 1929 3306 lis
1952 3255 2105 3309 meis.

1861 3322 1965 3389 19η
1996 3324 2062 3379 Et
2093 3324 2333 3381 fecerunt

1861 3391 2107 3473 discipuli

1861 3474 1999 3516 sicut
2032 3477 2187 3532 prae-

1859 3533 2005 3603 cepit
2035 3532 2145 3587 illis

2660 469 2816 523 Iesus
2833 511 2845 531 ,
2871 479 2923 521 et
2954 481 3046 536 pa-

2660 555 2717 592 ra
2727 547 2917 591 verunt

2664 609 2891 661 Pascha;

2663 678 2753 730 20.
2796 675 3039 744 Vespere
3065 690 3162 730 au-

2667 756 2770 801 tem
2799 744 2939 800 laeto
2960 785 2977 811 ,

2665 816 2935 870 discubuit
2962 830 3087 870 cum

2665 901 2756 940 xu.
2790 886 3067 953 discipulis

2666 955 2756 1008 2i.
2797 957 2931 1009 suis.
2967 956 3031 1009 Et
3050 954 3215 1011 eden-

2667 1025 2807 1079 tibus
2828 1022 2967 1091 illis,

2666 1092 2801 1149 dixit
2840 1112 2851 1146 :

2667 1164 2840 1219 Amen
2870 1163 2994 1219 dico

2669 1234 2822 1287 vobis
2845 1276 2861 1298 ,
2895 1234 3037 1301 quod

2671 1318 2809 1357 unus
2837 1314 3074 1359 vestrum

2671 1388 2759 1426 me
2790 1375 3017 1428 traditu—

2672 1452 2895 1497 1⁵118851.

2674 1511 2765 1563 22.
2810 1513 2875 1565 Et
2906 1514 3106 1569 contri—

2675 1584 2799 1634 stati
2828 1584 2984 1637 nimis
3004 1624 3020 1649 ,

2674 1660 2969 1719 coeperunt

2675 1721 2867 1788 singuli
2899 1721 3044 1777 dice-

2614 1798 2617 1803 '
2676 1805 2734 1843 re
2760 1808 2772 1841 2
2802 1789 3073 1855 Numquid

2676 1874 2775 1928 ego
2805 1875 2920 1913 sum
2954 1861 3056 1914 Do-

2677 1931 2866 1984 mine?

2676 1998 2768 2052 25.
2810 1996 3032 2069 Αᾶἰρεθ
3064 2017 3147 2057 re-

2676 2069 2950 2133 Spondens
2980 2111 2993 2133 ,
3018 2074 3093 2125 ait
3127 2090 3140 2125 :

2675 2138 2773 2204 Qui
2807 2140 3017 2208 inliugit

2676 2224 2886 2262 mecum
2920 2225 3135 2266 manum

2678 2278 2731 2331 in
2762 2279 3043 2346 parabside
3060 2322 3075 2346 ,

2680 2346 2769 2403 hic
2796 2364 2881 2403 me
2909 2358 3017 2403 tra-

2796 2366 2881 2403 me
2909 2366 3017 2403 "'8-

2676 2417 2767 2470 24.
2811 2419 2921 2472 del.
2950 2420 3117 2475 Filius

2679 2487 2893 2555 quidem
2925 2490 3024 2542 ho-

2679 2558 2840 2610 minis
2868 2559 3042 2621 vadit,

2679 2626 2821 2679 sicut
2848 2629 3103 2695 scriptum

2678 2708 2761 2749 ρει
2786 2697 2853 2750 de
2876 2698 2967 2750 illo
2996 2716 3013 2749 εκ

2681 2780 2777 2820 νεθ
2808 2777 2987 2821 autem

2681 2835 2884 2891 homini
2934 2836 3010 2891 illi
3042 2854 3057 2891 :

2680 2907 3121 3029 Εὲἷηίξῖῗῗε¹¹ὶτ¹ἓὶῖ¹¹⁸

2702 2992 2916 3031 nominis
2944 2988 3049 3031 tra-

2682 3046 2825 3100 ditur
2852 3066 2867 3100 :

2682 3114 2890 3171 bonum
2911 3127 3029 3172 erat

2683 3187 2886 3241 homini
2916 3186 2993 3241 illi

2678 3256 2885 3311 25.non
2910 3258 3078 3311 nasci.

2681 3325 3033 3395 Respondens

2681 3394 2862 3467 autem
2893 3396 3079 3458 ludas.
3114 3394 3195 3467 (ἄ)

2680 3466 2770 3535 qui
2802 3470 3099 3521 traditurus

2680 3544 2796 3589 erat
2823 3537 2864 3606 -ι-
2889 3552 3037 3602 eum,

3305 285 3412 343 526

604 3618 827 3673 CODEX
858 3618 1321 3676 CORBEIENSIS.

179 3714 315 3769 riam
357 3710 686 3781 ejus._'l‘unc
726 3711 856 3763 aluit
886 3727 1023 3764 unus
1060 3728 1124 3765 ex
1164 3711 1483 3773 duodecim,
1530 3712 1621 3781 qui
1678 3710 1757 3765 di-

178 3784 401 3837 cebatur
425 3779 857 3851 JudasScariot,
898 3781 961 3833 ad
992 3783 1256 3851 principes
1297 3779 1657 3842 sacerdotum.
1704 3790 1759 3837 ct

179 3855 257 3904 ait
297 3852 448 3919 illis:
477 3848 612 3916 Quid
661 3851 817 3903 vultis
857 3848 1181 3914 mihidare;
1222 3863 1273 3906 et
1303 3868 1403 3919 ego
1446 3854 1592 3907 vobis
1632 3868 1753 3907 eum

181 3921 387 3973 tradam
414 3918 437 3970 i
488 3920 555 3973 At
595 3919 668 3971 illi
696 3923 1089 3975 constituerunt
1112 3924 1157 3974 ei
1190 3918 1403 3991 triginta
1445 3934 1749 3991 argenteos.

180 3990 249 4044 Et
293 3991 490 4061 exinde
538 3991 828 4058 quaerebat
875 3990 1328 4061 opportunitatem
1376 4004 1427 4045 ιιι
1468 3990 1589 4046 cum
1650 4005 1757 4045 tra-

178 4061 352 4116 deret.
392 4060 585 4131 _Prima
634 4072 807 4131 autem
864 4060 1173 4131 azymorum
1218 4074 1557 4117 accesserunt
1593 4063 1753 4115 disci-

180 4132 293 4201 puli
339 4129 408 4184 ad
454 4129 677 4201 Jesumr,
729 4129 1012 4201 dicentes:
1070 4131 1169 4186 Ubi
1223 4135 1303 4185 vis
1362 4146 1609 4199 part-mus
1659 4131 1753 4183 tibi

181 4200 476 4256 contedere
507 4200 787 4253 l’ascha?‘
832 4200 923 4255 Ait
951 4200 1108 4254 Jesus
1152 4218 1164 4251 :
1221 4202 1295 4252 Ite
1349 4202 1397 4250 in
1450 4202 1752 4260 cititalmn,

180 4274 247 4325 ad
276 4270 593 4339 quemdam,
636 4281 689 4322 et
737 4270 899 4323 dicite
949 4270 999 4322 ei
1028 4286 1040 4319 :
1074 4270 1344 4339 Magister
1374 4268 1541 4320 dicit:
1598 4266 1754 4319 Tem-

181 4337 303 4411 pus'
336 4355 515 4393 meum
564 4353 733 4411 prope
779 4349 897 4411 cst,
948 4338 1083 4403 apud
1115 4348 1181 4411 te
1214 4337 1349 4411 facio
1400 4339 1601 4411 l’atsclta
1630 4351 1750 4411 eum

182 4406 464 4475 discipulis
509 4406 663 4463 meis.
696 4407 760 4460 Et
805 4407 1046 4461 fecerunt
1096 4408 1339 4474 discipuli
1370 4407 1507 4459 sicut
1555 4406 1748 4459 consti-

183 4482 291 4536 tuit
321 4482 427 4534 illis
461 4479 617 4535 Jesus
637 4520 651 4541 ,
682 4489 737 4532 et
767 4486 1085 4545 paraverunt
1131 4478 1352 4531 Pascha.
1390 4476 1623 4545 Vespere
1663 4492 1756 4529 att-

184 4561 292 4605 tem
336 4550 514 4614 facto,
569 4548 934 4616 discumbebat
960 4562 1079 4599 cum
1126 4547 1405 4600 duodecim
1454 4548 1749 4616 discipulis.

184 4621 255 4674 Et
303 4612 585 4673 edentibus
630 4618 733 4671 illis
756 4659 772 4681 ,
828 4612 960 4669 diu
988 4633 999 4668 :
1030 4617 1199 4671 Amen
1241 4618 1361 4670 dico
1393 4617 1545 4669 vobis
1569 4612 1608 4681 ,⁷
1632 4618 1753 4685 quia

186 4703 327 4743 unus
354 4700 589 4740 vestrum
637 4703 722 4741 me
756 4686 1040 4740 traditurus
1070 4698 1171 4741 est.
1208 4689 1270 4739 lit
1316 4689 1614 4739 contristati
1648 4688 1755 4740 v.il-

186 4760 294 4822 de,
348 4768 641 4824 coeperunt
693 4758 883 4827 singuli
915 4758 1137 4811 dicere:
1182 4757 1445 4822 Numquid
1490 4773 1589 4825 ego
1637 4772 1753 4809 sum

187 4828 458 4884 Domine?
506 4831 584 4895 At
636 4827 746 4895 ipse
799 4828 1160 4896 respondens,
1209 4830 1329 4881 ait:
1386 4826 1484 4891 Qui
1544 4828 1754 4893 intingit

186 4914 399 4953 mecum
433 4912 646 4949 manuni
679 4902 729 4949 in
763 4898 1039 4965 paropside
1064 4936 1079 4961 ,
1123 4896 1206 4948 hic
1246 4910 1329 4949 me
1360 4896 1553 4949 tradet.
1588 4896 1756 4949 Filius

186 4969 406 5038 quidem
440 4968 670 5038 hominis
700 4968 840 5038 vadit
863 4966 1044 5038 ,_sicut
1090 4968 1345 5033 scriptum
1377 4976 1462 5019 est
1502 4966 1572 5019 de
1622 4967 1751 5038 illo:

185 5036 290 5092 vae
340 5049 518 5089 autem
571 5036 766 5088 homini
824 5036 935 5097 illi,
984 5049 1076 5102 per
1126 5050 1283 5103 quem
1338 5038 1477 5089 lilius
1526 5036 1757 5089 heminis

192 5106 434 5163 tradetur
460 5123 473 5157 :
506 5109 698 5159 bonum
726 5114 841 5159 erat
867 5104 915 5158 ei
941 5143 957 5169 ,
990 5106 1033 5157 si
1066 5115 1218 5158 natus
1248 5120 1352 5158 non
1376 5105 1566 5159 fuisset
1596 5108 1757 5159 homo

188 5179 303 5233 ille.
345 5176 696 5246 Respondeas
744 5182 922 5227 autem
966 5172 1163 5241 ludas,
1195 5176 1286 5245 qui
1342 5177 1559 5229 tradidit
1608 5189 1753 5240 eum,

2312 3621 2543 3683 CODEX
2581 3623 2966 3682 BRIXIANUS.

1858 3708 1985 3767 iecit
2034 3713 2085 3767 in
2117 3716 2433 3769 memoriam
2460 3716 2599 3783 ejus.
2646 3714 2795 3771 Tunc
2822 3717 2955 3771 abiit
2981 3732 3118 3771 unus
3144 3730 3207 3771 ex
3237 3714 3435 3769 duode~

1857 3783 1985 3855 cim.
2021 3785 2109 3852 qui
2156 3785 2353 3839 dicitur
2382 3787 2549 3840 ludas
2574 3785 2908 3841 Scariothes.
2945 3800 2999 3840 at
3032 3786 3297 3855 principes
3344 3800 3433 3837 sa-

1860 3853 2138 3907 cerdotum
2170 3864 2224 3909 ct
2271 3858 2343 3909 ait
2393 3858 2516 3911 illis.
2543 3856 2679 3923 Quid
2708 3858 2867 3909 vultis
2895 3853 3041 3909 mihi
3068 3856 3196 3908 dare
3225 3864 3279 3907 et
3336 3869 3436 3923 ego

1860 3923 2012 3977 vobis
2066 3941 2184 3977 cum
2241 3926 2467 3979 tradam.
2504 3929 2567 3979 At
2601 3927 2674 3979 illi
2721 3934 3022 3979 statuerunt
3076 3924 3124 3977 ei
3171 3939 3296 3977 xxx.
3348 3940 3436 3977 ar-

1858 4003 2097 4060 genteos.
2161 3996 2225 4048 Et
2280 3997 2470 4050 exinde
2522 3996 2811 4064 quaerebat
2870 3996 3325 4064 opportunitatem
3378 4004 3436 4048 ut

1860 4077 1982 4114 cum
2009 4065 2262 4117 traderet.

1936 4132 2107 4183 Prima
2156 4143 2334 4185 autem
2397 4132 2483 4187 die
2537 4133 2831 4187 azimornm
2882 4144 3226 4188 accesserunt
3274 4133 3436 4189 disci-

1859 4199 1966 4264 puli
2006 4200 2082 4273 _ad
2136 4200 2315 4273 Jesum
2359 4201 2599 4257 dicentes
2646 4205 2716 4257 ei.
2763 4203 2862 4258 Ubi
2920 4204 2996 4257 vis
3042 4220 3292 4273 paremus
3340 4205 3432 4258 tibi

1859 4269 2185 4342 manducare
2237 4272 2459 4325 Pascha.
2512 4275 2579 4340 (ε)
2634 4274 2821 4327 Atille
2869 4273 2909 4342 ’ξ’
2957 4269 3092 4328 dixit
3122 4275 3197 4330 Ite
3224 4276 3276 4328 in
3307 4276 3436 4328 civi-

1860 4347 2021 4413 t_atcm
2077 4340 2143 4391 ad
2204 4343 2487 4408 quemdam
2538 4355 2591 4397 et
2639 4345 2801 4397 dicite
2855 4340 2925 4398 ei.
2980 4346 3230 4413 Magister
3284 4343 3431 4397 dit-it.

1858 4406 2091 4476 Tempus
2146 4406 2319 4466 meum
2379 4430 2548 4481 prope
2602 4424 2702 4468 est.
2749 4428 2874 4482 aput
2942 4428 2991 4469 te
3044 4406 3177 4470 facio
3231 4414 3429 4467 Pascha

1858 4494 1979 4531 cum
2041 4482 2313 4549 discmnlis
2359 4487 2514 4537 meis.
2571 4484 2636 4538 Et
2680 4485 2921 4538 fecerunt
2970 4486 3235 4551 discipuli.
3295 4484 3431 4535 sicut

1863 4555 2134 4673 praecepit
2164 4554 2267 4606 illis
2294 4552 2450 4608 Jestts
2499 4565 2552 4608 et
2584 4564 2907 4621 paraverunt
2934 4554 3158 4607 Pascha.
3196 4553 3429 4621 Vespere

1863 4626 2035 4673 autem
2082 4636 2199 4673 acto
2228 4625 2595 4673 discumbebat
2620 4624 2778 4673 Jesus
2805 4642 2926 4673 cum
2954 4625 3230 4673 tluudecitu
3268 4620 3429 4673 disci-

1859 4626 2035 4673 autem
2061 4620 2199 4675 laeto
2228 4620 2595 4679 discumbebat
2620 4624 2778 4678 Jesus
2805 4642 2926 4678 cum
2954 4625 3230 4675 duodecim
3268 4620 3429 4673 disci-

1859 4689 2019 4757 pulis.
2058 4693 2119 4744 Et
2148 4694 2426 4746 edentibus
2456 4697 2579 4747 illis.
2610 4695 2743 4747 dixit
2767 4698 2934 4747 Amen
2961 4694 3087 4744 dicit
3108 4692 3274 4744 vobis.
3304 4690 3429 4757 quia

1863 4774 1999 4812 unus
2024 4774 2252 4815 vestrum
2281 4765 2571 4816 traditurus
2598 4776 2678 4815 est
2703 4781 2807 4817 me.
2836 4765 2897 4814 lit
2922 4763 3222 4815 contristati
3255 4762 3428 4815 valde.

1859 4834 2360 4900 coeperuntsmguli
2393 4834 2572 4887 dicere
2607 4832 2869 4899 Numquid
2900 4847 2998 4900 ego
3028 4846 3147 4885 satu
3178 4832 3424 4885 Duniiue.

1859 4896 1929 4970 ᾼι
1976 4901 2087 4963 ipse
2130 4896 2457 4969 rcSpundeus
2488 4903 2559 4954 ait
2584 4902 2682 4969 Qui
2716 4896 3163 4970 iit—tingit'memun
3217 4916 3429 4954 mamuu

1863 4968 1913 5021 itt
1946 4968 2227 5036 parapside
2252 4974 2335 5023 liie
2381 4987 2464 5025 me
2496 4968 2689 5026 tradet.
2724 4968 2889 5025 Filius
2934 4972 3148 5039 quidem
3198 4970 3430 5024 hominis

1862 5040 2005 5089 vadit
2036 5041 2173 5090 sicut
2198 5042 2453 5094 serilitum
2483 5053 2565 5095 est
2584 5042 2652 5095 de
2682 5058 2767 5097 eu.
2794 5059 2889 5096 vae
2911 5053 3090 5097 autem
3124 5040 3325 5096 Itamiui
3356 5040 3429 5091 illi

1860 5120 1956 5174 per
1982 5123 2135 5175 quem
2167 5111 2306 5163 lilius
2334 5110 2566 5167 hominis
2594 5112 2842 5166 traditur.
2899 5113 3094 5166 bonum
3131 5119 3247 5174 erat
3267 5109 3340 5163 illi
3383 5109 3431 5161 si

1860 5186 2152 5253 natusnon
2185 5178 2381 5253 [uisset
2396 5183 2556 5243 homo
2578 5184 2687 5238 ille.
2714 5182 3065 5253 Respondeas
3115 5194 3293 5237 autem
3338 5176 3432 5233 Jtt-

1860 5242 1957 5299 das
1982 5246 2059 5316 (ά)
2111 5248 2199 5317 qtti
2247 5249 2545 5307 traditurus
2593 5256 2787 5324 erant
2824 5242 2954 5310 'eum

885 5335 1269 5394 VARIANTES
1304 5335 1677 5396 LECTIONBS
1709 5330 1974 5392 CODICIS
2010 5337 2117 5397 ιιδ.
2157 5340 2214 5397 8.
2253 5341 2752 5425 GERWENSIS.

256 5439 271 5469 ι
307 5439 374 5488 At
394 5433 542 5487 Jesus
562 5433 687 5483 dixit

274 5564 277 5567 ν
1150 5529 1158 5537 ·
1512 5516 1873 5578 ΒιΑΝειιιΝι
1908 5522 2135 5580 ΝΟΤΕ.

265 5615 341 5693 (ιι)
373 5612 448 5693 l_l_a
479 5620 533 5664 et
548 5608 706 5693 ﬁant.
741 5607 853 5662 Lat.
874 5614 948 5693 cl;
966 5606 1059 5693 (ξι.
1088 5617 1365 5685 στατῆρας.
1384 5640 1450 5651 -—
1479 5611 1553 5682 (ὁ)
1578 5610 1737 5665 Addit

1882 5660 1894 5684 ,
1924 5616 2043 5671 cod.
2069 5630 2281 5687 quoque
2305 5615 2460 5676 Cant.
2488 5620 2824 5693 αὐτοῑς.-(ε)
2854 5618 2930 5674 Ita
2948 5628 3004 5676 et
3035 5627 3149 5677 tes.
3170 5620 3265 5679 Gr.
3294 5620 3321 5677 ὁ
3348 5620 3424 5680 δέ.

383 5681 519 5739 Tel.
545 5680 638 5738 Gr.
671 5680 698 5737 ὁ
728 5675 1059 5756 παραδιδούς.
