3900 6376
483 344 587 398 3'27
1014 337 1280 396 EUSEBll
1310 337 1647 395 VERCELL.
1691 330 2155 394 EVANGELIUM.
2180 333 2321 392 CUM
2361 333 2589 393 VARIlS
2622 335 2777 392 COD.
2814 334 3207 411 CQLLATUM.

873 452 1101 509 CODEX
1139 449 1669 531 VERGELLENSiS.

492 560 615 599 eum
640 584 654 607 ,
681 543 813 599 dixit
842 563 852 596 :

491 614 755 685 Numquid

490 701 589 754 ego
620 701 738 739 sum
768 684 909 740 11³1)-

490 755 584 808 bi?
614 756 750 809 Dicit
775 757 823 810 ei
842 755 998 811 Jesus
1024 772 1037 808 :

490 825 569 879 Tu
594 826 795 879 αἰχίιιί.

486 896 577 948 26.
620 897 752 965 ipsis
781 905 957 952 autem

489 966 801 1020 cenantibus
829 1006 845 1030 ,

500 1038 704 1105 accepit
732 1035 889 1092 Jesus

526 1120 679 1163 anem
715 1147 729 1169 ,
761 1115 815 1161 et
843 1120 965 1162 cum

527 1176 793 1233 cnedixis—

484 1256 598 1314 set,
631 1288 644 1301 .
690 1248 878 1371 .egit,
901 1255 954 1301 et

486 1317 543 1369 d.
586 1355 601 1369 .
647 1358 661 1371 .
707 1354 720 1368 .
789 1331 954 1371 iscum

486 1317 543 1369 d.
586 1355 601 1369 .
647 1358 661 1371 .
707 1354 720 1368 .
748 1317 982 1385 discipu-

486 1385 551 1441 lis
573 1388 681 1441 suis
698 1427 712 1453 ,
736 1396 789 1442 et
816 1386 951 1441 dixit
991 1405 1003 1438 :

487 1457 1051 1521 A......te,et

413 1527 989 1583 ‘.....hocest

485 1612 986 1668 e......rpus

487 1683 591 1724 me.
640 1711 652 1725 .
680 1684 751 1723 m.

483 1738 573 1793 57.
616 1740 680 1794 Et
709 1754 759 1793 a.
805 1776 820 1791 .
863 1775 878 1791 .
923 1778 936 1791 .
979 1746 1140 1795 toca-

486 1848 500 1862 .
548 1850 561 1862 .
606 1848 619 1863 .
667 1850 680 1864 .
725 1850 738 1864 .
772 1809 993 1864 benedi-

489 1920 501 1932 .
547 1916 562 1931 .
608 1918 620 1932 .
668 1917 682 1933 .
727 1918 740 1931 .
772 1880 971 1948 gratias

486 1947 1001 2003 ......etde-

482 2019 560 2072 dit
581 2018 659 2072 eis
687 2060 700 2082 ,
724 2017 911 2072 dicens
937 2036 948 2069 :

482 2090 572 2143 28.
616 2088 713 2143 Hic
749 2098 833 2143 est
860 2104 981 2144 san-

480 2160 600 2229 guis
626 2174 777 2214 meus

481 2230 606 2284 novi
631 2239 793 2283 testa-

483 2301 653 2354 menti
680 2341 694 2367 ,
724 2300 816 2369 qui

483 2385 580 2439 pro
608 2370 790 2423 multis

484 2440 775 2493 effunditur

485 2510 542 2563 in
574 2509 847 2565 remissio-

484 2594 607 2635 nem
637 2593 825 2648 pecca-
853 2647 862 2648 ί
896 2647 902 2648 ί
1012 2634 1015 2637 .

482 2650 574 2705 29.
617 2647 789 2705 terum
803 2691 816 2704 .
847 2647 975 2702 Dico

483 2728 661 2776 autem
690 2719 843 2778 vobis
871 2736 885 2774 :

484 2806 592 2845 non
618 2791 792 2845 bibam

1315 545 1516 615 hymno
1546 544 1657 599 dic-

1316 624 1370 670 to
1394 654 1408 679 ,
1434 615 1679 669 exierunt

1315 685 1367 738 in
1399 693 1634 739 montem

1313 755 1529 809 Otiveti.

1313 826 1401 880 51.
1444 825 1591 879 Tunc
1614 824 1740 879 dicit
1769 824 1832 879 il-

1314 897 1373 950 lis
1402 894 1559 950 Jesus
1591 914 1604 950 :
1637 896 1839 951 Omnes

1313 980 1407 1021 vos
1428 966 1652 1021 scanda-

1312 1038 1420 1090 lum
1453 1036 1694 1106 patiemi—

1314 1108 1367 1161 ni
1394 1105 1596 1170 in’me,
1623 1105 1719 1163 bac

1313 1176 1508 1232 nocte.'
1527 1177 1707 1245 Scrip-

1314 1256 1425 1303 tum
1446 1258 1529 1303 est
1549 1247 1693 1302 enim
1729 1265 1742 1300 :

1312 1316 1555 1374 Percutia
1566 1333 1617 1373 tn

1312 1397 1581 1459 pastorem
1608 1428 1625 1455 ,
1666 1428 1679 1442 .
1724 1426 1741 1441 .

1308 1461 1618 1529 dispargen-

1312 1569 1327 1584 .
1370 1571 1384 1585 .
1429 1570 1443 1584 .
1467 1544 1597 1584 oves
1623 1543 1745 1599 gre-

1306 1602 1411 1667 gis.

1306 1672 1395 1726 52.
1436 1670 1656 1726 Verum.
1701 1708 1715 1723 .
1762 1708 1773 1721 .
1820 1708 1831 1720 .
1878 1706 1890 1720 .
1934 1705 1947 1719 .

1308 1750 1389 1796 tea
1420 1756 1579 1810 quam
1607 1756 1725 1795 sur—

1306 1826 1498 1866 rexero
1522 1852 1537 1876 ,
1572 1826 1723 1878 prae-

1306 1882 1493 1936 cedam
1518 1895 1615 1935 vos
1638 1880 1690 1934 in

1307 1950 1623 2014 Galilaeam,

1308 2022 1381 2077 ibi
1411 2036 1497 2075 me
1527 2020 1677 2074 vide-

1308 2092 1454 2147 bilis.

1309 2164 1397 2218 53.
1439 2158 1790 2228 Respondeas

1308 2242 1489 2287 autem
1522 2231 1598 2285 illi
1631 2231 1728 2285 Pe-

1311 2312 1446 2368 trus,
1471 2302 1605 2355 dixit
1633 2318 1646 2352 :
1680 2298 1752 2368 (a)
1775 2298 1832 2353 Si
1858 2300 1897 2366 ’1-

1309 2387 1498 2427 omnes
1525 2386 1679 2425 scan-

1310 2442 1522 2496 dalizati
1554 2440 1673 2495 fuco

1310 2512 1420 2577 rint
1444 2512 1497 2564 iu
1519 2520 1592 2573 te,
1621 2524 1719 2579 ego

1309 2596 1600 2635 numuuam

1306 2651 1639 2705 scandaliza-

1306 2722 1397 2777 51.
1438 2723 1555 2775 bor.
1596 2718 1685 2773 Ait
1713 2731 1809 2772 au-

1309 2800 1417 2845 tem
1446 2792 1606 2845 Petro

2592 450 2825 507 CODEX
2864 450 3319 509 VERONENSIS.

2167 546 2303 601 dixit
2332 562 2347 602 :
2377 545 2545 600 Num-

2167 616 2292 685 quid
2324 630 2423 685 ego
2449 630 2567 671 sum

2169 686 2377 740 liabbi?

2167 755 2266 810 Aitl
2294 757 2369 811 illi
2397 756 2552 811 Iesus
2585 774 2599 812 :

2166 824 2249 880 Tu
2274 826 2474 881 dixisti.

2166 896 2258 949 26.
2299 897 2436 965 Ipsis
2461 905 2639 953 autem

2165 968 2482 1021 cenantibus

2167 1038 2371 1106 accepit
2399 1036 2556 1092 Iesus

2166 1121 2381 1177 panem,
2415 1115 2472 1164 et
2499 1107 2595 1163 be-

2166 1176 2393 1245 nedixit,
2424 1190 2488 1232 ac

2164 1248 2339 1319 fregit,
2372 1247 2547 1319 dedit-3

2163 1315 2271 1400 que
2294 1315 2573 1400 discipulis

2162 1390 2298 1452 suis,
2332 1397 2388 1444 et
2410 1390 2490 1444 ait
2515 1404 2551 1441 εκ

2164 1457 2428 1527 Accipite,
2457 1466 2513 1515 et

2164 1530 2484 1585 manducata

2163 1612 2230 1652 ex
2261 1599 2363 1654 hoc
2392 1613 2579 1654 omnes
2608 1616 2622 1652 :

2164 1667 2267 1724 hoc
2291 1677 2374 1723 est
2400 1670 2544 1723 enim

2160 1754 2357 1808 corpus
2389 1753 2589 1793 meum.

2159 1810 2250 1863 27.
2293 1810 2363 1863 Et
2391 1808 2661 1877 accipiens

2160 1880 2383 1936 calicem
2412 1895 2536 1949 gra-

2163 1951 2265 2003 tias
2294 1950 2401 2019 egit
2431 1968 2444 2003 :
2477 1958 2533 2003 et

2160 2019 2310 2074 dedit
2339 2020 2465 2085 illis,

2160 2089 2345 2145 dicens
2374 2106 2386 2141 :
2418 2090 2522 2144 Ac-

2160 2161 2346 2230 cipite,
2378 2169 2431 2214 et
2454 2161 2538 2214 bi-

2158 2232 2271 2286 bite
2302 2246 2370 2285 ex
2397 2231 2519 2285 hoc.

2157 2300 2248 2355 28.
2292 2302 2391 2355 llic
2414 2312 2498 2356 est
2523 2300 2665 2355 enim

2159 2373 2381 2436 sanguis
2404 2385 2556 2426 meus

2159 2441 2305 2503 novi,
2337 2449 2392 2495 et
2417 2443 2625 2494 aeterni

2161 2510 2490 2575 teStamenti,

2158 2581 2247 2651 qui
2277 2596 2374 2651 pro
2400 2578 2583 2651 multis

2159 2650 2467 2705 eﬂ‘undetur
2500 2650 2551 2703 in

2158 2721 2528 2775 remissionem
2550 2734 2678 2789 pec-

2157 2799 2421 2845 calorum.

2156 2860 2247 2915 29.
2291 2862 2421 2916 Dico
2444 2870 2624 2915 autem
2654 2876 2762 2917 vo—

2159 2930 2241 2984 bis
2275 2949 2287 2983 :
2315 2948 2422 2987 non
2450 2932 2625 2986 bibam

2159 3002 2351 3055 amodo
2370 3002 2439 3055 de
2471 3002 2570 3055 hac

2157 3082 2401 3127 creatura
2424 3071 2551 3125 vitis

2158 3139 2337 3211 liujus,
2370 3157 2539 3211 usque
2570 3140 2623 3195 in

2157 3210 2299 3263 diem
2330 3210 2501 3277 illum,
2533 3226 2653 3265 cum

2993 545 3090 599 tris
3120 545 3248 599 mei.

2992 615 3080 671 so.
3125 614 3422 686 Etrhymno
3449 616 3533 672 di-

2993 694 3103 750 cto,
3133 685 3380 741 exierunt

2993 754 3045 809 in
3075 766 3313 811 montem

2990 823 3207 883 Olibeti.
3255 832 3313 889 ἰ(

2991 896 3081 950 51.
3123 896 3277 952 Tunc
3303 896 3434 954 dicit
3468 899 3538 953 il-

2994 973 3052 1028 »B
3094 966 3159 1022 Iis
3188 985 3202 1021 :
3230 967 3431 1025 Omnes
3456 984 3553 1025 vos

2988 1037 3305 1092 scandalum

2990 1108 3266 1175 patiemini
3292 1110 3346 1163 in

2989 1192 3097 1243 me,
3132 1178 3189 1233 in
3215 1181 3317 1234 ista

2992 1257 3173 1304 nocte.

2989 1316 3262 1389 Scriptum
3293 1328 3376 1375 est

2989 1388 3133 1444 enim
3168 1408 3181 1443 :
3214 1389 3517 1446 Percutiam

2990 1468 3282 1528 pastorem,
3310 1470 3365 1517 et
3392 1460 3507 1515 dis-

2990 1540 3279 1599 pargentur
3308 1545 3437 1589 oves

2986 1615 3196 1669 greges.

2987 1670 3076 1724 52.
3121 1670 3227 1726 Sed
3241 1680 3543 1742 [postquam

2988 1756 3358 1807 resurrexero,

2985 1827 3143 1881 prae-

2982 1883 3170 1953 cedam
3196 1895 3293 1938 vos
3322 1882 3374 1936 in

2982 1951 3262 2008 Gaiileam.

2983 2022 3071 2075 55.
3117 2022 3470 2092 lteSpondens

2981 2100 3155 2147 autem
3181 2092 3393 2158 Petrus,

2980 2162 3053 2215 ait
3077 2176 3091 2215 :
3116 2161 3191 2232 (a)
3218 2161 3275 2217 Si
3290 2162 3327 2230 δι·

2979 2246 3169 2286 omnes
3192 2246 3349 2286 scan-

2980 2301 3357 2357 dalizabuntur

2983 2372 3036 2427 in
3061 2380 3133 2438 te,
3164 2386 3264 2442 ego

2980 2457 3268 2512 numquam
3297 2456 3454 2499 scan-

2981 2512 3272 2568 dalizabor.

2981 2583 3070 2636 54.
3114 2583 3251 2637 Dicit
3280 2582 3356 2637 illi

2980 2652 3137 2708 Jesus
3161 2670 3173 2704 :
3202 2654 3369 2708 Amen

2980 2723 3101 2777 dico
3129 2722 3247 2790 tibi,

2980 2794 3125 2861 quod
3153 2792 3231 2863 (b)
3262 2792 3361 2849 bac
3389 2793 3427 2863 ’ζ-

2981 2872 3136 2917 nocte
3153 2872 3303 2917 ante-

2975 2947 3132 3000 quam
3156 2932 3328 3001 gallus

2977 3011 3178 3066 cantet,
3204 3012 3285 3056 181⁴

2977 3087 3063 3127 me
3092 3071 3333 3143 negabis.

2976 3144 3065 3198 55.
3108 3142 3195 3197 Ait
3217 3142 3296 3197 illi

2978 3212 3200 3268 Petrus:
3227 3212 3453 3269 Etiamsi

483 2875 551 2943 ex
584 2860 639 2913 b.
687 2898 701 2913 .
746 2899 760 2912 .
805 2897 820 2913 .
862 2897 878 2913 .
922 2896 939 2913 .
1308 2860 1507 2943 Iesus“:
1541 2859 1713 2941 Anien
1736 2858 1817 2913 di-

485 2940 622 2984 tura.
669 2972 683 2985 .
726 2970 739 2984 .
787 2969 798 2982 .
844 2970 858 2984 .
904 2968 917 2980 .
1304 2946 1374 2989 .co
1405 2932 1519 2995 tibi,
1542 2932 1664 3001 quia

485 3012 701 3080 ttsqu.__.
747 3017 760 3053 :
801 3038 816 3055 .
862 3040 875 3052 .
921 2996 1028 3051 .il—
1309 3002 1385 3072 (b)
1412 2998 1759 3080 nocte-tiliae
1787 3012 1873 3052 an-

483 3072 594 3123 lum
632 3069 773 3150 diem
796 3108 813 3136 ,
1308 3069 1507 3143 te'galli
1536 3069 1774 3150 cantum,

484 3154 606 3195 cum
630 3140 777 3194 illum
1307 3140 1405 3197 ter‘
1419 3157 1504 3196 me
1534 3142 1697 3196 abne-

484 3210 663 3264 bibam
685 3209 862 3265 vobis-
1304 3211 1475 3278 gabis.

485 3294 607 3335 cum
630 3295 825 3335 novum
1306 3282 1392 3337 55.
1434 3282 1520 3335 Ait
1541 3280 1589 3335 ei
1616 3278 1806 3334 Petrus
1828 3296 1836 3328 :

487 3350 538 3402 in
564 3366 727 3420 regno
751 3350 848 3402 Pa-
897 3418 930 3420 ψ
1309 3390 1323 3404 .
1366 3391 1380 3405 .
1430 3392 1443 3406 .
1485 3351 1532 3405 si
1553 3356 1805 3420 oportue-

488 3390 579 3473 Si):
594 3390 726 3473 "iiiis"
742 3390 868 3473 agi.
896 3418 960 3472 Et
1308 3390 1380 3475 iii
1404 3390 1694 3475 ηέἔὶέἔυνιίι

895 3530 1139 3599 ιεοῡεχ
1169 3532 1634 3590 CORBEIENSIS.

486 3621 661 3679 dixit:
694 3623 958 3693 Numquid
985 3640 1084 3694 ego
1116 3642 1231 3680 sum
1262 3627 1463 3681 Rabbi?
1491 3627 1579 3681 Ait
1606 3626 1680 3681 illi
1713 3644 1724 3678 :
1752 3624 1829 3679 Tu
1852 3625 2052 3679 dixisti.

486 3695 847 3765 Coenantibus
860 3704 1037 3749 autem
1062 3697 1379 3765 eis,accepit
1405 3696 1560 3750 Jesus
1589 3711 1800 3764 panem,
1817 3707 1870 3749 et
1896 3699 2058 3749 bene—

489 3766 648 3829 dixit,
679 3779 742 3819 ac
764 3764 943 3833 fregit,
962 3765 1213 3833 deditque
1241 3764 1517 3832 diScipulis
1549 3767 1659 3818 suis
1679 3804 1693 3827 ,
1719 3781 1773 3824 et
1814 3766 1883 3817 ait
1918 3784 1930 3818 :
1956 3769 2058 3817 Ac-

486 3836 729 3905 cipite,et
753 3836 768 3864 ¹
800 3834 1066 3905 comedite
1084 3852 1094 3885 :
1113 3836 1214 3887 lioc
1238 3844 1321 3889 est
1346 3849 1540 3901 corpus
1563 3833 1932 3905 nieuniaquod
1964 3848 2059 3900 pro

487 3903 639 3959 vobis
672 3906 928 3959 tradetur.
975 3904 1043 3958 Et
1071 3905 1339 3972 accipiens
1365 3905 1586 3958 calicem
1610 3903 1806 3973 gratias
1830 3904 1938 3969 egit
1969 3920 1980 3953 :
2009 3912 2061 3954 cl.

489 3976 637 4029 dedit
657 3977 676 4005 '
708 3976 983 4044 discipulis
1008 3976 1354 4039 suis,;dicens
1388 3992 1399 4026 :
1442 3972 1700 4028 Biliite'ex
1729 3972 1827 4044 hoc
1852 3986 2060 4044 onmes.

492 4044 691 4116 llieest
718 4042 1107 4116 enimsanguis
1137 4060 1288 4099 meus
1318 4045 1436 4098 novi
1469 4042 1809 4106 testamenti,
1843 4042 2061 4116 quitpro

492 4114 671 4165 multis
698 4112 1014 4169 eilund‘etur'
1030 4118 1082 4169 in
1122 4116 1492 4171 remissionem
1525 4126 1885 4183 peccatorum.
1933 4112 2059 4163 Dico

438 4212 441 4215 -
492 4190 668 4235 autem
701 4186 893 4238 vobis:
928 4202 1031 4240 non
1089 4187 1268 4239 bibam
1315 4186 1507 4240 amodo
1536 4186 1603 4240 dc
1653 4185 1753 4239 lioc
1794 4183 2063 4251 genimine

492 4252 645 4325 vitis,
681 4268 845 4321 usque
876 4258 926 4307 in
972 4257 1113 4311 diem
1161 4258 1308 4310 illum
1331 4298 1344 4318 ,
1388 4272 1548 4325 quum
1582 4256 1707 4309 illud
1749 4254 1939 4325 bibant,
1971 4268 2063 4304 v0-

491 4321 695 4395 biscuiii
723 4338 915 4395 novum
946 4328 996 4375 in
1031 4342 1192 4393 regno
1222 4321 1544 4381 Patris—mei.
1572 4327 1635 4380 Et
1672 4326 1869 4395 hymno
1894 4322 2059 4385 dicto,

493 4391 738 4446 exierunt
769 4390 820 4442 in
852 4390 1322 4447 niontem‘Oliveti.

565 4459 775 4514 XXVII.
807 4460 959 4514 Tunc
991 4461 1117 4514 dicit
1146 4462 1252 4513 illis
1298 4464 1453 4515 Jesus
1487 4480 1499 4514 ε
1530 4462 1728 4515 Omnes
1753 4477 1851 4513 vos
1903 4474 2060 4513 scan-

491 4530 673 4586 dalum
700 4531 974 4601 patiemini
999 4531 1050 4583 in
1098 4546 1181 4583 me
1204 4570 1216 4591 ,
1249 4532 1301 4583 in
1332 4532 1427 4583 ista
1474 4542 1649 4601 nocte.
1685 4532 1951 4594 Scriptum
1979 4537 2063 4580 est

492 4603 634 4656 enim
666 4600 1014 4656 :Percutiani
1067 4610 1367 4669 pastorem,
1416 4609 1469 4653 ct
1518 4600 1886 4669 dispergentur
1934 4611 2059 4649 oves

489 4673 695 4745 gregis.
716 4673 1001 4745 Postquam
1026 4666 1203 4745 autem
1228 4666 1611 4745 resurrcxei-o,
1631 4666 1939 4745 praecedam
1964 4680 2059 4745 vos

490 4736 543 4811 in
562 4736 873 4797 Galilaeam:
905 4742 1256 4811 Respondens
1284 4750 1461 4794 autem
1494 4741 1702 4801 Petrus,
1734 4740 1808 4791 ait
1838 4738 1913 4790 illi
1943 4754 1955 4787 :
1993 4736 2055 4788 Et

491 4809 539 4861 si
562 4826 748 4864 omnes
774 4809 1119 4866 scandaliiati
1154 4812 1352 4866 fuerint
1396 4811 1447 4863 in
1492 4819 1540 4863 te
1565 4850 1579 4873 ,
1636 4824 1735 4877 ego
1767 4821 2053 4877 numquam

492 4879 914 4935 scandalizabor.
960 4884 1051 4937 Ait
1093 4883 1346 4936 ilIiJesus
1374 4898 1385 4933 :
1417 4884 1585 4935 Amen
1616 4876 1733 4933 dico
1778 4878 1892 4942 tibi,
1935 4876 2055 4945 quia

492 4948 553 5021 in
579 4950 682 5021 hac
700 4961 857 5021 nocte
876 4962 1159 5020 antequam
1186 4953 1356 5021 gallus
1378 4961 1575 5013 cantet,
1608 4960 1689 5005 ter
1711 4959 1795 5003 me
1820 4947 2053 5017 negabis.

491 5018 584 5075 Ait
610 5019 688 5073 illi
716 5018 904 5073 Petrus
935 5036 948 5071 :
980 5018 1149 5074 Etiam
1182 5018 1227 5075 si
1266 5022 1568 5090 oportuerit
1602 5035 1686 5075 me
1717 5020 1854 5074 mori
1884 5027 2057 5073 tecum

2159 3279 2288 3332 illud
2313 3280 2488 3334 bibam
2518 3294 2610 3333 vo-

2158 3349 2363 3403 biscum
2398 3350 2618 3416 nobutn,

2160 3418 2212 3471 iu
2246 3433 2410 3489 regno
2437 3420 2536 3475 l’a~

2978 3296 3065 3364 n16
3086 3293 3377 3364 ορβρειυεε

2979 3359 3049 3403 1⁸11
3076 3359 3211 3405 11101³1
3246 3362 3323 3409 ιϐ’

2978 3432 3118 3485 cum,
3150 3435 3258 3475 non

2616 3533 2848 3590 CODEX
2887 3533 3278 3591 BRleANUS.

2162 3624 2304 3678 dixit
2336 3642 2349 3680 :
2386 3624 2656 3695 Numquid
2684 3640 2783 3695 ego
2824 3640 2941 3678 sum
3001 3624 3192 3679 ilablii.
3221 3624 3312 3679 Ait
3342 3623 3417 3679 illi
3445 3624 3627 3683 Jcsus.
3658 3628 3738 3681 'l'u

2162 3694 2730 3765 dixisti.Caenaiitibus
2747 3704 2928 3749 autem
2951 3696 3028 3749 eis
3050 3700 3258 3764 acc-ipit
3281 3695 3437 3751 Jesus
3466 3713 3658 3765 panem
3685 3708 3741 3752 et

2162 3764 2487 3820 benedicens
2510 3766 2665 3834 fregit
2693 3777 2747 3820 et
2774 3765 2921 3821 dedit
2938 3766 3213 3835 discipulis
3230 3769 3341 3821 suis
3358 3764 3561 3821 dicens.
3587 3771 3742 3823 Acci-

2166 3837 2272 3906 pite
2291 3846 2343 3888 ct
2375 3837 2535 3889 edite.
2562 3836 2664 3889 hoc
2685 3847 2766 3890 est
2784 3840 2923 3891 cnim
2940 3852 3133 3905 corpus
3162 3852 3359 3891 meum.
3380 3838 3445 3892 Et
3468 3840 3741 3906 accipiens

2169 3905 2390 3974 calicem
2420 3907 2619 3974 gratias
2659 3908 2767 3974 egit
2795 3916 2849 3960 et
2892 3906 3039 3961 dedit
3083 3907 3189 3961 illis
3213 3908 3419 3962 dicens.
3458 3905 3630 3963 Bibite
3675 3927 3741 3963 ex

2170 3972 2273 4025 hoc
2300 3972 2486 4027 omnes
2527 3976 2621 4027 llic
2654 3972 2736 4027 est
2760 3975 2900 4028 enim
2946 3976 3163 4043 sanguis
3212 3992 3381 4029 mens.
3420 3980 3545 4030 novi
3579 3989 3742 4031 testa-

2170 4044 2333 4095 menti
2362 4045 2583 4113 quiipro
2615 4043 2796 4096 multis
2826 4044 3129 4097 cllundetur
3156 4044 3208 4097 in
3239 4048 3581 4099 remissione.
3617 4064 3743 4113 pec-

2168 4121 2431 4165 catorum.
2464 4112 2591 4166 Dico
2636 4122 2813 4165 autem
2844 4114 2996 4167 vobis
3023 4113 3147 4181 quia
3189 4127 3293 4166 non
3324 4113 3504 4167 bibam
3541 4112 3740 4170 attiudu

2167 4198 2237 4235 ex
2263 4182 2360 4236 hac
2388 4182 2736 4251 generatione
2772 4184 2895 4237 vitis
2924 4197 3095 4251 usque
3128 4183 3177 4235 iu
3218 4183 3361 4236 diem
3417 4184 3585 4237 illum.
3620 4202 3739 4238 cum

2170 4252 2296 4306 illud
2330 4254 2507 4308 bibam
2541 4254 2810 4307 vobiscum
2841 4268 3037 4307 novum
3070 4252 3121 4306 in
3148 4268 3312 4322 regno
3337 4252 3517 4307 Patris
3541 4256 3670 4308 mei.

2242 4324 2307 4376 Et
2338 4341 2498 4392 ymno
2525 4323 2689 4378 dicto.
2724 4325 2967 4378 exierunt
2998 4324 3048 4377 in
3079 4334 3311 4377 montem
3340 4322 3557 4377 Oliveti.
3592 4325 3744 4380 Tum:

2167 4393 2297 4446 dicit
2322 4395 2428 4447 illis
2457 4394 2633 4448 Jesus.
2666 4394 2865 4447 Omnes
2895 4410 2991 4449 vos
3031 4395 3340 4448 scandalum
3370 4394 3654 4461 patiemini
3694 4397 3740 4447 in

2168 4478 2252 4515 tne
2285 4464 2334 4514 in
2366 4464 2462 4516 hac
2488 4473 2663 4516 nocte.
2696 4465 2963 4517 Scribtum
2985 4476 3067 4517 est
3091 4465 3252 4517 enim.
3282 4464 3588 4516 Percutiam
3625 4481 3743 4529 pas-

2168 4537 2357 4583 torem.
2406 4540 2461 4583 et
2488 4532 2866 4599 dispargentur
2902 4548 3031 4587 oves
3068 4536 3269 4601 gregis.
3303 4531 3409 4585 Sed
3454 4540 3741 4601 postquam

2165 4614 2531 4668 resurrexero.
2568 4601 2880 4664 praecedam
2913 4618 3007 4655 vos
3048 4600 3101 4655 iu
3131 4600 3414 4668 Galileatn.
3456 4642 3468 4653 .
3491 4600 3741 4667 Respon-

2162 4667 2294 4721 deus
2342 4679 2517 4720 autem
2550 4668 2739 4722 Petrus
2785 4673 2858 4721 ait
2890 4671 2963 4723 illi
3010 4671 3123 4723 Etsi
3154 4685 3341 4724 omnes
3393 4673 3739 4727 scandalizati

2164 4736 2362 4791 fuerint
2413 4738 2464 4789 in
2524 4749 2593 4792 te.
2651 4752 2749 4807 ego
2805 4755 3090 4805 numquam
3152 4739 3583 4795 scandalizabor.
3647 4784 3660 4796 .
3727 4782 3738 4794 .

2165 4809 2251 4860 Ait
2278 4808 2349 4861 illi
2382 4808 2535 4862 Jesus
2568 4810 2737 4863 Amen
2764 4808 2883 4862 dico
2910 4810 3001 4861 tibi
3020 4810 3140 4878 quia
3172 4810 3224 4863 in
3256 4809 3353 4864 liac
3374 4823 3557 4866 nocte.
3588 4825 3740 4868 ante-

2165 4894 2324 4949 quam
2369 4880 2538 4947 gallus
2568 4889 2749 4933 cantet
2800 4889 2879 4933 ter
2918 4895 3002 4933 me
3033 4880 3271 4949 negabis.
3302 4880 3389 4935 Ait
3413 4882 3489 4936 illi
3523 4882 3737 4939 Petrus.

2167 4948 2339 5003 Etiam
2364 4951 2407 5003 si
2434 4964 2517 5005 me
2557 4951 2889 5020 opportuerit
2921 4950 3053 5004 mori
3103 4948 3275 5006 tecum

1172 5177 1558 5253 VARIANTES
1597 5179 1972 5236 LECTIONES
2007 5176 2269 5234 CODICIS
2305 5178 2413 5235 MS.
2455 5180 2514 5237 S.
2552 5180 3059 5238 GERMANENSIS.

556 5272 573 5303 ¹
614 5273 809 5323 edite...
833 5283 1016 5322 meum.
1038 5268 1100 5321 Et
1121 5270 1361 5332 accipiens

2227 5272 2247 5300 ³
2280 5270 2373 5320 illis

1822 5371 2182 5428 BLANCHINI
2218 5370 2438 5426 NOTAE.

560 5480 587 5507 ιι
617 5468 730 5525 Hoc
776 5485 886 5526 non
927 5470 1130 5526 addunt
1165 5468 1270 5523 alia
1310 5464 1675 5522 vetustissima
1704 5464 2043 5531 Excmplaria

490 5539 693 5596 Graeca
721 5543 803 5595 vel
834 5542 1039 5595 Latina.
1090 5542 1472 5594 Assumeatum
1520 5546 1645 5605 puta
1676 5550 1739 5589 ex
1788 5536 1953 5603 prima
1982 5532 2047 5585 ad

492 5608 798 5666 Corinthios
821 5612 1057 5679 Epistola
1078 5651 1092 5677 ,
1125 5625 1242 5681 cap.
1270 5624 1319 5664 χι
1338 5650 1352 5675 ,
1382 5620 1522 5661 vers.
1545 5606 1638 5672 2i,
1664 5606 1751 5659 ubi
1780 5606 1925 5659 clare
1951 5617 2045 5657 ex-

2154 5478 2337 5538 pressa
2364 5474 2649 5538 suntquae
2673 5466 2750 5538 ad
2782 5466 2939 5522 [idem
2968 5468 3079 5523 veri
3110 5469 3351 5538 corporis
3378 5466 3583 5522 Christi
3615 5466 3730 5521 dis-

2154 5532 2343 5608 cipulis
2365 5532 2614 5608 ilicibum
2638 5536 2822 5608 traditi
2848 5539 3134 5608 pertinent.
3166 5532 3361 5595 confer
3402 5538 3565 5591 etiam
3596 5552 3733 5607 quae

2157 5601 2403 5659 dicuntur
2429 5605 2558 5661 Luc.
2592 5623 2731 5671 χχιι,
2767 5601 2858 5663 l9.

564 5723 638 5791 (a)
678 5726 752 5779 ita
780 5726 974 5782 ctcod.
1008 5725 1164 5782 Cant.
1195 5728 1256 5779 εἰ.
1294 5754 1361 5764 -
1400 5722 1473 5791 (b)
1502 5721 1638 5777 Ante
1670 5718 1783 5784 huc,
1812 5720 1962 5775 deest
1987 5717 2059 5780 in,
2090 5715 2244 5784 etiam
2273 5718 2463 5773 incod.
2485 5720 2636 5775 Cant.
