3900 6370
222 357 327 412 533

1167 316 1607 413 avitus/suun
1646 353 2006 413 SECUNDUM
2044 354 2468 431 MATTIUEUM.

564 465 797 523 conex
831 450 1371 527 VERCELLENSIS.

220 558 360 629 tibus
375 572 622 629 compre-

221 628 454 684 hendere
474 644 559 685 me
582 649 595 683 :

217 697 434 754 cottidie
500 712 510 721 ‘

215 778 344 837 aput
371 782 468 822 vos
497 768 651 823 sede—

214 837 336 892 bam
366 838 418 892 in
450 848 582 892 tem-

214 906 305 978 plo
328 906 559 966 docens.

220 1014 235 1029 .
282 1018 295 1030 .
339 1016 353 1029 .
385 992 491 1033 non
519 986 671 1034 lenu-

218 1087 233 1101 .
280 1086 310 1105 .,
338 1086 352 1099 .
384 1048 453 1101 tis
473 1063 577 1102 me.

214 1116 306 1173 56.
347 1116 460 1171 Hoc
481 1125 657 1173 autem
686 1126 760 1172 to-

215 1196 649 1241 tum......

213 1264 317 1338 est,
351 1256 610 1338 ntjmple-

212 1336 374 1380 antur
396 1326 579 1395 Scrip-

210 1404 364 1450 turae
404 1396 465 1451 P.
510 1436 524 1450 .
555 1395 723 1466 ophe-

211 1475 407 1520 tarum.

210 1534 367 1618 Tunc
397 1534 647 1606 discipuli

210 1621 330 1674 eius
359 1620 546 1661 omnes

210 1674 403 1730 relicto
429 1690 518 1741 eo,
546 1674 629 1729 fu-

209 1744 303 1801 57.
342 1754 559 1815 gerunt.
590 1744 668 1803 Ad
695 1742 769 1799 illi

211 1823 463 1869 tenentes
630 1850 633 1851 ν

207 1883 415 1952 Iesum,
445 1885 613 1940 duxe-

208 1965 341 2010 runt
366 1954 434 2009 ad
459 1955 574 2009 Cai-

208 2024 373 2095 pham
398 2025 594 2093 princi-

209 2109 335 2164 pem
364 2108 543 2149 sacer-

212 2164 419 2227 dotum,
448 2164 539 2218 ubi

210 2233 423 2288 scribae
436 2240 509 2303 ct
526 2250 611 2290 se-

211 2304 396 2356 niores
423 2317 553 2356 con-

210 2382 494 2425 venerant.

210 2440 305 2496 58.
350 2440 535 2494 Petrus
554 2448 731 2494 autem

209 2509 539 2577 sequebatur
560 2552 563 2563 ι
682 2512 694 2519 ”

210 2582 337 2634 eum
366 2593 395 2631 a
423 2578 539 2632 lon—
652 2578 653 2581 “

208 2663 299 2718 ge,
333 2663 499 2718 usque
527 2646 593 2701 ad
619 2660 676 2700 a-

212 2717 377 2773 trium
406 2717 551 2786 prin-

214 2829 228 2841 .
276 2787 567 2857 .pissa..
613 2830 625 2841 .
672 2826 685 2839 .

212 2858 735 2913 .......Etin-

208 2928 533 3000 gressusin-

211 2997 319 3064 iro,
354 2997 576 3079 sedebat

208 3083 335 3124 cum
366 3083 552 3123 11111118-

210 3147 281 3193 tr.
328 3176 343 3191 .
387 3177 400 3191 .
450 3177 464 3191 .
498 3138 688 3193 tvide-

210 3216 297 3263 ret
322 3210 523 3263 exitum

208 3278 301 3333 59.
343 3277 441 3331 rei.
474 3278 728 3360 Princeps

206 3362 365 3412 vero,
394 3360 443 3401 et
476 3363 596 3402 unt-

204 3432 425 3471 versum
447 3432 578 3473 con-

206 3487 415 3551 cilium,
455 3502 618 3555 quae—
656 3522 657 3527 η

208 3556 403 3610 rebant
431 3556 529 3608 fal-

207 3637 330 3679 sum
360 3624 601 3680 testimo-

632 3736 863 3792 CODEX
900 3738 1367 3795 CORBEIENSIS.

208 3845 353 3922 tibus
376 3848 834 3922 comprehendere
878 3867 962 3907 me
997 3870 1009 3905 :
1050 3853 1286 3922 quotidie
1319 3854 1457 3921 apud
1498 3869 1591 3908 vos
1633 3855 1785 3909 sedc—

208 3916 331 3969 bam
356 3916 564 3988 docens
586 3918 638 3971 in
671 3922 887 3988 templo,
911 3932 965 3975 ct
1004 3916 1106 3975 non
1154 3940 1238 3977 me
1266 3916 1527 3977 tenuistis.
1558 3924 1669 3987 Hoc
1693 3941 1785 3978 au-

206 3994 316 4063 tem
349 3996 514 4040 totum
542 3987 862 4063 gelumest,
887 4002 944 4045 ut
972 3993 1317 4061 implerentur
1336 3994 1642 4063 Scripturae
1660 3995 1787 4048 Pro-

209 4055 512 4123 phetarum.
542 4058 691 4113 Tunc
716 4059 960 4130 discipuli
1009 4055 1215 4129 omnes,
1259 4055 1574 4127 relicto'eu,
1616 4066 1786 4134 fugie-

206 4135 354 4181 Γυηι.

278 4195 515 4251 XXVIII.
550 4196 618 4251 At
646 4198 718 4251 illi
751 4209 995 4254 tenentes
1026 4202 1229 4266 Jesum,
1264 4204 1528 4263 duxerunt
1557 4203 1619 4253 ad
1660 4201 1781 4253 Cai-

204 4264 369 4336 pham
404 4269 693 4336 principem
726 4272 1081 4332 sacerdotum,
1111 4273 1198 4324 ulti
1219 4264 1436 4322 scribae
1463 4280 1514 4322 et
1540 4271 1780 4323 seniores

205 4345 596 4389 convenerant.
622 4337 809 4391 Petrus
838 4347 1013 4391 autem
1054 4342 1371 4404 sequebatur
1395 4354 1513 4390 eum
1543 4356 1569 4389 τι
1600 4341 1773 4405 longe,

207 4421 377 4476 usque
405 4406 457 4457 in
485 4406 677 4476 atrium
722 4409 970 4474 principis
1000 4408 1354 4461 sacerdotum.
1403 4407 1470 4460 Et
1506 4410 1773 4476 ingressus

206 4475 370 4537 intro,
404 4475 625 4529 sedebat
644 4476 761 4528 eum
790 4477 1065 4538 ministris.
1100 4488 1153 4529 ut
1181 4478 1381 4531 vidi-ret
1408 4475 1585 4531 linem.
1620 4476 1773 4530 Prin-

204 4547 551 4617 cipesautetn
578 4545 937 4617 sacerdotum,
960 4555 1184 4617 etomne
1212 4548 1515 4612 concilium,
1543 4563 1770 4617 quaere-

204 4615 335 4667 bant
353 4614 545 4667 falsum
571 4616 929 4668 testimonium
953 4625 1129 4671 contra
1154 4616 1353 4683 Jesum,
1378 4629 1430 4670 tlt
1457 4614 1577 4673 enni
1609 4618 1765 4672 morti
1810 4624 1815 4629 '

207 4682 507 4761 traderent:
532 4692 585 4761 et
603 4686 1069 4761 noninvenerunt,
1097 4702 1268 4761 quum
1291 4682 1439 4761 multi
1463 4688 1577 4742 falsi
1607 4699 1769 4741 testes

205 4752 582 4803 accessissent.
603 4752 898 4809 Novissime
926 4758 941 4786 ¹
968 4752 1216 4811 venerunt
1238 4758 1343 4811 duo
1374 4760 1485 4811 falsi
1518 4768 1697 4816 testes.
1718 4766 1773 4812 ct

206 4819 459 4900 dixerunt
484 4820 611 4900 illic
632 4824 1049 4900 dixit_:-_P0ssum
1072 4828 1346 4900 destruere
1370 4831 1619 4900 templum
1654 4828 1768 4891 Dei,

207 4897 262 4943 et
288 4897 408 4969 post
433 4890 663 4969 triduum
688 4894 966 4969 aediﬁcare
994 4898 1145 4969 illud.
1182 4900 1243 4950 lit
1273 4890 1494 4969 surgens
1525 4890 1771 4969 princeps

1043 561 1187 615 nium
1206 561 1399 615 adver-
1502 561 1508 602 ἶ

1041 644 1133 685 sus
1154 630 1355 698 Jesum,
1385 638 1441 685 ut
1461 644 1582 686 eum

1035 700 1401 759 interficerent
1431 717 1444 752 :

1041 772 1109 825 60
1138 778 1193 824 et
1213 786 1318 825 non
1342 772 1422 835 in-

1039 849 1249 906 verunt,
1271 856 1389 896 cum
1420 840 1555 895 mul-

1043 912 1109 965 tis
1135 911 1281 965 falsis
1308 920 1416 966 tes-
1570 920 1571 923 “

1042 990 1122 1052 tes
1156 982 1414 1052 accessis-

1039 1051 1158 1106 sent
1174 1092 1188 1114 ,
1221 1065 1325 1105 non
1355 1051 1434 1117 in-

1041 1130 1305 1175 venerunt

1043 1190 1243 1244 exitum
1272 1190 1371 1245 rei.

1042 1259 1233 1314 Postea
1262 1269 1437 1314 autem

1042 1341 1310 1385 venerunt

1044 1400 1150 1453 duo
1178 1402 1215 1454 f.
1261 1440 1275 1454 .
1320 1438 1333 1452 .
1378 1439 1391 1452 .
1425 1407 1530 1453 tes—

1046 1469 1132 1523 61.
1174 1461 1367 1533 tes,'ct
1396 1469 1643 1524 dixerunt
1674 1486 1685 1521 :

1047 1538 1142 1594 Hic
1166 1539 1301 1593 dixit
1337 1555 1351 1597 :
1380 1539 1511 1595 Pos-

1046 1622 1161 1663 sum
1189 1608 1431 1664 destrue-

1042 1693 1101 1748 re
1125 1679 1382 1748 templum

1042 1746 1167 1813 Dei,
1197 1746 1252 1802 et
1279 1753 1330 1802 in
1366 1747 1454 1803 tris

1043 1815 1143 1871 bus
1170 1818 1360 1873 diebus

1040 1887 1324 1944 aediﬁcare

1042 1950 1194 2013 illud.

1043 2026 1153 2087 62,.
1175 2029 1241 2082 Et
1270 2043 1389 2082 cum
1416 2043 1537 2085 sur-

1042 2099 1267 2152 rexisset
1297 2100 1443 2167 prin-

1042 2180 1167 2235 ceps
1193 2168 1443 2222 sacerdo-

1044 2245 1174 2300 tum,
1208 2238 1341 2291 dixit
1361 2238 1438 2291 illi
1470 2254 1485 2293 :

1042 2306 1154 2361 Non
1180 2322 1403 2375 respon-

1042 2377 1137 2447 des
1163 2376 1227 2431 ad
1256 2393 1338 2438 ea,
1371 2390 1506 2447 quae

1043 2444 1098 2499 bi
1126 2446 1385 2500 adversus

1046 2524 1096 2568 te
1124 2516 1412 2570 testiﬁcan-

1043 2583 1133 2637 65.
1176 2584 1298 2637 tur?
1326 2585 1480 2639 .Iesus
1505 2594 1681 2640 autem

1043 2654 1271 2707 tacebat.
1306 2654 1369 2707 Et
1396 2653 1467 2721 (b)
1500 2668 1610 2707 res-

1043 2723 1281 2790 pondens
1310 2723 1349 2791 οι-
1382 2724 1524 2788 prin-

1043 2808 1168 2862 ceps
1195 2793 1445 2847 sacerdo-

1045 2871 1157 2915 tum
1186 2862 1320 2915 dixit
1342 2863 1388 2916 ei
1420 2880 1433 2915 :

1044 2931 1245 3002 Adjuro
1277 2941 1327 2985 te
1357 2946 1452 3002 per

1046 3001 1215 3056 Deum
1245 3002 1422 3055 vivum
1442 3042 1457 3066 ,

1046 3081 1101 3125 ut
1128 3071 1272 3126 dicas
1300 3087 1395 3123 uo-

1047 3140 1132 3198 bis
1162 3144 1204 3195 si
1239 3150 1293 3195 tu
1319 3156 1377 3195 es
1405 3140 1647 3196 Christus

1045 3210 1115 3266 64
1153 3212 1292 3265 filius
1321 3212 1435 3265 Dei.
1466 3210 1558 3264 Ait

1043 3280 1217 3336 Jesus.
1246 3280 1325 3336 Tu
1353 3281 1530 3335 dixisti
1562 3298 1574 3333 :

1043 3362 1410 3405 verumtamen

1043 3420 1165 3474 dico
1194 3420 1343 3473 vobis
1362 3462 1376 3484 ,

1044 3491 1237 3551 amon
1259 3489 1404 3543 vide-

1042 3558 1166 3611 bitis
1192 3559 1359 3610 tilium

1040 3626 1273 3681 hOminis
1297 3640 1385 3679 se-

2312 468 2539 525 CODEX
2576 465 3021 525 VERONENSIS.

1894 562 2121 629 fustibus
2150 577 2279 617 con-

1894 632 2228 700 prehendere
2264 666 2269 669 τ

1893 716 1980 756 me
2005 703 2237 757 :cOtidic

1893 781 2021 837 aput
2050 786 2143 827 vos
2166 786 2249 827 se-

1893 842 2082 896 debam
2113 843 2165 895 in

1894 912 2093 980 templo
2126 912 2326 966 docens
2341 950 2357 977 ,

1794 982 1797 983 ⁷
1893 990 1948 1035 et
1978 991 2188 1037 nonme
2213 992 2289 1036 te-

1895 1051 2106 1104 nuistis.
2233 1106 2238 1109 .
2266 1106 2268 1109 .

1894 1120 1983 1174 56.
2028 1120 2136 1175 Hoc
2157 1106 2333 1173 autem

1895 1198 2064 1245 totum
2094 1189 2288 1243 factum

1893 1269 2005 1327 est,
2037 1269 2096 1313 ut
2132 1262 2393 1328 implean-

1896 1338 1988 1382 tur
2008 1330 2325 1398 Scripturae'

1893 1398 2303 1467 Prophetarum.

1887 1467 2042 1529 Tunc
2070 1467 2230 1521 disci-

1894 1538 2003 1607 puli
2032 1552 2219 1592 omnes
2234 1578 2247 1603 ,

1894 1608 2082 1662 relicto
2107 1621 2174 1663 eo
2196 1646 2211 1670 ,

1896 1676 2180 1745 fugierunt.

1895 1745 1984 1801 57.
2026 1748 2107 1801 Ad
2141 1745 2214 1799 illi
2244 1752 2321 1799 te-

1893 1825 2082 1871 nentes
2107 1816 2289 1871 Jesum
2311 1856 2326 1881 ,

1892 1886 2160 1941 duxerunt

1893 1956 1959 2009 ad
1985 1954 2171 2010 Caifan

1893 2025 2186 2094 principem
2214 2040 2269 2080 sa
2281 2052 2299 2065 -

1894 2096 2170 2150 cerdotum
2187 2137 2202 2159 ,
2235 2094 2321 2151 ubi

1892 2165 2099 2219 scribae
2120 2175 2173 2219 et

1891 2235 2131 2289 seniores
2155 2248 2283 2290 con-

1890 2313 2166 2359 venerant.

1893 2375 1981 2431 58.
2023 2375 2212 2430 Petrus
2241 2381 2418 2428 autem

1890 2445 2213 2514 sequebatur

1891 2530 2013 2570 eum
2035 2529 2075 2583 a_
2095 2515 2281 2585 longe,

1891 2598 2064 2665 usque
2091 2585 2143 2638 in

1890 2653 2083 2707 atrium
2115 2653 2313 2723 princi-

1930 2725 1971 2776 is
1992 2723 2351 2778 sacerdotum.

1912 2794 1955 2845 Et
1978 2794 2249 2860 ingressus

1890 2861 2031 2915 intro
2054 2862 2273 2916 sedebat

1890 2946 2012 2985 cum
2040 2931 2322 2991 ministris,

1891 3011 1950 3054 ut
1974 3000 2181 3055 videret

1890 3070 2049 3125 finem
2078 3071 2176 3125 rei.

1892 3141 1980 3196 59.
2023 3140 2298 3207 Principes
2322 3152 2386 3192 a‘u
2400 3168 2415 3179 -

1892 3220 1998 3265 tem
2028 3210 2386 3273 sacerdotum,

1890 3289 1945 3335 et
1970 3281 2276 3335 universum

1806 3371 1812 3375 <
1891 3349 2195 3414 concilium,
2222 3362 2388 3417 quac-

1891 3418 2082 3473 rebant
2108 3419 2298 3471 falsum

1892 3489 2251 3540 testimonium

1890 3567 2072 3610 contra
2094 3555 2300 3619 Jesum,

1892 3634 1949 3680 ut
1975 3640 2095 3679 eum
2125 3625 2283 3678 morti

2712 558 2986 614 traderent
3018 576 3029 610 :

2715 628 2802 683 60.
2843 638 2897 683 et
2924 643 3032 683 non
3065 628 3213 686 inve-

2712 706 2937 763 nerunt,
2963 714 3094 753 cum

2711 768 2863 824 multi
2890 768 3006 822 falsi

2712 848 2876 893 testes
2904 838 3163 895 accessis-

2711 916 2853 963 sent.
3000 961 3010 968 ,

2711 976 3011 1040 Novissime

2712 1056 2889 1101 autem
2916 1063 3077 1104 vene-

2712 1126 2839 1171 runt
2867 1118 2973 1171 duo

2713 1186 2842 1268 his}.
2864 1194 3064 1268 ιθειεξν
3086 1220 3087 1223 γ

2713 1256 3042 1312 ét'dixerunt
3064 1276 3077 1310 :

2714 1327 2794 1397 (α)
2824 1327 3140 1381 Audivimus

2715 1396 2861 1468 hunc
2878 1396 3077 1453 dixisse
3104 1397 3145 1468 -ι-
3176 1416 3191 1453 :

2712 1466 2771 1520 6t
2787 1505 2799 1518 .
2834 1466 3056 1521 Possum
3086 1466 3182 1523 de-

2712 1546 2922 1606 slruere
2949 1537 3204 1606 templum

2712 1603 2815 1673 hoc
2846 1606 2938 1659 Dei
2961 1645 2976 1669 ,
3006 1615 3063 1669 et

2861 1674 3054 1755 triduq_
3067 1678 3101 1755 η’

2710 1743 2838 1798 illud
2878 1743 3124 1800 reaediti-

2710 1827 2855 1869 care.

2712 1883 2801 1937 62.
2836 1884 2903 1937 Et
2927 1896 3155 1955 surgens

2712 1955 2962 2036 princeps
2986 1968 3071 2009 sa-
3099 2024 3132 2036 ,Δ

2710 2022 3031 2093 cerdotitm,
3063 2024 3140 2079 ait

2710 2092 2821 2146 illi:
2853 2092 2994 2148 Nihil

2707 2301 2995 2357 adversum
3028 2317 3081 2358 te

2710 2373 3064 2427 testiﬁcantur
3080 2371 3105 2426 ἲ

2710 2441 2799 2496 63.
2832 2440 2989 2498 Iesus
3016 2452 3196 2499 autem

2711 2511 2941 2567 tacebat.

2711 2579 2775 2633 Et
2805 2580 2878 2651 (b)
2910 2594 3136 2662 respon-

2707 2649 2840 2715 dens
2864 2649 2907 2773 3-
2938 2665 3184 2720 princeps

2707 2733 2861 2773 sacer
2900 2726 3048 2773 etum

2707 2726 3063 2802 εξρεςείὲοιιεηξ.

2709 2790 2784 2843 ait
2812 2790 2925 2844 illi:
2965 2790 3120 2859 Adju-

2711 2873 2772 2941 ro
2800 2868 2852 2913 te
2881 2874 2977 2928 per
2998 2860 3172 2941 Deum

2710 2931 2887 2983 vivum
2909 2970 2924 2992 ,
2954 2938 3012 2983 ut
3038 2930 3121 2983 di-

2711 3012 2800 3054 cas
2831 2999 2986 3053 nobis
3012 2998 3060 3053 si

2712 3075 2766 3150 tu
2796 3067 3130 3150 es“Christus

2714 3143 2770 3199 ᾖ(
2806 3138 2943 3192 filius
2976 3139 3090 3192 Dei.
3128 3144 3185 3200 ὥ

2706 3206 2795 3261 64.
2829 3207 2965 3262 Dicit
2990 3208 3065 3261 illi

2704 3276 2881 3331 Jesus.
2915 3279 2994 3331 Tu
3021 3277 3102 3331 di-

2738 3292 2881 3331 esus.
2916 3292 2994 3331 ’111
3021 3292 3102 3331 αι-

2707 3357 2828 3400 xistt
2854 3364 2868 3399 :

2704 3421 2859 3496 amen
2891 3414 3012 3469 dico

2708 3486 2857 3539 vobis
2880 3526 2894 3548 ,
2927 3486 3121 3539 amodo

2706 3555 2956 3612 videbitis
2983 3554 3148 3609 filium

2708 3622 2939 3679 hominis
2966 3625 3149 3680 seden-

2340 3739 2570 3796 CODEX
2608 3738 2993 3797 BRIXIANUSI

1886 3853 2055 3907 stihns
2076 3853 2545 3920 conpraehendere
2567 3868 2669 3907 me.
2684 3852 2906 3909 cottidie
2926 3853 3063 3921 apud
3084 3868 3176 3906 vos
3196 3851 3443 3907 sedebam

1887 3923 2087 3977 docens
2116 3925 2165 3976 in
2200 3924 2477 3989 temploret
2507 3938 2611 3977 non
2640 3922 3139 3989 metenuistisﬂoc
3166 3931 3338 3972 autem
3363 3928 3447 3973 to—

1893 4002 1999 4046 tum
2025 3994 2218 4047 factum
2238 4002 2389 4046 estut
2415 3992 2828 4060 adimplerentur
2840 3990 3140 4060 Scribrturae
3156 3989 3445 4060 Prophetas-

1890 4078 2028 4115 rum.
2050 4064 2196 4116 Tune
2218 4063 2461 4128 discipuli
2490 4059 2673 4114 omnes
2691 4062 2873 4113 relicto
2894 4073 2959 4113 eo
2983 4059 3246 4127 ingerunt.
3267 4059 3332 4111 At
3365 4059 3441 4113 illi

1870 4140 2132 4185 .tenentcs
2155 4130 2635 4197 Jesuin,duxerunt
2664 4129 2727 4181 ad
2754 4128 3012 4193 Caiphan.
3048 4128 3340 4197 principem
3364 4143 3443 4182 sa-

1886 4200 2181 4253 cerdotum.
2209 4201 2293 4250 nhi
2310 4199 2510 4252 scribae
2532 4210 2583 4249 et
2604 4197 2842 4250 seniores
2853 4208 3229 4251 convenerant.
3250 4200 3440 4253 Petrus

1882 4277 2055 4337 autem
2078 4268 2391 4334 sequebatur
2410 4282 2531 4337 eum
2556 4282 2584 4319 a
2611 4266 2764 4337 longe
2782 4282 2947 4337 usque
2969 4266 3271 4337 addomum
3296 4269 3442 4334 prin-

1879 4336 2012 4400 cipis
2040 4337 2393 4389 Sacerdotum.
2420 4336 2486 4387 Et
2508 4336 2772 4405 ingressus
2801 4336 2933 4389 intra
2958 4336 3172 4391 sedebat
3196 4354 3315 4392 cum
3342 4340 3439 4391 mi-

1880 4407 2061 4458 nistris
2090 4417 2145 4457 ut
2166 4407 2370 4460 videret
2399 4406 2553 4460 linem
2580 4409 2678 4459 rei.
2698 4407 2968 4474 Principes
2991 4420 3168 4461 autem
3188 4407 3437 4461 sacerdo-

1878 4482 1985 4527 tum
2006 4485 2058 4529 et
2082 4476 2317 4529 seniores
2337 4486 2586 4530 etonincs
2606 4478 2888 4531 concilium
2904 4478 3228 4545 quaerebant
3242 4477 3434 4531 falsum

1876 4548 2232 4599 testimonium
2259 4548 2514 4601 adversus
2535 4546 2712 4601 Jesum
2741 4555 2799 4601 ut
2820 4562 2941 4601 cum
2962 4548 3118 4600 morti
3143 4546 3437 4601 traderent.

1870 4623 1923 4668 et
1950 4632 2051 4679 non
2085 4618 2417 4670 invenerunt.
2622 4618 2627 4623 ’
3389 4664 3410 4679 ,

1942 4678 2008 4740 Et
2034 4701 2154 4741 cum
2185 4689 2332 4740 multi
2369 4687 2480 4739 falsi
2531 4694 2691 4740 testes
2717 4687 3088 4739 accessissent.
3131 4700 3233 4739 non
3289 4678 3439 4739 inve—

1873 4766 2067 4810 nerunt
2118 4760 2346 4823 culpant.
2408 4756 2709 4809 Novissime
2766 4764 2939 4808 autem

1872 4825 1989 4880 falsi
2024 4839 2183 4881 teSIes
2222 4838 2275 4879 et
2303 4827 2551 4879 dixerunt
2601 4824 2675 4891 (α)
2707 4825 2856 4877 llunc
2893 4823 3188 4877 audivimus
3236 4824 3438 4880 dixisse

1874 4894 1913 4963 -ι-
1947 4897 2164 4949 Possum
2208 4896 2481 4948 destruere
2527 4894 2777 4960 templum
2828 4893 2937 4946 Dei.
2973 4904 3025 4945 et
3055 4904 3173 4963 post
3205 4894 3435 4949 triduum

3000 4763 3259 4808 venerunt
3330 4752 3444 4810 duo

206 4958 583 5033 sacerdotum.
616 4963 688 5014 ait
732 4964 808 5017 illi
842 4983 854 5016 :
885 4966 1022 5019 Nihil
1067 4958 1457 5029 respondcsvad
1493 4958 1591 5033 αἱ),
1630 4958 1767 5033 τιυέιο
1822 4992 1825 4995 -
1874 4958 2156 5018 aediﬁcare
2202 4964 2325 5016 illud
2380 4958 2745 5033 Ettexurg'ens
2789 4958 3430 5031 princeps'sacerdotum.

204 5028 293 5081 isti
324 5027 459 5081 adve
480 5046 609 5083 «um
643 5039 694 5086 te
736 5027 1298 5092 testificanturHesus
1334 5050 1507 5095 autem
1534 5027 1762 5093 tacebat.

208 5095 278 5177 Et
300 5095 551 5166 princeps
572 5102 904 5177 sacerdotum
931 5106 1003 5159 ait
1031 5106 1107 5159 illi
1143 5126 1155 5161 :
1186 5108 1387 5177 Adiuro
1415 5120 1465 5164 te
1487 5124 1581 5177 per
1604 5110 1768 5163 Deum

207 5168 390 5219 vivum
414 5206 427 5225 .
471 5180 525 5219 ut
570 5168 717 5224 dicas
758 5174 911 5227 nobis
941 5178 982 5229 si
1016 5184 1070 5229 tu
1100 5192 1159 5231 es
1187 5168 1433 5234 Christus
1475 5168 1610 5234 filius
1655 5180 1768 5232 llei.

208 5233 446 5311 Dicit‘illi
466 5236 644 5311 testis.
679 5239 756 5311 Tu
786 5242 965 5297 dixisti
993 5262 1007 5298 :
1041 5258 1406 5305 verumtamen
1432 5250 1553 5304 dico
1576 5233 1769 5311 vobis,

207 5306 403 5359 amodo
429 5305 675 5361 videbitis
706 5309 870 5366 lilium
899 5313 1129 5370 hominis
1170 5318 1361 5373 sedcn-
1542 5320 1563 5330 ’

270 5561 286 5592 ¹
323 5566 489 5611 autem

284 5737 366 5803 (a)
399 5734 565 5797 Ita‘et
590 5736 709 5793 cod.
741 5739 897 5796 Cant.
931 5745 1213 5815 ἠκούσαμεν
1260 5749 1417 5805 αὐτοῦ
1454 5748 1694 5821 λέγοντος·
1738 5780 1776 5796 -

1890 5749 1909 5820 )
1944 5750 2102 5806 Addit
2127 5748 2431 5820 respondens
2456 5789 2469 5820 ,
2499 5748 2657 5805 etiam
2688 5754 2793 5803 tex.
2820 5744 2913 5802 Gr.
2938 5748 3240 5823 ἀποκριθεὶς.
3322 5748 3325 5751 ’

1880 5380 2029 5434 vobis
2057 5381 2249 5435 amodo
2282 5380 2529 5435 videbitis
2561 5380 2726 5433 tilium
2759 5381 2989 5436 hominis
3017 5380 3209 5437 seden-
3262 5426 3265 5429 λ

889 5468 1272 5529 VARIANTES
1307 5472 1680 5531 LECTIONES
1716 5468 1974 5526 CODICIS
2010 5470 2114 5526 MS.
2158 5470 2216 5525 S.
2257 5467 2754 5530 GERMANENSIS.

1481 5654 1841 5723 BLANCHINI
1889 5655 2115 5715 ΝΟΤᾸΖ.

1870 5036 1945 5088 ait
1972 5037 2041 5088 illi
2075 5034 2214 5088 Nihil
2247 5031 2535 5099 respondes
2567 5032 2631 5085 ad
2670 5046 2753 5085 ea.

2782 5047 2919 5101 quae
2950 5035 3033 5087 isti
3063 5035 3342 5089 adversum
3376 5041 3429 5086 te

1874 5104 2239 5174 testificantur.
2292 5101 2447 5154 Jesus
2493 5110 2668 5174 autem
2711 5104 2936 5174 tacebat.
2987 5104 3050 5159 Et
3101 5103 3175 5174 (b)
3212 5116 3435 5169 respon-

1874 5171 2069 5245 dens-l-
2099 5172 2699 5245 princeps-sacerdotum
2748 5174 2829 5245 ait
2872 5173 2947 5226 illi
2991 5171 3189 5245 ωηατ.»
3240 5181 3292 5225 te

1879 5238 2054 5293 [)eum'
2074 5238 2244 5294 vivum
2278 5248 2333 5293 ut
2360 5242 2503 5295 dicas
2533 5242 2701 5293 nobis.
2736 5242 2779 5293 si
2811 5238 2861 5295 tu
2892 5257 2951 5296 es
2995 5238 3238 5296 Christus
3290 5238 3433 5293 illius

1880 5310 1991 5363 Dei.
2032 5311 2165 5363 Dicit
2204 5312 2277 5364 illi
2307 5310 2479 5364 Jesus.
2527 5310 2607 5364 Tu
2650 5310 2852 5363 dixisti.
2902 5321 3262 5365 verumtamen
3313 5307 3434 5363 dico

3340 5184 3435 5237 per
