3898 6412
426 1940 433 1947 .
495 1903 582 1957 12.
622 1905 718 1957 eis.
749 1905 814 1958 Et
844 1912 961 1961 cum

496 308 597 363 559

868 423 1113 479 “CODEX
1152 421 1677 480 VERCELLENSIS.

1319 524 1448 580 tum,
1465 516 1639 584 iquem
1667 515 1781 569 vol-
1818 531 1823 534 ’

1316 584 1404 637 l6.
1446 586 1667 638 uissent.
1692 585 1836 641 Tunc

499 508 617 567 teos
640 514 833 594 praeti-

499 599 591 637 um
620 592 864 637 aestima-

499 652 558 715 ti,
592 666 748 721 quem
773 667 893 706 aes-
1317 652 1389 724 (c)
1409 652 1683 724 habebant
1709 654 1747 724 -Ῑ-

499 724 822 791 timaverunt
1258 785 1263 789 η
1315 723 1579 791 insignem

499 806 529 844 a
562 791 684 845 [iliis
708 792 871 853 Istra-
1315 792 1547 846 vinctum
1567 833 1582 857 ,

499 861 586 916 10.
626 860 713 916 hel
740 879 751 913 :
785 870 838 916 et
864 860 1025 918 dede-
1315 862 1403 930 qui
1431 860 1643 918 diceba-

498 940 623 986 runt
648 944 740 985 eos
769 932 822 986 in
1319 940 1403 984 tur
1432 930 1628 987 Barab-

496 1015 680 1071 agrum
698 1000 830 1070 ﬁgu—
1317 1000 1431 1053 bas.

496 1070 558 1136 li,
583 1072 633 1123 in
660 1072 897 1139 sepultu-

495 1155 609 1193 ram
642 1142 877 1211 peregri-

495 1224 706 1264 norum.

499 1280 584 1334 Η.
625 1279 782 1333 Jesus
808 1285 981 1336 autem
1011 1290 1119 1336 ste-

498 1349 561 1403 tit
585 1356 707 1402 ante
737 1363 889 1416 prae-

496 1416 689 1481 sidem,
716 1428 771 1471 et
796 1417 880 1472 in-

495 1487 788 1556 terrogavit

494 1570 616 1617 eum
647 1569 885 1626 praeses,

496 1626 679 1681 dicens
702 1642 714 1679 :
748 1626 828 1693 Tu
856 1642 915 1684 es

1319 1071 1403 1123 17.
1446 1070 1795 1141 Congregatis

1304 1150 1493 1193 autem
1518 1140 1648 1203 illis,
1674 1140 1761 1194 di-

1314 1210 1395 1263 xit
1422 1209 1622 1263 Pilatus
1648 1228 1659 1263 :
1684 1210 1851 1277 Quem

1313 1280 1475 1332 vultis
1496 1279 1645 1332 vobis

1314 1349 1381 1403 de
1406 1348 1614 1402 duobus
1641 1351 1761 1403 mit-

1318 1427 1422 1472 tam
1449 1436 1463 1472 :
1492 1419 1691 1473 Barab-

1315 1489 1437 1554 ban,
1462 1504 1529 1541 an
1559 1488 1759 1553 .lesum,

1312 1559 1401 1627 qui
1424 1558 1620 1627 dicitur
1972 1620 1973 1623 η

1314 1625 1421 1682 ἱ8-
1443 1625 1719 1682 Chrisms?
1750 1628 1960 1688 Sciebat

494 1712 587 1749 rex
615 1696 844 1751 Iudaeo-
1312 1698 1453 1751 enim
1483 1696 1622 1765 quod

493 1768 650 1819 rum?
678 1766 832 1820 Jesus
860 1784 952 1822 au-
1264 1820 1265 1823 η
1315 1780 1411 1834 per
1441 1765 1695 1819 invidiam

494 1844 598 1888 tem
627 1835 702 1887 ait
726 1852 738 1887 :
773 1835 851 1888 Tu
872 1837 950 1889 di-
1314 1834 1645 1889 tradiderant

1316 1904 1403 1985 l9.
1444 1920 1564 1985 eum
1726 1904 1928 1961 Seden-

1314 1984 1365 2029 te
1394 1984 1571 2028 autem
1603 1976 1696 2029 illo

1349 2059 1407 2099 ro
1432 2046 1670 2098 tribuna-

1330 2114 1369 2178 i,
1398 2115 1541 2168 misit
1565 2114 1630 2169 ad
1659 2129 1778 2170 eum

1248 2234 1249 2237 η
1310 2198 1451 2237 uxor
1480 2185 1615 2247 ejus,
1642 2186 1723 2239 di-

1311 2268 1440 2308 cens
1467 2271 1479 2307 :
1502 2253 1644 2306 Nihil
1664 2256 1733 2306 sit

1313 2322 1437 2384 tibi,
1470 2332 1521 2375 et
1543 2323 1690 2391 juSto
1716 2321 1778 2375 il-

1314 2392 1371 2446 li.
1402 2391 1561 2445 Multa
1586 2392 1730 2446 enim

492 1983 834 2028 accusaretur

493 2057 524 2095 a
554 2042 883 2113 principibus

492 2112 827 2167 sacerdotum
848 2155 864 2179 ,

492 2191 547 2236 et
572 2183 889 2251 senioribus,

492 2251 628 2305 nihil
659 2266 877 2320 respon-

493 2321 582 2375 15.
621 2321 717 2375 dit.
747 2321 897 2378 Tunc
914 2326 995 2379 di-

492 2390 562 2443 cit
595 2390 670 2443 illi
701 2391 900 2447 Pilatus
924 2412 938 2449 :

492 2456 610 2513 Non
635 2459 784 2515 audis

450 2554 453 2555 ν
493 2539 689 2595 quanta
720 2532 908 2588 adver-

493 2612 585 2653 sus
616 2610 665 2653 te
698 2604 937 2661 testimo-

495 2669 583 2738 nia
613 2670 927 2738 perhibent?

1313 2475 1465 2531 passa
1496 2476 1611 2515 sum
1641 2462 1734 2515 ho-

1312 2532 1398 2588 die
1427 2545 1520 2599 per
1547 2533 1716 2585 visum

1314 2610 1531 2672 propter
1555 2602 1721 2655 illum.

1313 2670 1401 2726 '20.
1442 2670 1719 2743 Principes
1747 2678 1924 2727 autem

497 2736 585 2792 14.
715 2756 819 2795 non
843 2759 957 2800 res-
1315 2736 1671 2811 Sacerdotem,

494 2808 684 2886 pendit
706 2813 753 2865 ei
769 2812 858 2886 _(b)
891 2814 1055 2871 ullum
1082 2816 1122 2886 -ι-
1314 2823 1369 2869 et
1395 2816 1633 2868 seniores

496 2879 737 2952 verbum,
768 2879 848 2937 ita
886 2934 891 2939 ,
1095 2879 1108 2886 ’
1314 2892 1694 2952 persuaserunt

494 2954 553 3001 ut
578 2949 797 3006 mirare-
1314 2949 1509 3023 populo
1535 2964 1592 3007 ut
1620 2968 1712 3021 pe-

496 3026 585 3069 tur
615 3033 828 3083 praeses
1314 3032 1483 3078 tereut
1513 3024 1712 3077 Barab-

500 3085 676 3141 valde.
1314 3096 1437 3157 ban,
1470 3091 1651 3146 Jesum
1682 3105 1810 3147 vero

498 3156 585 3210 15.
627 3157 729 3212 Per
753 3159 892 3216 diem
922 3176 1017 3216 au-

497 3233 602 3279 tem
631 3226 824 3289 festum

498 3309 791 3351 consueve-

500 3374 582 3446 rat
614 3379 825 3429 praeses
850 3369 952 3450 di:

1318 3162 1621 3233 perderent.

1312 3232 1403 3288 21.
1444 3229 1793 3309 Respondeas
1818 3244 1911 3282 au-

1316 3311 1421 3356 tem
1457 3314 1690 3369 praeses,
1723 3308 1797 3351 ait

1313 3372 1419 3425 illis
1446 3388 1458 3423 :
1491 3371 1659 3435 Quem
1687 3369 1801 3421 vul-

500 3434 710 3488 mittere
736 3451 854 3504 po-,
940 3434 952 3450 '
1317 3442 1381 3495 tis
1410 3434 1559 3496 vobis
1587 3440 1654 3493 de
1684 3438 1818 3492 duo-

499 3508 623 3571 pulo
653 3519 814 3559 unum
848 3508 993 3563 vinc-
1316 3510 1398 3565 bis
1426 3509 1499 3581 (e)
1523 3512 1785 3563 dimittam
1813 3508 1883 3579 1-?

924 3623 1150 3677 CODEX
1186 3623 1645 3679 CORBEIENSIS.

499 3718 612 3780 teos
664 3711 885 3775 pretium
930 3714 945 3743 ¹
988 3713 1301 3779 appretiati,
1350 3728 1508 3780 quem
1557 3712 1987 3778 appretiaveruut
2034 3726 2063 3763 a

499 3778 623 3832 ﬁliis
654 3780 814 3835 Israel
846 3798 858 3835 :
892 3793 943 3834 et
976 3778 1235 3835 dederunt
1270 3778 1381 3835 eos'
1405 3784 1453 3833 in
1485 3796 1663 3849 agrum
1708 3782 1849 3849 tiguli
1874 3821 1885 3841 ,
1926 3780 2064 3833 sicut

496 3850 776 3903 constituit
818 3852 947 3905 mihi
998 3852 1272 3905 Dominus.
1322 3850 1477 3905 Jesus
1525 3860 1701 3903 autem
1748 3849 1892 3900 stetit
1940 3858 2063 3902 ante

502 3919 814 3991 praesidem,
846 3931 897 3974 et
927 3924 1272 3991 interrogavit
1299 3937 1417 3991 eum
1461 3935 1692 3991 praeSes,
1728 3918 1910 3991 dicens
1942 3934 1953 3968 :
1984 3917 2062 3971 Tu

500 3998 557 4036 es
582 4000 672 4037 rex
693 3986 1049 4044 Iudaeorum?
1076 3986 1212 4045 Dicit
1235 3992 1310 4045 illi
1331 3986 1515 4044 Jesus:
1541 3989 1619 4042 Tu
1642 3989 1791 4042 dicis.
1817 3989 1875 4039 Et
1898 4003 2059 4056 quum

502 4066 839 4131 accusaretur
864 4062 1247 4131 aprin‘cipibns
1275 4061 1627 4120 sacerdotum,
1659 4068 1711 4112 et
1736 4058 2058 4131 senioribus.

503 4120 633 4173 nihil
679 4120 972 4193 respOndi't.
1007 4120 1153 4185 'l‘unc
1191 4131 1316 4184 dicit
1359 4131 1430 4183 illi
1475 4132 1673 4182 Pilatus
1707 4146 1718 4181 :
1762 4127 1874 4181 Neu
1908 4120 2060 4181 audis

500 4196 1002 4270 quantaadversum
1037 4209 1096 4270 te»
1115 4202 1296 4254 dicunt
1350 4200 1684 4269 testimonia?
1724 4198 1789 4251 Et
1830 4212 1933 4250 non
1976 4212 2062 4251 re-

499 4259 711 4334 spondit
731 4259 781 4313 ei
805 4262 968 4334 ullum
993 4268 1231 4330 verbum,
1264 4272 1331 4320 ita
1356 4280 1407 4321 ut
1432 4264 1708 4323 miraretur
1736 4282 1949 4334 praeses
1972 4282 2063 4320 ve-

499 4328 905 4400 hementer.Per
920 4331 1057 4385 diem
1078 4328 1251 4387 autem
1267 4338 1541 4389 solennem
1554 4328 1902 4389 consueverat
1920 4351 2063 4400 prae-

498 4399 873 4469 ses'dimittere
898 4401 1089 4467 pOpulo
1114 4418 1270 4453 unum
1292 4404 1544 4459 vinctum.
1568 4418 1723 4469 quem
1745 4399 2055 4455 voluisSent.

498 4467 733 4537 llabebat
765 4478 939 4522 autem
966 4482 1087 4524 tunc
1110 4472 1340 4524 vinctum
1372 4467 1652 4537 insignem,
1677 4473 1762 4535 qui
1790 4470 2063 4523 dicebatur

496 4536 780 4609 Barabbas.
807 4538 1151 4609 Congregatis
1183 4556 1310 4609 ergo
1342 4536 1616 4601 illis,dixit
1647 4539 1846 4593 Pilatus
1868 4541 2060 4602 :Quem

496 4607 1117 4676 vultisdimittam—vobis:
1140 4607 1453 4674 Barabbatn,
1473 4626 1537 4662 an
1557 4610 1756 4673 .lesum,
1772 4610 1856 4676 qui
1872 4609 2063 4661 dicitur

496 4669 773 4727 Christus?
799 4680 1011 4749 Sciebat
1038 4682 1178 4733 enim
1226 4680 1366 4749 quod
1398 4669 1491 4749 per
1529 4669 2064 4749 invidiam-tradidise

497 4752 617 4792 sent
642 4757 783 4797 eum.
813 4748 1041 4803 Sedente
1068 4748 1253 4805 autem
1275 4752 1366 4805 illo
1394 4748 1487 4812 pro
1516 4750 1794 4812 tribunali,
1830 4749 1969 4800 misit
1998 4748 2062 4800 ad

496 4824 616 4889 eum
654 4826 787 4889 uxor
824 4816 973 4881 ejus,
1021 4820 1201 4873 dicens
1228 4839 1239 4873 :
1265 4816 1412 4889 Nihil
1439 4822 1503 4873 sit
1544 4821 1634 4873 tibi
1674 4829 1726 4873 et
1769 4819 1909 4887 justo
1966 4818 2059 4871 illi.

495 4878 668 4959 ﬁtilla.
683 4884 821 4932 enim
849 4878 997 4948 passa
1029 4902 1144 4939 sum
1176 4884 1330 4959 hodie
1364 4906 1456 4957 per
1481 4891 1646 4942 visum
1678 4878 1893 4957 propter
1918 4903 2061 4941 eum.

494 4949 982 5028 Principesautem
1015 4949 1387 5021 sacerdotum,
1420 4970 1473 5012 et
1513 4949 1751 5012 seniores
1778 4949 2063 5027 persuase-

478 5028 617 5095 ‘r_unt
644 5019 848 5095 pOpulis
876 5032 929 5073 ut
959 5033 1197 5095 peterent
1227 5019 1551 5089 Barahbam,
1583 5028 1764 5081 .lesum
1784 5019 1916 5082 vero
1944 5044 2064 5095 per-

493 5088 699 5163 derent.
746 5088 1301 5163 illeSpondeusautem
1343 5088 1558 5162 prueses
1578 5136 1592 5159 ,
1624 5098 1699 5149 ait
1725 5098 1828 5152 illis
1854 5114 1866 5149 :
1894 5088 2061 5163 Quem

494 5158 653 5214 vultis
689 5154 840 5213 vobis
858 5154 940 5215 ‘de
984 5160 1195 5217 duobus
1220 5154 1495 5216 'diiiiitti‘!

1025 308 1291 379 unseen
1329 276 2141 365 VERCELLQEVANGELIUM
2183 310 2317 365 cun
2362 310 2582 367 vanus
2618 310 2766 367 con.
2809 311 3193 369 comarum.

2074 941 2081 947 ’
2162 948 2343 1003 agrum
2373 933 2506 1003 ligu-

2084 3252 2087 3255 '
2163 3241 2283 3278 men
2293 3236 2389 3278 [ρι’.

2540 414 2546 419 ’
2598 426 2824 483 ΟΟῡΕΧ
2864 426 3325 483 VERONENSIS..

2984 520 3197 574 mittere
3223 520 3417 589 pepulo
3502 578 3505 581 ν

2982 605 3143 642 unum
3171 589 3427 654 vinctum,

2906 690 2909 693 λ
2980 673 3138 725 quem
3168 658 3480 713 voluissent.

2983 727 3071 781 16.
3112 727 3181 797 (c)
3213 728 3489 783 Habebant
3516 726 3556 797 -ι-

2980 806 3155 850 autetn
3186 797 3418 853 vinctum

2982 865 3263 933 insignem,
3290 868 3379 935 qui

2981 935 3255 989 dicebatur
3267 936 3380 989 .Ba-

2982 1004 3192 1057 rabbas.

2165 520 2425 588 praetium
2452 519 2537 573 ad-

2164 587 2427 656 praetiati,
2456 590 2595 657 quod

2162 658 2626 720 adpraetiaverunt

2162 741 2190 779 a
2221 725 2340 779 (iliis
2366 726 2526 779 Istra-
2691 770 2695 773 τ

2166 796 2252 849 10.
2292 795 2379 853 hel
2410 814 2422 847 :
2456 804 2512 851 et
2538 795 2699 850 dede-

2162 872 2288 917 runt
2309 879 2401 918 eos
2432 866 2483 919 iu

2164 1003 2222 1065 li,
2252 1004 2388 1056 sicut
2414 1019 2545 1059 icon-

2163 1073 2334 1125 stituit
2368 1073 2494 1127 mihi

2166 1141 2439 1195 Deminus.

2167 1210 2251 1263 ll.
2293 1211 2447 1266 Jesus
2472 1221 2649 1266 autem

2164 1282 2459 1336 stetitattte
2562 1318 2563 1321 η
2608 1296 2615 1297 ’

2166 1351 2463 1415 praesidem
2487 1391 2502 1415 ,

2163 1428 2231 1489 ct.
2247 1424 2541 1489 interroga-

2164 1488 2239 1541 vit
2267 1504 2386 1543 eum
2401 1488 2563 1558 «prae-

2163 1571 2270 1620 ses,
2304 1559 2489 1611 dicens
2512 1575 2525 1610 :

2984 1074 3069 1127 17.
3112 1073 3462 1143 Congregatis

2984 1153 3160 1196 autem
3186 1144 3312 1206 illis,

2984 1212 3119 1266 dixit
3146 1213 3346 1266 Pilatus
3376 1230 3388 1265 :

2983 1281 3152 1348 Quem
3174 1282 3336 1336 vultis

2984 1352 3243 1405 dimittam
3270 1370 3282 1404 :
3311 1352 3411 1406 Ba-

2986 1422 3207 1487 rabban,
3240 1438 3308 1475 an

2983 1489 3161 1543 Jesum
3182 1532 3195 1555 ,
3226 1490 3315 1557 qui

2986 1560 3180 1613 dicitur
3207 1560 3361 1613 Chri-
3408 1602 3411 1605 .

2167 1623 2245 1679 Tu
2267 1643 2323 1681 es
2352 1642 2447 1681 rex
2989 1628 3075 1681 l8.
3115 1630 3263 1681 stus?
3292 1627 3507 1683 Sciebat

2166 1695 2522 1750 Judaeorum?
2988 1698 3127 1750 enim
3156 1698 3295 1766 quod

2168 1766 2304 1835 Dicit
2325 1767 2375 1820 ei
2432 1834 2437 1835 ί
2990 1782 3084 1830 per
3114 1766 3371 1820 invidiam

2166 1834 2321 1890 .leSus
2355 1852 2366 1887 :
2400 1834 2479 1888 Tu
2989 1836 3317 1889 tradiderant
3343 1849 3484 1891 eum.

2166 1904 2354 1986 dicis;
2756 1916 2761 1919 '
2988 1905 3073 1986 l9.
3115 1905 3191 1986 (rt)
3224 1904 3457 1961 Sedeute
3483 1919 3577 1958 au-

2168 1974 2252 2027 12.
2297 1975 2500 2028 Etcum
2526 1990 2613 2029 ac-

2163 2053 2440 2099 CllStll‘Clllt‘
2467 2058 2497 2097 a

2164 2114 2495 2181 principibus

2163 2184 2501 2238 sacerdotum
2518 2221 2534 2247 ,

2162 2264 2216 2305 et
2237 2250 2555 2317 senioribus,

2162 2318 2293 2390 nihil
2320 2322 2394 2389 (α)
2425 2336 2645 2390 respon-

2159 2389 2319 2443 debat
2346 2392 2399 2457 σῖ.

2164 2458 2250 2515 15.
2291 2460 2437 2513 Tunc
2458 2457 2587 2513 dicit

2161 2528 2241 2581 illi
2268 2530 2466 2583 Pilatus
2498 2546 2509 2580 :

2160 2597 2274 2652 Non
2305 2599 2454 2653 audis

2161 2679 2356 2735 quanta
2382 2669 2660 2724 adversum

2162 2748 2215 2792 te
2239 2741 2421 2793 (‘Lcunt
2450 2749 2528 2799 te-

2166 2807 2251 2860 M.
2292 2809 2571 2862 stimonia?
2600 2810 2664 2863 Et

2163 2893 2267 2931 non
2289 2880 2561 2946 respondit

2162 2948 2211 3000 ei
2242 2949 2317 3018 (ὁ)
2348 2951 2509 3001 ullum
2535 2948 2573 3017 -ι-

2162 3018 2380 3070 vcrbnm
2393 3059 2405 3079 ,
2435 3020 2503 3069 ita

2163 3095 2218 3139 ut
2247 3089 2525 3140 miraretur

2988 1984 3093 2029 tem
3124 1976 3214 2030 illo
3246 1990 3341 2044 pro

2987 2043 3259 2115 tribunali,
3289 2043 3434 2115 misit

2983 2114 3048 2166 ad
3075 2114 3223 2167 illum
3248 2128 3381 2167 uxor

2981 2182 3118 2245 ejus,
3149 2182 3335 2236 dicens
3359 2198 3372 2235 :

3029 2252 3121 2304 iliil
3151 2253 3219 2305 sit
3242 2251 3357 2316 tibi,

2979 2332 3031 2372 et
3056 2321 3204 2389 justo
3232 2321 3328 2375 illi.

2906 2394 2909 2397 '
2980 2389 3140 2445 Multa
3164 2392 3308 2445 enim

2982 2475 3131 2527 passa
3164 2474 3279 2514 sum

2980 2530 3136 2584 hodie
3163 2546 3259 2599 per
3285 2532 3361 2585 vi-

2979 2616 3095 2652 sum
3131 2608 3346 2665 propter
3375 2611 3521 2654 eum.

2977 2668 3067 2722 20.
3108 2668 3382 2737 Principes
3410 2682 3504 2721 au-

2972 2745 3085 2791 tem
3119 2739 3480 2804 sacerdotum,

2979 2816 3032 2861 et
3054 2806 3296 2862 seniores

2979 2887 3362 2947 persuaserunt

2980 2946 3174 3015 populo
3202 2954 3258 2998 ut

2981 3026 3225 3083 peterent
3254 3017 3355 3069 Ba-

2981 3085 3199 3145 rabban,
3225 3083 3405 3137 Jesum

2979 3169 3105 3205 Vero
3138 3155 3445 3220 perderent.

2981 3224 3072 3276 21.
3112 3222 3467 3291 Respondeas
3496 3233 3591 3272 au-

2982 3302 3087 3346 tem
3117 3306 3355 3357 praeses,

2980 3362 3053 3415 ait
3086 3380 3097 3413 :
3130 3365 3296 3427 Quem
3322 3360 3434 3414 vul-

2984 3433 3047 3486 tis
3073 3433 3137 3486 de
3174 3432 3383 3486 duobus

2982 3504 3132 3557 vobis
3164 3503 3231 3572 (e)
3265 3500 3530 3557 dimittam
3562 3497 3635 3569 Ἠ

2618 3602 2843 3673 censx
2883 3620 3267 3676 BRIXIANUS.

2170 3718 2304 3781 tces.
2354 3709 2990 3781 praetiumqadpraetiati.
3061 3712 3201 3781 quod
3267 3707 3735 3781 adpraetiavernnt

2170 3778 2289 3831 {iiiis
2327 3780 2435 3831 rael
2464 3787 2514 3830 et
2541 3778 2908 3833 dederunteos
2935 3781 2985 3831 in
3018 3778 3199 3843 agrum
3235 3780 3398 3847 ﬁguli.
3424 3780 3564 3831 sicut
3584 3778 3736 3844 prae-

2164 3850 2305 3915 cepit
2350 3848 2473 3899 mihi
2525 3848 2793 3901 Dominus.
2833 3849 2986 3901 .lesus
3027 3859 3199 3902 autem
3240 3850 3384 3901 stetit
3417 3858 3542 3900 ante
3579 3860 3734 3911 prae-

2166 3917 2353 3969 sidem.
2385 3925 2439 3979 et
2466 3918 2807 3985 interrogavit
2832 3932 2949 3969 eum
2980 3933 3213 3983 praeses.
3241 3918 3426 3970 dicens
3446 3916 3525 3969 Tu
3550 3930 3608 3967 es
3639 3927 3733 3965 rex

2165 3986 2506 4040 Judaeornm.
2534 3985 2668 4038 Dicit
2694 3988 2739 4037 ei
2767 3986 2941 4039 Jcsus.
2973 3986 3049 4038 Tu
3082 3986 3234 4037 dicis.

2233 4055 2299 4110 Et
2345 4070 2463 4109 eum
2492 4066 2830 4108 accusaretur
2870 4070 2895 4106 a
2941 4056 3266 4123 principibus
3301 4050 3733 4123 sacerdotumet

2162 4126 2479 4181 senioribus.
2511 4124 2643 4177 nihil
2672 4119 2963 4194 respondit.
2991 4119 3141 4178 Tune
3161 4122 3289 4195 dicit
3316 4121 3387 4174 illi
3416 4119 3529 4172 Neu
3555 4119 3729 4195 audis.

2162 4206 2357 4262 quanta
2395 4196 2674 4250 adversum
2720 4186 2779 4249 te
2815 4195 3180 4249 testiﬁcmtur.
3214 4192 3279 4245 Et
3326 4205 3427 4244 non
3455 4186 3733 4254 respondit

2161 4268 2207 4319 ei
2236 4267 2316 4334 (b)
2345 4267 2505 4318 ullum
2542 4267 2582 4334 -ξο
2606 4266 2847 4319 verbum.
2878 4264 2947 4318 ita
2991 4274 3043 4317 ut
3085 4264 3367 4317 miraretur
3403 4272 3619 4327 praeses
3642 4270 3733 4334 ναξ

2163 4333 2455 4387 hementer.
2486 4333 2585 4387 Per
2623 4336 2764 4387 diem
2802 4344 2976 4388 autem
3016 4337 3351 4391 sollemnem.
3382 4333 3735 4382 consueverat

2166 4419 2365 4473 preses.
2400 4403 2668 4473 dimittere
2714 4405 2906 4473 p0pnlo
2952 4419 3116 4456 unum
3162 4403 3393 4473 vinctum
3436 4410 3613 4473 quem.
3640 4410 3731 4473 vo-

2165 4464 2404 4523 luissent.
2449 4472 2522 4539 (c)
2574 4464 2843 4539 Habe—bant
2873 4472 2910 4539 οῗ
2952 4484 3124 4524 autem
3169 4482 3297 4522 tunc
3336 4469 3569 4539 vinctum
3604 4464 3728 4516 insi-

2164 4555 2318 4607 gnem
2365 4540 2451 4605 qui
2503 4535 2778 4591 dicebatur
2825 4535 3107 4594 Barabbas.
3156 4535 3503 4603 Congregalis
3534 4544 3727 4607 autem

2166 4603 2289 4661 illis.
2317 4603 2449 4659 diitIt
2478 4608 2699 4660 Pilatus.
2731 4608 2897 4673 Quem
2923 4610 3078 4661 vultis
3112 4610 3371 4661 dimittam
3428 4606 3594 4657 vobis.
3632 4603 3731 4655 Ba-

2166 4679 2359 4729 ralilian
2393 4692 2457 4728 an
2486 4677 2665 4731 Jesmn
2698 4681 2785 4744 qui
2810 4679 2999 4730 dicitur
3025 4678 3287 4730 Christus.
3320 4676 3527 4733 Sciebat
3562 4673 3727 4736 enim,

2165 4748 2303 4813 quod
2337 4762 2429 4811 per
2456 4747 2709 4800 invidiam
2743 4747 3071 4799 tradiderunt
3100 4760 3218 4797 eum
3250 4745 3326 4813 (ά)
3358 4744 3591 4797 Sedeute
3636 4757 3730 4813 an-

2168 4811 2269 4871 tem
2303 4818 2392 4869 illo
2423 4833 2515 4883 pro
2548 4818 2819 4871 tribunali.
2852 4818 2993 4867 misit
3024 4815 3087 4866 ad
3124 4811 3271 4866 illum
3313 4811 3453 4866 ’uxnr
3486 4814 3601 4881 ejus
3650 4811 3731 4862 tli-

2164 4902 2311 4941 ceus.
2343 4887 2477 4939 Ninil
2530 4888 2619 4939 tibi
2663 4887 2878 4954 etjnsto
2926 4884 3021 4937 illi.
3050 4884 3206 4954 Multa
3230 4885 3371 4954 enim
3402 4900 3556 4953 pasci
3609 4895 3729 4934 sum

2166 4957 2319 5010 hodie
2351 4973 2442 5023 per
2472 4961 2638 5010 visum
2674 4953 2886 5024 propter
2913 4970 3053 5009 eum.
3100 4991 3111 5003 .
3155 4953 3407 5021 Princeps
3434 4964 3610 5007 autem
3641 4965 3728 5003 sa-

2163 5029 2435 5079 cerdotum
2467 5036 2520 5080 et
2546 5030 2782 5079 seniores
2813 5036 3189 5092 persuaserunt
3242 5024 3468 5092 populis.
3529 5030 3729 5092 ut._pe-

2166 5104 2338 5148 terent
2368 5095 2660 5149 Barabban.
2693 5088 2872 5148 Iesu-In
2897 5110 3023 5148 vero
3053 5088 3353 5162 perderent.
3380 5088 3729 5162 Respondeas

2164 5173 2339 5217 autem
2390 5165 2588 5217 Pilatus
2636 5178 2818 5232 preses
2846 5166 2920 5219 ait
2948 5158 3073 5219 illis.
3106 5164 3273 5230 Quem
3310 5162 3472 5217 vultis
3490 5158 3573 5216 ὀι
3603 5158 3729 5211 duo-

2165 5234 2263 5287 bus
2303 5233 2373 5303 (e)
2406 5234 2666 5287 dimittam
2695 5234 2733 5301 ’ἴ

2163 3170 2377 3223 praeses
2406 3156 2562 3209 vehe-

2163 3296 2247 3348 15.
2294 3294 2392 3347 Per
2415 3294 2551 3347 diem

2162 3372 2339 3418 autem
2372 3364 2583 3417 sollem-

2163 3450 2283 3487 nem
2312 3434 2605 3488 consuebe-

2165 3515 2243 3558 rat
2276 3519 2491 3573 praeses
2518 3504 2599 3559 di-

1165 5315 1547 5387 VARIANTES
1585 5318 1959 5376 LECTIONES
1995 5321 2259 5391 CODICIS
2297 5324 2400 5377 ns.
2442 5324 2497 5379 s.
2538 5310 3036 5382 GERMANENSIS.

555 5418 569 5447 ⁸
606 5419 817 5480 pretium
836 5418 962 5480 quod
985 5398 1381 5481 adpretiaverunt
1402 5414 1509 5477 filiis

2227 5423 2245 5451 ²
2277 5421 2547 5474 dimittam?

1842 5495 2202 5556 BLANCHINI
2239 5503 2464 5559 NOTAE.

490 5662 617 5727 ...ω

567 5590 641 5730 (0;
680 5590 754 5670 lla
776 5602 832 5647 et
857 5592 976 5661 cod.
1006 5592 1159 5647 Cant.
1185 5594 1652 5664 ἀπεκρίνετο.-(ὸ)
1683 5572 1820 5648 Ante
1844 5595 2023 5657 ullum,
2050 5610 2061 5645 ι

567 5662 617 5727 (d
684 5660 815 5714 llmc
852 5677 1019 5730 usque
1050 5666 1114 5719 ad
1150 5681 1201 5716 v.
1236 5662 1305 5717 42
1340 5664 1501 5730 hujus
1529 5666 1719 5730 capitis
1746 5665 2055 5718 mutilantur

2168 5605 2197 5646 st
2236 5598 2324 5659 ad,
2364 5600 2519 5653 etiam
2548 5600 2597 5651 in
2620 5598 2738 5652 cod.
2765 5598 2917 5652 Cant.
2940 5596 3086 5667 —(c)
3107 5597 3185 5649 lta
3208 5603 3260 5649 et
3292 5605 3417 5651 text.
3449 5598 3541 5654 Gr.
3562 5595 3722 5672 εἶχον.

2168 5666 2262 5717 uia
2287 5666 2339 5719 in
2378 5668 2535 5723 Gutb.
2566 5697 2635 5709 —-
2664 5670 2736 5730 (e)
2784 5669 2855 5721 Ita
2893 5677 2946 5721 et
2990 5677 3117 5721 text.
3165 5666 3257 5721 Gr.
3304 5668 3527 5724 ἀπολύω.

684 5660 1019 5732 Iliacusque
1050 5666 1114 5719 ad
1150 5681 1201 5716 v.
1236 5660 1501 5733 £2'liujus
1529 5660 1719 5734 capitis
1746 5665 2055 5718 mutilantur
2083 5666 2262 5719 omnia
2287 5666 2339 5719 in
2378 5668 2535 5723 Gutb.
2566 5697 2635 5709 —-
2664 5670 2736 5738 (e)
2784 5669 2855 5721 Ita
2893 5677 2946 5721 et
2990 5660 3117 5721 text.
3165 5666 3257 5721 Gr.
3304 5668 3527 5724 ἀπολύω.
