5220 6554
105 431 206 490 541

108 643 193 723 At!
223 642 306 723 Eli
327 640 618 723 ἀῐξθτυιειτ
684 722 687 723 ,

104 712 190 837 ac)
223 710 500 792 Baorabhan
526 710 583 779 1-.

144 784 202 836 2.
250 781 389 835 Dieit
418 779 522 834 illis
548 780 583 835 P

144 779 202 836 2.
250 781 389 835 Dicit
418 779 522 834 illis
548 780 751 835 Pilatus
782 798 796 836 :

106 851 251 920 Quid
279 864 406 920 ergo
426 847 503 903 la-

107 924 324 978 ciamus
347 924 551 988 Jesum,

149 993 202 1045 ui
234 992 433 1045 dicitur

144 1064 203 1117 5.
243 1058 525 1117 Christus?
546 1060 738 1117 Dicunt
753 1076 867 1118 om-

104 1149 208 1187 nes
240 1149 254 1185 :
286 1128 576 1201 Cruciﬁga-

106 1214 219 1256 tur.
254 1201 345 1256 Ait
374 1200 481 1256 illis
498 1200 662 1270 prae-

104 1288 199 1327 ses
229 1290 241 1324 :
274 1270 409 1338 Quid
434 1272 573 1325 enim

103 1342 239 1396 mali
270 1340 433 1395 fecit?
459 1341 540 1395 Ad
564 1341 627 1397 il-

102 1412 141 1467 li
174 1410 344 1479 magis
372 1410 480 1464 cla-

101 1482 333 1537 mabant
354 1500 366 1532 :
398 1481 581 1535 Cruci-

100 1552 198 1606 24.
239 1551 448 1617 figatur.
475 1550 671 1608 Videns

98 1631 285 1675 autem
317 1619 518 1674 Pilatus

98 1693 195 1760 qui
225 1688 361 1743 nihil
387 1688 461 1760 (ὸ)
495 1704 617 1757 pro-

99 1763 220 1815 iicit
240 1760 302 1830 ᾧ,
332 1760 441 1832 sed_
456 1761 619 1832 magis

100 1832 391 1885 tumultum
414 1830 508 1885 lie-

96 1902 167 1965 ri,
196 1909 416 1969 accepta
443 1916 606 1971 aqua,

96 1971 234 2024 lavit
256 1986 445 2025 manus

96 2055 286 2095 coram
325 2042 536 2110 populo,

94 2110 287 2166 dicens
318 2127 330 2164 :
361 2111 519 2166 luno-

94 2195 230 2236 eens
261 2195 359 2251 ego
388 2196 503 2237 sum

93 2266 126 2304 a
154 2252 419 2321 sanguine

91 2321 260 2388 hujus
289 2338 303 2373 :
339 2336 434 2376 vos
458 2323 536 2376 vi-

94 2390 312 2445 deritis.

93 2441 189 2514 9.5.
202 2441 215 2444 ⁷
228 2441 309 2513 Et
325 2441 670 2527 respondens.

94 2532 350 2583 universa
380 2537 488 2581 tur-

94 2602 189 2663 ha,
212 2599 348 2653 dixit
375 2616 388 2651 :
422 2596 556 2652 San-

94 2672 221 2739 guis
243 2670 359 2738 ejus
385 2684 476 2723 su-

96 2757 198 2809 per
220 2753 343 2805 nos,
370 2753 456 2819 θ’.
501 2778 514 2793 .
554 2752 642 2793 su-

96 2827 198 2879 per
240 2848 256 2863 .
300 2851 313 2862 .
356 2847 370 2862 .
411 2822 635 2863 1081108-

97 2890 239 2937 tros.

94 2952 194 3005 26.
236 2949 382 3004 Tunc
413 2949 615 3005 dimisit
642 2950 747 3007 illis

96 3023 235 3076 Bara
245 3020 379 3074 hbau
411 3038 423 3073 :
453 3019 633 3076 Jesum

96 3106 234 3144 vero
262 3090 440 3161 ﬂagel-

95 3161 167 3215 lis
195 3175 411 3216 eaesum
436 3171 541 3216 tra-

93 3230 235 3285 didit
263 3232 342 3287 eis
361 3242 419 3286 ut
444 3246 563 3287 eru-

92 3303 147 3372 ei
182 3317 305 3372 eum
340 3301 581 3372 ﬁgerent.

92 3370 197 3443 27.
235 3370 603 3428 Tuuc'milites
630 3386 781 3443 prae-

94 3439 235 3496 sidis
259 3456 507 3511 suscepe-

94 3520 230 3564 runt
260 3512 437 3566 Iesum
465 3514 517 3568 in

1071 434 1515 491 EVANGELIUM
1554 433 1917 495 SECUNDUM
1956 439 2380 500 MATTHEUM.

498 544 728 603 CODEX
767 544 1295 604 VERCELLENSIS.

940 638 1241 694 universae.

939 710 1028 764 28.
1069 709 1344 765 cohortem
1377 728 1391 765 :
1423 719 1476 766 et
1501 711 1582 766 in-

939 778 1170 834 duerunt
1189 794 1313 834 eum

941 852 1173 905 tunicam
1204 864 1329 918 pur-

940 934 1179 989 puream,
1208 928 1261 974 et
1286 919 1393 974 ela-

938 990 1151 1060 mydem
1177 990 1353 1043 cocci-

940 1075 1094 1114 "eam
1123 1074 1353 1112 Cll‘CUﬂl-

881 1173 884 1176 .
936 1128 1193 1184 dederunt
1222 1130 1305 1192 ei;

934 1199 1020 1253 29.
1065 1208 1117 1253 et
1149 1195 1401 1252 coron'am

934 1269 999 1324 de
1030 1267 1195 1333 Spinis
1226 1282 1414 1331 posue-

933 1350 1056 1392 runt
1085 1353 1244 1406 super
1273 1352 1357 1392 ca-

932 1416 1025 1477 put
1044 1407 1179 1475 ejus,
1208 1414 1262 1461 et
1289 1407 1382 1461 ha-

932 1478 1209 1532 rundinem
1245 1479 1295 1531 in

931 1547 1145 1603 dextera
1175 1546 1309 1616 ejus.
1338 1576 1339 1579 η

930 1618 997 1671 Ει
1027 1618 1311 1687 adgenicu-

929 1687 1100 1742 lantes
1126 1702 1185 1741 se
1212 1696 1337 1742 ante

928 1772 1048 1811 eum
1078 1757 1296 1812 delude-

927 1826 1058 1882 bant
1084 1842 1233 1894 eum,
1268 1827 1446 1883 dicen-

929 1905 1010 1952 tes
1036 1916 1045 1948 :
1077 1898 1222 1952 Habe
1251 1913 1342 1952 rex

926 1966 1269 2022 Judaeorum.

925 2038 1013 2109 5t).
1058 2037 1125 2091 Et
1153 2037 1452 2109 expucbant

836 2152 839 2153 ν
928 2108 979 2162 in
1006 2109 1195 2163 faciem
1224 2108 1357 2177 ejus,

929 2188 982 2233 et
1008 2188 1329 2245 acceperunt.

930 2247 1303 2315 harundinem,

927 2328 979 2373 et
1009 2320 1377 2389 percutiebant

926 2396 1085 2458 caput
1119 2389 1255 2458 ejus.

924 2457 1015 2530 ξι.
1058 2459 1120 2511 Et
1149 2457 1427 2530 postquam
1453 2459 1545 2516 de-

926 2526 1170 2581 luserunt
1199 2526 1341 2595 eum,

924 2608 1184 2651 exuerunt
1212 2614 1332 2653 eum

926 2666 1244 2735 clamydem,
1274 2678 1327 2722 et

928 2735 1212 2789 induerunt

926 2820 1043 2859 eum
1074 2807 1360 2860 vestimen-

929 2885 976 2929 ta
1005 2876 1141 2945 ejus,
1163 2886 1217 2931 et
1242 2878 1339 2931 du-

926 2956 1117 3008 xerunt
1145 2958 1198 3001 ut
1228 2965 1346 3003 cru-
1486 2973 1494 2997 ι

925 3020 979 3088 ci
998 3033 1119 3071 eum
1148 3019 1387 3088 ligerent.

926 3087 1013 3142 32.
1055 3087 1323 3145 Exeuntcs
1352 3099 1527 3147 autem

925 3159 1246 3213 invenerunt

925 3229 1193 3302 hominem
1212 3230 1323 3302 Cy-

923 3300 1127 3353 rineum
1162 3299 1241 3370 (ιι)
1267 3299 1360 3358 ve—

923 3370 1157 3424 nientem
1183 3374 1277 3425 oh-

924 3439 1059 3511 viam
1083 3440 1180 3493 sibi
1210 3444 1272 3511 1-,
1301 3445 1466 3499 nomi-

925 3523 991 3562 ne
1020 3509 1290 3566 Simonem
1318 3531 1331 3565 :

2209 554 2435 612 consx
2476 524 2932 616 venosussxs.

1788 642 1869 696 Ad
1902 642 1975 696 illi
1998 644 2154 698 dixe-

1789 713 2064 787 runt_:_(o)
2086 714 2371 787 illarabrban
2400 719 2455 787 1-.

1789 780 1879 836 22.
1919 780 2058 836 Dicit.
2085 784 2188 838 illis
2215 786 2301 840 Pi-

1790 850 1925 905 latus
1952 870 1963 905 :
1993 851 2128 917 Quid
2158 869 2244 909 er-

1790 935 1857 988 go
1884 920 2142 977 faciemus

1787 989 1969 1062 Iesum
1988 1034 2003 1057 ,
2031 994 2118 1062 qui

1789 1060 1982 1115 dicitur
2008 1060 2163 1117 Chri-

1787 1129 1876 1185 23.
1918 1133 2069 1185 stus?
2100 1134 2289 1190 Dicunt
2314 1152 2430 1193 om-

1790 1216 1885 1274 nes
1912 1201 2330 1274 7:77Cchitigatur.

1788 1270 1876 1341 ᾼὶι
1908 1273 2011 1325 illis
2035 1270 2252 1341 praeses
2280 1295 2292 1330 :

1788 1338 1922 1405 Quid
1955 1338 2095 1395 enim
2121 1346 2246 1399 mali

1786 1408 1946 1463 fecit?
1976 1411 2056 1465 Ad
2092 1413 2162 1467 illi

1787 1478 1955 1547 magis
1984 1482 2324 1539 clamabant:

1786 1546 2153 1605 Crueiliizatur.

1964 1566 2153 1603 ιιιιιιιιιο.

1786 1565 2153 1618 ωιιοιιιςειιιιιο.

1784 1617 1872 1670 24.
1918 1619 2114 1674 Videns
2145 1632 2324 1680 autem

1786 1687 1985 1742 Pilatus
2010 1691 2131 1758 quia

1787 1758 1916 1835 nihil
1946 1758 2337 1835 (b)gprolicit-,L,
2408 1776 2411 1777 '

1781 1827 1887 1887 sed,
1907 1827 2078 1897 magis
2109 1827 2307 1888 tumuli

1781 1906 1891 1971 tum
1916 1898 2030 1954 ﬁeri
2053 1901 2103 1954 in
2137 1906 2231 1971 p04

1783 1968 1929 2035 pulo,
1963 1968 2178 2040 accepta

1781 2052 1939 2107 aqua,
1974 2038 2103 2096 lavit
2133 2058 2244 2097 ma-

1783 2122 1883 2181 nus
1911 2122 2091 2181 eorum
2116 2128 2210 2181 po-

1782 2179 1930 2244 pulo,
1963 2179 2147 2238 dicens
2176 2201 2189 2238 :

1777 2247 2039 2304 Inuocens
2066 2268 2165 2322 ego

1777 2334 1892 2392 sum
1924 2335 1953 2374 a
1984 2324 2239 2392 sanguine

1778 2387 1935 2457 hujus
1960 2408 1973 2444 :
2003 2380 2112 2448 νῦέ
2125 2396 2203 2449 vi-

1782 2458 1988 2515 deritis.

1780 2528 1869 2581 '25.
1910 2529 2263 2601 Respondens
2290 2538 2381 2592 uni

1779 2613 1932 2653 versa
1965 2603 2138 2666 turba,
2160 2604 2239 2659 di-

1779 2670 1855 2721 xit
1880 2686 1891 2720 :
1921 2670 2150 2740 Sanguis
2170 2675 2286 2744 ejus

1778 2753 1939 2806 super
1968 2756 2095 2805 nos,
2120 2753 2173 2797 et

1776 2822 1938 2875 super
1964 2810 2104 2865 ﬁlios
2125 2828 2250 2869 nos-

1778 2884 1907 2931 tros.

1778 2946 1865 2999 ‘26.
1910 2948 2056 3004 Tunc
2081 2950 2280 3008 dimisit

1777 3018 1884 3074 illis
1917 3019 2192 3077 Barahhan
2224 3041 2237 3077 :

1776 3088 1956 3144 Jesum
1990 3107 2117 3146 vero

1777 3158 1998 3229 ﬂagellis
2026 3177 2239 3220 caesum

1780 3232 1995 3286 tradidit
2024 3243 2081 3287 ut

1776 3304 1917 3355 cruci
1946 3318 2064 3358 eum
2090 3303 2153 3358 {i-

1812 3382 1980 3425 erent.

1814 3441 1864 3494 7.
1907 3441 2054 3497 Tune
2082 3445 2275 3501 milites
2332 3452 2335 3453 ⁷

1774 3512 2036 3577 praesidis
2062 3528 2152 3566 su-

2609 661 2730 705 runt
2755 651 2820 704 ad
2846 666 2969 706 eum
2996 656 3112 712 uni-

2608 735 2816 774 verram
2846 722 3045 778 cohor-

2613 801 2717 844 tem
2747 808 2757 843 ἒ
2891 804 2944 847 et
2972 793 3055 848 in-

2608 860 2697 915 28.
2739 859 2968 917 duerunt
2994 865 3133 921 tuni-

2609 944 2723 984 cam
2750 945 2954 999 purpu-

2612 1014 2754 1053 ream
2783 1000 2844 1069 ᾧ,
2882 1010 2936 1054 et
2966 1002 3076 1057 cla-

2613 1070 2825 1140 mydem
2850 1072 3023 1126 cocci-

2612 1155 2764 1193 neam
2787 1139 2995 1194 circun-

2613 1210 2872 1264 dederunt
2894 1212 2942 1265 ei
2973 1228 2987 1265 :

2614 1288 2667 1333 (3t
2696 1293 2945 1334 coronam

2610 1349 2699 1402 ἓξ).
2741 1348 2805 1403 de
2834 1353 3002 1420 spinis
3027 1369 3121 1425 po—

2612 1430 3007 1490 sueruntsuper

2438 1509 2447 1519 ·
2516 1542 2523 1549 ,
2611 1499 2765 1557 caput
2787 1490 2921 1557 ejus,

2609 1570 2663 1613 et
2692 1559 3006 1617 arundinem

2609 1630 2661 1683 in
2684 1629 2955 1684 dexteram

2608 1700 2746 1767 ejus.
2779 1698 2846 1752 Et
2866 1699 3015 1769 adge-

2609 1769 2899 1823 niculantes
2926 1785 2986 1825 se

2606 1848 2728 1894 ante
2755 1854 2875 1892 eum
2906 1840 2995 1895 de-

2606 1908 2876 1975 ludebant,
2902 1909 3088 1967 dicen-

2606 1987 2687 2034 tes
2714 1997 2725 2031 :
2758 1978 2902 2035 Habe
2930 1996 3024 2036 rex

2608 2048 2953 2105 Iudaeorum.

2609 2120 2708 2190 50.,
2740 2119 2805 2173 Et
2830 2130 3123 2190 expuentes

2610 2191 2662 2244 in
2691 2189 2880 2244 faciem
2906 2189 3043 2262 ejus,

2606 2270 2934 2329 acceperunt

2606 2331 2945 2395 arundinem.

2604 2409 2658 2456 et
2683 2403 3050 2471 percutiebant

2605 2481 2764 2540 caput
2792 2472 2927 2541 ejus.

2605 2542 2693 2596 51.
2737 2542 2801 2595 Et
2830 2551 3106 2612 postquam

2603 2612 2886 2664 illuserunt
2909 2628 3053 2678 eum,

2598 2688 2854 2734 exuerunt
2879 2695 3002 2735 eum

2602 2750 2921 2818 clamydem,
2952 2759 3007 2805 et

2604 2818 2890 2873 induerunt
2916 2834 3039 2874 eum

2604 2888 2923 2961 vestimenta
2948 2891 3083 2961 ejus,

2604 2969 2659 3013 et
2683 2959 2951 3014 duxerunt

2604 3039 2658 3081 ut
2688 3029 2832 3084 cruci
2854 3045 2975 3085 eum

2603 3099 2845 3165 iigerent.‘

2603 3169 2690 3223 52.
2734 3170 3007 3227 Exeuntes
3026 3172 3105 3228 iu-

2602 3249 2862 3294 venerunt
2884 3242 2983 3297 ho-

2598 3309 2798 3364 minem
2833 3311 2997 3366 Cvrc-

2598 3394 2788 3433 naeum
2817 3379 2899 3448 (ά)
2926 3396 3016 3437 ve-

2600 3449 2833 3503 nientem
2865 3449 2962 3504 0h-

2600 3519 2735 3591 viam
2763 3519 2864 3575 sibi
2894 3520 2958 3591 τ,

99 3581 393 3648 praetorio,
415 3589 469 3636 et
925 3577 1066 3657 hunc
1090 3596 1251 3650 nuga-

94 3664 460 3718 congregave-
926 3661 1194 3702 riaverunt

96 3729 231 3772 runt
260 3720 327 3772 ad
355 3735 475 3774 eum
926 3727 985 3773 ut
1015 3720 1226 3776 tolleret
1251 3736 1371 3777 cru-

524 3813 753 3869 CODEX
790 3814 1247 3871 CORBEIFNSIS.

98 3908 174 3959 At
205 3905 280 3958 illi
312 3904 926 3961 dixerunt:Barahbam.
960 3907 1089 3961 Dicit
1118 3908 1221 3961 illis
1261 3907 1458 3962 Pilatus
1486 3926 1497 3961 :
1531 3908 1666 3974 Quid

95 3977 264 4045 igitur
284 3975 467 4047 faciam
489 3977 555 4032 de
574 3978 718 4040 Jesu,
743 3980 830 4047 qui
849 3979 1039 4031 dicitur
1055 3977 1329 4032 Christus?
1345 3979 1536 4033 Dicunt
1555 3996 1669 4032 om-

99 4062 239 4101 nes:
265 4046 626 4118 Cruciligatur.
667 4046 769 4104 Ait
792 4048 894 4103 illis
937 4064 1150 4117 praeses
1175 4066 1195 4101 :i
1220 4048 1352 4115 Quid
1382 4054 1521 4102 enim
1553 4050 1672 4102 nudi

98 4117 268 4197 fecit?
298 4117 647 4197 Atilliuiagis
669 4120 1228 4197 clania_han_t_d_ieent§s
1256 4136 1268 4174 :
1301 4120 1670 4197 Crueitigatur.

97 4189 308 4243 Videns
336 4201 508 4246 autem
537 4191 736 4246 Pilatus
756 4193 879 4260 quia
908 4191 1036 4246 nihil
1065 4190 1359 4258 proliceret,
1390 4190 1481 4241 sed
1512 4189 1674 4255 magis

96 4261 547 4334 tumnltusﬁeret
575 4280 589 4317 :
621 4271 851 4334 accepta
890 4277 1056 4328 aqua.
1104 4261 1232 4311 Ιηνίῑ
1273 4270 1666 4334 ¹¹¹³¹¹¹¹⁵ ⁰⁰⁸Ῐ¹¹¹

98 4331 328 4399 populo.
360 4331 582 4387 dicens:
619 4332 875 4383 Inuocens
916 4346 1014 4397 ego
1066 4343 1181 4399 sum
1222 4341 1249 4376 a
1279 4331 1547 4399 sanguine
1586 4331 1669 4389 ju-

95 4395 169 4453 sti
184 4395 374 4469 hujus:
398 4416 486 4455 vos
500 4401 753 4470 videritis.
775 4399 835 4451 Et
857 4395 1184 4465 respondens
1204 4395 1486 4470 universus
1504 4407 1673 4460 popu-

97 4471 213 4537 lus,
235 4462 398 4525 dixit:
423 4469 643 4537 Sanguis
664 4467 779 4535 ejus
806 4462 966 4535 super
990 4481 1105 4529 nos,
1135 4472 1189 4537 et_
1209 4479 1366 4532 super
1390 4462 1528 4515 ﬁlios
1553 4477 1676 4537 nus-

99 4533 241 4593 tros.
272 4541 419 4595 Tunc
441 4533 639 4614 dimisit
668 4533 773 4614 illis
803 4533 1095 4614 Ba‘rabli‘am
1123 4554 1134 4588 :
1168 4534 1347 4614 Jesuin
1380 4533 1676 4614 autem‘lla-

97 4612 359 4679 gellatum
392 4610 607 4664 tradidit
645 4612 720 4663 eis
754 4620 808 4662 ut
848 4606 1450 4679 cruoiﬁgereturr'l‘uuc
1482 4604 1675 4656 milites

100 4679 369 4747 praesidis
398 4682 746 4748 suscipientes
773 4679 952 4733 Jesum
978 4680 1028 4731 in
1069 4678 1355 4746 praetorio,
1387 4690 1677 4745 congrega-

99 4757 303 4801 verunt
345 4750 407 4801 ad
451 4766 571 4804 eum
615 4754 913 4803 universam
952 4749 1228 4803 cohortem
1272 4756 1372 4800 :et
1418 4757 1678 4800 cxuentes

98 4832 265 4879 eum,
300 4816 630 4888 chlamydem
673 4823 976 4875 coccineam
1009 4817 1475 4873 circumdederunt
1505 4818 1585 4880 ei;
1628 4826 1680 4869 et

101 4888 404 4959 plectentes
430 4902 681 4945 coronam
709 4892 776 4945 de
805 4889 994 4959 spinis,
1024 4898 1311 4957 posuerunt
1339 4903 1503 4955 super
1522 4896 1680 4959 eaput

100 4958 257 5025 ejus,
298 4966 351 5009 et
396 4961 701 5013 arundinem
749 4962 799 5015 in
839 4958 1056 5014 dextera
1092 4959 1225 5026 ejus.
1265 4959 1327 5009 Et
1370 4973 1507 5024 genu
1541 4958 1680 5011 ﬂexo

101 5036 235 5081 ante
256 5041 376 5077 eum
411 5028 720 5092 illudehaut,
749 5030 990 5084 dicentes
1021 5046 1031 5080 :
1067 5031 1174 5081 Ave
1206 5043 1297 5080 rex
1328 5027 1673 5081 Judaeorum.

104 5098 171 5152 Et
217 5107 537 5167 exspueutes
582 5097 632 5151 in
676 5115 830 5163 eum,
882 5110 1200 5167 acceperunt
1241 5099 1588 5162 arundinem,
1628 5108 1681 5151 et

105 5166 481 5237 percutiebant
510 5170 663 5234 eaput
694 5169 828 5237 ejus.
877 5170 937 5221 lit
968 5180 1245 5235 postquam
1289 5170 1567 5221 illuserunt
1599 5169 1677 5229 ei.

104 5245 373 5308 exuerunt
398 5252 517 5308 eum
538 5237 836 5308 chlamyde,
861 5249 913 5291 et
940 5239 1225 5290 induerunt
1250 5254 1369 5291 eum
1393 5240 1681 5291 vestimen-

107 5312 175 5363 tis
194 5305 334 5375 ejus.
362 5312 415 5358 et
451 5305 730 5361 duxerunt
748 5326 866 5362 eum
899 5318 955 5360 ut
994 5308 1382 5376 cruciﬁgerenl.
1415 5310 1681 5362 Exeuntes

106 5389 287 5434 autem
319 5376 633 5446 invenerunt
663 5378 930 5432 hominem
959 5376 1289 5446 Cyrenaeum
1309 5419 1322 5442 ,
1354 5379 1568 5433 nomine
1600 5380 1683 5432 Si-

107 5463 326 5507 monem
352 5463 365 5498 :
397 5445 539 5501 hunc
557 5448 965 5516 angariaverunt
987 5445 1041 5501 ιιι
1066 5448 1277 5504 tolleret
1298 5463 1419 5503 ωειλ-

1775 3591 2055 3658 seeperunt
2078 3597 2207 3661 eum

1776 3664 1827 3702 In
1858 3660 2146 3719 praetorio,

1777 3729 1830 3773 et
1857 3735 2211 3792 congregave-

2600 3589 2739 3643 hunc
2763 3589 3007 3659 angaria-

2598 3668 2787 3711 verunt
2817 3670 2875 3713 ut

2598 3728 2809 3782 tolleret
2829 3743 3041 3786 crucem

2227 3817 2456 3875 CODEX
2496 3820 2882 3879 BRIXIANUS.

1774 3907 2437 3985 voiiisuAtillidixe‘runt.
2583 3914 2856 3985 Barabhan
2967 3910 3231 3985 Dicitillis
3259 3908 3343 3967 Pi-

1775 3979 1911 4051 latus
1938 3978 2072 4043 Quid
2097 3979 2257 4051 igitur
2284 3978 2557 4036 faciani'de
2580 3984 2725 4037 Jesu.
2751 3986 2837 4051 qui
2857 3978 3051 4036 dicitur
3074 3980 3336 4034 Chrisms.

1778 4049 2046 4121 [buerunt
2079 4050 2125 4101 ei
2175 4064 2363 4121 omnes
2403 4049 2780 4121 Cruciiigatur.
2824 4054 2907 4104 Ait
2950 4050 3055 4103 illis
3098 4060 3339 4119 praeses.

1778 4117 1911 4183 Quid
1961 4118 2105 4169 enim
2139 4120 2260 4170 mali
2311 4120 2452 4173 fecit.
2490 4123 2566 4175 Illi
2604 4117 2735 4175 vero
2767 4117 3113 4175 vehementer
3144 4121 3345 4175 clama-

1780 4188 1905 4257 hant
1945 4186 2203 4257 dicentes.
2251 4190 2617 4257 Cruciﬁgatur.
2674 4190 2871 4244 Videtis
2919 4200 3098 4245 autem
3140 4192 3342 4247 Pilatus

1776 4254 1899 4320 quia
1938 4254 2066 4307 nihil
2115 4257 2397 4329 proliceret
2426 4254 2516 4311 sed
2560 4260 2724 4329 magis
2754 4262 3007 4315 tumultus
3046 4261 3215 4316 ﬁeret.
3255 4276 3344 4317 ac-

1776 4331 1924 4387 cepta
1958 4337 2112 4387 aqua.
2149 4324 2273 4377 lavit
2298 4341 2485 4381 manus
2516 4324 2697 4382 corain
2730 4332 2943 4399 populo.
2976 4331 3161 4388 dicens
3185 4332 3343 4387 Inno-

1775 4405 1901 4471 ceus
1947 4406 2046 4471 ego
2083 4408 2218 4445 sum.
2262 4410 2290 4471 a
2350 4401 2606 4466 sanguine
2652 4400 2808 4469 hujus
2859 4402 2990 4471 justi
3045 4419 3138 4457 vos
3191 4403 3341 4458 vide-

1777 4461 1932 4540 ritis._
1957 4461 2021 4540 Et
2058 4465 2387 4531 reSpondeus
2432 4461 2982 4540 iniiversus—populus
3020 4474 3172 4528 dixit.
3206 4474 3339 4528 Sau-

1776 4529 1899 4610 guis
1924 4529 2264 4610 luijus__super
2293 4552 2411 4610 nos.
2443 4547 2497 4593 et
2525 4555 2685 4610 super
2735 4529 2874 4597 lilios
2904 4552 3135 4599 nostros.
3192 4542 3338 4595 Tune

1780 4601 1975 4679 dimisit
2035 4602 2139 4679 illis
2173 4601 2468 4663 illarahban
2532 4601 2714 4666 Jesuni
2773 4622 2950 4666 autem
3018 4611 3335 4679 tlagellatun:

1783 4671 1997 4749 tradidit
2042 4674 2117 4725 eis
2174 4686 2227 4727 ut
2268 4681 2711 4749 trueiligeretur"
2744 4681 2891 4735 Tune
2941 4671 3136 4734 milités
3189 4694 3339 4746 plae-

1780 4742 1931 4795 sidis
1963 4754 2311 4819 susceperunt
2355 4742 2533 4819 desum
2582 4752 2632 4804 in
2664 4751 2927 4819 praetorio
2961 4758 3014 4803 et
3050 4742 3340 4816 eougrega-

1780 4823 1971 4866 Vt‘l'Ullt
2024 4813 2087 4865 ad
2139 4828 2258 4867 eum
2301 4817 2598 4871 universam
2643 4813 2938 4871 cohortem.
2988 4827 3039 4870 ct
3081 4813 3338 4871 exuen'tes

1785 4882 2025 4957 eum._(c)
2072 4882 2357 4957 induerunt
2397 4900 2517 4957 eum
2568 4888 2793 4957 tunicam
2847 4902 3188 4957 purpuream.
3217 4887 3257 4957 -ζ-
3288 4898 3343 4942 et

1782 4953 2057 5005 clamidem
2078 4951 2368 5025 _co.\ineum
2393 4951 2859 5007 circumdederunt
2884 4951 3027 5009 eifet
3053 4951 3342 5025 plcetenlcs

1782 5038 2030 5096 coronant
2059 5021 2125 5072 de
2158 5022 2345 5096 spinis.
2380 5034 2669 5096 po-uerunt
2713 5040 2873 5093 super
2929 5021 3087 5096 caput
3132 5028 3247 5096 ejus
3291 5040 3343 5081 et

1784 5091 2130 5165 harundinem
2176 5107 2257 5165 ιιι.
2290 5090 2562 5165 (texturam
2612 5094 2749 5161 ejus.
2780 5090 2858 5149 Ἐι
2899 5090 3234 5165 [decidentes
3276 5096 3342 5149 ad

1784 5162 1946 5228 pedes
1972 5159 2085 5225 ejus
2106 5157 2426 5228 inludehant
2472 5179 2591 5215 eum
2631 5157 2913 5220 dicentes:
2937 5167 3082 5220 llahe
3121 5182 3217 5219 rex
3255 5164 3345 5218 Ju-

1783 5226 2054 5283 daeorum.
2081 5226 2146 5280 Et
2174 5239 2466 5302 expueutes
2499 5234 2548 5285 iu
2596 5251 2717 5289 eum
2746 5231 3067 5302 acceperunt
3096 5234 3345 5289 harundi-

1783 5315 1903 5354 nem
1934 5308 1983 5349 et
2014 5300 2379 5365 percutiebunt
2406 5314 2565 5368 caput
2595 5307 2731 5371 ejus’.
2755 5305 2823 5358 Et
2850 5300 3127 5372 postquam
3164 5305 3343 5358 illude.

1782 5376 1904 5424 runt
1930 5383 2049 5421 eum
2078 5379 2339 5423 exuerunt
2378 5387 2498 5425 eum
2530 5374 2809 5429 clamidetn
2833 5384 2887 5427 et
2915 5373 3199 5427 induerunt
3223 5388 3343 5427 eum

1784 5440 2105 5494 vestimenta
2132 5440 2266 5505 ejus.
2299 5450 2351 5511 et
2376 5442 2643 5496 duxerunt
2683 5452 2741 5497 ut
2793 5458 2913 5497 eum
2952 5444 3341 5511 crueitigerent.

1784 5512 2051 5581 Exeuntes
2071 5510 2618 5581 autem.invencruut
2656 5512 2922 5566 hominem
2948 5510 3230 5581 Cyrineum
3260 5528 3349 5566 no-

1787 5581 1926 5635 mine
1954 5578 2245 5632 Simonem.
2278 5580 2417 5634 lmnc
2447 5585 2870 5653 angariaveruut.
2904 5590 2962 5635 ut
2984 5578 3195 5637 tolleret
3231 5595 3353 5638 cru-

1447 5656 1806 5731 BLANCBINI
1844 5668 2066 5727 NOTAE.

186 5774 261 5853 (a)_
276 5776 348 5853 Ita
367 5782 573 5853 ettext.
590 5770 687 5853 Gr.
706 5768 1148 5853 Βαροξϐᾇᾶνμπφ)
1166 5768 1241 5853 ita
1262 5780 1314 5823 et
1337 5768 1939 5853 ιθὶξῑ.¹βι’.ᾐὼῗε).ςῖ.-έςς)
1959 5770 2034 5853 lla
2050 5769 2247 5853 eteod.t

1299 5780 1314 5823 t
1337 5768 1577 5853 text.lt}r.
1600 5770 1939 5853 ὡῗὼῖπ-ςς)
1959 5770 2034 5853 lla
2050 5768 2390 5853 etcod.Cant.
2420 5774 2501 5853 and
2512 5766 2813 5853 ἐνδύσαντες
2833 5767 3030 5853 ἔρξᾴτῳν
3049 5775 3360 5841 πορφυροῦν-

116 5838 269 5925 ..ζῶ
297 5845 464 5903 Addit
494 5850 763 5898 venientem
778 5838 980 5897 'obviam
1007 5841 1119 5911 sibi,
1140 5840 1297 5895 etiam
1320 5843 1437 5899 Cotl.
1467 5841 1619 5897 Cant.
1649 5838 1765 5899 Lat.
1790 5852 1840 5897 ct
1866 5838 1954 5893 Gr.
1982 5842 2048 5900 εἰς
2076 5841 2177 5896 ἀπό.

1007 5841 1119 5911 δέω,
1140 5840 1297 5895 etiam
1320 5843 1437 5899 cotl.
1467 5841 1619 5897 Cant.
1649 5838 1765 5899 Lat.
1790 5852 1840 5897 cl
1866 5838 1954 5893 Gr.
1982 5842 2048 5900 εἰς
2076 5841 2354 5899 ἀπάντησιν
2382 5843 2559 5908 αὐτοῦ,
2580 5854 2691 5892 cum
2712 5852 2841 5893 vers.
2867 5838 3064 5895 Saxon.
