3898 6434
482 317 581 371 547

869 438 1097 495 (ῙυΟΕΧ
1140 438 1660 528 VERCELLENSIS.

483 522 1035 584 ﬁeb....timue-

486 634 1061 720 ...c.ent.es:'V..—.
1142 635 1155 651 ’
1305 637 1970 722 ........adoste-.

484 747 543 786 re
581 733 670 789 Dei
703 734 843 789 ﬁlius
872 747 989 791 erat
1304 751 1392 788 um
1425 749 1737 789 monumen-

482 804 602 857 iste.
1184 850 1188 856 .
1304 805 1390 859 61.
1418 805 1474 871 ιῑ,
1498 816 1549 859 et
1576 806 1721 858 abiit.
1748 806 1873 859 Erat

1300 886 1477 927 autem
1511 875 1579 929 ibi
1604 875 1713 927 Ma-

1298 946 1372 997 ria
1402 943 1663 1014 Magdale-

1298 1028 1419 1071 nae.
1449 1023 1501 1066 ct
1526 1014 1695 1066 altera

1297 1082 1479 1146 Marii,
1516 1085 1708 1137 seden-

1303 1162 1382 1207 tes
1402 1168 1500 1206 con
1525 1190 1539 1205 .
1584 1193 1595 1204 .
1639 1190 1653 1203 .
1683 1165 1765 1205 sc~

1305 1262 1317 1273 .
1362 1236 1553 1276 .ll’Cl‘.
1598 1262 1613 1277 .
1657 1259 1669 1273 .

1302 1292 1388 1345 6-2.
1428 1292 1608 1346 Altera
1634 1299 1807 1346 autem

1301 1361 1408 1425 die,
1433 1377 1567 1428 quae
1609 1401 1623 1416 .
1665 1397 1680 1413 .
1724 1398 1739 1414 .
1784 1400 1799 1415 .

1304 1442 1423 1499 post
1449 1446 1602 1499 paras
1629 1469 1643 1483 .
1688 1469 1701 1482 .
1741 1461 1769 1472 -

1306 1516 1372 1554 νε
1394 1516 1567 1554 COIIVO
1600 1542 1611 1554 .
1658 1540 1666 1552 ο
1710 1530 1736 1541 ’-

1302 1570 1559 1635 runtprin
1591 1611 1603 1623 .
1649 1610 1663 1625 .
1702 1599 1726 1611 -

482 873 573 926 55.
620 909 638 927 .
678 914 691 927 .
726 890 819 929 ran
844 914 856 925 .
899 915 912 928 .
944 885 1119 932 autem

481 941 553 996 ibi
586 944 831 999 mulieres

480 1013 678 1066 multae
702 1028 729 1065 a
760 1015 876 1067 lon-

476 1096 562 1149 ge,
593 1082 670 1154 (α)
695 1083 936 1139 videntes
968 1085 1025 1154 ἦ,
1055 1100 1193 1155 quae

478 1162 693 1207 secutae
723 1156 832 1207 lue-

476 1228 598 1292 runt
623 1221 803 1292 Jesum
835 1237 864 1275 a
894 1222 1035 1278 Cana
1057 1224 1161 1292 Ga-

479 1289 624 1351 lilea,
656 1291 838 1346 minis-

477 1358 565 1411 56.
609 1368 811 1415 trantes
840 1361 887 1415 ei
912 1378 925 1415 :
954 1362 991 1415 i.
1014 1389 1040 1402 -

481 1438 562 1497 ter
581 1443 712 1497 quas
742 1446 801 1483 er
826 1470 839 1483 .
884 1469 900 1484 .

480 1496 641 1551 Maria
673 1499 816 1569 Mag-

478 1604 495 1621 .
542 1606 554 1618 .
588 1568 798 1634 alenae,
830 1584 860 1624 e
889 1609 901 1622 .
947 1610 959 1622 .

476 1636 639 1692 Maria
668 1638 764 1693 Jac
790 1680 806 1694 .
850 1678 864 1693 .
896 1641 912 1694 i
1301 1654 1395 1706 pes
1425 1640 1612 1694 sacerd
1648 1678 1659 1692 .
1705 1679 1716 1692 .
1764 1679 1775 1691 .
1822 1681 1833 1693 .
1881 1680 1891 1691 .

1301 1711 1789 1774 etpliar.....

479 1813 490 1828 .
537 1812 552 1829 .
594 1816 609 1830 .
654 1815 668 1830 .
714 1817 730 1833 .
775 1816 788 1831 .
840 1794 928 1832 um
971 1778 1224 1834 Zebedei.
1299 1778 1364 1829 ad
1391 1778 1559 1830 Pilato
1596 1818 1608 1830 .
1654 1816 1666 1829 .
1712 1820 1724 1830 .
1772 1818 1783 1830 .

1301 1847 2005 1902 65.centcs:......

480 1931 1150 1971 ...⁸ο...
1300 1931 1780 1972 nerem....-

475 1984 561 2038 57.
604 1992 765 2050 esset,
797 2000 901 2040 ve.
947 2027 960 2041 .
1005 2027 1018 2041 .
1296 1986 1519 2040 ratisu.
1566 2026 1579 2040 .
1626 2026 1639 2040 .
1686 2029 1697 2040 .
1744 2026 1812 2040 ..

473 2053 930 2177 ﬂuidamltomo.
1299 2090 1313 2107 .
1393 2098 1404 2109 .
1488 2097 1498 2108 .
1578 2096 1590 2109 .
1672 2098 1683 2111 .
1763 2096 1778 2110 .
1860 2096 1874 2109 .
1955 2097 1966 2109 .

512 2124 1049 2177 tvesablbiArtma-
1298 2166 1309 2177 .
1388 2168 1404 2177 .
1483 2166 1495 2177 .
1574 2164 1588 2177 .
1668 2164 1682 2177 .
1762 2168 1775 2177 .
1857 2164 1871 2177 .
1950 2168 1962 2177 .

512 2124 1049 2194 ivesab(b)Arima-
1298 2166 1309 2178 .
1388 2168 1404 2182 .
1483 2166 1495 2179 .
1574 2164 1588 2179 .
1668 2164 1682 2181 .
1762 2168 1775 2181 .
1857 2164 1871 2179 .
1950 2168 1962 2180 .

473 2193 909 2264 tltiathoniine
1298 2236 1310 2249 .
1390 2234 1403 2247 .
1484 2233 1498 2248 .
1577 2236 1587 2247 .
1669 2235 1681 2250 .
1762 2236 1775 2250 .
1858 2237 1869 2248 .
1950 2236 1963 2249 .

472 2331 701 2401 discipul
735 2374 747 2386 .
795 2374 807 2386 .
852 2374 866 2388 .
912 2373 925 2387 .
970 2373 984 2386 .
1029 2374 1041 2386 .
1078 2382 1081 2397 ι
1297 2334 1507 2387 tertium
1542 2374 1554 2387 .
1599 2372 1612 2386 .
1655 2372 1670 2389 .
1716 2376 1727 2389 .
1774 2376 1786 2390 .

474 2402 562 2455 58.
603 2411 719 2455 erat
752 2401 897 2457 Jesu.
941 2404 1035 2458 Hic
1062 2419 1119 2459 a-
1298 2417 1590 2471 resurgam.

598 2512 609 2521 .
653 2472 721 2523 sit
747 2472 813 2526 ad
842 2474 979 2527 Pila-

478 2578 491 2592 .
536 2555 647 2603 .m,
679 2550 783 2610 etp
815 2584 829 2598 .
874 2544 1155 2599 .tiitco.-

478 2648 492 2661 .
537 2649 551 2663 .
583 2625 644 2664 us
670 2610 812 2665 Jesu.
844 2612 994 2669 Tunc

479 2679 680 2733 Pilatus
697 2681 860 2748 jussit

475 2749 625 2803 reddi
654 2764 867 2817 corpus.

476 2817 563 2871 59.
605 2820 671 2892 Et
697 2833 815 2874 cum
846 2822 1088 2892 accepis-

476 2896 560 2941 set
596 2888 720 2942 .lose
754 2930 766 2942 .
811 2930 823 2943 .
853 2906 970 2945 cor-

476 2972 574 3023 pus
598 2958 744 3023 .lesu,
769 2960 939 3014 invol-

472 3040 507 3104 ις
540 3066 553 3079 .
597 3066 610 3080 .
655 3067 668 3081 .
714 3066 727 3079 .
772 3030 886 3104 ._ud
914 3033 965 3085 in
994 3047 1120 3104 syn-

474 3095 614 3151 done
642 3099 854 3153 munda.

474 3165 563 3247 βο.
606 3166 673 3221 Ει
705 3170 877 3237 posuit
901 3185 966 3225 eu
996 3212 1009 3225 .
1054 3213 1068 3227 .

472 3251 527 3289 ιιι
555 3253 771 3293 monum
806 3280 819 3292 .
864 3280 877 3293 .
922 3281 936 3294 .
981 3282 994 3294 .

478 3322 888 3361 ..ιιοηον..

479 3411 493 3425 .
540 3376 646 3429 .od
674 3378 902 3432 excide.
946 3420 960 3433 .
1004 3420 1018 3434 .

1301 2471 1387 2525 (34.
1427 2472 1560 2527 ane
1589 2489 1714 2543 ergo
1736 2488 1858 2529 cus-

1297 2544 1450 2595 todiri
1489 2545 1667 2610 sepul-

1294 2612 1479 2665 chrum
1505 2628 1671 2681 usque

1295 2683 1347 2736 in
1376 2684 1514 2736 diem
1541 2683 1691 2738 terti-

1293 2768 1381 2814 um
1406 2771 1417 2806 :
1450 2769 1515 2806 ne
1546 2752 1685 2809 forte

1294 2824 1504 2875 veniant
1534 2822 1646 2876 dis.

1293 2892 1455 2959 cipnli
1484 2893 1619 2960 ejus,
1653 2902 1707 2946 et

1296 2962 1538 3016 furentur
1562 2977 1706 3029 eum,

1295 3040 1349 3086 et
1369 3031 1547 3085 dicant
1577 3033 1689 3099 ple-

1294 3104 1345 3155 vi
1372 3121 1384 3153 :
1413 3100 1543 3168 Quia
1576 3114 1757 3155 surre-

1293 3172 1372 3224 xit
1394 3186 1421 3225 a
1450 3171 1694 3224 mortuis.

1294 3241 1358 3294 Et
1377 3242 1478 3295 erit
1508 3239 1687 3293 novis-

1291 3312 1456 3391 simus
1483 3325 1634 3391 error

1292 3396 1439 3465 pejor
1467 3396 1652 3463 priori.
1708 3449 1725 3479 ν.
1897 3465 1909 3476 .

1289 3452 1379 3506 65.
1420 3456 1510 3504 Ait
1538 3450 1645 3505 illis
1669 3449 1871 3506 Pilatus
1898 3488 1909 3500 .

887 3540 1115 3596 CODEX
1152 3542 1620 3599 CORBEIENSIS.

476 3627 603 3681 bant
630 3669 643 3691 ,
673 3628 962 3684 timuerunt
999 3632 1171 3696 valde,
1220 3634 1496 3687 dicentes:
1540 3633 1678 3686 Vere
1724 3633 1813 3685 Dei
1854 3633 1992 3685 lilius
2024 3633 2041 3662 ¹

477 3708 591 3751 erat
620 3700 743 3752 iste.
774 3699 939 3752 Erant
986 3711 1159 3754 autem
1190 3701 1262 3755 ibi
1291 3702 1537 3754 mulieres
1568 3703 1763 3755 multae
1785 3716 1813 3752 a
1849 3702 2000 3769 l0nge
2025 3741 2039 3765 ,

477 3784 614 3836 quae
640 3779 895 3837 sequutae
925 3770 1130 3823 fuerant
1154 3770 1334 3823 Jesuin
1381 3789 1406 3822 :t
1431 3770 1693 3833 Galilaea,
1730 3772 2059 3823 ministran-t

479 3848 558 3908 tes
585 3842 631 3892 ei
662 3858 674 3893 :
718 3841 856 3893 inter
904 3855 1037 3908 quas
1081 3852 1195 3894 erat
1237 3841 1393 3893 Maria
1429 3841 1756 3908 Magdaletie.
1792 3849 1846 3893 et
1880 3840 2041 3893 Maria

479 3907 657 3980 Jacobi
704 3920 756 3963 et
785 3907 982 3980 lost-ph
1013 3923 1202 3974 mater,
1236 3921 1288 3963 et
1311 3920 1479 3963 mater
1504 3907 1729 3964 tiliornm
1755 3910 2036 3980 Zebedaei.

480 3976 651 4049 Quum
676 3994 795 4031 sero
837 3976 1011 4033 autem
1039 3985 1227 4034 tactum
1266 3991 1429 4045 esset,
1464 3982 1607 4034 venit
1643 3981 1854 4049 quidam
1880 3978 2040 4031 homo

484 4045 632 4099 dives
657 4049 769 4099 ab.’
798 4049 1157 4115 Arintatltaea,
1194 4053 1406 4104 nomine
1445 4045 1682 4119 Joseph,
1715 4050 1805 4119 qui
1836 4060 1887 4103 et
1927 4051 2039 4115 ipse

481 4124 596 4167 erat
650 4119 941 4185 discipulus
993 4120 1139 4174 Jesu.
1186 4122 1280 4175 Hic
1330 4122 1551 4175 accessit
1582 4124 1645 4175 ad
1688 4122 1951 4182 Pilatum,
1987 4130 2038 4173 et

484 4187 858 4259 peliitkcorptts
911 4190 1053 4242 Jesn.
1085 4191 1231 4245 Tunc
1284 4193 1481 4244 Pilatus
1520 4193 1677 4259 jussit
1725 4191 1870 4245 reddi
1918 4205 2036 4244 cor-

485 4269 598 4327 pus.
637 4253 700 4306 Et
748 4269 963 4327 acet-pio
1011 4276 1255 4326 corpore,
1295 4262 1487 4327 Joseplt
1520 4253 1784 4315 involvit’
1815 4260 1942 4315 illttd
1985 4263 2034 4314 in

482 4324 706 4376 sindone
750 4326 962 4375 nmnda.
1003 4329 1062 4377 lit
1094 4324 1265 4391 posuit
1310 4324 1435 4382 illud
1468 4332 1518 4383 in
1561 4341 1901 4383 monumento
1940 4347 2037 4382 suo

482 4410 649 4457 novo,
707 4394 843 4461 quod
900 4396 1169 4447 ex'citlerat
1220 4398 1269 4449 in
1320 4409 1487 4463 petra.
1550 4399 1611 4450 Et
1662 4399 1897 4449 advolvit
1952 4413 2038 4449 sa-

481 4479 605 4517 xum
641 4478 887 4530 magnum
931 4465 991 4516 ad
1021 4468 1211 4517 ostétnn
1244 4467 1607 4526 monumenti,
1652 4475 1703 4518 ct
1730 4466 1879 4518 abiit.
1916 4466 2039 4519 Erat

481 4544 655 4587 autem
691 4536 759 4586 ibi
788 4534 945 4587 Maria
972 4535 1294 4601 Magdalene,
1320 4547 1367 4588 et
1397 4539 1560 4589 altera
1591 4535 1768 4596 Maria,
1792 4536 2037 4588 sedentes

483 4613 664 4656 contra
710 4607 1030 4671 septtICrnm.
1082 4606 1259 4658 Aitera
1285 4617 1458 4659 autem
1492 4607 1581 4659 die
1603 4647 1616 4668 ,
1652 4620 1787 4669 quae
1812 4614 1893 4657 est
1923 4614 2039 4671 post

488 4687 804 4745 paraanven
826 4684 1190 4729 convenerunt
1208 4677 1471 4745 principes
1499 4675 1831 4728 sacerdotum
1850 4685 1901 4727 et
1923 4675 2043 4741 plin-

483 4740 636 4794 risaei
678 4746 739 4795 ad
774 4746 1025 4808 Pilatum,
1064 4740 1335 4801 dicedtes:
1369 4740 1618 4811 Domine,
1655 4740 2039 4799 recordatistt-

486 4823 620 4887 nius,
653 4813 770 4877 quia
801 4818 1048 4887 seductor
1073 4818 1158 4870 ille
1183 4817 1312 4871 dixit
1332 4816 1500 4871 adhuc
1531 4822 1708 4871 vivens
1736 4834 1748 4869 :
1780 4816 1904 4870 Post
1931 4826 2036 4870 tres

483 4877 595 4956 dies
614 4893 904 4956 resurgam.
926 4886 1056 4937 ane
1073 4904 1195 4954 ergo
1210 4889 1459 4941 Cttslodiri
1479 4889 1777 4954 sepulcrum
1802 4903 1964 4956 usque
1985 4888 2035 4939 in

482 4948 622 5000 diem
657 4952 870 5001 tertium
898 4970 909 5003 :
937 4969 999 5027 ne
1030 4948 1159 5007 forte
1190 4960 1403 5011 veniant
1433 4948 1673 5027 discipuli
1702 4960 1816 5027 ejus
1836 5000 1848 5022 ,
1874 4948 1927 5011 et
1958 4958 2037 5009 ίίι-

480 5028 667 5090 rentur
690 5034 833 5081 etttn,
867 5033 918 5072 et
949 5024 1128 5075 dicant
1159 5028 1292 5090 plebi
1321 5044 1332 5077 :
1364 5024 1605 5081 Surrexit
1629 5048 1656 5079 a
1689 5024 1931 5081 mortuis.
1972 5029 2038 5081 Et

478 5089 582 5141 erit
612 5091 933 5145 novissimus
963 5107 1111 5145 error
1137 5089 1285 5163 pejor
1314 5097 1511 5163 priore.
1545 5099 1628 5150 Ait
1659 5098 1762 5151 illis
1791 5097 1990 5152 Pilatus
2022 5115 2034 5151 :

1002 321 1267 379 EUSEBII
1306 322 1639 377 VEBCELL.
1684 323 2123 380 EVANGELIUM
2162 325 2302 378 CUM
2345 325 2567 382 VARUS
2606 320 2763 383 COD.
2802 326 3184 384 COLLATUM.

2117 634 2123 641 .
2147 590 2323 650 valde.
2362 592 2634 648 dicentes:

3617 330 3721 383 548

2569 438 2796 492 CODEX
2840 438 3278 495 VERONENSIS.

2150 522 2294 596 bant;
2332 522 2621 596 timuerunt
2774 550 2777 553 ν
2969 527 3021 580 in
3050 536 3217 596 petra.

2972 596 3037 648 Et
3061 595 3292 649 ttdvolvit

2968 679 3152 718 saxum
3180 680 3330 734 magn
3340 680 3423 718 um

2967 734 3033 787 ad
3063 743 3268 788 osteum
3295 750 3410 789 mo-

2968 804 3225 869 numenti,
3265 811 3320 859 et

2968 873 3116 926 abiit.

2970 942 3059 996 61.
3101 941 3230 995 Erat
3256 951 3433 996 autem

2969 1012 3038 1065 ibi
3065 1012 3224 1065 Maria
3251 1012 3359 1066 Ma-

2969 1082 3210 1150 gdalcna.
3239 1092 3292 1135 et

2971 1152 3135 1205 altera
3166 1151 3349 1217 Maria,

2971 1221 3218 1274 sedentes
3240 1228 3424 1275 contra

2969 1290 3329 1356 sepulchrum.
3384 1306 3387 1307 ν

2970 1358 3055 1412 62.
3098 1361 3275 1415 Altera
3307 1366 3480 1413 autem

2968 1429 3075 1493 die,
3104 1445 3237 1497 quae
3263 1439 3346 1485 est

2972 1509 3088 1565 post
3117 1514 3239 1568 para
3249 1513 3439 1555 sceven

2971 1580 3334 1623 convenerunt

2972 1640 3237 1709 principes
3263 1654 3444 1695 sacer-

2970 1707 3174 1772 dotum,
3207 1717 3259 1763 et
3280 1709 3358 1763 fa-

2971 1779 3127 1832 risaei
3152 1777 3216 1831 ad
3241 1779 3330 1831 Pi-

2971 1846 3157 1910 latum,
3185 1847 3423 1900 dicentes
3457 1860 3472 1896 ε

2972 1916 3057 1969 65.
3104 1916 3346 1980 Domine,
3378 1930 3459 1969 re-

2967 1988 3244 2038 metnorati
3274 2000 3363 2039 su-

2968 2069 3102 2115 mus,
3134 2055 3273 2123 quod
3301 2069 3385 2109 se-

2966 2123 3155 2177 ductor
3184 2125 3271 2180 ille

2967 2192 3099 2247 dixit
3125 2195 3299 2250 adlmc
3326 2194 3403 2248 vi-

2969 2277 3097 2317 vens
3131 2282 3144 2318 :
3175 2264 3300 2319 Post
3329 2272 3435 2319 ter-

2968 2333 3094 2386 tium
3124 2334 3260 2388 diem
3288 2350 3373 2391 re-

2964 2403 3049 2457 64.
3093 2419 3325 2472 surgam.
3353 2403 3491 2459 Juve

2963 2488 3090 2541 ergo
3111 2475 3365 2529 custodiri

2964 2544 3304 2609 sepulchrum

2964 2627 3129 2681 usque
3157 2612 3209 2665 in
3237 2614 3377 2668 diem

2966 2683 3181 2736 tertium
3216 2700 3229 2735 :
3260 2697 3327 2736 ne

2968 2754 3102 2805 forte
3131 2753 3348 2807 veniant

2965 2821 3208 2892 discipuli
3240 2822 3375 2892 ejus,

2965 2903 3017 2945 et
3044 2890 3285 2946 furentur

2920 2994 2934 3006 -
2962 2975 3105 3021 enm.
3132 2972 3187 3015 et

2962 3031 3137 3083 dicant
3165 3029 3297 3099 ple-7
3374 3074 3377 3075 ν

2961 3099 3013 3152 bi
3040 3116 3052 3151 :
3086 3098 3330 3152 Surrexit

2959 3183 2987 3219 a
3020 3167 3265 3221 mortuis.
3296 3167 3362 3222 Et

2960 3239 3063 3292 erit
3091 3236 3412 3291 novissimus

2150 660 2286 714 Vere
2316 660 2455 713 ﬁlius

2150 729 2245 783 Dei
2273 740 2387 783 erat
2413 729 2515 783 hic.

2150 798 2237 853 55.
2284 800 2450 853 Erant
2468 811 2644 855 autem

2149 867 2221 922 ibi
2251 870 2448 923 multae

2148 952 2177 1008 a
2211 930 2385 1006 longe.
2420 938 2496 1008 (α)
2521 940 2593 992 vi-

2149 1006 2357 1071 dentes,
2388 1006 2435 1077 ?
2450 1006 2585 1077 quae

2152 1084 2367 1130 secIttae
2390 1088 2542 1131 erant

2148 1144 2324 1203 Jesum
2349 1162 2379 1199 a
2408 1147 2548 1201 Gali-

2149 1216 2284 1282 laea,
2315 1217 2620 1271 ministran-

2149 1284 2238 1339 56.
2281 1295 2362 1339 tes
2389 1292 2435 1340 ei
2463 1305 2474 1336 :
2507 1290 2645 1340 inter

2148 1367 2278 1422 quas
2304 1368 2415 1408 erat
2442 1357 2545 1409 tta—

2150 1423 2224 1476 ria
2252 1422 2581 1492 Magdalena,

2149 1501 2205 1545 et
2229 1493 2384 1545 Maria
2413 1493 2505 1547 Ja-

2149 1562 2290 1624 cobi,
2316 1570 2369 1615 et
2397 1562 2620 1631 .losepb,

2148 1643 2201 1684 et
2231 1636 2400 1684 mater
2429 1632 2563 1685 lilio-

2152 1715 2267 1753 rum
2302 1701 2583 1756 Zebedaei.

2150 1770 2236 1823 57.
2277 1769 2407 1825 Cum
2435 1786 2559 1826 sero
2580 1787 2674 1825 au-

2151 1848 2254 1894 tem
2288 1841 2484 1896 l'actum

2148 1920 2309 1975 esset,
2343 1912 2485 1965 venit
2512 1913 2626 1978 qui-
2676 1946 2681 1951 -

2148 1980 2265 2032 dam
2298 1981 2457 2034 homo
2482 1980 2558 2032 di-

2148 2064 2236 2103 ves
2258 2049 2325 2102 ab
2352 2050 2426 2120 (υ)
2459 2050 2570 2120 Ari-

2147 2120 2305 2171 matia
2335 2119 2393 2186 ἠέ,
2423 2119 2593 2171 nomi-

2147 2203 2214 2240 ne
2236 2186 2455 2257 Joseph,

2146 2258 2232 2325 qui
2261 2266 2313 2311 et
2336 2256 2447 2325 ipse
2472 2256 2547 2310 di-

2144 2327 2382 2393 scipulus
2409 2337 2525 2379 erat

2147 2396 2236 2449 58.
2276 2395 2423 2449 Jesu.
2458 2396 2551 2451 Hic
2578 2409 2667 2450 ac-

2144 2468 2305 2519 cessit
2325 2465 2390 2519 ad
2416 2466 2499 2521 Pi-

2145 2534 2329 2600 latum,
2354 2544 2408 2591 et

2145 2606 2274 2671 petit
2297 2620 2490 2673 corpus

2143 2674 2289 2729 Jesu.
2321 2676 2469 2729 Tunc

2145 2744 2346 2798 Pilatus
2364 2745 2521 2814 jussit

2144 2814 2291 2867 reddi
2322 2808 2537 2882 corpus:

2142 2884 2228 2937 59.
2273 2885 2337 2938 Et
2374 2894 2593 2953 accepto

2142 2967 2365 3021 corpore
2390 2954 2533 3015 Jesn,

2143 3023 2361 3075 involvit
2384 3022 2511 3075 illud

2142 3092 2195 3144 in
2224 3092 2449 3145 sindone

2144 3162 2231 3215 60.
2276 3164 2489 3215 munda.
2524 3160 2587 3215 Ει

2141 3233 2319 3300 pesuit
2339 3248 2457 3285 eum
2488 3232 2539 3284 in

2141 3311 2490 3356 monumento
2595 3370 2607 3376 _
2647 3370 2656 3376 Δ
2695 3371 2701 3376 λ
2960 3322 3112 3361 error
3143 3306 3292 3376 pejor

2141 3386 2249 3445 suo
2266 3387 2423 3445 novo,
2470 3370 2609 3442 quod
2638 3370 2711 3440 (ε)
2967 3370 3157 3445 priori.
3205 3370 3221 3376 ⁷
3360 3444 3369 3445 7
3472 3430 3475 3431 ν

2140 3442 2334 3496 excidit
2362 3442 2401 3512 τ
2969 3442 3057 3502 65.
3100 3447 3188 3499 Ait
3217 3445 3327 3502 illis
3351 3444 3438 3501 Pi-

2603 3538 2831 3607 CODEX
2872 3539 3258 3597 BRIXIANUS.

2148 3629 2300 3703 bant._
2345 3632 2635 3703 timuerunt
2686 3631 2837 3685 valde
2909 3631 3355 3703 dicentesaVere
3420 3633 3512 3688 Dei
3576 3633 3717 3703 ﬁlius

2147 3706 2228 3750 est
2288 3696 2405 3752 ἰηιρ.
2476 3700 2637 3752 Erant
2696 3710 2869 3753 autem
2935 3702 3003 3755 ibi
3074 3701 3326 3758 mulieres
3394 3704 3614 3759 multae.
3652 3702 3715 3758 'a

2148 3769 2305 3840 longe
2349 3768 2425 3840 (α)
2460 3770 2698 3823 videntes
2726 3771 2796 3839 ἦ.
2844 3788 2977 3838 quae
3017 3781 3229 3826 secutae
3269 3784 3420 3827 erant
3463 3773 3646 3828 Jesutn
3686 3788 3715 3825 a

2145 3836 2341 3911 Galileu
2362 3836 2827 3911 ministrantcs‘ei.
2862 3836 3001 3911 inter
3023 3857 3153 3909 quas
3179 3850 3297 3895 erat
3318 3843 3476 3896 Maria
3500 3844 3719 3911 Magda-

2146 3908 2263 3959 lene
2286 3918 2337 3979 e_t
2372 3909 2527 3960 .tlaria
2557 3909 2761 3979 Jacobi.
2795 3920 2847 3963 et
2874 3910 3067 3979 JOsepii
3099 3920 3271 3964 mater
3291 3921 3342 3965 et
3372 3922 3544 3964 mater
3574 3908 3715 3965 lilio-

2146 3992 2263 4031 runt
2306 3977 2556 4030 Zebedei.
2602 3978 2732 4030 Cum
2782 3988 2957 4031 autem
3000 3977 3123 4032 sero
3157 3979 3351 4032 iactum
3393 3990 3540 4033 esset
3570 3984 3718 4035 venit

2141 4048 2353 4119 quidam
2405 4048 2562 4099 homo
2594 4047 2739 4119 dives
2770 4047 2836 4101 ab
2884 4048 2958 4116 (ὁ)
2987 4048 3279 4119 Arimntbia
3306 4048 3345 4119 ’ξ-
3383 4051 3600 4103 nomine
3627 4050 3717 4104 Jo-

2141 4117 2272 4185 sepli
2308 4120 2395 4187 qui
2444 4128 2495 4170 et
2537 4119 2649 4184 ipse
2678 4117 2970 4184 discipulus
3014 4126 3129 4171 erat
3168 4117 3329 4172 Jesm
3360 4120 3454 4173 llic
3484 4121 3717 4175 accessit

2139 4190 2203 4239 ad
2248 4189 2471 4242 Pilatum
2500 4195 2554 4241 et
2583 4190 2708 4255 petit
2738 4202 2932 4255 cet'pns
2961 4188 3109 4242 Jesu.
3143 4188 3291 4242 Tunc
3322 4190 3526 4245 Pilatus
3550 4191 3715 4258 jussit

2140 4259 2250 4310 dari
2281 4274 2494 4324 corpus.
2520 4259 2580 4311 Et
2607 4268 2824 4325 accepto
2844 4272 3067 4327 corpore
3089 4258 3212 4313 Jesu
3241 4258 3460 4327 .Iosepli.
3479 4261 3710 4312 involvit

2141 4328 2265 4379 illud
2300 4331 2347 4380 in
2379 4327 2600 4382 sindone
2633 4328 2821 4380 munda
2848 4330 2911 4381 Et
2940 4330 3112 4398 posuit
3137 4340 3258 4384 eum
3280 4332 3329 4383 in
3362 4339 3712 4381 nionumento

2140 4411 2237 4447 suo
2269 4412 2425 4450 novo.
2457 4399 2596 4464 quod
2622 4398 2888 4449 exciderat
2917 4399 2969 4451 in
3011 4411 3179 4463 petra.
3212 4401 3275 4451 Et
3310 4398 3599 4450 advolvens
3628 4412 3713 4448 Sn-

2142 4480 2263 4515 xmn
2290 4481 2533 4529 magnum
2564 4466 2627 4515 ad
2656 4469 2849 4517 ostium
2894 4468 3242 4519 monumenti.
3276 4467 3429 4518 abiit.
3464 4466 3587 4518 Erat
3618 4482 3712 4517 au-

2144 4542 2246 4583 tem
2290 4533 2362 4584 ibi
2413 4534 2572 4585 Maria
2607 4533 2911 4600 Magdalene
2951 4546 3003 4589 et
3044 4537 3211 4587 altera
3255 4534 3415 4587 Maria
3458 4536 3711 4588 sedentes

2141 4611 2322 4655 Contra
2363 4602 2688 4674 sepulcrum.
2722 4602 2897 4653 Altera
2930 4615 3107 4656 autem
3155 4604 3262 4657 die.
3292 4619 3426 4672 quae
3468 4615 3553 4658 est
3590 4614 3710 4674 post

2142 4672 2503 4741 parascedem.
2556 4682 2922 4724 Convenerth
2968 4674 3233 4740 principes
3279 4672 3618 4728 sacerdotum
3654 4685 3709 4728 et

2143 4743 2408 4810 pharisaei
2433 4742 2497 4795 ad
2533 4743 2755 4794 Pilatum
2780 4741 3041 4796 dicentes.
3078 4743 3297 4797 liotnine
3321 4745 3590 4799 recordati
3618 4760 3709 4799 su-

2141 4829 2257 4866 mus
2285 4813 2423 4881 quod
2456 4814 2707 4867 seducuir
2734 4812 2820 4864 ille
2854 4812 2987 4865 dixit
3025 4812 3200 4866 adhuc
3231 4816 3413 4867 vivens
3443 4816 3571 4870 Post
3604 4828 3708 4869 ter—

2141 4886 2268 4937 tium
2293 4885 2433 4937 diem
2460 4898 2753 4950 resurgam.
2788 4882 2919 4937 anc
2956 4898 3083 4952 ergo
3104 4885 3363 4938 custodiri
3395 4887 3702 4952 sepulcrum

2140 4971 2306 5021 ustlue
2336 4954 2397 5020 in
2434 4955 2573 5007 diem
2610 4955 2839 5008 tertium.
2873 4968 2937 5007 ne
2978 4954 3115 5009 forte
3144 4956 3417 5009 venientes
3459 4956 3703 5026 discipuli

2139 5027 2254 5092 ejus
2283 5026 2523 5076 furentur
2543 5040 2661 5078 eum
2685 5032 2739 5077 et
2768 5025 2943 5077 dicant
2972 5026 3131 5094 plebi.
3168 5026 3475 5080 ltesurrexit
3502 5042 3532 5080 a
3564 5042 3707 5080 mor-

2310 5095 2373 5145 Et
2403 5095 2504 5146 erit
2530 5094 2849 5149 "missimus
2877 5110 3047 5150 error.
3094 5096 3241 5166 pejor
3272 5097 3435 5167 priori
3484 5098 3571 5152 Ait
3600 5097 3703 5150 illis

2184 5172 2362 5214 tatus.

2142 5164 2362 5217 Pilatus.

1146 5281 1533 5341 VARIANTES
1567 5280 1941 5340 LECTIONES
1974 5252 2238 5340 CODICIS.
2272 5285 2380 5341 MS.
2422 5288 2478 5342 S.
2519 5287 3024 5347 GERMANENSIS.

534 5390 553 5420 ¹
589 5388 682 5439 iste
707 5397 801 5441 est.

532 5450 553 5480 ι
584 5451 865 5529 Arimatbia,

2201 5401 2221 5431 ³
2254 5398 2368 5450 illud
2392 5400 2593 5451 sindone

1806 5508 2162 5597 BLAricntNt
2200 5543 2424 5601 morie.

549 5632 627 5721 (α)
655 5635 727 5688 Ita
757 5644 810 5690 ct
848 5636 1003 5691 Cant.
1051 5636 1167 5692 Lat.
1194 5624 1262 5693 iet.
1302 5647 1406 5693 tex.
1446 5635 1601 5693 Grec.
1644 5640 1940 5718 θεωροῦσαι.
1968 5667 2027 5681 --

2165 5638 2239 5699 Ita
2265 5650 2320 5697 et
2336 5641 2457 5699 cod.
2487 5643 2636 5701 Cant.
2668 5644 2998 5722 Ἀριμαθςίας.
3038 5675 3108 5688 -
3134 5645 3206 5715 (c)
3252 5644 3325 5700 ita
3362 5654 3417 5702 et
3471 5655 3578 5705 tcx.
3607 5644 3701 5706 Gr.

473 5704 797 5774 ἐλατόμησεν.
